  <div class='ocr_page' id='page_1' title='image "/cluster/home/n/w/nwhite01/storage/ocr_20150623/51/nnc1.0046978275/312.png"; bbox 0 0 4020 6370; ppageno 0'>
   <div class='ocr_carea' id='block_1_1' title="bbox 319 301 426 359">
    <p class='ocr_par' dir='ltr' id='par_1_1' title="bbox 319 301 426 359">
     <span class='ocr_line' id='line_1_1' title="bbox 319 301 426 359; baseline -0.009 0"><span class='ocrx_word' id='word_1_1' title='bbox 319 301 426 359; x_wconf 68' lang='grc'><strong>313</strong></span> 
     </span>
    </p>
   </div>
   <div class='ocr_carea' id='block_1_2' title="bbox 320 413 1902 482">
    <p class='ocr_par' dir='ltr' id='par_1_2' title="bbox 320 413 1902 482">
     <span class='ocr_line' id='line_1_2' title="bbox 320 413 1902 482; baseline 0.008 -12"><span class='ocrx_word' id='word_1_2' title='bbox 320 413 423 479; x_wconf 88' lang='lat' dir='ltr'><strong>da,</strong></span> <span class='ocrx_word' id='word_1_3' title='bbox 462 415 796 473; x_wconf 82' lang='lat' dir='ltr'><strong>exsecranda</strong></span> <span class='ocrx_word' id='word_1_4' title='bbox 832 426 889 474; x_wconf 94' lang='lat' dir='ltr'><strong>et</strong></span> <span class='ocrx_word' id='word_1_5' title='bbox 929 419 1286 477; x_wconf 81' lang='lat' dir='ltr'><strong>abominanda</strong></span> <span class='ocrx_word' id='word_1_6' title='bbox 1333 424 1553 481; x_wconf 80' lang='lat' dir='ltr'><strong>absente</strong></span> <span class='ocrx_word' id='word_1_7' title='bbox 1602 427 1902 482; x_wconf 72' lang='lat' dir='ltr'><strong>humilitate</strong></span> 
     </span>
    </p>
   </div>
   <div class='ocr_carea' id='block_1_3' title="bbox 323 505 1904 588">
    <p class='ocr_par' dir='ltr' id='par_1_3' title="bbox 323 505 1904 588">
     <span class='ocr_line' id='line_1_3' title="bbox 323 505 1904 588; baseline 0.008 -28"><span class='ocrx_word' id='word_1_8' title='bbox 323 513 474 561; x_wconf 85' lang='lat' dir='ltr'><strong>sunt.</strong></span> <span class='ocrx_word' id='word_1_9' title='bbox 503 505 711 578; x_wconf 84' lang='lat' dir='ltr'><strong>Ubique</strong></span> <span class='ocrx_word' id='word_1_10' title='bbox 754 508 917 580; x_wconf 90' lang='lat' dir='ltr'><strong>igitur</strong></span> <span class='ocrx_word' id='word_1_11' title='bbox 942 511 1088 567; x_wconf 85' lang='lat' dir='ltr'><strong>illam</strong></span> <span class='ocrx_word' id='word_1_12' title='bbox 1132 513 1185 568; x_wconf 93' lang='lat' dir='ltr'><strong>in</strong></span> <span class='ocrx_word' id='word_1_13' title='bbox 1217 515 1430 583; x_wconf 78' lang='lat' dir='ltr'><strong>verbis,</strong></span> <span class='ocrx_word' id='word_1_14' title='bbox 1455 517 1509 571; x_wconf 92' lang='lat' dir='ltr'><strong>in</strong></span> <span class='ocrx_word' id='word_1_15' title='bbox 1534 517 1818 588; x_wconf 84' lang='lat' dir='ltr'><strong>operibus,</strong></span> <span class='ocrx_word' id='word_1_16' title='bbox 1849 518 1904 573; x_wconf 92' lang='lat' dir='ltr'><strong>in</strong></span> 
     </span>
    </p>
   </div>
   <div class='ocr_carea' id='block_1_4' title="bbox 319 596 1904 672">
    <p class='ocr_par' dir='ltr' id='par_1_4' title="bbox 319 596 1904 672">
     <span class='ocr_line' id='line_1_4' title="bbox 319 596 1904 672; baseline 0.009 -24"><span class='ocrx_word' id='word_1_17' title='bbox 319 596 733 665; x_wconf 74' lang='lat' dir='ltr'><strong>cogitationibus</strong></span> <span class='ocrx_word' id='word_1_18' title='bbox 768 614 1141 672; x_wconf 82' lang='lat' dir='ltr'><strong>assumamus,</strong></span> <span class='ocrx_word' id='word_1_19' title='bbox 1185 613 1241 660; x_wconf 90' lang='lat' dir='ltr'><strong>et</strong></span> <span class='ocrx_word' id='word_1_20' title='bbox 1280 620 1404 662; x_wconf 88' lang='lat' dir='ltr'><strong>cum</strong></span> <span class='ocrx_word' id='word_1_21' title='bbox 1443 607 1535 664; x_wconf 91' lang='lat' dir='ltr'><strong>illa</strong></span> <span class='ocrx_word' id='word_1_22' title='bbox 1577 608 1692 665; x_wconf 65' lang='lat' dir='ltr'><strong>haec</strong></span> <span class='ocrx_word' id='word_1_23' title='bbox 1737 607 1904 665; x_wconf 60' lang='lat' dir='ltr'><strong>aditi-</strong></span> 
     </span>
    </p>
   </div>
   <div class='ocr_carea' id='block_1_5' title="bbox 318 700 524 741">
    <p class='ocr_par' dir='ltr' id='par_1_5' title="bbox 318 700 524 741">
     <span class='ocr_line' id='line_1_5' title="bbox 318 700 524 741; baseline 0.005 -1"><span class='ocrx_word' id='word_1_24' title='bbox 318 700 524 741; x_wconf 85' lang='lat' dir='ltr'><strong>cemus.</strong></span> 
     </span>
    </p>
   </div>
   <div class='ocr_carea' id='block_1_6' title="bbox 390 776 1905 862">
    <p class='ocr_par' dir='ltr' id='par_1_6' title="bbox 390 776 1905 862">
     <span class='ocr_line' id='line_1_6' title="bbox 390 776 1905 862; baseline 0.011 -32"><span class='ocrx_word' id='word_1_25' title='bbox 390 776 447 830; x_wconf 80' lang='grc'><strong>5.</strong></span> <span class='ocrx_word' id='word_1_26' title='bbox 482 778 681 834; x_wconf 86' lang='lat' dir='ltr'><strong>Verum</strong></span> <span class='ocrx_word' id='word_1_27' title='bbox 704 779 775 837; x_wconf 90' lang='lat' dir='ltr'><strong>de</strong></span> <span class='ocrx_word' id='word_1_28' title='bbox 796 780 1094 841; x_wconf 90' lang='lat' dir='ltr'><strong>humilitate</strong></span> <span class='ocrx_word' id='word_1_29' title='bbox 1123 785 1239 842; x_wconf 72' lang='lat' dir='ltr'><strong>haec</strong></span> <span class='ocrx_word' id='word_1_30' title='bbox 1262 789 1394 844; x_wconf 88' lang='lat' dir='ltr'><strong>satis</strong></span> <span class='ocrx_word' id='word_1_31' title='bbox 1418 798 1576 846; x_wconf 86' lang='lat' dir='ltr'><strong>sunto</strong></span> <span class='ocrx_word' id='word_1_32' title='bbox 1599 831 1616 857; x_wconf 95' lang='lat'><strong>,</strong></span> <span class='ocrx_word' id='word_1_33' title='bbox 1658 806 1767 846; x_wconf 92' lang='lat' dir='ltr'><strong>non</strong></span> <span class='ocrx_word' id='word_1_34' title='bbox 1806 807 1905 862; x_wconf 88' lang='lat' dir='ltr'><strong>pro</strong></span> 
     </span>
    </p>
   </div>
   <div class='ocr_carea' id='block_1_7' title="bbox 317 866 1905 952">
    <p class='ocr_par' dir='ltr' id='par_1_7' title="bbox 317 866 1905 952">
     <span class='ocr_line' id='line_1_7' title="bbox 317 866 1905 952; baseline 0.011 -31"><span class='ocrx_word' id='word_1_35' title='bbox 317 866 576 938; x_wconf 76' lang='lat' dir='ltr'><strong>dignitate</strong></span> <span class='ocrx_word' id='word_1_36' title='bbox 603 870 718 936; x_wconf 79' lang='lat' dir='ltr'><strong>rei;</strong></span> <span class='ocrx_word' id='word_1_37' title='bbox 750 888 910 929; x_wconf 92' lang='lat' dir='ltr'><strong>nemo</strong></span> <span class='ocrx_word' id='word_1_38' title='bbox 934 876 1131 946; x_wconf 87' lang='lat' dir='ltr'><strong>quippe</strong></span> <span class='ocrx_word' id='word_1_39' title='bbox 1158 878 1304 933; x_wconf 90' lang='lat' dir='ltr'><strong>illam</strong></span> <span class='ocrx_word' id='word_1_40' title='bbox 1342 880 1607 952; x_wconf 77' lang='lat' dir='ltr'><strong>condigne</strong></span> <span class='ocrx_word' id='word_1_41' title='bbox 1632 882 1905 939; x_wconf 85' lang='lat' dir='ltr'><strong>celebrare</strong></span> 
     </span>
    </p>
   </div>
   <div class='ocr_carea' id='block_1_8' title="bbox 323 960 1901 1036">
    <p class='ocr_par' dir='ltr' id='par_1_8' title="bbox 323 960 1901 1036">
     <span class='ocr_line' id='line_1_8' title="bbox 323 960 1901 1036; baseline 0.011 -26"><span class='ocrx_word' id='word_1_42' title='bbox 323 960 526 1026; x_wconf 81' lang='lat' dir='ltr'><strong>possit;</strong></span> <span class='ocrx_word' id='word_1_43' title='bbox 550 960 646 1016; x_wconf 85' lang='lat' dir='ltr'><strong>sed</strong></span> <span class='ocrx_word' id='word_1_44' title='bbox 671 963 742 1018; x_wconf 90' lang='lat' dir='ltr'><strong>ad</strong></span> <span class='ocrx_word' id='word_1_45' title='bbox 771 962 1176 1036; x_wconf 79' lang='lat' dir='ltr'><strong>intelligentiam</strong></span> <span class='ocrx_word' id='word_1_46' title='bbox 1206 978 1397 1024; x_wconf 75' lang='lat' dir='ltr'><strong>vestra:</strong></span> <span class='ocrx_word' id='word_1_47' title='bbox 1416 972 1622 1026; x_wconf 86' lang='lat' dir='ltr'><strong>caritati</strong></span> <span class='ocrx_word' id='word_1_48' title='bbox 1650 971 1901 1027; x_wconf 87' lang='lat' dir='ltr'><strong>dandam.</strong></span> 
     </span>
    </p>
   </div>
   <div class='ocr_carea' id='block_1_9' title="bbox 318 1048 1901 1132">
    <p class='ocr_par' dir='ltr' id='par_1_9' title="bbox 318 1048 1901 1132">
     <span class='ocr_line' id='line_1_9' title="bbox 318 1048 1901 1132; baseline 0.009 -27"><span class='ocrx_word' id='word_1_49' title='bbox 318 1048 454 1105; x_wconf 84' lang='lat' dir='ltr'><strong>Novi</strong></span> <span class='ocrx_word' id='word_1_50' title='bbox 493 1052 689 1123; x_wconf 86' lang='lat' dir='ltr'><strong>quippe</strong></span> <span class='ocrx_word' id='word_1_51' title='bbox 712 1070 808 1110; x_wconf 88' lang='lat' dir='ltr'><strong>vos</strong></span> <span class='ocrx_word' id='word_1_52' title='bbox 828 1070 895 1111; x_wconf 92' lang='lat' dir='ltr'><strong>ex</strong></span> <span class='ocrx_word' id='word_1_53' title='bbox 923 1060 1105 1127; x_wconf 90' lang='lat' dir='ltr'><strong>paucis</strong></span> <span class='ocrx_word' id='word_1_54' title='bbox 1130 1059 1237 1115; x_wconf 88' lang='lat' dir='ltr'><strong>illis</strong></span> <span class='ocrx_word' id='word_1_55' title='bbox 1257 1102 1271 1126; x_wconf 93' lang='lat'><strong>,</strong></span> <span class='ocrx_word' id='word_1_56' title='bbox 1301 1077 1419 1131; x_wconf 73' lang='lat' dir='ltr'><strong>qua:</strong></span> <span class='ocrx_word' id='word_1_57' title='bbox 1446 1064 1649 1132; x_wconf 67' lang='lat' dir='ltr'><strong>praefati</strong></span> <span class='ocrx_word' id='word_1_58' title='bbox 1678 1078 1864 1120; x_wconf 89' lang='lat' dir='ltr'><strong>sumus</strong></span> <span class='ocrx_word' id='word_1_59' title='bbox 1883 1104 1901 1132; x_wconf 94' lang='lat'><strong>,</strong></span> 
     </span>
    </p>
   </div>
   <div class='ocr_carea' id='block_1_10' title="bbox 317 1141 1905 1222">
    <p class='ocr_par' dir='ltr' id='par_1_10' title="bbox 317 1141 1905 1222">
     <span class='ocr_line' id='line_1_10' title="bbox 317 1141 1905 1222; baseline 0.012 -27"><span class='ocrx_word' id='word_1_60' title='bbox 317 1141 465 1197; x_wconf 81' lang='lat' dir='ltr'><strong>illam</strong></span> <span class='ocrx_word' id='word_1_61' title='bbox 487 1146 657 1201; x_wconf 88' lang='lat' dir='ltr'><strong>multo</strong></span> <span class='ocrx_word' id='word_1_62' title='bbox 682 1148 860 1204; x_wconf 91' lang='lat' dir='ltr'><strong>studio</strong></span> <span class='ocrx_word' id='word_1_63' title='bbox 881 1152 1209 1221; x_wconf 87' lang='lat' dir='ltr'><strong>suscepisse.</strong></span> <span class='ocrx_word' id='word_1_64' title='bbox 1250 1153 1383 1222; x_wconf 84' lang='lat' dir='ltr'><strong>Quia</strong></span> <span class='ocrx_word' id='word_1_65' title='bbox 1414 1172 1545 1210; x_wconf 89' lang='lat' dir='ltr'><strong>vero</strong></span> <span class='ocrx_word' id='word_1_66' title='bbox 1571 1171 1794 1212; x_wconf 88' lang='lat' dir='ltr'><strong>necesse</strong></span> <span class='ocrx_word' id='word_1_67' title='bbox 1822 1166 1905 1214; x_wconf 85' lang='lat' dir='ltr'><strong>est</strong></span> 
     </span>
    </p>
   </div>
   <div class='ocr_carea' id='block_1_11' title="bbox 315 1238 1904 1319">
    <p class='ocr_par' dir='ltr' id='par_1_11' title="bbox 315 1238 1904 1319">
     <span class='ocr_line' id='line_1_11' title="bbox 315 1238 1904 1319; baseline 0.011 -31"><span class='ocrx_word' id='word_1_68' title='bbox 315 1238 671 1317; x_wconf 65' lang='lat' dir='ltr'><strong>apgstolicum</strong></span> <span class='ocrx_word' id='word_1_69' title='bbox 698 1240 900 1297; x_wconf 88' lang='lat' dir='ltr'><strong>dictum</strong></span> <span class='ocrx_word' id='word_1_70' title='bbox 945 1242 1215 1300; x_wconf 74' lang='lat' dir='ltr'><strong>hodierna:</strong></span> <span class='ocrx_word' id='word_1_71' title='bbox 1241 1247 1484 1303; x_wconf 86' lang='lat' dir='ltr'><strong>lectionis</strong></span> <span class='ocrx_word' id='word_1_72' title='bbox 1508 1289 1523 1316; x_wconf 95' lang='lat'><strong>,</strong></span> <span class='ocrx_word' id='word_1_73' title='bbox 1551 1249 1692 1319; x_wconf 89' lang='lat' dir='ltr'><strong>quod</strong></span> <span class='ocrx_word' id='word_1_74' title='bbox 1723 1250 1904 1306; x_wconf 88' lang='lat' dir='ltr'><strong>multis</strong></span> 
     </span>
    </p>
   </div>
   <div class='ocr_carea' id='block_1_12' title="bbox 315 1326 1900 1411">
    <p class='ocr_par' dir='ltr' id='par_1_12' title="bbox 315 1326 1900 1411">
     <span class='ocr_line' id='line_1_12' title="bbox 315 1326 1900 1411; baseline 0.012 -32"><span class='ocrx_word' id='word_1_75' title='bbox 315 1326 529 1384; x_wconf 82' lang='lat' dir='ltr'><strong>videtur</strong></span> <span class='ocrx_word' id='word_1_76' title='bbox 554 1332 798 1401; x_wconf 88' lang='lat' dir='ltr'><strong>segnitiei</strong></span> <span class='ocrx_word' id='word_1_77' title='bbox 821 1335 1155 1392; x_wconf 87' lang='lat' dir='ltr'><strong>occasionem</strong></span> <span class='ocrx_word' id='word_1_78' title='bbox 1176 1340 1435 1407; x_wconf 64' lang='lat' dir='ltr'><strong>praebere,</strong></span> <span class='ocrx_word' id='word_1_79' title='bbox 1465 1341 1678 1410; x_wconf 86' lang='lat' dir='ltr'><strong>planum</strong></span> <span class='ocrx_word' id='word_1_80' title='bbox 1703 1341 1900 1411; x_wconf 89' lang='lat' dir='ltr'><strong>facere,</strong></span> 
     </span>
    </p>
   </div>
   <div class='ocr_carea' id='block_1_13' title="bbox 316 1420 1902 1499">
    <p class='ocr_par' dir='ltr' id='par_1_13' title="bbox 316 1420 1902 1499">
     <span class='ocr_line' id='line_1_13' title="bbox 316 1420 1902 1499; baseline 0.011 -28"><span class='ocrx_word' id='word_1_81' title='bbox 316 1426 465 1474; x_wconf 82' lang='lat' dir='ltr'><strong>utne</strong></span> <span class='ocrx_word' id='word_1_82' title='bbox 489 1420 704 1490; x_wconf 85' lang='lat' dir='ltr'><strong>quidam</strong></span> <span class='ocrx_word' id='word_1_83' title='bbox 723 1423 846 1480; x_wconf 93' lang='lat' dir='ltr'><strong>inde</strong></span> <span class='ocrx_word' id='word_1_84' title='bbox 865 1423 1053 1497; x_wconf 85' lang='lat' dir='ltr'><strong>frigida</strong></span> <span class='ocrx_word' id='word_1_85' title='bbox 1074 1439 1284 1499; x_wconf 88' lang='lat' dir='ltr'><strong>sumpta</strong></span> <span class='ocrx_word' id='word_1_86' title='bbox 1311 1433 1655 1488; x_wconf 85' lang='lat' dir='ltr'><strong>excusatione</strong></span> <span class='ocrx_word' id='word_1_87' title='bbox 1678 1434 1902 1489; x_wconf 88' lang='lat' dir='ltr'><strong>salutem</strong></span> 
     </span>
    </p>
   </div>
   <div class='ocr_carea' id='block_1_14' title="bbox 314 1514 1901 1596">
    <p class='ocr_par' dir='ltr' id='par_1_14' title="bbox 314 1514 1901 1596">
     <span class='ocr_line' id='line_1_14' title="bbox 314 1514 1901 1596; baseline 0.012 -34"><span class='ocrx_word' id='word_1_88' title='bbox 314 1523 469 1564; x_wconf 86' lang='lat' dir='ltr'><strong>suam</strong></span> <span class='ocrx_word' id='word_1_89' title='bbox 502 1514 817 1584; x_wconf 73' lang='lat' dir='ltr'><strong>negligant:</strong></span> <span class='ocrx_word' id='word_1_90' title='bbox 857 1532 957 1589; x_wconf 90' lang='lat' dir='ltr'><strong>age</strong></span> <span class='ocrx_word' id='word_1_91' title='bbox 1004 1519 1099 1575; x_wconf 92' lang='lat' dir='ltr'><strong>illo</strong></span> <span class='ocrx_word' id='word_1_92' title='bbox 1143 1536 1450 1596; x_wconf 76' lang='lat' dir='ltr'><strong>sermonem</strong></span> <span class='ocrx_word' id='word_1_93' title='bbox 1496 1526 1901 1581; x_wconf 81' lang='lat' dir='ltr'><strong>transferamus.</strong></span> 
     </span>
    </p>
   </div>
   <div class='ocr_carea' id='block_1_15' title="bbox 314 1600 1902 1685">
    <p class='ocr_par' dir='ltr' id='par_1_15' title="bbox 314 1600 1902 1685">
     <span class='ocr_line' id='line_1_15' title="bbox 314 1600 1902 1685; baseline 0.012 -30"><span class='ocrx_word' id='word_1_94' title='bbox 314 1600 596 1669; x_wconf 83' lang='lat' dir='ltr'><strong>Quodnam</strong></span> <span class='ocrx_word' id='word_1_95' title='bbox 619 1618 708 1662; x_wconf 84' lang='lat' dir='ltr'><strong>est</strong></span> <span class='ocrx_word' id='word_1_96' title='bbox 735 1608 932 1664; x_wconf 89' lang='lat' dir='ltr'><strong>dictum</strong></span> <span class='ocrx_word' id='word_1_97' title='bbox 959 1611 1133 1667; x_wconf 79' lang='lat' dir='ltr'><strong>illud?</strong></span> <span class='ocrx_word' id='word_1_98' title='bbox 1158 1614 1279 1669; x_wconf 83' lang='lat' dir='ltr'><strong>Sive</strong></span> <span class='ocrx_word' id='word_1_99' title='bbox 1311 1632 1402 1685; x_wconf 88' lang='lat' dir='ltr'><strong>per</strong></span> <span class='ocrx_word' id='word_1_100' title='bbox 1441 1618 1750 1672; x_wconf 74' lang='lat' dir='ltr'><strong>occasionem</strong></span> <span class='ocrx_word' id='word_1_101' title='bbox 1769 1659 1785 1684; x_wconf 93' lang='lat'><strong>,</strong></span> <span class='ocrx_word' id='word_1_102' title='bbox 1817 1620 1902 1674; x_wconf 83' lang='lat' dir='ltr'><strong>in-</strong></span> 
     </span>
    </p>
   </div>
   <div class='ocr_carea' id='block_1_16' title="bbox 313 1693 1902 1782">
    <p class='ocr_par' dir='ltr' id='par_1_16' title="bbox 313 1693 1902 1782">
     <span class='ocr_line' id='line_1_16' title="bbox 313 1693 1902 1782; baseline 0.013 -36"><span class='ocrx_word' id='word_1_103' title='bbox 313 1693 463 1761; x_wconf 87' lang='lat' dir='ltr'><strong>quit,</strong></span> <span class='ocrx_word' id='word_1_104' title='bbox 514 1696 619 1751; x_wconf 90' lang='lat' dir='ltr'><strong>sive</strong></span> <span class='ocrx_word' id='word_1_105' title='bbox 658 1715 748 1769; x_wconf 85' lang='lat' dir='ltr'><strong>per</strong></span> <span class='ocrx_word' id='word_1_106' title='bbox 771 1703 1071 1771; x_wconf 79' lang='lat' dir='ltr'><strong>veritatem,</strong></span> <span class='ocrx_word' id='word_1_107' title='bbox 1119 1705 1350 1762; x_wconf 85' lang='lat' dir='ltr'><strong>Christus</strong></span> <span class='ocrx_word' id='word_1_108' title='bbox 1378 1711 1708 1764; x_wconf 88' lang='lat' dir='ltr'><strong>annuntiatur</strong></span> <span class='ocrx_word' id='word_1_109' title='bbox 1744 1711 1902 1782; x_wconf 87' lang='lat' dir='ltr'><strong>(Phi-</strong></span> 
     </span>
    </p>
   </div>
   <div class='ocr_carea' id='block_1_17' title="bbox 313 1789 1903 1867">
    <p class='ocr_par' dir='ltr' id='par_1_17' title="bbox 313 1789 1903 1867">
     <span class='ocr_line' id='line_1_17' title="bbox 313 1789 1903 1867; baseline 0.009 -21"><span class='ocrx_word' id='word_1_110' title='bbox 313 1791 447 1860; x_wconf 90' lang='lat' dir='ltr'><strong>lipp.</strong></span> <span class='ocrx_word' id='word_1_111' title='bbox 477 1789 535 1845; x_wconf 89' lang='grc'><strong>1.</strong></span> <span class='ocrx_word' id='word_1_112' title='bbox 559 1790 675 1861; x_wconf 87' lang='grc'><strong>18).</strong></span> <span class='ocrx_word' id='word_1_113' title='bbox 703 1791 817 1848; x_wconf 81' lang='lat' dir='ltr'><strong>Hoc</strong></span> <span class='ocrx_word' id='word_1_114' title='bbox 840 1795 993 1850; x_wconf 89' lang='lat' dir='ltr'><strong>multi</strong></span> <span class='ocrx_word' id='word_1_115' title='bbox 1022 1796 1339 1867; x_wconf 85' lang='lat' dir='ltr'><strong>simpliciter</strong></span> <span class='ocrx_word' id='word_1_116' title='bbox 1362 1809 1417 1855; x_wconf 91' lang='lat' dir='ltr'><strong>et</strong></span> <span class='ocrx_word' id='word_1_117' title='bbox 1444 1813 1645 1859; x_wconf 87' lang='lat' dir='ltr'><strong>temere</strong></span> <span class='ocrx_word' id='word_1_118' title='bbox 1668 1804 1903 1860; x_wconf 90' lang='lat' dir='ltr'><strong>circum-</strong></span> 
     </span>
    </p>
   </div>
   <div class='ocr_carea' id='block_1_18' title="bbox 311 1879 1903 1964">
    <p class='ocr_par' dir='ltr' id='par_1_18' title="bbox 311 1879 1903 1964">
     <span class='ocr_line' id='line_1_18' title="bbox 311 1879 1903 1964; baseline 0.011 -30"><span class='ocrx_word' id='word_1_119' title='bbox 311 1879 526 1947; x_wconf 86' lang='lat' dir='ltr'><strong>ferunt,</strong></span> <span class='ocrx_word' id='word_1_120' title='bbox 562 1881 654 1951; x_wconf 87' lang='lat' dir='ltr'><strong>qui</strong></span> <span class='ocrx_word' id='word_1_121' title='bbox 684 1898 784 1938; x_wconf 91' lang='lat' dir='ltr'><strong>nec</strong></span> <span class='ocrx_word' id='word_1_122' title='bbox 814 1884 992 1955; x_wconf 88' lang='lat' dir='ltr'><strong>priora</strong></span> <span class='ocrx_word' id='word_1_123' title='bbox 1031 1902 1131 1943; x_wconf 91' lang='lat' dir='ltr'><strong>nec</strong></span> <span class='ocrx_word' id='word_1_124' title='bbox 1173 1892 1449 1960; x_wconf 88' lang='lat' dir='ltr'><strong>sequentia</strong></span> <span class='ocrx_word' id='word_1_125' title='bbox 1480 1893 1751 1964; x_wconf 87' lang='lat' dir='ltr'><strong>legerunt;</strong></span> <span class='ocrx_word' id='word_1_126' title='bbox 1807 1897 1903 1952; x_wconf 89' lang='lat' dir='ltr'><strong>sed</strong></span> 
     </span>
    </p>
   </div>
   <div class='ocr_carea' id='block_1_19' title="bbox 311 1972 1901 2052">
    <p class='ocr_par' dir='ltr' id='par_1_19' title="bbox 311 1972 1901 2052">
     <span class='ocr_line' id='line_1_19' title="bbox 311 1972 1901 2052; baseline 0.011 -27"><span class='ocrx_word' id='word_1_127' title='bbox 311 1978 520 2026; x_wconf 83' lang='lat' dir='ltr'><strong>resecta</strong></span> <span class='ocrx_word' id='word_1_128' title='bbox 544 1972 878 2042; x_wconf 87' lang='lat' dir='ltr'><strong>reliquorum</strong></span> <span class='ocrx_word' id='word_1_129' title='bbox 907 1977 1271 2034; x_wconf 90' lang='lat' dir='ltr'><strong>membrorum</strong></span> <span class='ocrx_word' id='word_1_130' title='bbox 1297 1982 1437 2037; x_wconf 91' lang='lat' dir='ltr'><strong>serie</strong></span> <span class='ocrx_word' id='word_1_131' title='bbox 1456 2024 1472 2052; x_wconf 95' lang='lat'><strong>,</strong></span> <span class='ocrx_word' id='word_1_132' title='bbox 1515 1983 1567 2039; x_wconf 91' lang='lat' dir='ltr'><strong>in</strong></span> <span class='ocrx_word' id='word_1_133' title='bbox 1602 1986 1901 2043; x_wconf 89' lang='lat' dir='ltr'><strong>animarum</strong></span> 
     </span>
    </p>
   </div>
   <div class='ocr_carea' id='block_1_20' title="bbox 311 2066 1899 2147">
    <p class='ocr_par' dir='ltr' id='par_1_20' title="bbox 311 2066 1899 2147">
     <span class='ocr_line' id='line_1_20' title="bbox 311 2066 1899 2147; baseline 0.011 -29"><span class='ocrx_word' id='word_1_134' title='bbox 311 2079 532 2118; x_wconf 89' lang='lat' dir='ltr'><strong>suarum</strong></span> <span class='ocrx_word' id='word_1_135' title='bbox 562 2066 850 2133; x_wconf 89' lang='lat' dir='ltr'><strong>perniciem</strong></span> <span class='ocrx_word' id='word_1_136' title='bbox 881 2068 998 2125; x_wconf 82' lang='lat' dir='ltr'><strong>haec</strong></span> <span class='ocrx_word' id='word_1_137' title='bbox 1032 2072 1369 2142; x_wconf 86' lang='lat' dir='ltr'><strong>segnioribus</strong></span> <span class='ocrx_word' id='word_1_138' title='bbox 1405 2086 1726 2147; x_wconf 88' lang='lat' dir='ltr'><strong>proponunt.</strong></span> <span class='ocrx_word' id='word_1_139' title='bbox 1766 2080 1899 2136; x_wconf 93' lang='lat' dir='ltr'><strong>Nam</strong></span> 
     </span>
    </p>
   </div>
   <div class='ocr_carea' id='block_1_21' title="bbox 311 2153 1900 2242">
    <p class='ocr_par' dir='ltr' id='par_1_21' title="bbox 311 2153 1900 2242">
     <span class='ocr_line' id='line_1_21' title="bbox 311 2153 1900 2242; baseline 0.014 -35"><span class='ocrx_word' id='word_1_140' title='bbox 311 2153 441 2209; x_wconf 85' lang='lat' dir='ltr'><strong>dum</strong></span> <span class='ocrx_word' id='word_1_141' title='bbox 470 2163 679 2212; x_wconf 85' lang='lat' dir='ltr'><strong>tentant</strong></span> <span class='ocrx_word' id='word_1_142' title='bbox 698 2173 792 2214; x_wconf 88' lang='lat' dir='ltr'><strong>eos</strong></span> <span class='ocrx_word' id='word_1_143' title='bbox 813 2174 844 2215; x_wconf 88' lang='lat' dir='ltr'><strong>a</strong></span> <span class='ocrx_word' id='word_1_144' title='bbox 870 2175 997 2216; x_wconf 88' lang='lat' dir='ltr'><strong>sana</strong></span> <span class='ocrx_word' id='word_1_145' title='bbox 1031 2162 1134 2218; x_wconf 81' lang='lat' dir='ltr'><strong>fide</strong></span> <span class='ocrx_word' id='word_1_146' title='bbox 1158 2164 1426 2223; x_wconf 90' lang='lat' dir='ltr'><strong>abducere</strong></span> <span class='ocrx_word' id='word_1_147' title='bbox 1444 2208 1461 2234; x_wconf 90' lang='lat'><strong>,</strong></span> <span class='ocrx_word' id='word_1_148' title='bbox 1489 2168 1788 2242; x_wconf 90' lang='lat' dir='ltr'><strong>deindeque</strong></span> <span class='ocrx_word' id='word_1_149' title='bbox 1815 2175 1900 2230; x_wconf 86' lang='lat' dir='ltr'><strong>vi-</strong></span> 
     </span>
    </p>
   </div>
   <div class='ocr_carea' id='block_1_22' title="bbox 321 2248 1897 2331">
    <p class='ocr_par' dir='ltr' id='par_1_22' title="bbox 321 2248 1897 2331">
     <span class='ocr_line' id='line_1_22' title="bbox 321 2248 1897 2331; baseline 0.013 -29"><span class='ocrx_word' id='word_1_150' title='bbox 321 2248 454 2303; x_wconf 89' lang='lat' dir='ltr'><strong>dent</strong></span> <span class='ocrx_word' id='word_1_151' title='bbox 468 2264 568 2305; x_wconf 91' lang='lat' dir='ltr'><strong>eos</strong></span> <span class='ocrx_word' id='word_1_152' title='bbox 594 2250 970 2310; x_wconf 88' lang='lat' dir='ltr'><strong>formidolosos</strong></span> <span class='ocrx_word' id='word_1_153' title='bbox 997 2270 1061 2311; x_wconf 90' lang='lat' dir='ltr'><strong>ac</strong></span> <span class='ocrx_word' id='word_1_154' title='bbox 1090 2259 1377 2325; x_wconf 89' lang='lat' dir='ltr'><strong>tremulos,</strong></span> <span class='ocrx_word' id='word_1_155' title='bbox 1409 2262 1559 2331; x_wconf 90' lang='lat' dir='ltr'><strong>quasi</strong></span> <span class='ocrx_word' id='word_1_156' title='bbox 1585 2263 1638 2319; x_wconf 90' lang='lat' dir='ltr'><strong>id</strong></span> <span class='ocrx_word' id='word_1_157' title='bbox 1665 2280 1770 2319; x_wconf 91' lang='lat' dir='ltr'><strong>non</strong></span> <span class='ocrx_word' id='word_1_158' title='bbox 1800 2282 1897 2322; x_wconf 89' lang='lat' dir='ltr'><strong>va-</strong></span> 
     </span>
    </p>
   </div>
   <div class='ocr_carea' id='block_1_23' title="bbox 310 2343 1900 2428">
    <p class='ocr_par' dir='ltr' id='par_1_23' title="bbox 310 2343 1900 2428">
     <span class='ocr_line' id='line_1_23' title="bbox 310 2343 1900 2428; baseline 0.012 -34"><span class='ocrx_word' id='word_1_159' title='bbox 310 2348 398 2396; x_wconf 87' lang='lat' dir='ltr'><strong>cet</strong></span> <span class='ocrx_word' id='word_1_160' title='bbox 422 2343 662 2411; x_wconf 89' lang='lat' dir='ltr'><strong>periculo</strong></span> <span class='ocrx_word' id='word_1_161' title='bbox 689 2361 704 2399; x_wconf 90' lang='lat'><strong>:</strong></span> <span class='ocrx_word' id='word_1_162' title='bbox 736 2354 794 2400; x_wconf 93' lang='lat' dir='ltr'><strong>ut</strong></span> <span class='ocrx_word' id='word_1_163' title='bbox 834 2346 1078 2403; x_wconf 89' lang='lat' dir='ltr'><strong>timorem</strong></span> <span class='ocrx_word' id='word_1_164' title='bbox 1104 2365 1291 2406; x_wconf 92' lang='lat' dir='ltr'><strong>eorum</strong></span> <span class='ocrx_word' id='word_1_165' title='bbox 1330 2352 1572 2422; x_wconf 91' lang='lat' dir='ltr'><strong>solvant,</strong></span> <span class='ocrx_word' id='word_1_166' title='bbox 1620 2356 1721 2411; x_wconf 88' lang='lat' dir='ltr'><strong>hoc</strong></span> <span class='ocrx_word' id='word_1_167' title='bbox 1769 2372 1900 2428; x_wconf 88' lang='lat' dir='ltr'><strong>apo—</strong></span> 
     </span>
    </p>
   </div>
   <div class='ocr_carea' id='block_1_24' title="bbox 309 2431 1899 2516">
    <p class='ocr_par' dir='ltr' id='par_1_24' title="bbox 309 2431 1899 2516">
     <span class='ocr_line' id='line_1_24' title="bbox 309 2431 1899 2516; baseline 0.012 -32"><span class='ocrx_word' id='word_1_168' title='bbox 309 2431 560 2487; x_wconf 83' lang='lat' dir='ltr'><strong>stOlicum</strong></span> <span class='ocrx_word' id='word_1_169' title='bbox 587 2434 867 2505; x_wconf 86' lang='lat' dir='ltr'><strong>proferunt</strong></span> <span class='ocrx_word' id='word_1_170' title='bbox 910 2437 1179 2506; x_wconf 88' lang='lat' dir='ltr'><strong>dicentes,</strong></span> <span class='ocrx_word' id='word_1_171' title='bbox 1228 2442 1423 2499; x_wconf 88' lang='lat' dir='ltr'><strong>Paulus</strong></span> <span class='ocrx_word' id='word_1_172' title='bbox 1466 2443 1569 2502; x_wconf 87' lang='lat' dir='ltr'><strong>hoc</strong></span> <span class='ocrx_word' id='word_1_173' title='bbox 1603 2450 1899 2516; x_wconf 88' lang='lat' dir='ltr'><strong>concessit,</strong></span> 
     </span>
    </p>
   </div>
   <div class='ocr_carea' id='block_1_25' title="bbox 311 2523 1898 2607">
    <p class='ocr_par' dir='ltr' id='par_1_25' title="bbox 311 2523 1898 2607">
     <span class='ocr_line' id='line_1_25' title="bbox 311 2523 1898 2607; baseline 0.011 -32"><span class='ocrx_word' id='word_1_174' title='bbox 311 2523 594 2593; x_wconf 73' lang='lat' dir='ltr'><strong>inquiens,</strong></span> <span class='ocrx_word' id='word_1_175' title='bbox 637 2525 759 2582; x_wconf 90' lang='lat' dir='ltr'><strong>Sive</strong></span> <span class='ocrx_word' id='word_1_176' title='bbox 796 2543 888 2598; x_wconf 91' lang='lat' dir='ltr'><strong>per</strong></span> <span class='ocrx_word' id='word_1_177' title='bbox 932 2532 1280 2598; x_wconf 82' lang='lat' dir='ltr'><strong>occasionem,</strong></span> <span class='ocrx_word' id='word_1_178' title='bbox 1330 2534 1435 2588; x_wconf 86' lang='lat' dir='ltr'><strong>sive</strong></span> <span class='ocrx_word' id='word_1_179' title='bbox 1479 2552 1568 2605; x_wconf 88' lang='lat' dir='ltr'><strong>per</strong></span> <span class='ocrx_word' id='word_1_180' title='bbox 1610 2538 1898 2607; x_wconf 84' lang='lat' dir='ltr'><strong>veritatem,</strong></span> 
     </span>
    </p>
   </div>
   <div class='ocr_carea' id='block_1_26' title="bbox 310 2618 1903 2698">
    <p class='ocr_par' dir='ltr' id='par_1_26' title="bbox 310 2618 1903 2698">
     <span class='ocr_line' id='line_1_26' title="bbox 310 2618 1903 2698; baseline 0.014 -26"><span class='ocrx_word' id='word_1_181' title='bbox 310 2618 546 2675; x_wconf 87' lang='lat' dir='ltr'><strong>Christus</strong></span> <span class='ocrx_word' id='word_1_182' title='bbox 581 2623 946 2678; x_wconf 89' lang='lat' dir='ltr'><strong>annuntietur.</strong></span> <span class='ocrx_word' id='word_1_183' title='bbox 976 2624 1081 2680; x_wconf 91' lang='lat' dir='ltr'><strong>Sed</strong></span> <span class='ocrx_word' id='word_1_184' title='bbox 1107 2624 1222 2680; x_wconf 66' lang='lat' dir='ltr'><strong>hate</strong></span> <span class='ocrx_word' id='word_1_185' title='bbox 1248 2642 1354 2682; x_wconf 91' lang='lat' dir='ltr'><strong>non</strong></span> <span class='ocrx_word' id='word_1_186' title='bbox 1378 2628 1451 2682; x_wconf 92' lang='lat' dir='ltr'><strong>ita</strong></span> <span class='ocrx_word' id='word_1_187' title='bbox 1476 2642 1536 2685; x_wconf 92' lang='lat' dir='ltr'><strong>se</strong></span> <span class='ocrx_word' id='word_1_188' title='bbox 1555 2628 1774 2698; x_wconf 87' lang='lat' dir='ltr'><strong>habent,</strong></span> <span class='ocrx_word' id='word_1_189' title='bbox 1790 2650 1903 2693; x_wconf 89' lang='lat' dir='ltr'><strong>non</strong></span> 
     </span>
    </p>
   </div>
   <div class='ocr_carea' id='block_1_27' title="bbox 309 2712 1896 2790">
    <p class='ocr_par' dir='ltr' id='par_1_27' title="bbox 309 2712 1896 2790">
     <span class='ocr_line' id='line_1_27' title="bbox 309 2712 1896 2790; baseline 0.008 -25"><span class='ocrx_word' id='word_1_190' title='bbox 309 2712 382 2765; x_wconf 90' lang='lat' dir='ltr'><strong>ita</strong></span> <span class='ocrx_word' id='word_1_191' title='bbox 407 2713 612 2784; x_wconf 91' lang='lat' dir='ltr'><strong>utique.</strong></span> <span class='ocrx_word' id='word_1_192' title='bbox 644 2713 776 2770; x_wconf 91' lang='lat' dir='ltr'><strong>Nam</strong></span> <span class='ocrx_word' id='word_1_193' title='bbox 804 2716 979 2785; x_wconf 91' lang='lat' dir='ltr'><strong>primo</strong></span> <span class='ocrx_word' id='word_1_194' title='bbox 1024 2733 1129 2772; x_wconf 91' lang='lat' dir='ltr'><strong>non</strong></span> <span class='ocrx_word' id='word_1_195' title='bbox 1172 2718 1335 2785; x_wconf 92' lang='lat' dir='ltr'><strong>dixit,</strong></span> <span class='ocrx_word' id='word_1_196' title='bbox 1374 2722 1738 2790; x_wconf 87' lang='lat' dir='ltr'><strong>annuntietur,</strong></span> <span class='ocrx_word' id='word_1_197' title='bbox 1776 2723 1896 2790; x_wconf 89' lang='lat' dir='ltr'><strong>sed,</strong></span> 
     </span>
    </p>
   </div>
   <div class='ocr_carea' id='block_1_28' title="bbox 308 2804 1898 2878">
    <p class='ocr_par' dir='ltr' id='par_1_28' title="bbox 308 2804 1898 2878">
     <span class='ocr_line' id='line_1_28' title="bbox 308 2804 1898 2878; baseline 0.008 -21"><span class='ocrx_word' id='word_1_198' title='bbox 308 2804 676 2873; x_wconf 81' lang='lat' dir='ltr'><strong>Annuntiatur,</strong></span> <span class='ocrx_word' id='word_1_199' title='bbox 702 2806 846 2878; x_wconf 93' lang='lat' dir='ltr'><strong>quod</strong></span> <span class='ocrx_word' id='word_1_200' title='bbox 890 2808 1116 2863; x_wconf 90' lang='lat' dir='ltr'><strong>multum</strong></span> <span class='ocrx_word' id='word_1_201' title='bbox 1143 2809 1321 2865; x_wconf 72' lang='lat' dir='ltr'><strong>differt</strong></span> <span class='ocrx_word' id='word_1_202' title='bbox 1347 2811 1415 2866; x_wconf 89' lang='lat' dir='ltr'><strong>ab</strong></span> <span class='ocrx_word' id='word_1_203' title='bbox 1436 2811 1546 2867; x_wconf 92' lang='lat' dir='ltr'><strong>illo.</strong></span> <span class='ocrx_word' id='word_1_204' title='bbox 1573 2812 1784 2868; x_wconf 86' lang='lat' dir='ltr'><strong>Etenim</strong></span> <span class='ocrx_word' id='word_1_205' title='bbox 1812 2813 1898 2868; x_wconf 87' lang='lat' dir='ltr'><strong>di-</strong></span> 
     </span>
    </p>
   </div>
   <div class='ocr_carea' id='block_1_29' title="bbox 307 2899 1895 2971">
    <p class='ocr_par' dir='ltr' id='par_1_29' title="bbox 307 2899 1895 2971">
     <span class='ocr_line' id='line_1_29' title="bbox 307 2899 1895 2971; baseline 0.005 -21"><span class='ocrx_word' id='word_1_206' title='bbox 307 2909 468 2961; x_wconf 88' lang='lat' dir='ltr'><strong>cere,</strong></span> <span class='ocrx_word' id='word_1_207' title='bbox 518 2899 883 2961; x_wconf 90' lang='lat' dir='ltr'><strong>annuntietur,</strong></span> <span class='ocrx_word' id='word_1_208' title='bbox 936 2899 1109 2970; x_wconf 85' lang='lat' dir='ltr'><strong>legem</strong></span> <span class='ocrx_word' id='word_1_209' title='bbox 1148 2900 1325 2957; x_wconf 89' lang='lat' dir='ltr'><strong>dantis</strong></span> <span class='ocrx_word' id='word_1_210' title='bbox 1364 2909 1482 2967; x_wconf 89' lang='lat' dir='ltr'><strong>est;</strong></span> <span class='ocrx_word' id='word_1_211' title='bbox 1532 2901 1895 2971; x_wconf 85' lang='lat' dir='ltr'><strong>Annuntiatur,</strong></span> 
     </span>
    </p>
   </div>
   <div class='ocr_carea' id='block_1_30' title="bbox 309 2988 1897 3063">
    <p class='ocr_par' dir='ltr' id='par_1_30' title="bbox 309 2988 1897 3063">
     <span class='ocr_line' id='line_1_30' title="bbox 309 2988 1897 3063; baseline 0.004 -21"><span class='ocrx_word' id='word_1_212' title='bbox 309 3002 440 3044; x_wconf 86' lang='lat' dir='ltr'><strong>vero</strong></span> <span class='ocrx_word' id='word_1_213' title='bbox 463 2988 680 3056; x_wconf 92' lang='lat' dir='ltr'><strong>dicere,</strong></span> <span class='ocrx_word' id='word_1_214' title='bbox 728 2989 781 3045; x_wconf 91' lang='lat' dir='ltr'><strong>id</strong></span> <span class='ocrx_word' id='word_1_215' title='bbox 820 2990 962 3062; x_wconf 91' lang='lat' dir='ltr'><strong>quod</strong></span> <span class='ocrx_word' id='word_1_216' title='bbox 1009 2992 1270 3063; x_wconf 90' lang='lat' dir='ltr'><strong>contingit</strong></span> <span class='ocrx_word' id='word_1_217' title='bbox 1310 2994 1575 3048; x_wconf 89' lang='lat' dir='ltr'><strong>narrantis</strong></span> <span class='ocrx_word' id='word_1_218' title='bbox 1604 3004 1705 3050; x_wconf 90' lang='lat' dir='ltr'><strong>est.</strong></span> <span class='ocrx_word' id='word_1_219' title='bbox 1744 2994 1897 3062; x_wconf 86' lang='lat' dir='ltr'><strong>Quod</strong></span> 
     </span>
    </p>
   </div>
   <div class='ocr_carea' id='block_1_31' title="bbox 312 3080 1897 3153">
    <p class='ocr_par' dir='ltr' id='par_1_31' title="bbox 312 3080 1897 3153">
     <span class='ocr_line' id='line_1_31' title="bbox 312 3080 1897 3153; baseline 0.004 -19"><span class='ocrx_word' id='word_1_220' title='bbox 312 3094 440 3135; x_wconf 88' lang='lat' dir='ltr'><strong>vero</strong></span> <span class='ocrx_word' id='word_1_221' title='bbox 477 3080 675 3137; x_wconf 88' lang='lat' dir='ltr'><strong>Paulus</strong></span> <span class='ocrx_word' id='word_1_222' title='bbox 711 3097 818 3137; x_wconf 89' lang='lat' dir='ltr'><strong>non</strong></span> <span class='ocrx_word' id='word_1_223' title='bbox 869 3083 1041 3153; x_wconf 87' lang='lat' dir='ltr'><strong>legem</strong></span> <span class='ocrx_word' id='word_1_224' title='bbox 1083 3082 1219 3139; x_wconf 83' lang='lat' dir='ltr'><strong>ferat</strong></span> <span class='ocrx_word' id='word_1_225' title='bbox 1255 3091 1315 3139; x_wconf 92' lang='lat' dir='ltr'><strong>ut</strong></span> <span class='ocrx_word' id='word_1_226' title='bbox 1335 3084 1442 3139; x_wconf 90' lang='lat' dir='ltr'><strong>sint</strong></span> <span class='ocrx_word' id='word_1_227' title='bbox 1484 3084 1755 3151; x_wconf 63' lang='lat' dir='ltr'><strong>haereses,</strong></span> <span class='ocrx_word' id='word_1_228' title='bbox 1802 3084 1897 3141; x_wconf 89' lang='lat' dir='ltr'><strong>sed</strong></span> 
     </span>
    </p>
   </div>
   <div class='ocr_carea' id='block_1_32' title="bbox 308 3169 1895 3246">
    <p class='ocr_par' dir='ltr' id='par_1_32' title="bbox 308 3169 1895 3246">
     <span class='ocr_line' id='line_1_32' title="bbox 308 3169 1895 3246; baseline 0.004 -21"><span class='ocrx_word' id='word_1_229' title='bbox 308 3169 540 3226; x_wconf 88' lang='lat' dir='ltr'><strong>abducat</strong></span> <span class='ocrx_word' id='word_1_230' title='bbox 561 3186 750 3227; x_wconf 89' lang='lat' dir='ltr'><strong>omnes</strong></span> <span class='ocrx_word' id='word_1_231' title='bbox 778 3173 867 3244; x_wconf 90' lang='lat' dir='ltr'><strong>qui</strong></span> <span class='ocrx_word' id='word_1_232' title='bbox 898 3174 998 3244; x_wconf 90' lang='lat' dir='ltr'><strong>ipsi</strong></span> <span class='ocrx_word' id='word_1_233' title='bbox 1026 3174 1395 3241; x_wconf 88' lang='lat' dir='ltr'><strong>attenderem,</strong></span> <span class='ocrx_word' id='word_1_234' title='bbox 1424 3176 1548 3230; x_wconf 89' lang='lat' dir='ltr'><strong>audi</strong></span> <span class='ocrx_word' id='word_1_235' title='bbox 1577 3176 1704 3246; x_wconf 90' lang='lat' dir='ltr'><strong>quid</strong></span> <span class='ocrx_word' id='word_1_236' title='bbox 1750 3176 1895 3231; x_wconf 90' lang='lat' dir='ltr'><strong>dixe-</strong></span> 
     </span>
    </p>
   </div>
   <div class='ocr_carea' id='block_1_33' title="bbox 310 3261 1895 3338">
    <p class='ocr_par' dir='ltr' id='par_1_33' title="bbox 310 3261 1895 3338">
     <span class='ocr_line' id='line_1_33' title="bbox 310 3261 1895 3338; baseline 0.004 -23"><span class='ocrx_word' id='word_1_237' title='bbox 310 3262 415 3316; x_wconf 90' lang='lat' dir='ltr'><strong>rit:</strong></span> <span class='ocrx_word' id='word_1_238' title='bbox 445 3261 505 3317; x_wconf 88' lang='lat' dir='ltr'><strong>Si</strong></span> <span class='ocrx_word' id='word_1_239' title='bbox 530 3265 643 3329; x_wconf 86' lang='lat' dir='ltr'><strong>quis</strong></span> <span class='ocrx_word' id='word_1_240' title='bbox 666 3262 802 3318; x_wconf 87' lang='lat' dir='ltr'><strong>vobis</strong></span> <span class='ocrx_word' id='word_1_241' title='bbox 828 3265 1137 3335; x_wconf 70' lang='lat' dir='ltr'><strong>evangelieat</strong></span> <span class='ocrx_word' id='word_1_242' title='bbox 1167 3275 1346 3336; x_wconf 67' lang='lat' dir='ltr'><strong>praeter</strong></span> <span class='ocrx_word' id='word_1_243' title='bbox 1369 3267 1424 3320; x_wconf 87' lang='lat' dir='ltr'><strong>id</strong></span> <span class='ocrx_word' id='word_1_244' title='bbox 1450 3267 1585 3338; x_wconf 88' lang='lat' dir='ltr'><strong>quod</strong></span> <span class='ocrx_word' id='word_1_245' title='bbox 1612 3268 1895 3336; x_wconf 83' lang='lat' dir='ltr'><strong>accepistis,</strong></span> 
     </span>
    </p>
   </div>
   <div class='ocr_carea' id='block_1_34' title="bbox 307 3353 1894 3429">
    <p class='ocr_par' dir='ltr' id='par_1_34' title="bbox 307 3353 1894 3429">
     <span class='ocr_line' id='line_1_34' title="bbox 307 3353 1894 3429; baseline 0.006 -24"><span class='ocrx_word' id='word_1_246' title='bbox 307 3353 580 3408; x_wconf 80' lang='lat' dir='ltr'><strong>anathema</strong></span> <span class='ocrx_word' id='word_1_247' title='bbox 605 3354 707 3420; x_wconf 90' lang='lat' dir='ltr'><strong>sit,</strong></span> <span class='ocrx_word' id='word_1_248' title='bbox 737 3355 830 3409; x_wconf 87' lang='lat' dir='ltr'><strong>etsi</strong></span> <span class='ocrx_word' id='word_1_249' title='bbox 857 3372 948 3426; x_wconf 85' lang='lat' dir='ltr'><strong>ego</strong></span> <span class='ocrx_word' id='word_1_250' title='bbox 969 3396 985 3422; x_wconf 95' lang='lat'><strong>,</strong></span> <span class='ocrx_word' id='word_1_251' title='bbox 1014 3357 1106 3411; x_wconf 84' lang='lat' dir='ltr'><strong>etsi</strong></span> <span class='ocrx_word' id='word_1_252' title='bbox 1144 3358 1354 3427; x_wconf 82' lang='lat' dir='ltr'><strong>angelus</strong></span> <span class='ocrx_word' id='word_1_253' title='bbox 1390 3358 1453 3413; x_wconf 86' lang='lat' dir='ltr'><strong>de</strong></span> <span class='ocrx_word' id='word_1_254' title='bbox 1492 3359 1629 3414; x_wconf 68' lang='lat' dir='ltr'><strong>eaalis</strong></span> <span class='ocrx_word' id='word_1_255' title='bbox 1667 3358 1809 3429; x_wconf 81' lang='lat' dir='ltr'><strong>(Gal.</strong></span> <span class='ocrx_word' id='word_1_256' title='bbox 1839 3361 1894 3414; x_wconf 92' lang='grc'><strong>1.</strong></span> 
     </span>
    </p>
   </div>
   <div class='ocr_carea' id='block_1_35' title="bbox 308 3441 1892 3517">
    <p class='ocr_par' dir='ltr' id='par_1_35' title="bbox 308 3441 1892 3517">
     <span class='ocr_line' id='line_1_35' title="bbox 308 3441 1892 3517; baseline 0.004 -20"><span class='ocrx_word' id='word_1_257' title='bbox 308 3442 364 3497; x_wconf 89' lang='grc'><strong>8.</strong></span> <span class='ocrx_word' id='word_1_258' title='bbox 392 3441 611 3513; x_wconf 77' lang='grc' dir='ltr'><strong>9).Νοιι</strong></span> <span class='ocrx_word' id='word_1_259' title='bbox 637 3453 815 3499; x_wconf 92' lang='lat' dir='ltr'><strong>autem</strong></span> <span class='ocrx_word' id='word_1_260' title='bbox 843 3454 900 3500; x_wconf 93' lang='lat' dir='ltr'><strong>et</strong></span> <span class='ocrx_word' id='word_1_261' title='bbox 923 3460 983 3501; x_wconf 88' lang='lat' dir='ltr'><strong>se</strong></span> <span class='ocrx_word' id='word_1_262' title='bbox 1005 3456 1062 3502; x_wconf 86' lang='lat' dir='ltr'><strong>et</strong></span> <span class='ocrx_word' id='word_1_263' title='bbox 1087 3448 1334 3517; x_wconf 89' lang='lat' dir='ltr'><strong>angelum</strong></span> <span class='ocrx_word' id='word_1_264' title='bbox 1359 3448 1892 3517; x_wconf 87' lang='lat' dir='ltr'><strong>anathematizasset,</strong></span> 
     </span>
    </p>
   </div>
   <div class='ocr_carea' id='block_1_36' title="bbox 307 3534 1897 3606">
    <p class='ocr_par' dir='ltr' id='par_1_36' title="bbox 307 3534 1897 3606">
     <span class='ocr_line' id='line_1_36' title="bbox 307 3534 1897 3606; baseline 0.006 -20"><span class='ocrx_word' id='word_1_265' title='bbox 307 3534 354 3587; x_wconf 90' lang='lat' dir='ltr'><strong>si</strong></span> <span class='ocrx_word' id='word_1_266' title='bbox 380 3549 495 3589; x_wconf 89' lang='lat' dir='ltr'><strong>rem</strong></span> <span class='ocrx_word' id='word_1_267' title='bbox 521 3535 639 3591; x_wconf 90' lang='lat' dir='ltr'><strong>sine</strong></span> <span class='ocrx_word' id='word_1_268' title='bbox 658 3537 894 3606; x_wconf 89' lang='lat' dir='ltr'><strong>periculo</strong></span> <span class='ocrx_word' id='word_1_269' title='bbox 919 3551 1041 3593; x_wconf 89' lang='lat' dir='ltr'><strong>esse</strong></span> <span class='ocrx_word' id='word_1_270' title='bbox 1057 3538 1320 3595; x_wconf 90' lang='lat' dir='ltr'><strong>scivisset.</strong></span> <span class='ocrx_word' id='word_1_271' title='bbox 1340 3540 1417 3595; x_wconf 81' lang='lat' dir='ltr'><strong>Ac</strong></span> <span class='ocrx_word' id='word_1_272' title='bbox 1436 3556 1649 3596; x_wconf 88' lang='lat' dir='ltr'><strong>rursum</strong></span> <span class='ocrx_word' id='word_1_273' title='bbox 1668 3558 1683 3596; x_wconf 93' lang='lat'><strong>:</strong></span> <span class='ocrx_word' id='word_1_274' title='bbox 1705 3540 1897 3596; x_wconf 72' lang='lat' dir='ltr'><strong>AEmu-</strong></span> 
     </span>
    </p>
   </div>
   <div class='ocr_carea' id='block_1_37' title="bbox 309 3627 1895 3704">
    <p class='ocr_par' dir='ltr' id='par_1_37' title="bbox 309 3627 1895 3704">
     <span class='ocr_line' id='line_1_37' title="bbox 309 3627 1895 3704; baseline 0.007 -24"><span class='ocrx_word' id='word_1_275' title='bbox 309 3627 388 3680; x_wconf 87' lang='lat' dir='ltr'><strong>lor</strong></span> <span class='ocrx_word' id='word_1_276' title='bbox 406 3628 541 3681; x_wconf 87' lang='lat' dir='ltr'><strong>enim</strong></span> <span class='ocrx_word' id='word_1_277' title='bbox 567 3644 654 3683; x_wconf 86' lang='lat' dir='ltr'><strong>vos</strong></span> <span class='ocrx_word' id='word_1_278' title='bbox 680 3627 780 3684; x_wconf 82' lang='lat' dir='ltr'><strong>Dei</strong></span> <span class='ocrx_word' id='word_1_279' title='bbox 821 3630 1143 3686; x_wconf 60' lang='lat' dir='ltr'><strong>aemulatione</strong></span> <span class='ocrx_word' id='word_1_280' title='bbox 1164 3648 1184 3687; x_wconf 90' lang='lat'><strong>:</strong></span> <span class='ocrx_word' id='word_1_281' title='bbox 1224 3632 1472 3704; x_wconf 86' lang='lat' dir='ltr'><strong>despondi</strong></span> <span class='ocrx_word' id='word_1_282' title='bbox 1508 3635 1644 3689; x_wconf 88' lang='lat' dir='ltr'><strong>enim</strong></span> <span class='ocrx_word' id='word_1_283' title='bbox 1680 3651 1769 3690; x_wconf 88' lang='lat' dir='ltr'><strong>vos</strong></span> <span class='ocrx_word' id='word_1_284' title='bbox 1804 3637 1895 3692; x_wconf 88' lang='lat' dir='ltr'><strong>uni</strong></span> 
     </span>
    </p>
   </div>
   <div class='ocr_carea' id='block_1_38' title="bbox 299 3715 1876 3797">
    <p class='ocr_par' dir='ltr' id='par_1_38' title="bbox 299 3715 1876 3797">
     <span class='ocr_line' id='line_1_38' title="bbox 299 3715 1876 3797; baseline 0.01 -30"><span class='ocrx_word' id='word_1_285' title='bbox 299 3715 412 3769; x_wconf 89' lang='lat' dir='ltr'><strong>viro</strong></span> <span class='ocrx_word' id='word_1_286' title='bbox 441 3715 691 3785; x_wconf 78' lang='lat' dir='ltr'><strong>virginem</strong></span> <span class='ocrx_word' id='word_1_287' title='bbox 721 3728 958 3785; x_wconf 84' lang='lat' dir='ltr'><strong>castam;</strong></span> <span class='ocrx_word' id='word_1_288' title='bbox 988 3721 1143 3775; x_wconf 85' lang='lat' dir='ltr'><strong>timeo</strong></span> <span class='ocrx_word' id='word_1_289' title='bbox 1174 3732 1349 3777; x_wconf 86' lang='lat' dir='ltr'><strong>autem</strong></span> <span class='ocrx_word' id='word_1_290' title='bbox 1386 3740 1467 3790; x_wconf 89' lang='lat' dir='ltr'><strong>ne,</strong></span> <span class='ocrx_word' id='word_1_291' title='bbox 1497 3726 1635 3779; x_wconf 86' lang='lat' dir='ltr'><strong>sicut</strong></span> <span class='ocrx_word' id='word_1_292' title='bbox 1666 3743 1876 3797; x_wconf 86' lang='lat' dir='ltr'><strong>serpens</strong></span> 
     </span>
    </p>
   </div>
   <div class='ocr_carea' id='block_1_39' title="bbox 303 3804 1877 3885">
    <p class='ocr_par' dir='ltr' id='par_1_39' title="bbox 303 3804 1877 3885">
     <span class='ocr_line' id='line_1_39' title="bbox 303 3804 1877 3885; baseline 0.011 -27"><span class='ocrx_word' id='word_1_293' title='bbox 303 3804 471 3859; x_wconf 82' lang='lat' dir='ltr'><strong>Evam</strong></span> <span class='ocrx_word' id='word_1_294' title='bbox 501 3808 701 3876; x_wconf 85' lang='lat' dir='ltr'><strong>decepit</strong></span> <span class='ocrx_word' id='word_1_295' title='bbox 744 3812 943 3867; x_wconf 87' lang='lat' dir='ltr'><strong>astutia</strong></span> <span class='ocrx_word' id='word_1_296' title='bbox 971 3830 1070 3867; x_wconf 87' lang='lat' dir='ltr'><strong>sua</strong></span> <span class='ocrx_word' id='word_1_297' title='bbox 1091 3855 1107 3879; x_wconf 94' lang='lat'><strong>,</strong></span> <span class='ocrx_word' id='word_1_298' title='bbox 1153 3816 1229 3869; x_wconf 86' lang='lat' dir='ltr'><strong>sic</strong></span> <span class='ocrx_word' id='word_1_299' title='bbox 1258 3826 1666 3885; x_wconf 87' lang='lat' dir='ltr'><strong>corrumpantur</strong></span> <span class='ocrx_word' id='word_1_300' title='bbox 1694 3836 1877 3875; x_wconf 87' lang='lat' dir='ltr'><strong>sensus</strong></span> 
     </span>
    </p>
   </div>
   <div class='ocr_carea' id='block_1_40' title="bbox 301 3898 1875 3976">
    <p class='ocr_par' dir='ltr' id='par_1_40' title="bbox 301 3898 1875 3976">
     <span class='ocr_line' id='line_1_40' title="bbox 301 3898 1875 3976; baseline 0.013 -28"><span class='ocrx_word' id='word_1_301' title='bbox 301 3898 462 3950; x_wconf 80' lang='lat' dir='ltr'><strong>vestri</strong></span> <span class='ocrx_word' id='word_1_302' title='bbox 478 3914 509 3950; x_wconf 91' lang='lat' dir='ltr'><strong>a</strong></span> <span class='ocrx_word' id='word_1_303' title='bbox 527 3899 864 3967; x_wconf 87' lang='lat' dir='ltr'><strong>simplicitate</strong></span> <span class='ocrx_word' id='word_1_304' title='bbox 878 3920 994 3972; x_wconf 61' lang='lat' dir='ltr'><strong>quis</strong></span> <span class='ocrx_word' id='word_1_305' title='bbox 1008 3915 1083 3959; x_wconf 86' lang='lat' dir='ltr'><strong>est</strong></span> <span class='ocrx_word' id='word_1_306' title='bbox 1101 3906 1156 3959; x_wconf 91' lang='lat' dir='ltr'><strong>in</strong></span> <span class='ocrx_word' id='word_1_307' title='bbox 1172 3905 1381 3961; x_wconf 78' lang='lat' dir='ltr'><strong>Christo</strong></span> <span class='ocrx_word' id='word_1_308' title='bbox 1396 3906 1547 3975; x_wconf 84' lang='lat' dir='ltr'><strong>(Gen.</strong></span> <span class='ocrx_word' id='word_1_309' title='bbox 1568 3910 1619 3964; x_wconf 84' lang='lat'><strong>&#39;5.</strong></span> <span class='ocrx_word' id='word_1_310' title='bbox 1634 3911 1687 3976; x_wconf 66' lang='grc' dir='ltr'><strong>ἇς</strong></span> <span class='ocrx_word' id='word_1_311' title='bbox 1703 3912 1737 3965; x_wconf 76' lang='lat'><strong>2</strong></span> <span class='ocrx_word' id='word_1_312' title='bbox 1749 3911 1875 3970; x_wconf 91' lang='lat' dir='ltr'><strong>Cor.</strong></span> 
     </span>
    </p>
   </div>
   <div class='ocr_carea' id='block_1_41' title="bbox 308 3988 1891 4065">
    <p class='ocr_par' dir='ltr' id='par_1_41' title="bbox 308 3988 1891 4065">
     <span class='ocr_line' id='line_1_41' title="bbox 308 3988 1891 4065; baseline 0.006 -25"><span class='ocrx_word' id='word_1_313' title='bbox 308 3989 395 4042; x_wconf 82' lang='grc'><strong>11.</strong></span> <span class='ocrx_word' id='word_1_314' title='bbox 437 3988 492 4042; x_wconf 76' lang='grc'><strong>2.</strong></span> <span class='ocrx_word' id='word_1_315' title='bbox 517 3990 605 4055; x_wconf 77' lang='grc'><strong>5).</strong></span> <span class='ocrx_word' id='word_1_316' title='bbox 658 3991 799 4046; x_wconf 91' lang='lat' dir='ltr'><strong>Ecce</strong></span> <span class='ocrx_word' id='word_1_317' title='bbox 833 4000 889 4046; x_wconf 90' lang='lat' dir='ltr'><strong>et</strong></span> <span class='ocrx_word' id='word_1_318' title='bbox 912 3992 1320 4064; x_wconf 84' lang='lat' dir='ltr'><strong>simplicitatem</strong></span> <span class='ocrx_word' id='word_1_319' title='bbox 1346 3998 1552 4065; x_wconf 87' lang='lat' dir='ltr'><strong>posuit,</strong></span> <span class='ocrx_word' id='word_1_320' title='bbox 1586 4004 1644 4050; x_wconf 89' lang='lat' dir='ltr'><strong>et</strong></span> <span class='ocrx_word' id='word_1_321' title='bbox 1670 3996 1891 4051; x_wconf 86' lang='lat' dir='ltr'><strong>veniam</strong></span> 
     </span>
    </p>
   </div>
   <div class='ocr_carea' id='block_1_42' title="bbox 306 4079 1893 4162">
    <p class='ocr_par' dir='ltr' id='par_1_42' title="bbox 306 4079 1893 4162">
     <span class='ocr_line' id='line_1_42' title="bbox 306 4079 1893 4162; baseline 0.011 -29"><span class='ocrx_word' id='word_1_322' title='bbox 306 4094 413 4134; x_wconf 90' lang='lat' dir='ltr'><strong>non</strong></span> <span class='ocrx_word' id='word_1_323' title='bbox 455 4079 620 4136; x_wconf 90' lang='lat' dir='ltr'><strong>dedit.</strong></span> <span class='ocrx_word' id='word_1_324' title='bbox 651 4082 782 4137; x_wconf 91' lang='lat' dir='ltr'><strong>Nam</strong></span> <span class='ocrx_word' id='word_1_325' title='bbox 806 4086 851 4140; x_wconf 89' lang='lat' dir='ltr'><strong>si</strong></span> <span class='ocrx_word' id='word_1_326' title='bbox 878 4086 1031 4141; x_wconf 89' lang='lat' dir='ltr'><strong>venia</strong></span> <span class='ocrx_word' id='word_1_327' title='bbox 1058 4098 1235 4158; x_wconf 92' lang='lat' dir='ltr'><strong>esset,</strong></span> <span class='ocrx_word' id='word_1_328' title='bbox 1264 4099 1411 4146; x_wconf 89' lang='lat' dir='ltr'><strong>certe</strong></span> <span class='ocrx_word' id='word_1_329' title='bbox 1448 4092 1745 4162; x_wconf 91' lang='lat' dir='ltr'><strong>periculum</strong></span> <span class='ocrx_word' id='word_1_330' title='bbox 1784 4110 1893 4151; x_wconf 94' lang='lat' dir='ltr'><strong>non</strong></span> 
     </span>
    </p>
   </div>
   <div class='ocr_carea' id='block_1_43' title="bbox 301 4174 1895 4255">
    <p class='ocr_par' dir='ltr' id='par_1_43' title="bbox 301 4174 1895 4255">
     <span class='ocr_line' id='line_1_43' title="bbox 301 4174 1895 4255; baseline 0.012 -29"><span class='ocrx_word' id='word_1_331' title='bbox 301 4180 461 4237; x_wconf 88' lang='lat' dir='ltr'><strong>erat;</strong></span> <span class='ocrx_word' id='word_1_332' title='bbox 492 4174 538 4229; x_wconf 90' lang='lat' dir='ltr'><strong>si</strong></span> <span class='ocrx_word' id='word_1_333' title='bbox 574 4176 871 4245; x_wconf 87' lang='lat' dir='ltr'><strong>periculum</strong></span> <span class='ocrx_word' id='word_1_334' title='bbox 913 4195 1020 4235; x_wconf 90' lang='lat' dir='ltr'><strong>non</strong></span> <span class='ocrx_word' id='word_1_335' title='bbox 1056 4190 1172 4237; x_wconf 89' lang='lat' dir='ltr'><strong>erat</strong></span> <span class='ocrx_word' id='word_1_336' title='bbox 1196 4223 1211 4247; x_wconf 93' lang='lat'><strong>,</strong></span> <span class='ocrx_word' id='word_1_337' title='bbox 1263 4198 1370 4238; x_wconf 91' lang='lat' dir='ltr'><strong>non</strong></span> <span class='ocrx_word' id='word_1_338' title='bbox 1410 4186 1591 4255; x_wconf 87' lang='lat' dir='ltr'><strong>utique</strong></span> <span class='ocrx_word' id='word_1_339' title='bbox 1627 4187 1895 4245; x_wconf 89' lang='lat' dir='ltr'><strong>timuisset</strong></span> 
     </span>
    </p>
   </div>
   <div class='ocr_carea' id='block_1_44' title="bbox 302 4261 1892 4347">
    <p class='ocr_par' dir='ltr' id='par_1_44' title="bbox 302 4261 1892 4347">
     <span class='ocr_line' id='line_1_44' title="bbox 302 4261 1892 4347; baseline 0.013 -32"><span class='ocrx_word' id='word_1_340' title='bbox 302 4261 532 4329; x_wconf 86' lang='lat' dir='ltr'><strong>Paulus;</strong></span> <span class='ocrx_word' id='word_1_341' title='bbox 557 4281 728 4337; x_wconf 89' lang='lat' dir='ltr'><strong>neque</strong></span> <span class='ocrx_word' id='word_1_342' title='bbox 756 4268 1000 4325; x_wconf 85' lang='lat' dir='ltr'><strong>Christus</strong></span> <span class='ocrx_word' id='word_1_343' title='bbox 1025 4272 1223 4328; x_wconf 87' lang='lat' dir='ltr'><strong>zizania</strong></span> <span class='ocrx_word' id='word_1_344' title='bbox 1261 4275 1502 4330; x_wconf 91' lang='lat' dir='ltr'><strong>comburi</strong></span> <span class='ocrx_word' id='word_1_345' title='bbox 1525 4276 1809 4347; x_wconf 86' lang='lat' dir='ltr'><strong>jussisset,</strong></span> <span class='ocrx_word' id='word_1_346' title='bbox 1846 4282 1892 4335; x_wconf 91' lang='lat' dir='ltr'><strong>si</strong></span> 
     </span>
    </p>
   </div>
   <div class='ocr_carea' id='block_1_45' title="bbox 302 4357 1892 4434">
    <p class='ocr_par' dir='ltr' id='par_1_45' title="bbox 302 4357 1892 4434">
     <span class='ocr_line' id='line_1_45' title="bbox 302 4357 1892 4434; baseline 0.012 -24"><span class='ocrx_word' id='word_1_347' title='bbox 302 4372 395 4412; x_wconf 90' lang='lat' dir='ltr'><strong>res</strong></span> <span class='ocrx_word' id='word_1_348' title='bbox 450 4357 760 4416; x_wconf 73' lang='lat' dir='ltr'><strong>indiﬂ‘erens</strong></span> <span class='ocrx_word' id='word_1_349' title='bbox 807 4373 923 4419; x_wconf 83' lang='lat' dir='ltr'><strong>erat</strong></span> <span class='ocrx_word' id='word_1_350' title='bbox 956 4363 1112 4434; x_wconf 90' lang='lat' dir='ltr'><strong>huic,</strong></span> <span class='ocrx_word' id='word_1_351' title='bbox 1142 4366 1220 4421; x_wconf 87' lang='lat' dir='ltr'><strong>illi</strong></span> <span class='ocrx_word' id='word_1_352' title='bbox 1244 4367 1327 4424; x_wconf 90' lang='lat' dir='ltr'><strong>vel</strong></span> <span class='ocrx_word' id='word_1_353' title='bbox 1353 4369 1441 4424; x_wconf 90' lang='lat' dir='ltr'><strong>alii</strong></span> <span class='ocrx_word' id='word_1_354' title='bbox 1470 4370 1748 4428; x_wconf 85' lang='lat' dir='ltr'><strong>attendere</strong></span> <span class='ocrx_word' id='word_1_355' title='bbox 1776 4388 1892 4429; x_wconf 90' lang='lat' dir='ltr'><strong>om-</strong></span> 
     </span>
    </p>
   </div>
   <div class='ocr_carea' id='block_1_46' title="bbox 303 4448 926 4525">
    <p class='ocr_par' dir='ltr' id='par_1_46' title="bbox 303 4448 926 4525">
     <span class='ocr_line' id='line_1_46' title="bbox 303 4448 926 4525; baseline 0.011 -20"><span class='ocrx_word' id='word_1_356' title='bbox 303 4448 570 4522; x_wconf 89' lang='lat' dir='ltr'><strong>nibusque</strong></span> <span class='ocrx_word' id='word_1_357' title='bbox 590 4454 926 4525; x_wconf 90' lang='lat' dir='ltr'><strong>simpliciter.</strong></span> 
     </span>
    </p>
   </div>
   <div class='ocr_carea' id='block_1_47' title="bbox 370 4544 1881 4623">
    <p class='ocr_par' dir='ltr' id='par_1_47' title="bbox 370 4544 1881 4623">
     <span class='ocr_line' id='line_1_47' title="bbox 370 4544 1881 4623; baseline 0.011 -25"><span class='ocrx_word' id='word_1_358' title='bbox 370 4544 428 4599; x_wconf 69' lang='grc'><strong>4.</strong></span> <span class='ocrx_word' id='word_1_359' title='bbox 453 4544 588 4612; x_wconf 87' lang='lat' dir='ltr'><strong>Quid</strong></span> <span class='ocrx_word' id='word_1_360' title='bbox 618 4547 717 4602; x_wconf 91' lang='lat' dir='ltr'><strong>sibi</strong></span> <span class='ocrx_word' id='word_1_361' title='bbox 744 4550 859 4603; x_wconf 86' lang='lat' dir='ltr'><strong>vult</strong></span> <span class='ocrx_word' id='word_1_362' title='bbox 890 4550 1018 4605; x_wconf 90' lang='lat' dir='ltr'><strong>illud</strong></span> <span class='ocrx_word' id='word_1_363' title='bbox 1056 4552 1197 4623; x_wconf 91' lang='lat' dir='ltr'><strong>quod</strong></span> <span class='ocrx_word' id='word_1_364' title='bbox 1226 4551 1426 4609; x_wconf 92' lang='lat' dir='ltr'><strong>dictum</strong></span> <span class='ocrx_word' id='word_1_365' title='bbox 1457 4556 1577 4611; x_wconf 88' lang='lat' dir='ltr'><strong>est?</strong></span> <span class='ocrx_word' id='word_1_366' title='bbox 1603 4557 1768 4613; x_wconf 89' lang='lat' dir='ltr'><strong>Paulo</strong></span> <span class='ocrx_word' id='word_1_367' title='bbox 1792 4560 1881 4615; x_wconf 86' lang='lat' dir='ltr'><strong>al-</strong></span> 
     </span>
    </p>
   </div>
   <div class='ocr_carea' id='block_1_48' title="bbox 301 4634 1890 4720">
    <p class='ocr_par' dir='ltr' id='par_1_48' title="bbox 301 4634 1890 4720">
     <span class='ocr_line' id='line_1_48' title="bbox 301 4634 1890 4720; baseline 0.01 -31"><span class='ocrx_word' id='word_1_368' title='bbox 301 4634 409 4692; x_wconf 86' lang='lat' dir='ltr'><strong>tius</strong></span> <span class='ocrx_word' id='word_1_369' title='bbox 424 4636 578 4692; x_wconf 81' lang='lat' dir='ltr'><strong>vobis</strong></span> <span class='ocrx_word' id='word_1_370' title='bbox 605 4646 770 4693; x_wconf 90' lang='lat' dir='ltr'><strong>totam</strong></span> <span class='ocrx_word' id='word_1_371' title='bbox 796 4639 1072 4698; x_wconf 89' lang='lat' dir='ltr'><strong>historiam</strong></span> <span class='ocrx_word' id='word_1_372' title='bbox 1094 4655 1330 4714; x_wconf 90' lang='lat' dir='ltr'><strong>repetam</strong></span> <span class='ocrx_word' id='word_1_373' title='bbox 1358 4663 1372 4701; x_wconf 92' lang='lat'><strong>:</strong></span> <span class='ocrx_word' id='word_1_374' title='bbox 1394 4646 1669 4703; x_wconf 92' lang='lat' dir='ltr'><strong>sciendum</strong></span> <span class='ocrx_word' id='word_1_375' title='bbox 1694 4649 1890 4720; x_wconf 84' lang='lat' dir='ltr'><strong>quippe</strong></span> 
     </span>
    </p>
   </div>
   <div class='ocr_carea' id='block_1_49' title="bbox 301 4729 1885 4798">
    <p class='ocr_par' dir='ltr' id='par_1_49' title="bbox 301 4729 1885 4798">
     <span class='ocr_line' id='line_1_49' title="bbox 301 4729 1885 4798; baseline 0.007 -16"><span class='ocrx_word' id='word_1_376' title='bbox 301 4736 385 4782; x_wconf 88' lang='lat' dir='ltr'><strong>est</strong></span> <span class='ocrx_word' id='word_1_377' title='bbox 428 4743 537 4798; x_wconf 92' lang='lat' dir='ltr'><strong>quo</strong></span> <span class='ocrx_word' id='word_1_378' title='bbox 575 4729 627 4784; x_wconf 93' lang='lat' dir='ltr'><strong>in</strong></span> <span class='ocrx_word' id='word_1_379' title='bbox 676 4737 816 4785; x_wconf 90' lang='lat' dir='ltr'><strong>statu</strong></span> <span class='ocrx_word' id='word_1_380' title='bbox 865 4731 1060 4788; x_wconf 88' lang='lat' dir='ltr'><strong>Paulus</strong></span> <span class='ocrx_word' id='word_1_381' title='bbox 1103 4745 1249 4790; x_wconf 89' lang='lat' dir='ltr'><strong>esset</strong></span> <span class='ocrx_word' id='word_1_382' title='bbox 1291 4749 1411 4790; x_wconf 88' lang='lat' dir='ltr'><strong>cum</strong></span> <span class='ocrx_word' id='word_1_383' title='bbox 1451 4735 1567 4791; x_wconf 65' lang='lat' dir='ltr'><strong>haec</strong></span> <span class='ocrx_word' id='word_1_384' title='bbox 1606 4740 1885 4795; x_wconf 90' lang='lat' dir='ltr'><strong>scriberet.</strong></span> 
     </span>
    </p>
   </div>
   <div class='ocr_carea' id='block_1_50' title="bbox 301 4819 1887 4898">
    <p class='ocr_par' dir='ltr' id='par_1_50' title="bbox 301 4819 1887 4898">
     <span class='ocr_line' id='line_1_50' title="bbox 301 4819 1887 4898; baseline 0.008 -24"><span class='ocrx_word' id='word_1_385' title='bbox 301 4819 422 4887; x_wconf 86' lang='lat' dir='ltr'><strong>Quo</strong></span> <span class='ocrx_word' id='word_1_386' title='bbox 449 4820 503 4875; x_wconf 91' lang='lat' dir='ltr'><strong>in</strong></span> <span class='ocrx_word' id='word_1_387' title='bbox 534 4830 675 4877; x_wconf 82' lang='lat' dir='ltr'><strong>statu</strong></span> <span class='ocrx_word' id='word_1_388' title='bbox 705 4823 862 4893; x_wconf 88' lang='lat' dir='ltr'><strong>igitur</strong></span> <span class='ocrx_word' id='word_1_389' title='bbox 885 4825 1040 4879; x_wconf 87' lang='lat' dir='ltr'><strong>erat?</strong></span> <span class='ocrx_word' id='word_1_390' title='bbox 1070 4825 1124 4880; x_wconf 94' lang='lat' dir='ltr'><strong>in</strong></span> <span class='ocrx_word' id='word_1_391' title='bbox 1155 4842 1373 4883; x_wconf 90' lang='lat' dir='ltr'><strong>carcere</strong></span> <span class='ocrx_word' id='word_1_392' title='bbox 1392 4870 1407 4893; x_wconf 88' lang='lat'><strong>,</strong></span> <span class='ocrx_word' id='word_1_393' title='bbox 1449 4839 1504 4884; x_wconf 91' lang='lat' dir='ltr'><strong>et</strong></span> <span class='ocrx_word' id='word_1_394' title='bbox 1539 4832 1775 4898; x_wconf 88' lang='lat' dir='ltr'><strong>catenis,</strong></span> <span class='ocrx_word' id='word_1_395' title='bbox 1803 4833 1887 4887; x_wconf 82' lang='lat' dir='ltr'><strong>in-</strong></span> 
     </span>
    </p>
   </div>
   <div class='ocr_carea' id='block_1_51' title="bbox 288 4911 1889 4994">
    <p class='ocr_par' dir='ltr' id='par_1_51' title="bbox 288 4911 1889 4994">
     <span class='ocr_line' id='line_1_51' title="bbox 288 4911 1889 4994; baseline 0.009 -29"><span class='ocrx_word' id='word_1_396' title='bbox 288 4911 655 4983; x_wconf 84' lang='lat' dir='ltr'><strong>gentibusque</strong></span> <span class='ocrx_word' id='word_1_397' title='bbox 682 4914 953 4984; x_wconf 89' lang='lat' dir='ltr'><strong>periculis.</strong></span> <span class='ocrx_word' id='word_1_398' title='bbox 974 4915 1253 4973; x_wconf 86' lang='lat' dir='ltr'><strong>Undenam</strong></span> <span class='ocrx_word' id='word_1_399' title='bbox 1280 4919 1333 4974; x_wconf 94' lang='lat' dir='ltr'><strong>id</strong></span> <span class='ocrx_word' id='word_1_400' title='bbox 1360 4921 1566 4991; x_wconf 80' lang='lat' dir='ltr'><strong>liquet?</strong></span> <span class='ocrx_word' id='word_1_401' title='bbox 1590 4922 1666 4977; x_wconf 87' lang='lat' dir='ltr'><strong>Ex</strong></span> <span class='ocrx_word' id='word_1_402' title='bbox 1686 4938 1747 4978; x_wconf 90' lang='lat' dir='ltr'><strong>ea</strong></span> <span class='ocrx_word' id='word_1_403' title='bbox 1775 4924 1889 4994; x_wconf 91' lang='lat' dir='ltr'><strong>ipsa</strong></span> 
     </span>
    </p>
   </div>
   <div class='ocr_carea' id='block_1_52' title="bbox 297 5005 1885 5083">
    <p class='ocr_par' dir='ltr' id='par_1_52' title="bbox 297 5005 1885 5083">
     <span class='ocr_line' id='line_1_52' title="bbox 297 5005 1885 5083; baseline 0.008 -24"><span class='ocrx_word' id='word_1_404' title='bbox 297 5005 527 5075; x_wconf 89' lang='lat' dir='ltr'><strong>epistola</strong></span> <span class='ocrx_word' id='word_1_405' title='bbox 560 5024 574 5058; x_wconf 93' lang='lat'><strong>:</strong></span> <span class='ocrx_word' id='word_1_406' title='bbox 604 5021 726 5061; x_wconf 88' lang='lat' dir='ltr'><strong>nam</strong></span> <span class='ocrx_word' id='word_1_407' title='bbox 753 5016 907 5063; x_wconf 90' lang='lat' dir='ltr'><strong>antea</strong></span> <span class='ocrx_word' id='word_1_408' title='bbox 953 5009 1201 5066; x_wconf 88' lang='lat' dir='ltr'><strong>dixerat:</strong></span> <span class='ocrx_word' id='word_1_409' title='bbox 1227 5011 1377 5075; x_wconf 77' lang='lat' dir='ltr'><strong>Scire</strong></span> <span class='ocrx_word' id='word_1_410' title='bbox 1415 5022 1581 5069; x_wconf 87' lang='lat' dir='ltr'><strong>autem</strong></span> <span class='ocrx_word' id='word_1_411' title='bbox 1618 5031 1705 5070; x_wconf 86' lang='lat' dir='ltr'><strong>vos</strong></span> <span class='ocrx_word' id='word_1_412' title='bbox 1744 5017 1885 5083; x_wconf 87' lang='lat' dir='ltr'><strong>volo,</strong></span> 
     </span>
    </p>
   </div>
   <div class='ocr_carea' id='block_1_53' title="bbox 298 5098 1889 5178">
    <p class='ocr_par' dir='ltr' id='par_1_53' title="bbox 298 5098 1889 5178">
     <span class='ocr_line' id='line_1_53' title="bbox 298 5098 1889 5178; baseline 0.009 -29"><span class='ocrx_word' id='word_1_413' title='bbox 298 5100 509 5167; x_wconf 91' lang='lat' dir='ltr'><strong>fratres,</strong></span> <span class='ocrx_word' id='word_1_414' title='bbox 537 5098 673 5168; x_wconf 85' lang='lat' dir='ltr'><strong>quod</strong></span> <span class='ocrx_word' id='word_1_415' title='bbox 700 5114 777 5164; x_wconf 89' lang='lat' dir='ltr'><strong>ea,</strong></span> <span class='ocrx_word' id='word_1_416' title='bbox 808 5116 925 5168; x_wconf 73' lang='lat' dir='ltr'><strong>qua:</strong></span> <span class='ocrx_word' id='word_1_417' title='bbox 949 5102 1085 5156; x_wconf 86' lang='lat' dir='ltr'><strong>circa</strong></span> <span class='ocrx_word' id='word_1_418' title='bbox 1110 5120 1192 5157; x_wconf 84' lang='lat' dir='ltr'><strong>me</strong></span> <span class='ocrx_word' id='word_1_419' title='bbox 1213 5114 1331 5159; x_wconf 88' lang='lat' dir='ltr'><strong>sunt</strong></span> <span class='ocrx_word' id='word_1_420' title='bbox 1349 5145 1366 5171; x_wconf 95' lang='lat'><strong>,</strong></span> <span class='ocrx_word' id='word_1_421' title='bbox 1406 5107 1568 5177; x_wconf 88' lang='lat' dir='ltr'><strong>magis</strong></span> <span class='ocrx_word' id='word_1_422' title='bbox 1609 5107 1679 5161; x_wconf 88' lang='lat' dir='ltr'><strong>ad</strong></span> <span class='ocrx_word' id='word_1_423' title='bbox 1715 5112 1889 5178; x_wconf 83' lang='lat' dir='ltr'><strong>prafe-</strong></span> 
     </span>
    </p>
   </div>
   <div class='ocr_carea' id='block_1_54' title="bbox 297 5193 1892 5269">
    <p class='ocr_par' dir='ltr' id='par_1_54' title="bbox 297 5193 1892 5269">
     <span class='ocr_line' id='line_1_54' title="bbox 297 5193 1892 5269; baseline 0.008 -27"><span class='ocrx_word' id='word_1_424' title='bbox 297 5198 438 5243; x_wconf 89' lang='lat' dir='ltr'><strong>ctum</strong></span> <span class='ocrx_word' id='word_1_425' title='bbox 466 5200 709 5245; x_wconf 84' lang='lat' dir='ltr'><strong>venerunt</strong></span> <span class='ocrx_word' id='word_1_426' title='bbox 745 5193 1020 5265; x_wconf 85' lang='lat' dir='ltr'><strong>evangelii;</strong></span> <span class='ocrx_word' id='word_1_427' title='bbox 1047 5195 1121 5249; x_wconf 90' lang='lat' dir='ltr'><strong>ita</strong></span> <span class='ocrx_word' id='word_1_428' title='bbox 1156 5204 1211 5249; x_wconf 89' lang='lat' dir='ltr'><strong>ut</strong></span> <span class='ocrx_word' id='word_1_429' title='bbox 1243 5197 1442 5251; x_wconf 84' lang='lat' dir='ltr'><strong>vincula</strong></span> <span class='ocrx_word' id='word_1_430' title='bbox 1485 5214 1598 5254; x_wconf 88' lang='lat' dir='ltr'><strong>mea</strong></span> <span class='ocrx_word' id='word_1_431' title='bbox 1625 5200 1892 5269; x_wconf 69' lang='lat' dir='ltr'><strong>manifesta</strong></span> 
     </span>
    </p>
   </div>
   <div class='ocr_carea' id='block_1_55' title="bbox 305 5281 1891 5357">
    <p class='ocr_par' dir='ltr' id='par_1_55' title="bbox 305 5281 1891 5357">
     <span class='ocr_line' id='line_1_55' title="bbox 305 5281 1891 5357; baseline 0.009 -24"><span class='ocrx_word' id='word_1_432' title='bbox 305 5281 487 5349; x_wconf 73' lang='lat' dir='ltr'><strong>ﬂerent</strong></span> <span class='ocrx_word' id='word_1_433' title='bbox 510 5282 566 5336; x_wconf 90' lang='lat' dir='ltr'><strong>in</strong></span> <span class='ocrx_word' id='word_1_434' title='bbox 593 5282 791 5338; x_wconf 83' lang='lat' dir='ltr'><strong>Christo</strong></span> <span class='ocrx_word' id='word_1_435' title='bbox 818 5285 870 5339; x_wconf 90' lang='lat' dir='ltr'><strong>in</strong></span> <span class='ocrx_word' id='word_1_436' title='bbox 891 5295 994 5340; x_wconf 91' lang='lat' dir='ltr'><strong>toto</strong></span> <span class='ocrx_word' id='word_1_437' title='bbox 1021 5288 1256 5357; x_wconf 64' lang='lat' dir='ltr'><strong>praetorio</strong></span> <span class='ocrx_word' id='word_1_438' title='bbox 1279 5297 1328 5342; x_wconf 90' lang='lat' dir='ltr'><strong>et</strong></span> <span class='ocrx_word' id='word_1_439' title='bbox 1347 5292 1539 5345; x_wconf 70' lang='lat' dir='ltr'><strong>steteris</strong></span> <span class='ocrx_word' id='word_1_440' title='bbox 1559 5291 1818 5357; x_wconf 87' lang='lat' dir='ltr'><strong>omnibus;</strong></span> <span class='ocrx_word' id='word_1_441' title='bbox 1842 5302 1891 5347; x_wconf 86' lang='lat' dir='ltr'><strong>et</strong></span> 
     </span>
    </p>
   </div>
   <div class='ocr_carea' id='block_1_56' title="bbox 299 5372 1884 5452">
    <p class='ocr_par' dir='ltr' id='par_1_56' title="bbox 299 5372 1884 5452">
     <span class='ocr_line' id='line_1_56' title="bbox 299 5372 1884 5452; baseline 0.009 -28"><span class='ocrx_word' id='word_1_442' title='bbox 299 5372 472 5441; x_wconf 85' lang='lat' dir='ltr'><strong>plures</strong></span> <span class='ocrx_word' id='word_1_443' title='bbox 498 5389 528 5427; x_wconf 89' lang='lat' dir='ltr'><strong>e</strong></span> <span class='ocrx_word' id='word_1_444' title='bbox 550 5374 792 5443; x_wconf 81' lang='lat' dir='ltr'><strong>fratribus</strong></span> <span class='ocrx_word' id='word_1_445' title='bbox 818 5376 873 5430; x_wconf 89' lang='lat' dir='ltr'><strong>in</strong></span> <span class='ocrx_word' id='word_1_446' title='bbox 893 5375 1115 5432; x_wconf 89' lang='lat' dir='ltr'><strong>Domino</strong></span> <span class='ocrx_word' id='word_1_447' title='bbox 1143 5379 1449 5448; x_wconf 81' lang='lat' dir='ltr'><strong>conﬁdentes</strong></span> <span class='ocrx_word' id='word_1_448' title='bbox 1485 5382 1700 5437; x_wconf 87' lang='lat' dir='ltr'><strong>vinculis</strong></span> <span class='ocrx_word' id='word_1_449' title='bbox 1730 5385 1852 5439; x_wconf 88' lang='lat' dir='ltr'><strong>meis</strong></span> <span class='ocrx_word' id='word_1_450' title='bbox 1868 5426 1884 5452; x_wconf 97' lang='lat'><strong>,</strong></span> 
     </span>
    </p>
   </div>
   <div class='ocr_carea' id='block_1_57' title="bbox 296 5463 1886 5545">
    <p class='ocr_par' dir='ltr' id='par_1_57' title="bbox 296 5463 1886 5545">
     <span class='ocr_line' id='line_1_57' title="bbox 296 5463 1886 5545; baseline 0.008 -28"><span class='ocrx_word' id='word_1_451' title='bbox 296 5463 641 5521; x_wconf 80' lang='lat' dir='ltr'><strong>abundantius</strong></span> <span class='ocrx_word' id='word_1_452' title='bbox 676 5468 924 5523; x_wconf 87' lang='lat' dir='ltr'><strong>auderent</strong></span> <span class='ocrx_word' id='word_1_453' title='bbox 965 5470 1074 5524; x_wconf 88' lang='lat' dir='ltr'><strong>sine</strong></span> <span class='ocrx_word' id='word_1_454' title='bbox 1116 5470 1297 5525; x_wconf 89' lang='lat' dir='ltr'><strong>timore</strong></span> <span class='ocrx_word' id='word_1_455' title='bbox 1349 5472 1552 5528; x_wconf 85' lang='lat' dir='ltr'><strong>verbum</strong></span> <span class='ocrx_word' id='word_1_456' title='bbox 1604 5473 1697 5528; x_wconf 86' lang='lat' dir='ltr'><strong>Dei</strong></span> <span class='ocrx_word' id='word_1_457' title='bbox 1748 5476 1886 5545; x_wconf 83' lang='lat' dir='ltr'><strong>loqui</strong></span> 
     </span>
    </p>
   </div>
   <div class='ocr_carea' id='block_1_58' title="bbox 300 5552 1885 5633">
    <p class='ocr_par' dir='ltr' id='par_1_58' title="bbox 300 5552 1885 5633">
     <span class='ocr_line' id='line_1_58' title="bbox 300 5552 1885 5633; baseline 0.011 -28"><span class='ocrx_word' id='word_1_458' title='bbox 300 5552 565 5625; x_wconf 79' lang='lat' dir='ltr'><strong>(Philipp.</strong></span> <span class='ocrx_word' id='word_1_459' title='bbox 585 5556 639 5611; x_wconf 92' lang='grc'><strong>1.</strong></span> <span class='ocrx_word' id='word_1_460' title='bbox 667 5556 884 5631; x_wconf 61' lang='grc'><strong>1244).</strong></span> <span class='ocrx_word' id='word_1_461' title='bbox 904 5558 1047 5614; x_wconf 88' lang='lat' dir='ltr'><strong>Nero</strong></span> <span class='ocrx_word' id='word_1_462' title='bbox 1075 5569 1210 5627; x_wconf 88' lang='lat' dir='ltr'><strong>erat,</strong></span> <span class='ocrx_word' id='word_1_463' title='bbox 1236 5563 1324 5633; x_wconf 92' lang='lat' dir='ltr'><strong>qui</strong></span> <span class='ocrx_word' id='word_1_464' title='bbox 1356 5563 1502 5619; x_wconf 89' lang='lat' dir='ltr'><strong>illum</strong></span> <span class='ocrx_word' id='word_1_465' title='bbox 1531 5564 1584 5621; x_wconf 90' lang='lat' dir='ltr'><strong>in</strong></span> <span class='ocrx_word' id='word_1_466' title='bbox 1614 5580 1885 5623; x_wconf 88' lang='lat' dir='ltr'><strong>carcerem</strong></span> 
     </span>
    </p>
   </div>
   <div class='ocr_carea' id='block_1_59' title="bbox 298 5650 1887 5729">
    <p class='ocr_par' dir='ltr' id='par_1_59' title="bbox 298 5650 1887 5729">
     <span class='ocr_line' id='line_1_59' title="bbox 298 5650 1887 5729; baseline 0.01 -28"><span class='ocrx_word' id='word_1_467' title='bbox 298 5658 622 5717; x_wconf 78' lang='lat' dir='ltr'><strong>conjecerat.</strong></span> <span class='ocrx_word' id='word_1_468' title='bbox 650 5650 1108 5719; x_wconf 83' lang='lat' dir='ltr'><strong>Quemadmodum</strong></span> <span class='ocrx_word' id='word_1_469' title='bbox 1135 5656 1279 5711; x_wconf 88' lang='lat' dir='ltr'><strong>enim</strong></span> <span class='ocrx_word' id='word_1_470' title='bbox 1311 5658 1492 5725; x_wconf 84' lang='lat' dir='ltr'><strong>praedo</strong></span> <span class='ocrx_word' id='word_1_471' title='bbox 1519 5659 1733 5729; x_wconf 90' lang='lat' dir='ltr'><strong>quidam</strong></span> <span class='ocrx_word' id='word_1_472' title='bbox 1755 5676 1887 5716; x_wconf 90' lang='lat' dir='ltr'><strong>cun-</strong></span> 
     </span>
    </p>
   </div>
   <div class='ocr_carea' id='block_1_60' title="bbox 295 5736 1884 5821">
    <p class='ocr_par' dir='ltr' id='par_1_60' title="bbox 295 5736 1884 5821">
     <span class='ocr_line' id='line_1_60' title="bbox 295 5736 1884 5821; baseline 0.016 -38"><span class='ocrx_word' id='word_1_473' title='bbox 295 5737 399 5791; x_wconf 83' lang='lat' dir='ltr'><strong>ctis</strong></span> <span class='ocrx_word' id='word_1_474' title='bbox 414 5736 811 5802; x_wconf 87' lang='lat' dir='ltr'><strong>dormientibus</strong></span> <span class='ocrx_word' id='word_1_475' title='bbox 836 5744 1052 5805; x_wconf 88' lang='lat' dir='ltr'><strong>domum</strong></span> <span class='ocrx_word' id='word_1_476' title='bbox 1078 5748 1369 5821; x_wconf 81' lang='lat' dir='ltr'><strong>ingressus,</strong></span> <span class='ocrx_word' id='word_1_477' title='bbox 1390 5748 1517 5807; x_wconf 89' lang='lat' dir='ltr'><strong>dum</strong></span> <span class='ocrx_word' id='word_1_478' title='bbox 1538 5753 1719 5810; x_wconf 73' lang='lat' dir='ltr'><strong>omnia</strong></span> <span class='ocrx_word' id='word_1_479' title='bbox 1741 5752 1884 5812; x_wconf 81' lang='lat' dir='ltr'><strong>abri-</strong></span> 
     </span>
    </p>
   </div>
   <div class='ocr_carea' id='block_1_61' title="bbox 1436 313 2353 377">
    <p class='ocr_par' dir='ltr' id='par_1_61' title="bbox 1436 313 2353 377">
     <span class='ocr_line' id='line_1_61' title="bbox 1436 313 2353 377; baseline 0.01 -9"><span class='ocrx_word' id='word_1_480' title='bbox 1436 313 1525 369; x_wconf 86' lang='lat' dir='ltr'><strong>DE</strong></span> <span class='ocrx_word' id='word_1_481' title='bbox 1564 313 1925 374; x_wconf 77' lang='lat' dir='ltr'><strong>PROFECTU</strong></span> <span class='ocrx_word' id='word_1_482' title='bbox 1964 315 2353 377; x_wconf 76' lang='lat' dir='ltr'><strong>EVANGELII.</strong></span> 
     </span>
    </p>
   </div>
   <div class='ocr_carea' id='block_1_62' title="bbox 3484 352 3593 410">
    <p class='ocr_par' dir='ltr' id='par_1_62' title="bbox 3484 352 3593 410">
     <span class='ocr_line' id='line_1_62' title="bbox 3484 352 3593 410; baseline -0.046 1"><span class='ocrx_word' id='word_1_483' title='bbox 3484 352 3593 410; x_wconf 76' lang='lat' dir='ltr'><strong>3M</strong></span> 
     </span>
    </p>
   </div>
   <div class='ocr_carea' id='block_1_63' title="bbox 2017 432 3594 519">
    <p class='ocr_par' dir='ltr' id='par_1_63' title="bbox 2017 432 3594 519">
     <span class='ocr_line' id='line_1_63' title="bbox 2017 432 3594 519; baseline 0.016 -34"><span class='ocrx_word' id='word_1_484' title='bbox 2017 432 2112 501; x_wconf 88' lang='lat' dir='ltr'><strong>pit,</strong></span> <span class='ocrx_word' id='word_1_485' title='bbox 2135 434 2179 488; x_wconf 91' lang='lat' dir='ltr'><strong>si</strong></span> <span class='ocrx_word' id='word_1_486' title='bbox 2203 450 2361 506; x_wconf 90' lang='lat' dir='ltr'><strong>quem</strong></span> <span class='ocrx_word' id='word_1_487' title='bbox 2389 436 2566 495; x_wconf 90' lang='lat' dir='ltr'><strong>videat</strong></span> <span class='ocrx_word' id='word_1_488' title='bbox 2593 440 2861 500; x_wconf 87' lang='lat' dir='ltr'><strong>lucernam</strong></span> <span class='ocrx_word' id='word_1_489' title='bbox 2904 446 3231 519; x_wconf 86' lang='lat' dir='ltr'><strong>accendere,</strong></span> <span class='ocrx_word' id='word_1_490' title='bbox 3275 446 3452 515; x_wconf 81' lang='lat' dir='ltr'><strong>lumen</strong></span> <span class='ocrx_word' id='word_1_491' title='bbox 3487 470 3594 510; x_wconf 60' lang='lat' dir='ltr'><strong>ex.</strong></span> 
     </span>
    </p>
   </div>
   <div class='ocr_carea' id='block_1_64' title="bbox 2018 525 3595 614">
    <p class='ocr_par' dir='ltr' id='par_1_64' title="bbox 2018 525 3595 614">
     <span class='ocr_line' id='line_1_64' title="bbox 2018 525 3595 614; baseline 0.015 -36"><span class='ocrx_word' id='word_1_492' title='bbox 2018 525 2274 596; x_wconf 85' lang='lat' dir='ltr'><strong>stinguit,</strong></span> <span class='ocrx_word' id='word_1_493' title='bbox 2302 536 2358 585; x_wconf 93' lang='lat' dir='ltr'><strong>et</strong></span> <span class='ocrx_word' id='word_1_494' title='bbox 2384 530 2535 587; x_wconf 92' lang='lat' dir='ltr'><strong>illum</strong></span> <span class='ocrx_word' id='word_1_495' title='bbox 2566 534 2869 605; x_wconf 79' lang='lat' dir='ltr'><strong>interimit,</strong></span> <span class='ocrx_word' id='word_1_496' title='bbox 2899 547 2956 592; x_wconf 92' lang='lat' dir='ltr'><strong>ut</strong></span> <span class='ocrx_word' id='word_1_497' title='bbox 2995 541 3173 595; x_wconf 86' lang='lat' dir='ltr'><strong>omnia</strong></span> <span class='ocrx_word' id='word_1_498' title='bbox 3218 541 3386 597; x_wconf 91' lang='lat' dir='ltr'><strong>libere</strong></span> <span class='ocrx_word' id='word_1_499' title='bbox 3427 546 3595 614; x_wconf 89' lang='lat' dir='ltr'><strong>possit</strong></span> 
     </span>
    </p>
   </div>
   <div class='ocr_carea' id='block_1_65' title="bbox 2008 616 3592 698">
    <p class='ocr_par' dir='ltr' id='par_1_65' title="bbox 2008 616 3592 698">
     <span class='ocr_line' id='line_1_65' title="bbox 2008 616 3592 698; baseline 0.013 -28"><span class='ocrx_word' id='word_1_500' title='bbox 2008 616 2219 674; x_wconf 90' lang='lat' dir='ltr'><strong>auferre</strong></span> <span class='ocrx_word' id='word_1_501' title='bbox 2259 631 2315 676; x_wconf 88' lang='lat' dir='ltr'><strong>et</strong></span> <span class='ocrx_word' id='word_1_502' title='bbox 2351 623 2597 694; x_wconf 86' lang='lat' dir='ltr'><strong>abripere</strong></span> <span class='ocrx_word' id='word_1_503' title='bbox 2624 643 2639 680; x_wconf 95' lang='lat'><strong>:</strong></span> <span class='ocrx_word' id='word_1_504' title='bbox 2665 627 2745 682; x_wconf 89' lang='lat' dir='ltr'><strong>sic</strong></span> <span class='ocrx_word' id='word_1_505' title='bbox 2792 637 2847 683; x_wconf 91' lang='lat' dir='ltr'><strong>et</strong></span> <span class='ocrx_word' id='word_1_506' title='bbox 2891 638 3015 685; x_wconf 95' lang='lat' dir='ltr'><strong>tunc</strong></span> <span class='ocrx_word' id='word_1_507' title='bbox 3053 630 3195 687; x_wconf 86' lang='lat' dir='ltr'><strong>Nero</strong></span> <span class='ocrx_word' id='word_1_508' title='bbox 3238 632 3441 698; x_wconf 67' lang='lat' dir='ltr'><strong>Caesar,</strong></span> <span class='ocrx_word' id='word_1_509' title='bbox 3492 651 3592 691; x_wconf 80' lang='lat' dir='ltr'><strong>ceu</strong></span> 
     </span>
    </p>
   </div>
   <div class='ocr_carea' id='block_1_66' title="bbox 2006 708 3590 789">
    <p class='ocr_par' dir='ltr' id='par_1_66' title="bbox 2006 708 3590 789">
     <span class='ocr_line' id='line_1_66' title="bbox 2006 708 3590 789; baseline 0.013 -28"><span class='ocrx_word' id='word_1_510' title='bbox 2006 708 2219 776; x_wconf 89' lang='lat' dir='ltr'><strong>quidam</strong></span> <span class='ocrx_word' id='word_1_511' title='bbox 2245 712 2429 781; x_wconf 69' lang='lat' dir='ltr'><strong>praedo</strong></span> <span class='ocrx_word' id='word_1_512' title='bbox 2452 722 2507 769; x_wconf 92' lang='lat' dir='ltr'><strong>et</strong></span> <span class='ocrx_word' id='word_1_513' title='bbox 2534 718 2864 786; x_wconf 90' lang='lat' dir='ltr'><strong>compilator,</strong></span> <span class='ocrx_word' id='word_1_514' title='bbox 2893 720 3283 778; x_wconf 87' lang='lat' dir='ltr'><strong>dormientibus</strong></span> <span class='ocrx_word' id='word_1_515' title='bbox 3308 725 3556 781; x_wconf 91' lang='lat' dir='ltr'><strong>omnibus</strong></span> <span class='ocrx_word' id='word_1_516' title='bbox 3573 767 3590 789; x_wconf 88' lang='lat'><strong>,</strong></span> 
     </span>
    </p>
   </div>
   <div class='ocr_carea' id='block_1_67' title="bbox 2007 799 3590 887">
    <p class='ocr_par' dir='ltr' id='par_1_67' title="bbox 2007 799 3590 887">
     <span class='ocr_line' id='line_1_67' title="bbox 2007 799 3590 887; baseline 0.012 -34"><span class='ocrx_word' id='word_1_517' title='bbox 2007 799 2377 873; x_wconf 80' lang='lat' dir='ltr'><strong>profundoque</strong></span> <span class='ocrx_word' id='word_1_518' title='bbox 2417 819 2609 861; x_wconf 88' lang='lat' dir='ltr'><strong>somno</strong></span> <span class='ocrx_word' id='word_1_519' title='bbox 2635 809 2872 875; x_wconf 86' lang='lat' dir='ltr'><strong>obrutis,</strong></span> <span class='ocrx_word' id='word_1_520' title='bbox 2902 813 3141 868; x_wconf 89' lang='lat' dir='ltr'><strong>omnium</strong></span> <span class='ocrx_word' id='word_1_521' title='bbox 3172 814 3311 870; x_wconf 89' lang='lat' dir='ltr'><strong>bona</strong></span> <span class='ocrx_word' id='word_1_522' title='bbox 3356 815 3590 887; x_wconf 88' lang='lat' dir='ltr'><strong>abripie-</strong></span> 
     </span>
    </p>
   </div>
   <div class='ocr_carea' id='block_1_68' title="bbox 2008 892 3593 971">
    <p class='ocr_par' dir='ltr' id='par_1_68' title="bbox 2008 892 3593 971">
     <span class='ocr_line' id='line_1_68' title="bbox 2008 892 3593 971; baseline 0.011 -25"><span class='ocrx_word' id='word_1_523' title='bbox 2008 892 2133 959; x_wconf 90' lang='lat' dir='ltr'><strong>bat,</strong></span> <span class='ocrx_word' id='word_1_524' title='bbox 2182 896 2394 965; x_wconf 89' lang='lat' dir='ltr'><strong>nuptias</strong></span> <span class='ocrx_word' id='word_1_525' title='bbox 2440 898 2754 969; x_wconf 87' lang='lat' dir='ltr'><strong>invadebat,</strong></span> <span class='ocrx_word' id='word_1_526' title='bbox 2796 902 2982 958; x_wconf 90' lang='lat' dir='ltr'><strong>domos</strong></span> <span class='ocrx_word' id='word_1_527' title='bbox 3029 905 3388 971; x_wconf 87' lang='lat' dir='ltr'><strong>subvertebat,</strong></span> <span class='ocrx_word' id='word_1_528' title='bbox 3432 923 3593 964; x_wconf 88' lang='lat' dir='ltr'><strong>omne</strong></span> 
     </span>
    </p>
   </div>
   <div class='ocr_carea' id='block_1_69' title="bbox 2007 987 3594 1064">
    <p class='ocr_par' dir='ltr' id='par_1_69' title="bbox 2007 987 3594 1064">
     <span class='ocr_line' id='line_1_69' title="bbox 2007 987 3594 1064; baseline 0.011 -28"><span class='ocrx_word' id='word_1_529' title='bbox 2007 997 2177 1052; x_wconf 91' lang='lat' dir='ltr'><strong>genus</strong></span> <span class='ocrx_word' id='word_1_530' title='bbox 2219 987 2467 1057; x_wconf 63' lang='lat' dir='ltr'><strong>nequitia:</strong></span> <span class='ocrx_word' id='word_1_531' title='bbox 2510 989 2836 1047; x_wconf 90' lang='lat' dir='ltr'><strong>exhibebat:</strong></span> <span class='ocrx_word' id='word_1_532' title='bbox 2867 1008 3094 1064; x_wconf 84' lang='lat' dir='ltr'><strong>cumque</strong></span> <span class='ocrx_word' id='word_1_533' title='bbox 3128 995 3347 1051; x_wconf 90' lang='lat' dir='ltr'><strong>Paulum</strong></span> <span class='ocrx_word' id='word_1_534' title='bbox 3387 997 3594 1054; x_wconf 85' lang='lat' dir='ltr'><strong>videret</strong></span> 
     </span>
    </p>
   </div>
   <div class='ocr_carea' id='block_1_70' title="bbox 2011 1074 3590 1159">
    <p class='ocr_par' dir='ltr' id='par_1_70' title="bbox 2011 1074 3590 1159">
     <span class='ocr_line' id='line_1_70' title="bbox 2011 1074 3590 1159; baseline 0.011 -31"><span class='ocrx_word' id='word_1_535' title='bbox 2011 1074 2287 1132; x_wconf 90' lang='lat' dir='ltr'><strong>lucernam</strong></span> <span class='ocrx_word' id='word_1_536' title='bbox 2319 1094 2415 1147; x_wconf 90' lang='lat' dir='ltr'><strong>per</strong></span> <span class='ocrx_word' id='word_1_537' title='bbox 2436 1087 2609 1135; x_wconf 89' lang='lat' dir='ltr'><strong>totum</strong></span> <span class='ocrx_word' id='word_1_538' title='bbox 2633 1083 2816 1138; x_wconf 88' lang='lat' dir='ltr'><strong>orbem</strong></span> <span class='ocrx_word' id='word_1_539' title='bbox 2845 1086 3157 1154; x_wconf 90' lang='lat' dir='ltr'><strong>accendere,</strong></span> <span class='ocrx_word' id='word_1_540' title='bbox 3186 1103 3376 1159; x_wconf 87' lang='lat' dir='ltr'><strong>nempe</strong></span> <span class='ocrx_word' id='word_1_541' title='bbox 3396 1088 3590 1144; x_wconf 81' lang='lat' dir='ltr'><strong>doctri-</strong></span> 
     </span>
    </p>
   </div>
   <div class='ocr_carea' id='block_1_71' title="bbox 2006 1169 3586 1251">
    <p class='ocr_par' dir='ltr' id='par_1_71' title="bbox 2006 1169 3586 1251">
     <span class='ocr_line' id='line_1_71' title="bbox 2006 1169 3586 1251; baseline 0.01 -31"><span class='ocrx_word' id='word_1_542' title='bbox 2006 1182 2089 1221; x_wconf 81' lang='lat' dir='ltr'><strong>n:e</strong></span> <span class='ocrx_word' id='word_1_543' title='bbox 2114 1169 2353 1235; x_wconf 89' lang='lat' dir='ltr'><strong>verbum,</strong></span> <span class='ocrx_word' id='word_1_544' title='bbox 2387 1172 2608 1243; x_wconf 88' lang='lat' dir='ltr'><strong>ejusque</strong></span> <span class='ocrx_word' id='word_1_545' title='bbox 2634 1176 2920 1244; x_wconf 89' lang='lat' dir='ltr'><strong>nequitiam</strong></span> <span class='ocrx_word' id='word_1_546' title='bbox 2952 1178 3294 1248; x_wconf 84' lang='lat' dir='ltr'><strong>redarguere,</strong></span> <span class='ocrx_word' id='word_1_547' title='bbox 3328 1181 3586 1251; x_wconf 66' lang='lat' dir='ltr'><strong>praedica-</strong></span> 
     </span>
    </p>
   </div>
   <div class='ocr_carea' id='block_1_72' title="bbox 2015 1259 3589 1338">
    <p class='ocr_par' dir='ltr' id='par_1_72' title="bbox 2015 1259 3589 1338">
     <span class='ocr_line' id='line_1_72' title="bbox 2015 1259 3589 1338; baseline 0.01 -25"><span class='ocrx_word' id='word_1_548' title='bbox 2015 1259 2213 1315; x_wconf 90' lang='lat' dir='ltr'><strong>tionem</strong></span> <span class='ocrx_word' id='word_1_549' title='bbox 2243 1263 2582 1333; x_wconf 86' lang='lat' dir='ltr'><strong>exstinguere</strong></span> <span class='ocrx_word' id='word_1_550' title='bbox 2605 1276 2657 1320; x_wconf 92' lang='lat' dir='ltr'><strong>et</strong></span> <span class='ocrx_word' id='word_1_551' title='bbox 2683 1266 2955 1323; x_wconf 91' lang='lat' dir='ltr'><strong>doctorem</strong></span> <span class='ocrx_word' id='word_1_552' title='bbox 2978 1271 3222 1326; x_wconf 91' lang='lat' dir='ltr'><strong>occidere</strong></span> <span class='ocrx_word' id='word_1_553' title='bbox 3243 1282 3463 1327; x_wconf 89' lang='lat' dir='ltr'><strong>conatus</strong></span> <span class='ocrx_word' id='word_1_554' title='bbox 3487 1283 3589 1338; x_wconf 87' lang='lat' dir='ltr'><strong>est,</strong></span> 
     </span>
    </p>
   </div>
   <div class='ocr_carea' id='block_1_73' title="bbox 2004 1355 3592 1425">
    <p class='ocr_par' dir='ltr' id='par_1_73' title="bbox 2004 1355 3592 1425">
     <span class='ocr_line' id='line_1_73' title="bbox 2004 1355 3592 1425; baseline 0.008 -19"><span class='ocrx_word' id='word_1_555' title='bbox 2004 1360 2065 1407; x_wconf 91' lang='lat' dir='ltr'><strong>ut</strong></span> <span class='ocrx_word' id='word_1_556' title='bbox 2090 1355 2266 1408; x_wconf 89' lang='lat' dir='ltr'><strong>omnia</strong></span> <span class='ocrx_word' id='word_1_557' title='bbox 2294 1369 2415 1410; x_wconf 93' lang='lat' dir='ltr'><strong>cum</strong></span> <span class='ocrx_word' id='word_1_558' title='bbox 2445 1364 2707 1425; x_wconf 87' lang='lat' dir='ltr'><strong>potestate</strong></span> <span class='ocrx_word' id='word_1_559' title='bbox 2726 1361 2827 1414; x_wconf 93' lang='lat' dir='ltr'><strong>sibi</strong></span> <span class='ocrx_word' id='word_1_560' title='bbox 2856 1361 3031 1416; x_wconf 89' lang='lat' dir='ltr'><strong>facere</strong></span> <span class='ocrx_word' id='word_1_561' title='bbox 3071 1362 3257 1418; x_wconf 90' lang='lat' dir='ltr'><strong>liceret</strong></span> <span class='ocrx_word' id='word_1_562' title='bbox 3286 1382 3301 1418; x_wconf 94' lang='lat'><strong>:</strong></span> <span class='ocrx_word' id='word_1_563' title='bbox 3330 1366 3592 1424; x_wconf 88' lang='lat' dir='ltr'><strong>vinctum-</strong></span> 
     </span>
    </p>
   </div>
   <div class='ocr_carea' id='block_1_74' title="bbox 2006 1446 3592 1524">
    <p class='ocr_par' dir='ltr' id='par_1_74' title="bbox 2006 1446 3592 1524">
     <span class='ocr_line' id='line_1_74' title="bbox 2006 1446 3592 1524; baseline 0.008 -27"><span class='ocrx_word' id='word_1_564' title='bbox 2006 1458 2110 1512; x_wconf 88' lang='lat' dir='ltr'><strong>que</strong></span> <span class='ocrx_word' id='word_1_565' title='bbox 2139 1454 2381 1501; x_wconf 90' lang='lat' dir='ltr'><strong>sanctum</strong></span> <span class='ocrx_word' id='word_1_566' title='bbox 2413 1446 2561 1501; x_wconf 92' lang='lat' dir='ltr'><strong>illum</strong></span> <span class='ocrx_word' id='word_1_567' title='bbox 2587 1449 2816 1519; x_wconf 90' lang='lat' dir='ltr'><strong>conjecit</strong></span> <span class='ocrx_word' id='word_1_568' title='bbox 2853 1450 2905 1505; x_wconf 93' lang='lat' dir='ltr'><strong>in</strong></span> <span class='ocrx_word' id='word_1_569' title='bbox 2935 1465 3229 1507; x_wconf 88' lang='lat' dir='ltr'><strong>carcerem.</strong></span> <span class='ocrx_word' id='word_1_570' title='bbox 3257 1452 3406 1509; x_wconf 89' lang='lat' dir='ltr'><strong>Tunc</strong></span> <span class='ocrx_word' id='word_1_571' title='bbox 3435 1455 3592 1524; x_wconf 87' lang='lat' dir='ltr'><strong>igitur</strong></span> 
     </span>
    </p>
   </div>
   <div class='ocr_carea' id='block_1_75' title="bbox 2006 1533 2822 1611">
    <p class='ocr_par' dir='ltr' id='par_1_75' title="bbox 2006 1533 2822 1611">
     <span class='ocr_line' id='line_1_75' title="bbox 2006 1533 2822 1611; baseline 0.007 -22"><span class='ocrx_word' id='word_1_572' title='bbox 2006 1533 2124 1590; x_wconf 77' lang='lat' dir='ltr'><strong>lucc</strong></span> <span class='ocrx_word' id='word_1_573' title='bbox 2155 1536 2343 1591; x_wconf 86' lang='lat' dir='ltr'><strong>beatus</strong></span> <span class='ocrx_word' id='word_1_574' title='bbox 2369 1538 2565 1594; x_wconf 82' lang='lat' dir='ltr'><strong>Paulus</strong></span> <span class='ocrx_word' id='word_1_575' title='bbox 2590 1542 2822 1611; x_wconf 89' lang='lat' dir='ltr'><strong>scripsit.</strong></span> 
     </span>
    </p>
   </div>
   <div class='ocr_carea' id='block_1_76' title="bbox 2080 1627 3590 1710">
    <p class='ocr_par' dir='ltr' id='par_1_76' title="bbox 2080 1627 3590 1710">
     <span class='ocr_line' id='line_1_76' title="bbox 2080 1627 3590 1710; baseline 0.009 -30"><span class='ocrx_word' id='word_1_576' title='bbox 2080 1627 2387 1683; x_wconf 87' lang='lat' dir='ltr'><strong>Sollicitudo</strong></span> <span class='ocrx_word' id='word_1_577' title='bbox 2414 1629 2569 1686; x_wconf 84' lang='lat' dir='ltr'><strong>Pauli</strong></span> <span class='ocrx_word' id='word_1_578' title='bbox 2594 1649 2714 1704; x_wconf 86' lang='lat' dir='ltr'><strong>erga</strong></span> <span class='ocrx_word' id='word_1_579' title='bbox 2738 1632 3054 1704; x_wconf 84' lang='lat' dir='ltr'><strong>discipulos;</strong></span> <span class='ocrx_word' id='word_1_580' title='bbox 3075 1636 3440 1710; x_wconf 87' lang='lat' dir='ltr'><strong>discipulorum</strong></span> <span class='ocrx_word' id='word_1_581' title='bbox 3468 1654 3590 1710; x_wconf 87' lang='lat' dir='ltr'><strong>erga</strong></span> 
     </span>
    </p>
   </div>
   <div class='ocr_carea' id='block_1_77' title="bbox 2007 1718 3586 1797">
    <p class='ocr_par' dir='ltr' id='par_1_77' title="bbox 2007 1718 3586 1797">
     <span class='ocr_line' id='line_1_77' title="bbox 2007 1718 3586 1797; baseline 0.009 -28"><span class='ocrx_word' id='word_1_582' title='bbox 2007 1718 2302 1787; x_wconf 88' lang='lat' dir='ltr'><strong>magistrum</strong></span> <span class='ocrx_word' id='word_1_583' title='bbox 2342 1736 2503 1774; x_wconf 89' lang='lat' dir='ltr'><strong>amor.</strong></span> <span class='ocrx_word' id='word_1_584' title='bbox 2530 1752 2600 1763; x_wconf 92' lang='lat'><strong><em>—</em></strong></span> <span class='ocrx_word' id='word_1_585' title='bbox 2623 1723 2753 1790; x_wconf 88' lang='lat' dir='ltr'><strong>Quis</strong></span> <span class='ocrx_word' id='word_1_586' title='bbox 2784 1739 2888 1778; x_wconf 91' lang='lat' dir='ltr'><strong>non</strong></span> <span class='ocrx_word' id='word_1_587' title='bbox 2917 1727 3171 1792; x_wconf 79' lang='lat' dir='ltr'><strong>stupeat?</strong></span> <span class='ocrx_word' id='word_1_588' title='bbox 3205 1729 3324 1797; x_wconf 91' lang='lat' dir='ltr'><strong>quis</strong></span> <span class='ocrx_word' id='word_1_589' title='bbox 3352 1744 3456 1783; x_wconf 91' lang='lat' dir='ltr'><strong>non</strong></span> <span class='ocrx_word' id='word_1_590' title='bbox 3487 1732 3586 1784; x_wconf 85' lang='lat' dir='ltr'><strong>ad-</strong></span> 
     </span>
    </p>
   </div>
   <div class='ocr_carea' id='block_1_78' title="bbox 2006 1807 3592 1885">
    <p class='ocr_par' dir='ltr' id='par_1_78' title="bbox 2006 1807 3592 1885">
     <span class='ocr_line' id='line_1_78' title="bbox 2006 1807 3592 1885; baseline 0.009 -26"><span class='ocrx_word' id='word_1_591' title='bbox 2006 1807 2269 1861; x_wconf 76' lang='lat' dir='ltr'><strong>miretur?</strong></span> <span class='ocrx_word' id='word_1_592' title='bbox 2302 1808 2411 1863; x_wconf 93' lang='lat' dir='ltr'><strong>imo</strong></span> <span class='ocrx_word' id='word_1_593' title='bbox 2435 1810 2575 1879; x_wconf 89' lang='lat' dir='ltr'><strong>quis,</strong></span> <span class='ocrx_word' id='word_1_594' title='bbox 2608 1822 2665 1865; x_wconf 91' lang='lat' dir='ltr'><strong>ut</strong></span> <span class='ocrx_word' id='word_1_595' title='bbox 2692 1827 2786 1881; x_wconf 90' lang='lat' dir='ltr'><strong>par</strong></span> <span class='ocrx_word' id='word_1_596' title='bbox 2810 1822 2911 1878; x_wconf 90' lang='lat' dir='ltr'><strong>est,</strong></span> <span class='ocrx_word' id='word_1_597' title='bbox 2952 1823 3163 1885; x_wconf 86' lang='lat' dir='ltr'><strong>stnpeat</strong></span> <span class='ocrx_word' id='word_1_598' title='bbox 3200 1826 3256 1871; x_wconf 91' lang='lat' dir='ltr'><strong>et</strong></span> <span class='ocrx_word' id='word_1_599' title='bbox 3296 1819 3592 1875; x_wconf 82' lang='lat' dir='ltr'><strong>admiretur</strong></span> 
     </span>
    </p>
   </div>
   <div class='ocr_carea' id='block_1_79' title="bbox 2005 1900 3589 1988">
    <p class='ocr_par' dir='ltr' id='par_1_79' title="bbox 2005 1900 3589 1988">
     <span class='ocr_line' id='line_1_79' title="bbox 2005 1900 3589 1988; baseline 0.009 -38"><span class='ocrx_word' id='word_1_600' title='bbox 2005 1911 2322 1966; x_wconf 91' lang='lat' dir='ltr'><strong>generosum</strong></span> <span class='ocrx_word' id='word_1_601' title='bbox 2352 1900 2500 1954; x_wconf 89' lang='lat' dir='ltr'><strong>illum</strong></span> <span class='ocrx_word' id='word_1_602' title='bbox 2529 1911 2583 1956; x_wconf 94' lang='lat' dir='ltr'><strong>et</strong></span> <span class='ocrx_word' id='word_1_603' title='bbox 2611 1902 2677 1956; x_wconf 93' lang='lat' dir='ltr'><strong>ad</strong></span> <span class='ocrx_word' id='word_1_604' title='bbox 2708 1904 2869 1958; x_wconf 65' lang='lat' dir='ltr'><strong>caelos</strong></span> <span class='ocrx_word' id='word_1_605' title='bbox 2892 1906 3282 1976; x_wconf 90' lang='lat' dir='ltr'><strong>pertingentem</strong></span> <span class='ocrx_word' id='word_1_606' title='bbox 3318 1909 3589 1988; x_wconf 59' lang='lat' dir='ltr'><strong>animum,</strong></span> 
     </span>
    </p>
   </div>
   <div class='ocr_carea' id='block_1_80' title="bbox 2005 1988 3590 2059">
    <p class='ocr_par' dir='ltr' id='par_1_80' title="bbox 2005 1988 3590 2059">
     <span class='ocr_line' id='line_1_80' title="bbox 2005 1988 3590 2059; baseline 0.007 -19"><span class='ocrx_word' id='word_1_607' title='bbox 2005 1990 2098 2057; x_wconf 91' lang='lat' dir='ltr'><strong>qui</strong></span> <span class='ocrx_word' id='word_1_608' title='bbox 2124 1988 2311 2043; x_wconf 63' lang='lat' dir='ltr'><strong>Romae</strong></span> <span class='ocrx_word' id='word_1_609' title='bbox 2328 1990 2536 2046; x_wconf 90' lang='lat' dir='ltr'><strong>vinctus</strong></span> <span class='ocrx_word' id='word_1_610' title='bbox 2565 2002 2618 2046; x_wconf 88' lang='lat' dir='ltr'><strong>et</strong></span> <span class='ocrx_word' id='word_1_611' title='bbox 2642 1992 3023 2059; x_wconf 88' lang='lat' dir='ltr'><strong>incarceratus,</strong></span> <span class='ocrx_word' id='word_1_612' title='bbox 3043 2011 3107 2051; x_wconf 81' lang='lat' dir='ltr'><strong>ex</strong></span> <span class='ocrx_word' id='word_1_613' title='bbox 3136 2005 3284 2051; x_wconf 88' lang='lat' dir='ltr'><strong>tanto</strong></span> <span class='ocrx_word' id='word_1_614' title='bbox 3309 1998 3590 2053; x_wconf 88' lang='lat' dir='ltr'><strong>intervallo</strong></span> 
     </span>
    </p>
   </div>
   <div class='ocr_carea' id='block_1_81' title="bbox 2005 2080 3593 2161">
    <p class='ocr_par' dir='ltr' id='par_1_81' title="bbox 2005 2080 3593 2161">
     <span class='ocr_line' id='line_1_81' title="bbox 2005 2080 3593 2161; baseline 0.007 -25"><span class='ocrx_word' id='word_1_615' title='bbox 2005 2080 2432 2151; x_wconf 87' lang='lat' dir='ltr'><strong>Philippensibus</strong></span> <span class='ocrx_word' id='word_1_616' title='bbox 2459 2084 2755 2140; x_wconf 85' lang='lat' dir='ltr'><strong>scriberet?</strong></span> <span class='ocrx_word' id='word_1_617' title='bbox 2792 2087 2951 2142; x_wconf 87' lang='lat' dir='ltr'><strong>Scitis</strong></span> <span class='ocrx_word' id='word_1_618' title='bbox 2980 2097 3234 2158; x_wconf 90' lang='lat' dir='ltr'><strong>quantum</strong></span> <span class='ocrx_word' id='word_1_619' title='bbox 3264 2092 3491 2161; x_wconf 89' lang='lat' dir='ltr'><strong>spatium</strong></span> <span class='ocrx_word' id='word_1_620' title='bbox 3520 2094 3593 2147; x_wconf 91' lang='lat' dir='ltr'><strong>sit</strong></span> 
     </span>
    </p>
   </div>
   <div class='ocr_carea' id='block_1_82' title="bbox 2004 2171 3593 2261">
    <p class='ocr_par' dir='ltr' id='par_1_82' title="bbox 2004 2171 3593 2261">
     <span class='ocr_line' id='line_1_82' title="bbox 2004 2171 3593 2261; baseline 0.008 -35"><span class='ocrx_word' id='word_1_621' title='bbox 2004 2171 2363 2227; x_wconf 85' lang='lat' dir='ltr'><strong>Macedoniam</strong></span> <span class='ocrx_word' id='word_1_622' title='bbox 2389 2173 2530 2229; x_wconf 88' lang='lat' dir='ltr'><strong>inter</strong></span> <span class='ocrx_word' id='word_1_623' title='bbox 2557 2185 2610 2231; x_wconf 91' lang='lat' dir='ltr'><strong>et</strong></span> <span class='ocrx_word' id='word_1_624' title='bbox 2638 2177 2880 2233; x_wconf 79' lang='lat' dir='ltr'><strong>Romam.</strong></span> <span class='ocrx_word' id='word_1_625' title='bbox 2912 2180 3017 2261; x_wconf 82' lang='lat' dir='ltr'><strong>Sed</strong></span> <span class='ocrx_word' id='word_1_626' title='bbox 3043 2196 3213 2251; x_wconf 89' lang='lat' dir='ltr'><strong>neque</strong></span> <span class='ocrx_word' id='word_1_627' title='bbox 3242 2181 3447 2238; x_wconf 91' lang='lat' dir='ltr'><strong>itineris</strong></span> <span class='ocrx_word' id='word_1_628' title='bbox 3475 2185 3593 2239; x_wconf 78' lang='lat' dir='ltr'><strong>lon-</strong></span> 
     </span>
    </p>
   </div>
   <div class='ocr_carea' id='block_1_83' title="bbox 2001 2263 3590 2346">
    <p class='ocr_par' dir='ltr' id='par_1_83' title="bbox 2001 2263 3590 2346">
     <span class='ocr_line' id='line_1_83' title="bbox 2001 2263 3590 2346; baseline 0.009 -28"><span class='ocrx_word' id='word_1_629' title='bbox 2001 2263 2220 2335; x_wconf 88' lang='lat' dir='ltr'><strong>gitudo,</strong></span> <span class='ocrx_word' id='word_1_630' title='bbox 2270 2282 2444 2337; x_wconf 88' lang='lat' dir='ltr'><strong>neque</strong></span> <span class='ocrx_word' id='word_1_631' title='bbox 2488 2268 2809 2325; x_wconf 87' lang='lat' dir='ltr'><strong>diuturnitas</strong></span> <span class='ocrx_word' id='word_1_632' title='bbox 2858 2275 3143 2342; x_wconf 92' lang='lat' dir='ltr'><strong>temporis,</strong></span> <span class='ocrx_word' id='word_1_633' title='bbox 3189 2290 3363 2346; x_wconf 89' lang='lat' dir='ltr'><strong>neque</strong></span> <span class='ocrx_word' id='word_1_634' title='bbox 3409 2292 3590 2333; x_wconf 90' lang='lat' dir='ltr'><strong>rerum</strong></span> 
     </span>
    </p>
   </div>
   <div class='ocr_carea' id='block_1_84' title="bbox 2004 2358 3595 2438">
    <p class='ocr_par' dir='ltr' id='par_1_84' title="bbox 2004 2358 3595 2438">
     <span class='ocr_line' id='line_1_84' title="bbox 2004 2358 3595 2438; baseline 0.009 -28"><span class='ocrx_word' id='word_1_635' title='bbox 2004 2358 2287 2424; x_wconf 89' lang='lat' dir='ltr'><strong>tumultus,</strong></span> <span class='ocrx_word' id='word_1_636' title='bbox 2322 2374 2495 2429; x_wconf 90' lang='lat' dir='ltr'><strong>neque</strong></span> <span class='ocrx_word' id='word_1_637' title='bbox 2526 2362 2763 2430; x_wconf 89' lang='lat' dir='ltr'><strong>pericula</strong></span> <span class='ocrx_word' id='word_1_638' title='bbox 2793 2372 2847 2419; x_wconf 91' lang='lat' dir='ltr'><strong>et</strong></span> <span class='ocrx_word' id='word_1_639' title='bbox 2887 2363 3181 2434; x_wconf 87' lang='lat' dir='ltr'><strong>frequentia</strong></span> <span class='ocrx_word' id='word_1_640' title='bbox 3217 2367 3356 2422; x_wconf 90' lang='lat' dir='ltr'><strong>mala</strong></span> <span class='ocrx_word' id='word_1_641' title='bbox 3377 2408 3392 2431; x_wconf 93' lang='lat'><strong>,</strong></span> <span class='ocrx_word' id='word_1_642' title='bbox 3420 2384 3595 2438; x_wconf 82' lang='lat' dir='ltr'><strong>neque</strong></span> 
     </span>
    </p>
   </div>
   <div class='ocr_carea' id='block_1_85' title="bbox 2004 2448 3588 2528">
    <p class='ocr_par' dir='ltr' id='par_1_85' title="bbox 2004 2448 3588 2528">
     <span class='ocr_line' id='line_1_85' title="bbox 2004 2448 3588 2528; baseline 0.008 -26"><span class='ocrx_word' id='word_1_643' title='bbox 2004 2448 2148 2503; x_wconf 88' lang='lat' dir='ltr'><strong>aliud</strong></span> <span class='ocrx_word' id='word_1_644' title='bbox 2173 2449 2443 2519; x_wconf 88' lang='lat' dir='ltr'><strong>quidpiam</strong></span> <span class='ocrx_word' id='word_1_645' title='bbox 2465 2453 2741 2506; x_wconf 89' lang='lat' dir='ltr'><strong>caritatem</strong></span> <span class='ocrx_word' id='word_1_646' title='bbox 2762 2456 3181 2527; x_wconf 68' lang='lat' dir='ltr'><strong>memoriamque</strong></span> <span class='ocrx_word' id='word_1_647' title='bbox 3208 2457 3588 2528; x_wconf 89' lang='lat' dir='ltr'><strong>discipulorum</strong></span> 
     </span>
    </p>
   </div>
   <div class='ocr_carea' id='block_1_86' title="bbox 2004 2540 3586 2622">
    <p class='ocr_par' dir='ltr' id='par_1_86' title="bbox 2004 2540 3586 2622">
     <span class='ocr_line' id='line_1_86' title="bbox 2004 2540 3586 2622; baseline 0.006 -26"><span class='ocrx_word' id='word_1_648' title='bbox 2004 2540 2323 2610; x_wconf 86' lang='lat' dir='ltr'><strong>dejiciebat;</strong></span> <span class='ocrx_word' id='word_1_649' title='bbox 2344 2542 2439 2598; x_wconf 89' lang='lat' dir='ltr'><strong>sed</strong></span> <span class='ocrx_word' id='word_1_650' title='bbox 2469 2558 2656 2599; x_wconf 90' lang='lat' dir='ltr'><strong>omnes</strong></span> <span class='ocrx_word' id='word_1_651' title='bbox 2681 2545 2773 2601; x_wconf 90' lang='lat' dir='ltr'><strong>ille</strong></span> <span class='ocrx_word' id='word_1_652' title='bbox 2800 2546 2851 2600; x_wconf 92' lang='lat' dir='ltr'><strong>in</strong></span> <span class='ocrx_word' id='word_1_653' title='bbox 2879 2558 3059 2603; x_wconf 92' lang='lat' dir='ltr'><strong>mente</strong></span> <span class='ocrx_word' id='word_1_654' title='bbox 3087 2550 3335 2604; x_wconf 85' lang='lat' dir='ltr'><strong>servabat</strong></span> <span class='ocrx_word' id='word_1_655' title='bbox 3365 2569 3379 2605; x_wconf 92' lang='lat'><strong>:</strong></span> <span class='ocrx_word' id='word_1_656' title='bbox 3412 2567 3586 2622; x_wconf 91' lang='lat' dir='ltr'><strong>neque</strong></span> 
     </span>
    </p>
   </div>
   <div class='ocr_carea' id='block_1_87' title="bbox 2003 2632 3595 2708">
    <p class='ocr_par' dir='ltr' id='par_1_87' title="bbox 2003 2632 3595 2708">
     <span class='ocr_line' id='line_1_87' title="bbox 2003 2632 3595 2708; baseline 0.005 -21"><span class='ocrx_word' id='word_1_657' title='bbox 2003 2632 2077 2687; x_wconf 86' lang='lat' dir='ltr'><strong>ita</strong></span> <span class='ocrx_word' id='word_1_658' title='bbox 2119 2632 2324 2688; x_wconf 88' lang='lat' dir='ltr'><strong>catenis</strong></span> <span class='ocrx_word' id='word_1_659' title='bbox 2367 2648 2557 2688; x_wconf 91' lang='lat' dir='ltr'><strong>manus</strong></span> <span class='ocrx_word' id='word_1_660' title='bbox 2602 2634 2922 2705; x_wconf 87' lang='lat' dir='ltr'><strong>ligabantur,</strong></span> <span class='ocrx_word' id='word_1_661' title='bbox 2955 2645 3014 2692; x_wconf 90' lang='lat' dir='ltr'><strong>ut</strong></span> <span class='ocrx_word' id='word_1_662' title='bbox 3040 2639 3216 2693; x_wconf 88' lang='lat' dir='ltr'><strong>anima</strong></span> <span class='ocrx_word' id='word_1_663' title='bbox 3253 2640 3370 2708; x_wconf 88' lang='lat' dir='ltr'><strong>ejus</strong></span> <span class='ocrx_word' id='word_1_664' title='bbox 3409 2656 3595 2695; x_wconf 89' lang='lat' dir='ltr'><strong>amore</strong></span> 
     </span>
    </p>
   </div>
   <div class='ocr_carea' id='block_1_88' title="bbox 2008 2722 3590 2800">
    <p class='ocr_par' dir='ltr' id='par_1_88' title="bbox 2008 2722 3590 2800">
     <span class='ocr_line' id='line_1_88' title="bbox 2008 2722 3590 2800; baseline 0.003 -20"><span class='ocrx_word' id='word_1_665' title='bbox 2008 2723 2399 2797; x_wconf 90' lang='lat' dir='ltr'><strong>discipulorum</strong></span> <span class='ocrx_word' id='word_1_666' title='bbox 2430 2722 2680 2782; x_wconf 90' lang='lat' dir='ltr'><strong>devincta</strong></span> <span class='ocrx_word' id='word_1_667' title='bbox 2718 2725 2983 2795; x_wconf 87' lang='lat' dir='ltr'><strong>aftixaque</strong></span> <span class='ocrx_word' id='word_1_668' title='bbox 3020 2737 3135 2783; x_wconf 88' lang='lat' dir='ltr'><strong>erat</strong></span> <span class='ocrx_word' id='word_1_669' title='bbox 3175 2746 3187 2780; x_wconf 78' lang='grc' dir='ltr'>ε</span> <span class='ocrx_word' id='word_1_670' title='bbox 3226 2730 3367 2797; x_wconf 89' lang='lat' dir='ltr'><strong>quod</strong></span> <span class='ocrx_word' id='word_1_671' title='bbox 3419 2731 3590 2800; x_wconf 82' lang='lat' dir='ltr'><strong>ipsum</strong></span> 
     </span>
    </p>
   </div>
   <div class='ocr_carea' id='block_1_89' title="bbox 2002 2810 3591 2884">
    <p class='ocr_par' dir='ltr' id='par_1_89' title="bbox 2002 2810 3591 2884">
     <span class='ocr_line' id='line_1_89' title="bbox 2002 2810 3591 2884; baseline 0.004 -17"><span class='ocrx_word' id='word_1_672' title='bbox 2002 2812 2156 2867; x_wconf 89' lang='lat' dir='ltr'><strong>initio</strong></span> <span class='ocrx_word' id='word_1_673' title='bbox 2200 2812 2443 2883; x_wconf 71' lang='lat' dir='ltr'><strong>epistola:</strong></span> <span class='ocrx_word' id='word_1_674' title='bbox 2496 2810 2838 2867; x_wconf 84' lang='lat' dir='ltr'><strong>declarabat:</strong></span> <span class='ocrx_word' id='word_1_675' title='bbox 2866 2811 2943 2867; x_wconf 85' lang='lat' dir='ltr'><strong>Eo</strong></span> <span class='ocrx_word' id='word_1_676' title='bbox 2970 2814 3109 2884; x_wconf 87' lang='lat' dir='ltr'><strong>quod</strong></span> <span class='ocrx_word' id='word_1_677' title='bbox 3156 2812 3379 2868; x_wconf 88' lang='lat' dir='ltr'><strong>habeam</strong></span> <span class='ocrx_word' id='word_1_678' title='bbox 3418 2834 3507 2872; x_wconf 88' lang='lat' dir='ltr'><strong>vos</strong></span> <span class='ocrx_word' id='word_1_679' title='bbox 3534 2816 3591 2873; x_wconf 87' lang='lat' dir='ltr'><strong>in</strong></span> 
     </span>
    </p>
   </div>
   <div class='ocr_carea' id='block_1_90' title="bbox 2002 2906 3593 2978">
    <p class='ocr_par' dir='ltr' id='par_1_90' title="bbox 2002 2906 3593 2978">
     <span class='ocr_line' id='line_1_90' title="bbox 2002 2906 3593 2978; baseline 0.003 -19"><span class='ocrx_word' id='word_1_680' title='bbox 2002 2906 2155 2960; x_wconf 90' lang='lat' dir='ltr'><strong>corde</strong></span> <span class='ocrx_word' id='word_1_681' title='bbox 2180 2906 2233 2959; x_wconf 87' lang='lat' dir='ltr'><strong>in</strong></span> <span class='ocrx_word' id='word_1_682' title='bbox 2261 2906 2475 2960; x_wconf 88' lang='lat' dir='ltr'><strong>vinculis</strong></span> <span class='ocrx_word' id='word_1_683' title='bbox 2500 2908 2644 2975; x_wconf 89' lang='lat' dir='ltr'><strong>meis,</strong></span> <span class='ocrx_word' id='word_1_684' title='bbox 2673 2916 2721 2962; x_wconf 93' lang='lat' dir='ltr'><strong>et</strong></span> <span class='ocrx_word' id='word_1_685' title='bbox 2744 2908 2798 2961; x_wconf 88' lang='lat' dir='ltr'><strong>in</strong></span> <span class='ocrx_word' id='word_1_686' title='bbox 2828 2907 3116 2978; x_wconf 79' lang='lat' dir='ltr'><strong>defensione</strong></span> <span class='ocrx_word' id='word_1_687' title='bbox 3143 2917 3190 2962; x_wconf 90' lang='lat' dir='ltr'><strong>et</strong></span> <span class='ocrx_word' id='word_1_688' title='bbox 3212 2909 3593 2975; x_wconf 76' lang='lat' dir='ltr'><strong>conﬁrmatione</strong></span> 
     </span>
    </p>
   </div>
   <div class='ocr_carea' id='block_1_91' title="bbox 2004 2994 3589 3068">
    <p class='ocr_par' dir='ltr' id='par_1_91' title="bbox 2004 2994 3589 3068">
     <span class='ocr_line' id='line_1_91' title="bbox 2004 2994 3589 3068; baseline 0.004 -19"><span class='ocrx_word' id='word_1_689' title='bbox 2004 2996 2249 3067; x_wconf 84' lang='lat' dir='ltr'><strong>evangelii</strong></span> <span class='ocrx_word' id='word_1_690' title='bbox 2278 2994 2537 3068; x_wconf 87' lang='lat' dir='ltr'><strong>(Philipp.</strong></span> <span class='ocrx_word' id='word_1_691' title='bbox 2562 2998 2615 3051; x_wconf 86' lang='grc'><strong>1.</strong></span> <span class='ocrx_word' id='word_1_692' title='bbox 2638 2998 2714 3068; x_wconf 88' lang='grc'><strong>7).</strong></span> <span class='ocrx_word' id='word_1_693' title='bbox 2747 2997 2815 3053; x_wconf 90' lang='lat' dir='ltr'><strong>Et</strong></span> <span class='ocrx_word' id='word_1_694' title='bbox 2845 2998 2978 3053; x_wconf 91' lang='lat' dir='ltr'><strong>sicut</strong></span> <span class='ocrx_word' id='word_1_695' title='bbox 3006 3015 3103 3053; x_wconf 86' lang='lat' dir='ltr'><strong>rex</strong></span> <span class='ocrx_word' id='word_1_696' title='bbox 3133 3014 3289 3054; x_wconf 87' lang='lat' dir='ltr'><strong>mane</strong></span> <span class='ocrx_word' id='word_1_697' title='bbox 3314 3000 3365 3054; x_wconf 93' lang='lat' dir='ltr'><strong>in</strong></span> <span class='ocrx_word' id='word_1_698' title='bbox 3396 3000 3589 3055; x_wconf 89' lang='lat' dir='ltr'><strong>solium</strong></span> 
     </span>
    </p>
   </div>
   <div class='ocr_carea' id='block_1_92' title="bbox 2002 3088 3591 3159">
    <p class='ocr_par' dir='ltr' id='par_1_92' title="bbox 2002 3088 3591 3159">
     <span class='ocr_line' id='line_1_92' title="bbox 2002 3088 3591 3159; baseline 0.003 -15"><span class='ocrx_word' id='word_1_699' title='bbox 2002 3088 2401 3155; x_wconf 90' lang='lat' dir='ltr'><strong>conscendens,</strong></span> <span class='ocrx_word' id='word_1_700' title='bbox 2437 3090 2491 3145; x_wconf 92' lang='lat' dir='ltr'><strong>in</strong></span> <span class='ocrx_word' id='word_1_701' title='bbox 2520 3090 2788 3158; x_wconf 84' lang='lat' dir='ltr'><strong>regalibus</strong></span> <span class='ocrx_word' id='word_1_702' title='bbox 2827 3092 2963 3146; x_wconf 89' lang='lat' dir='ltr'><strong>aulis</strong></span> <span class='ocrx_word' id='word_1_703' title='bbox 3008 3093 3201 3148; x_wconf 89' lang='lat' dir='ltr'><strong>sedens</strong></span> <span class='ocrx_word' id='word_1_704' title='bbox 3223 3134 3239 3159; x_wconf 96' lang='lat'><strong>,</strong></span> <span class='ocrx_word' id='word_1_705' title='bbox 3284 3092 3591 3148; x_wconf 87' lang='lat' dir='ltr'><strong>innumeras</strong></span> 
     </span>
    </p>
   </div>
   <div class='ocr_carea' id='block_1_93' title="bbox 2001 3181 3587 3254">
    <p class='ocr_par' dir='ltr' id='par_1_93' title="bbox 2001 3181 3587 3254">
     <span class='ocr_line' id='line_1_93' title="bbox 2001 3181 3587 3254; baseline 0.002 -19"><span class='ocrx_word' id='word_1_706' title='bbox 2001 3181 2178 3235; x_wconf 89' lang='lat' dir='ltr'><strong>statim</strong></span> <span class='ocrx_word' id='word_1_707' title='bbox 2205 3181 2441 3252; x_wconf 90' lang='lat' dir='ltr'><strong>undique</strong></span> <span class='ocrx_word' id='word_1_708' title='bbox 2483 3182 2671 3251; x_wconf 89' lang='lat' dir='ltr'><strong>recipit</strong></span> <span class='ocrx_word' id='word_1_709' title='bbox 2714 3182 3002 3251; x_wconf 86' lang='lat' dir='ltr'><strong>epistolas:</strong></span> <span class='ocrx_word' id='word_1_710' title='bbox 3028 3184 3105 3239; x_wconf 90' lang='lat' dir='ltr'><strong>sic</strong></span> <span class='ocrx_word' id='word_1_711' title='bbox 3132 3193 3187 3239; x_wconf 90' lang='lat' dir='ltr'><strong>et</strong></span> <span class='ocrx_word' id='word_1_712' title='bbox 3210 3185 3302 3240; x_wconf 92' lang='lat' dir='ltr'><strong>ille</strong></span> <span class='ocrx_word' id='word_1_713' title='bbox 3329 3184 3587 3254; x_wconf 90' lang='lat' dir='ltr'><strong>quemad-</strong></span> 
     </span>
    </p>
   </div>
   <div class='ocr_carea' id='block_1_94' title="bbox 2006 3270 3587 3345">
    <p class='ocr_par' dir='ltr' id='par_1_94' title="bbox 2006 3270 3587 3345">
     <span class='ocr_line' id='line_1_94' title="bbox 2006 3270 3587 3345; baseline 0.002 -19"><span class='ocrx_word' id='word_1_714' title='bbox 2006 3270 2226 3328; x_wconf 89' lang='lat' dir='ltr'><strong>modum</strong></span> <span class='ocrx_word' id='word_1_715' title='bbox 2267 3272 2321 3326; x_wconf 93' lang='lat' dir='ltr'><strong>in</strong></span> <span class='ocrx_word' id='word_1_716' title='bbox 2356 3272 2519 3343; x_wconf 90' lang='lat' dir='ltr'><strong>regiis</strong></span> <span class='ocrx_word' id='word_1_717' title='bbox 2546 3272 2683 3327; x_wconf 88' lang='lat' dir='ltr'><strong>aulis</strong></span> <span class='ocrx_word' id='word_1_718' title='bbox 2708 3274 2760 3327; x_wconf 93' lang='lat' dir='ltr'><strong>in</strong></span> <span class='ocrx_word' id='word_1_719' title='bbox 2788 3288 3004 3329; x_wconf 85' lang='lat' dir='ltr'><strong>carcere</strong></span> <span class='ocrx_word' id='word_1_720' title='bbox 3029 3274 3241 3339; x_wconf 89' lang='lat' dir='ltr'><strong>sedens,</strong></span> <span class='ocrx_word' id='word_1_721' title='bbox 3275 3276 3442 3330; x_wconf 92' lang='lat' dir='ltr'><strong>multo</strong></span> <span class='ocrx_word' id='word_1_722' title='bbox 3467 3274 3587 3345; x_wconf 86' lang='lat' dir='ltr'><strong>plu-</strong></span> 
     </span>
    </p>
   </div>
   <div class='ocr_carea' id='block_1_95' title="bbox 2002 3361 3587 3435">
    <p class='ocr_par' dir='ltr' id='par_1_95' title="bbox 2002 3361 3587 3435">
     <span class='ocr_line' id='line_1_95' title="bbox 2002 3361 3587 3435; baseline 0.003 -19"><span class='ocrx_word' id='word_1_723' title='bbox 2002 3376 2089 3417; x_wconf 90' lang='lat' dir='ltr'><strong>res</strong></span> <span class='ocrx_word' id='word_1_724' title='bbox 2140 3361 2435 3432; x_wconf 87' lang='lat' dir='ltr'><strong>accipiebat</strong></span> <span class='ocrx_word' id='word_1_725' title='bbox 2486 3371 2648 3433; x_wconf 90' lang='lat' dir='ltr'><strong>atque</strong></span> <span class='ocrx_word' id='word_1_726' title='bbox 2699 3363 2944 3419; x_wconf 88' lang='lat' dir='ltr'><strong>mittebat</strong></span> <span class='ocrx_word' id='word_1_727' title='bbox 2995 3365 3244 3434; x_wconf 90' lang='lat' dir='ltr'><strong>epistolas</strong></span> <span class='ocrx_word' id='word_1_728' title='bbox 3275 3406 3290 3429; x_wconf 87' lang='lat'><strong>,</strong></span> <span class='ocrx_word' id='word_1_729' title='bbox 3340 3366 3587 3435; x_wconf 79' lang='lat' dir='ltr'><strong>gentibus</strong></span> 
     </span>
    </p>
   </div>
   <div class='ocr_carea' id='block_1_96' title="bbox 2000 3453 3587 3528">
    <p class='ocr_par' dir='ltr' id='par_1_96' title="bbox 2000 3453 3587 3528">
     <span class='ocr_line' id='line_1_96' title="bbox 2000 3453 3587 3528; baseline 0.004 -20"><span class='ocrx_word' id='word_1_730' title='bbox 2000 3453 2236 3523; x_wconf 90' lang='lat' dir='ltr'><strong>undique</strong></span> <span class='ocrx_word' id='word_1_731' title='bbox 2262 3454 2474 3525; x_wconf 91' lang='lat' dir='ltr'><strong>negotia</strong></span> <span class='ocrx_word' id='word_1_732' title='bbox 2504 3470 2601 3510; x_wconf 87' lang='lat' dir='ltr'><strong>sua</strong></span> <span class='ocrx_word' id='word_1_733' title='bbox 2631 3456 2811 3510; x_wconf 90' lang='lat' dir='ltr'><strong>omnia</strong></span> <span class='ocrx_word' id='word_1_734' title='bbox 2851 3455 2920 3511; x_wconf 91' lang='lat' dir='ltr'><strong>ad</strong></span> <span class='ocrx_word' id='word_1_735' title='bbox 2962 3457 3079 3527; x_wconf 89' lang='lat' dir='ltr'><strong>ejus</strong></span> <span class='ocrx_word' id='word_1_736' title='bbox 3103 3459 3419 3528; x_wconf 89' lang='lat' dir='ltr'><strong>sapientiam</strong></span> <span class='ocrx_word' id='word_1_737' title='bbox 3448 3459 3587 3515; x_wconf 88' lang='lat' dir='ltr'><strong>refe—</strong></span> 
     </span>
    </p>
   </div>
   <div class='ocr_carea' id='block_1_97' title="bbox 1999 3545 3587 3619">
    <p class='ocr_par' dir='ltr' id='par_1_97' title="bbox 1999 3545 3587 3619">
     <span class='ocr_line' id='line_1_97' title="bbox 1999 3545 3587 3619; baseline 0.004 -21"><span class='ocrx_word' id='word_1_738' title='bbox 1999 3545 2239 3600; x_wconf 89' lang='lat' dir='ltr'><strong>rentibus</strong></span> <span class='ocrx_word' id='word_1_739' title='bbox 2268 3562 2282 3600; x_wconf 97' lang='lat'><strong>:</strong></span> <span class='ocrx_word' id='word_1_740' title='bbox 2314 3553 2568 3616; x_wconf 90' lang='lat' dir='ltr'><strong>tantoque</strong></span> <span class='ocrx_word' id='word_1_741' title='bbox 2596 3547 2749 3617; x_wconf 89' lang='lat' dir='ltr'><strong>plura</strong></span> <span class='ocrx_word' id='word_1_742' title='bbox 2776 3546 2866 3603; x_wconf 90' lang='lat' dir='ltr'><strong>ille</strong></span> <span class='ocrx_word' id='word_1_743' title='bbox 2892 3548 3125 3618; x_wconf 85' lang='lat' dir='ltr'><strong>negotia,</strong></span> <span class='ocrx_word' id='word_1_744' title='bbox 3153 3564 3313 3618; x_wconf 88' lang='lat' dir='ltr'><strong>quem</strong></span> <span class='ocrx_word' id='word_1_745' title='bbox 3339 3550 3452 3619; x_wconf 91' lang='lat' dir='ltr'><strong>ipse</strong></span> <span class='ocrx_word' id='word_1_746' title='bbox 3479 3549 3587 3605; x_wconf 86' lang='lat' dir='ltr'><strong>lm-</strong></span> 
     </span>
    </p>
   </div>
   <div class='ocr_carea' id='block_1_98' title="bbox 2000 3638 3584 3709">
    <p class='ocr_par' dir='ltr' id='par_1_98' title="bbox 2000 3638 3584 3709">
     <span class='ocr_line' id='line_1_98' title="bbox 2000 3638 3584 3709; baseline 0.004 -19"><span class='ocrx_word' id='word_1_747' title='bbox 2000 3646 2255 3706; x_wconf 91' lang='lat' dir='ltr'><strong>perator,</strong></span> <span class='ocrx_word' id='word_1_748' title='bbox 2304 3638 2564 3707; x_wconf 87' lang='lat' dir='ltr'><strong>gerebat,</strong></span> <span class='ocrx_word' id='word_1_749' title='bbox 2618 3648 2819 3709; x_wconf 90' lang='lat' dir='ltr'><strong>quanto</strong></span> <span class='ocrx_word' id='word_1_750' title='bbox 2872 3640 3045 3709; x_wconf 89' lang='lat' dir='ltr'><strong>majus</strong></span> <span class='ocrx_word' id='word_1_751' title='bbox 3093 3640 3194 3697; x_wconf 87' lang='lat' dir='ltr'><strong>sibi</strong></span> <span class='ocrx_word' id='word_1_752' title='bbox 3241 3642 3584 3697; x_wconf 87' lang='lat' dir='ltr'><strong>commissum</strong></span> 
     </span>
    </p>
   </div>
   <div class='ocr_carea' id='block_1_99' title="bbox 2000 3727 3584 3800">
    <p class='ocr_par' dir='ltr' id='par_1_99' title="bbox 2000 3727 3584 3800">
     <span class='ocr_line' id='line_1_99' title="bbox 2000 3727 3584 3800; baseline 0.004 -19"><span class='ocrx_word' id='word_1_753' title='bbox 2000 3727 2281 3797; x_wconf 89' lang='lat' dir='ltr'><strong>imperium</strong></span> <span class='ocrx_word' id='word_1_754' title='bbox 2330 3728 2582 3785; x_wconf 87' lang='lat' dir='ltr'><strong>habebat.</strong></span> <span class='ocrx_word' id='word_1_755' title='bbox 2626 3730 2810 3800; x_wconf 85' lang='lat' dir='ltr'><strong>Neque</strong></span> <span class='ocrx_word' id='word_1_756' title='bbox 2858 3732 2999 3786; x_wconf 92' lang='lat' dir='ltr'><strong>enim</strong></span> <span class='ocrx_word' id='word_1_757' title='bbox 3040 3731 3334 3787; x_wconf 84' lang='lat' dir='ltr'><strong>Romanam</strong></span> <span class='ocrx_word' id='word_1_758' title='bbox 3379 3741 3584 3788; x_wconf 87' lang='lat' dir='ltr'><strong>tantum</strong></span> 
     </span>
    </p>
   </div>
   <div class='ocr_carea' id='block_1_100' title="bbox 1997 3818 3585 3890">
    <p class='ocr_par' dir='ltr' id='par_1_100' title="bbox 1997 3818 3585 3890">
     <span class='ocr_line' id='line_1_100' title="bbox 1997 3818 3585 3890; baseline 0.004 -17"><span class='ocrx_word' id='word_1_759' title='bbox 1997 3818 2275 3887; x_wconf 89' lang='lat' dir='ltr'><strong>ditionem,</strong></span> <span class='ocrx_word' id='word_1_760' title='bbox 2305 3820 2399 3875; x_wconf 93' lang='lat' dir='ltr'><strong>sed</strong></span> <span class='ocrx_word' id='word_1_761' title='bbox 2427 3822 2588 3877; x_wconf 91' lang='lat' dir='ltr'><strong>etiam</strong></span> <span class='ocrx_word' id='word_1_762' title='bbox 2617 3822 2872 3877; x_wconf 88' lang='lat' dir='ltr'><strong>barbaros</strong></span> <span class='ocrx_word' id='word_1_763' title='bbox 2901 3838 3110 3890; x_wconf 89' lang='lat' dir='ltr'><strong>omnes,</strong></span> <span class='ocrx_word' id='word_1_764' title='bbox 3141 3832 3338 3879; x_wconf 89' lang='lat' dir='ltr'><strong>terram</strong></span> <span class='ocrx_word' id='word_1_765' title='bbox 3359 3833 3414 3879; x_wconf 92' lang='lat' dir='ltr'><strong>et</strong></span> <span class='ocrx_word' id='word_1_766' title='bbox 3437 3839 3585 3879; x_wconf 87' lang='lat' dir='ltr'><strong>mare</strong></span> 
     </span>
    </p>
   </div>
   <div class='ocr_carea' id='block_1_101' title="bbox 1999 3911 3583 3983">
    <p class='ocr_par' dir='ltr' id='par_1_101' title="bbox 1999 3911 3583 3983">
     <span class='ocr_line' id='line_1_101' title="bbox 1999 3911 3583 3983; baseline 0.004 -18"><span class='ocrx_word' id='word_1_767' title='bbox 1999 3911 2053 3965; x_wconf 92' lang='lat' dir='ltr'><strong>in</strong></span> <span class='ocrx_word' id='word_1_768' title='bbox 2085 3927 2272 3967; x_wconf 88' lang='lat' dir='ltr'><strong>manus</strong></span> <span class='ocrx_word' id='word_1_769' title='bbox 2310 3912 2426 3983; x_wconf 89' lang='lat' dir='ltr'><strong>ejus</strong></span> <span class='ocrx_word' id='word_1_770' title='bbox 2471 3913 2765 3968; x_wconf 89' lang='lat' dir='ltr'><strong>tradiderat</strong></span> <span class='ocrx_word' id='word_1_771' title='bbox 2797 3914 2954 3969; x_wconf 92' lang='lat' dir='ltr'><strong>Deus.</strong></span> <span class='ocrx_word' id='word_1_772' title='bbox 3000 3915 3161 3983; x_wconf 83' lang='lat' dir='ltr'><strong>quue</strong></span> <span class='ocrx_word' id='word_1_773' title='bbox 3187 3915 3441 3970; x_wconf 77' lang='lat' dir='ltr'><strong>Romanis</strong></span> <span class='ocrx_word' id='word_1_774' title='bbox 3483 3915 3583 3971; x_wconf 83' lang='lat' dir='ltr'><strong>dc—</strong></span> 
     </span>
    </p>
   </div>
   <div class='ocr_carea' id='block_1_102' title="bbox 1998 4001 3581 4078">
    <p class='ocr_par' dir='ltr' id='par_1_102' title="bbox 1998 4001 3581 4078">
     <span class='ocr_line' id='line_1_102' title="bbox 1998 4001 3581 4078; baseline 0.003 -23"><span class='ocrx_word' id='word_1_775' title='bbox 1998 4001 2209 4058; x_wconf 86' lang='lat' dir='ltr'><strong>clarans</strong></span> <span class='ocrx_word' id='word_1_776' title='bbox 2235 4002 2488 4059; x_wconf 91' lang='lat' dir='ltr'><strong>dicebat:</strong></span> <span class='ocrx_word' id='word_1_777' title='bbox 2523 4003 2664 4058; x_wconf 88' lang='lat' dir='ltr'><strong>Nolo</strong></span> <span class='ocrx_word' id='word_1_778' title='bbox 2704 4014 2875 4059; x_wconf 90' lang='lat' dir='ltr'><strong>autem</strong></span> <span class='ocrx_word' id='word_1_779' title='bbox 2922 4022 3008 4059; x_wconf 90' lang='lat' dir='ltr'><strong>vos</strong></span> <span class='ocrx_word' id='word_1_780' title='bbox 3050 4006 3319 4076; x_wconf 89' lang='lat' dir='ltr'><strong>ignorare,</strong></span> <span class='ocrx_word' id='word_1_781' title='bbox 3362 4011 3581 4078; x_wconf 79' lang='lat' dir='ltr'><strong>fratres,</strong></span> 
     </span>
    </p>
   </div>
   <div class='ocr_carea' id='block_1_103' title="bbox 1996 4093 3584 4164">
    <p class='ocr_par' dir='ltr' id='par_1_103' title="bbox 1996 4093 3584 4164">
     <span class='ocr_line' id='line_1_103' title="bbox 1996 4093 3584 4164; baseline 0.003 -18"><span class='ocrx_word' id='word_1_782' title='bbox 1996 4094 2115 4164; x_wconf 90' lang='lat' dir='ltr'><strong>quia</strong></span> <span class='ocrx_word' id='word_1_783' title='bbox 2166 4108 2300 4164; x_wconf 67' lang='lat' dir='ltr'><strong>sirpe</strong></span> <span class='ocrx_word' id='word_1_784' title='bbox 2340 4094 2579 4163; x_wconf 88' lang='lat' dir='ltr'><strong>proposui</strong></span> <span class='ocrx_word' id='word_1_785' title='bbox 2619 4095 2786 4148; x_wconf 88' lang='lat' dir='ltr'><strong>venire</strong></span> <span class='ocrx_word' id='word_1_786' title='bbox 2828 4093 2896 4146; x_wconf 81' lang='lat' dir='ltr'><strong>ad</strong></span> <span class='ocrx_word' id='word_1_787' title='bbox 2937 4109 3056 4161; x_wconf 88' lang='lat' dir='ltr'><strong>vos,</strong></span> <span class='ocrx_word' id='word_1_788' title='bbox 3088 4105 3135 4148; x_wconf 92' lang='lat' dir='ltr'><strong>et</strong></span> <span class='ocrx_word' id='word_1_789' title='bbox 3162 4096 3442 4164; x_wconf 89' lang='lat' dir='ltr'><strong>prohibitus</strong></span> <span class='ocrx_word' id='word_1_790' title='bbox 3469 4113 3584 4150; x_wconf 83' lang='lat' dir='ltr'><strong>sum</strong></span> 
     </span>
    </p>
   </div>
   <div class='ocr_carea' id='block_1_104' title="bbox 1996 4184 3580 4257">
    <p class='ocr_par' dir='ltr' id='par_1_104' title="bbox 1996 4184 3580 4257">
     <span class='ocr_line' id='line_1_104' title="bbox 1996 4184 3580 4257; baseline 0 -17"><span class='ocrx_word' id='word_1_791' title='bbox 1996 4202 2152 4257; x_wconf 82' lang='lat' dir='ltr'><strong>usque</strong></span> <span class='ocrx_word' id='word_1_792' title='bbox 2180 4185 2349 4238; x_wconf 88' lang='lat' dir='ltr'><strong>adhuc</strong></span> <span class='ocrx_word' id='word_1_793' title='bbox 2366 4201 2387 4251; x_wconf 91' lang='lat'><strong>;</strong></span> <span class='ocrx_word' id='word_1_794' title='bbox 2416 4195 2470 4238; x_wconf 89' lang='lat' dir='ltr'><strong>ut</strong></span> <span class='ocrx_word' id='word_1_795' title='bbox 2495 4186 2717 4254; x_wconf 75' lang='lat' dir='ltr'><strong>aliquant</strong></span> <span class='ocrx_word' id='word_1_796' title='bbox 2758 4189 2981 4256; x_wconf 82' lang='lat' dir='ltr'><strong>fructum</strong></span> <span class='ocrx_word' id='word_1_797' title='bbox 3011 4184 3221 4239; x_wconf 87' lang='lat' dir='ltr'><strong>habeam</strong></span> <span class='ocrx_word' id='word_1_798' title='bbox 3247 4196 3293 4240; x_wconf 89' lang='lat' dir='ltr'><strong>et</strong></span> <span class='ocrx_word' id='word_1_799' title='bbox 3324 4188 3377 4240; x_wconf 90' lang='lat' dir='ltr'><strong>in</strong></span> <span class='ocrx_word' id='word_1_800' title='bbox 3411 4188 3580 4253; x_wconf 89' lang='lat' dir='ltr'><strong>vobis,</strong></span> 
     </span>
    </p>
   </div>
   <div class='ocr_carea' id='block_1_105' title="bbox 1997 4274 3583 4350">
    <p class='ocr_par' dir='ltr' id='par_1_105' title="bbox 1997 4274 3583 4350">
     <span class='ocr_line' id='line_1_105' title="bbox 1997 4274 3583 4350; baseline 0.001 -20"><span class='ocrx_word' id='word_1_801' title='bbox 1997 4278 2126 4331; x_wconf 88' lang='lat' dir='ltr'><strong>sicut</strong></span> <span class='ocrx_word' id='word_1_802' title='bbox 2151 4286 2196 4330; x_wconf 92' lang='lat' dir='ltr'><strong>et</strong></span> <span class='ocrx_word' id='word_1_803' title='bbox 2221 4277 2273 4329; x_wconf 88' lang='lat' dir='ltr'><strong>in</strong></span> <span class='ocrx_word' id='word_1_804' title='bbox 2299 4276 2489 4330; x_wconf 73' lang='lat' dir='ltr'><strong>ueteris</strong></span> <span class='ocrx_word' id='word_1_805' title='bbox 2517 4276 2743 4344; x_wconf 81' lang='lat' dir='ltr'><strong>gentibus</strong></span> <span class='ocrx_word' id='word_1_806' title='bbox 2770 4291 2788 4329; x_wconf 89' lang='lat'><strong>:</strong></span> <span class='ocrx_word' id='word_1_807' title='bbox 2816 4274 3003 4331; x_wconf 67' lang='lat' dir='ltr'><strong>Graecis</strong></span> <span class='ocrx_word' id='word_1_808' title='bbox 3033 4286 3079 4331; x_wconf 92' lang='lat' dir='ltr'><strong>et</strong></span> <span class='ocrx_word' id='word_1_809' title='bbox 3104 4276 3349 4343; x_wconf 86' lang='lat' dir='ltr'><strong>barbaris,</strong></span> <span class='ocrx_word' id='word_1_810' title='bbox 3380 4279 3583 4350; x_wconf 87' lang='lat' dir='ltr'><strong>sapien-</strong></span> 
     </span>
    </p>
   </div>
   <div class='ocr_carea' id='block_1_106' title="bbox 1998 4366 3581 4439">
    <p class='ocr_par' dir='ltr' id='par_1_106' title="bbox 1998 4366 3581 4439">
     <span class='ocr_line' id='line_1_106' title="bbox 1998 4366 3581 4439; baseline 0 -17"><span class='ocrx_word' id='word_1_811' title='bbox 1998 4369 2215 4439; x_wconf 36' lang='lat' dir='ltr'><strong>tibusAet</strong></span> <span class='ocrx_word' id='word_1_812' title='bbox 2250 4368 2598 4439; x_wconf 87' lang='lat' dir='ltr'><strong>insipientibus</strong></span> <span class='ocrx_word' id='word_1_813' title='bbox 2638 4366 2833 4420; x_wconf 88' lang='lat' dir='ltr'><strong>debitor</strong></span> <span class='ocrx_word' id='word_1_814' title='bbox 2868 4384 2979 4422; x_wconf 86' lang='lat' dir='ltr'><strong>sum</strong></span> <span class='ocrx_word' id='word_1_815' title='bbox 3026 4366 3213 4438; x_wconf 82' lang='lat' dir='ltr'><strong>(Rom.</strong></span> <span class='ocrx_word' id='word_1_816' title='bbox 3248 4370 3298 4423; x_wconf 91' lang='grc'><strong>1.</strong></span> <span class='ocrx_word' id='word_1_817' title='bbox 3332 4368 3415 4423; x_wconf 79' lang='grc'><strong>15.</strong></span> <span class='ocrx_word' id='word_1_818' title='bbox 3453 4368 3518 4422; x_wconf 72' lang='grc'><strong>14</strong></span> <span class='ocrx_word' id='word_1_819' title='bbox 3541 4372 3581 4438; x_wconf 93' lang='grc'><strong>).</strong></span> 
     </span>
    </p>
   </div>
   <div class='ocr_carea' id='block_1_107' title="bbox 1995 4430 3580 4532">
    <p class='ocr_par' dir='ltr' id='par_1_107' title="bbox 1995 4430 3580 4532">
     <span class='ocr_line' id='line_1_107' title="bbox 1995 4430 3580 4532; baseline -0.003 -15"><span class='ocrx_word' id='word_1_820' title='bbox 1995 4430 2241 4531; x_wconf 71' lang='lat' dir='ltr'><strong>Quotidie</strong></span> <span class='ocrx_word' id='word_1_821' title='bbox 2269 4430 2399 4532; x_wconf 75' lang='lat' dir='ltr'><strong>ergo</strong></span> <span class='ocrx_word' id='word_1_822' title='bbox 2427 4461 2687 4515; x_wconf 89' lang='lat' dir='ltr'><strong>sollicitus</strong></span> <span class='ocrx_word' id='word_1_823' title='bbox 2710 4469 2843 4525; x_wconf 89' lang='lat' dir='ltr'><strong>erat,</strong></span> <span class='ocrx_word' id='word_1_824' title='bbox 2863 4459 2987 4528; x_wconf 88' lang='lat' dir='ltr'><strong>quid</strong></span> <span class='ocrx_word' id='word_1_825' title='bbox 3009 4430 3290 4524; x_wconf 75' lang='lat' dir='ltr'><strong>Corinthii,</strong></span> <span class='ocrx_word' id='word_1_826' title='bbox 3318 4459 3443 4529; x_wconf 90' lang='lat' dir='ltr'><strong>quid</strong></span> <span class='ocrx_word' id='word_1_827' title='bbox 3464 4430 3580 4513; x_wconf 77' lang='lat' dir='ltr'><strong>Ma-</strong></span> 
     </span>
    </p>
   </div>
   <div class='ocr_carea' id='block_1_108' title="bbox 1997 4551 3580 4624">
    <p class='ocr_par' dir='ltr' id='par_1_108' title="bbox 1997 4551 3580 4624">
     <span class='ocr_line' id='line_1_108' title="bbox 1997 4551 3580 4624; baseline -0.003 -15"><span class='ocrx_word' id='word_1_828' title='bbox 1997 4553 2231 4609; x_wconf 90' lang='lat' dir='ltr'><strong>cedones</strong></span> <span class='ocrx_word' id='word_1_829' title='bbox 2259 4561 2481 4624; x_wconf 86' lang='lat' dir='ltr'><strong>agerent</strong></span> <span class='ocrx_word' id='word_1_830' title='bbox 2511 4569 2525 4609; x_wconf 95' lang='lat'><strong>:</strong></span> <span class='ocrx_word' id='word_1_831' title='bbox 2558 4552 2824 4622; x_wconf 90' lang='lat' dir='ltr'><strong>quomodo</strong></span> <span class='ocrx_word' id='word_1_832' title='bbox 2867 4551 3235 4622; x_wconf 86' lang='lat' dir='ltr'><strong>Philippenses</strong></span> <span class='ocrx_word' id='word_1_833' title='bbox 3257 4592 3273 4614; x_wconf 89' lang='lat'><strong>,</strong></span> <span class='ocrx_word' id='word_1_834' title='bbox 3310 4552 3580 4621; x_wconf 88' lang='lat' dir='ltr'><strong>quomodo</strong></span> 
     </span>
    </p>
   </div>
   <div class='ocr_carea' id='block_1_109' title="bbox 1994 4642 3580 4718">
    <p class='ocr_par' dir='ltr' id='par_1_109' title="bbox 1994 4642 3580 4718">
     <span class='ocr_line' id='line_1_109' title="bbox 1994 4642 3580 4718; baseline -0.004 -15"><span class='ocrx_word' id='word_1_835' title='bbox 1994 4647 2361 4718; x_wconf 88' lang='lat' dir='ltr'><strong>Cappadoces,</strong></span> <span class='ocrx_word' id='word_1_836' title='bbox 2379 4646 2646 4717; x_wconf 87' lang='lat' dir='ltr'><strong>quomodo</strong></span> <span class='ocrx_word' id='word_1_837' title='bbox 2664 4644 2884 4710; x_wconf 68' lang='lat' dir='ltr'><strong>Galatae,</strong></span> <span class='ocrx_word' id='word_1_838' title='bbox 2909 4644 3179 4715; x_wconf 91' lang='lat' dir='ltr'><strong>quomodo</strong></span> <span class='ocrx_word' id='word_1_839' title='bbox 3202 4642 3580 4710; x_wconf 85' lang='lat' dir='ltr'><strong>Athenienses,</strong></span> 
     </span>
    </p>
   </div>
   <div class='ocr_carea' id='block_1_110' title="bbox 1995 4733 3582 4810">
    <p class='ocr_par' dir='ltr' id='par_1_110' title="bbox 1995 4733 3582 4810">
     <span class='ocr_line' id='line_1_110' title="bbox 1995 4733 3582 4810; baseline -0.004 -17"><span class='ocrx_word' id='word_1_840' title='bbox 1995 4739 2267 4810; x_wconf 91' lang='lat' dir='ltr'><strong>quomodo</strong></span> <span class='ocrx_word' id='word_1_841' title='bbox 2290 4739 2517 4795; x_wconf 91' lang='lat' dir='ltr'><strong>Pontum</strong></span> <span class='ocrx_word' id='word_1_842' title='bbox 2548 4739 2863 4801; x_wconf 90' lang='lat' dir='ltr'><strong>incolentes,</strong></span> <span class='ocrx_word' id='word_1_843' title='bbox 2894 4734 3163 4806; x_wconf 90' lang='lat' dir='ltr'><strong>quomodo</strong></span> <span class='ocrx_word' id='word_1_844' title='bbox 3191 4749 3380 4789; x_wconf 89' lang='lat' dir='ltr'><strong>omnes</strong></span> <span class='ocrx_word' id='word_1_845' title='bbox 3408 4733 3582 4788; x_wconf 85' lang='lat' dir='ltr'><strong>homi-</strong></span> 
     </span>
    </p>
   </div>
   <div class='ocr_carea' id='block_1_111' title="bbox 1996 4827 3577 4896">
    <p class='ocr_par' dir='ltr' id='par_1_111' title="bbox 1996 4827 3577 4896">
     <span class='ocr_line' id='line_1_111' title="bbox 1996 4827 3577 4896; baseline -0.004 -9"><span class='ocrx_word' id='word_1_846' title='bbox 1996 4848 2091 4888; x_wconf 92' lang='lat' dir='ltr'><strong>nes</strong></span> <span class='ocrx_word' id='word_1_847' title='bbox 2125 4849 2184 4889; x_wconf 90' lang='lat' dir='ltr'><strong>se</strong></span> <span class='ocrx_word' id='word_1_848' title='bbox 2214 4832 2494 4887; x_wconf 89' lang='lat' dir='ltr'><strong>haberent.</strong></span> <span class='ocrx_word' id='word_1_849' title='bbox 2521 4834 2770 4886; x_wconf 88' lang='lat' dir='ltr'><strong>Attamen</strong></span> <span class='ocrx_word' id='word_1_850' title='bbox 2792 4872 2805 4894; x_wconf 90' lang='lat'><strong>,</strong></span> <span class='ocrx_word' id='word_1_851' title='bbox 2838 4845 2960 4886; x_wconf 93' lang='lat' dir='ltr'><strong>cum</strong></span> <span class='ocrx_word' id='word_1_852' title='bbox 2992 4829 3272 4884; x_wconf 89' lang='lat' dir='ltr'><strong>universus</strong></span> <span class='ocrx_word' id='word_1_853' title='bbox 3304 4828 3448 4883; x_wconf 89' lang='lat' dir='ltr'><strong>orbis</strong></span> <span class='ocrx_word' id='word_1_854' title='bbox 3476 4827 3577 4896; x_wconf 86' lang='lat' dir='ltr'><strong>ipsi</strong></span> 
     </span>
    </p>
   </div>
   <div class='ocr_carea' id='block_1_112' title="bbox 1995 4917 3582 4991">
    <p class='ocr_par' dir='ltr' id='par_1_112' title="bbox 1995 4917 3582 4991">
     <span class='ocr_line' id='line_1_112' title="bbox 1995 4917 3582 4991; baseline -0.004 -10"><span class='ocrx_word' id='word_1_855' title='bbox 1995 4924 2337 4981; x_wconf 92' lang='lat' dir='ltr'><strong>concreditus</strong></span> <span class='ocrx_word' id='word_1_856' title='bbox 2384 4932 2526 4979; x_wconf 90' lang='lat' dir='ltr'><strong>esset</strong></span> <span class='ocrx_word' id='word_1_857' title='bbox 2550 4961 2567 4988; x_wconf 90' lang='lat'><strong>,</strong></span> <span class='ocrx_word' id='word_1_858' title='bbox 2595 4938 2700 4978; x_wconf 90' lang='lat' dir='ltr'><strong>non</strong></span> <span class='ocrx_word' id='word_1_859' title='bbox 2734 4930 2936 4975; x_wconf 90' lang='lat' dir='ltr'><strong>tantum</strong></span> <span class='ocrx_word' id='word_1_860' title='bbox 2966 4920 3034 4975; x_wconf 91' lang='lat' dir='ltr'><strong>de</strong></span> <span class='ocrx_word' id='word_1_861' title='bbox 3061 4920 3308 4991; x_wconf 90' lang='lat' dir='ltr'><strong>gentibus</strong></span> <span class='ocrx_word' id='word_1_862' title='bbox 3332 4917 3582 4974; x_wconf 86' lang='lat' dir='ltr'><strong>omnibus</strong></span> 
     </span>
    </p>
   </div>
   <div class='ocr_carea' id='block_1_113' title="bbox 1995 5011 3577 5083">
    <p class='ocr_par' dir='ltr' id='par_1_113' title="bbox 1995 5011 3577 5083">
     <span class='ocr_line' id='line_1_113' title="bbox 1995 5011 3577 5083; baseline -0.004 -10"><span class='ocrx_word' id='word_1_863' title='bbox 1995 5028 2111 5073; x_wconf 88' lang='lat' dir='ltr'><strong>erat</strong></span> <span class='ocrx_word' id='word_1_864' title='bbox 2137 5017 2400 5073; x_wconf 90' lang='lat' dir='ltr'><strong>sollicitus</strong></span> <span class='ocrx_word' id='word_1_865' title='bbox 2428 5059 2443 5083; x_wconf 93' lang='lat'><strong>,</strong></span> <span class='ocrx_word' id='word_1_866' title='bbox 2474 5015 2568 5071; x_wconf 92' lang='lat' dir='ltr'><strong>sed</strong></span> <span class='ocrx_word' id='word_1_867' title='bbox 2614 5016 2775 5069; x_wconf 90' lang='lat' dir='ltr'><strong>etiam</strong></span> <span class='ocrx_word' id='word_1_868' title='bbox 2803 5014 2869 5069; x_wconf 91' lang='lat' dir='ltr'><strong>de</strong></span> <span class='ocrx_word' id='word_1_869' title='bbox 2895 5027 3002 5068; x_wconf 92' lang='lat' dir='ltr'><strong>uno</strong></span> <span class='ocrx_word' id='word_1_870' title='bbox 3036 5012 3282 5083; x_wconf 89' lang='lat' dir='ltr'><strong>qu0piam</strong></span> <span class='ocrx_word' id='word_1_871' title='bbox 3314 5011 3529 5066; x_wconf 91' lang='lat' dir='ltr'><strong>homine</strong></span> <span class='ocrx_word' id='word_1_872' title='bbox 3559 5027 3577 5066; x_wconf 90' lang='lat'><strong>:</strong></span> 
     </span>
    </p>
   </div>
   <div class='ocr_carea' id='block_1_114' title="bbox 1993 5100 3580 5178">
    <p class='ocr_par' dir='ltr' id='par_1_114' title="bbox 1993 5100 3580 5178">
     <span class='ocr_line' id='line_1_114' title="bbox 1993 5100 3580 5178; baseline -0.005 -14"><span class='ocrx_word' id='word_1_873' title='bbox 1993 5119 2049 5165; x_wconf 91' lang='lat' dir='ltr'><strong>et</strong></span> <span class='ocrx_word' id='word_1_874' title='bbox 2076 5123 2217 5164; x_wconf 89' lang='lat' dir='ltr'><strong>nunc</strong></span> <span class='ocrx_word' id='word_1_875' title='bbox 2258 5118 2473 5178; x_wconf 91' lang='lat' dir='ltr'><strong>propter</strong></span> <span class='ocrx_word' id='word_1_876' title='bbox 2500 5106 2807 5161; x_wconf 91' lang='lat' dir='ltr'><strong>Onesimum</strong></span> <span class='ocrx_word' id='word_1_877' title='bbox 2838 5102 3115 5173; x_wconf 88' lang='lat' dir='ltr'><strong>epistolam</strong></span> <span class='ocrx_word' id='word_1_878' title='bbox 3146 5100 3410 5168; x_wconf 85' lang='lat' dir='ltr'><strong>mittebat,</strong></span> <span class='ocrx_word' id='word_1_879' title='bbox 3438 5114 3580 5156; x_wconf 85' lang='lat' dir='ltr'><strong>nunc</strong></span> 
     </span>
    </p>
   </div>
   <div class='ocr_carea' id='block_1_115' title="bbox 1999 5192 3580 5271">
    <p class='ocr_par' dir='ltr' id='par_1_115' title="bbox 1999 5192 3580 5271">
     <span class='ocr_line' id='line_1_115' title="bbox 1999 5192 3580 5271; baseline -0.006 -14"><span class='ocrx_word' id='word_1_880' title='bbox 1999 5210 2215 5271; x_wconf 90' lang='lat' dir='ltr'><strong>propter</strong></span> <span class='ocrx_word' id='word_1_881' title='bbox 2259 5216 2383 5255; x_wconf 88' lang='lat' dir='ltr'><strong>eum</strong></span> <span class='ocrx_word' id='word_1_882' title='bbox 2410 5241 2423 5262; x_wconf 91' lang='lat'><strong>,</strong></span> <span class='ocrx_word' id='word_1_883' title='bbox 2469 5199 2557 5269; x_wconf 92' lang='lat' dir='ltr'><strong>qui</strong></span> <span class='ocrx_word' id='word_1_884' title='bbox 2605 5196 2747 5267; x_wconf 90' lang='lat' dir='ltr'><strong>apud</strong></span> <span class='ocrx_word' id='word_1_885' title='bbox 2793 5193 3098 5252; x_wconf 89' lang='lat' dir='ltr'><strong>Corinthios</strong></span> <span class='ocrx_word' id='word_1_886' title='bbox 3122 5192 3413 5248; x_wconf 82' lang='lat' dir='ltr'><strong>fornicatus</strong></span> <span class='ocrx_word' id='word_1_887' title='bbox 3441 5199 3580 5248; x_wconf 81' lang='lat' dir='ltr'><strong>erat.</strong></span> 
     </span>
    </p>
   </div>
   <div class='ocr_carea' id='block_1_116' title="bbox 1994 5283 3576 5364">
    <p class='ocr_par' dir='ltr' id='par_1_116' title="bbox 1994 5283 3576 5364">
     <span class='ocr_line' id='line_1_116' title="bbox 1994 5283 3576 5364; baseline -0.008 -15"><span class='ocrx_word' id='word_1_888' title='bbox 1994 5293 2176 5364; x_wconf 89' lang='lat' dir='ltr'><strong>Neque</strong></span> <span class='ocrx_word' id='word_1_889' title='bbox 2201 5293 2344 5348; x_wconf 92' lang='lat' dir='ltr'><strong>enim</strong></span> <span class='ocrx_word' id='word_1_890' title='bbox 2374 5292 2475 5346; x_wconf 86' lang='lat' dir='ltr'><strong>hoc</strong></span> <span class='ocrx_word' id='word_1_891' title='bbox 2503 5288 2895 5352; x_wconf 85' lang='lat' dir='ltr'><strong>considerabat,</strong></span> <span class='ocrx_word' id='word_1_892' title='bbox 2921 5286 3064 5357; x_wconf 87' lang='lat' dir='ltr'><strong>quod</strong></span> <span class='ocrx_word' id='word_1_893' title='bbox 3088 5299 3225 5341; x_wconf 87' lang='lat' dir='ltr'><strong>unus</strong></span> <span class='ocrx_word' id='word_1_894' title='bbox 3252 5293 3394 5340; x_wconf 90' lang='lat' dir='ltr'><strong>esset</strong></span> <span class='ocrx_word' id='word_1_895' title='bbox 3418 5283 3464 5338; x_wconf 90' lang='lat' dir='ltr'><strong>is</strong></span> <span class='ocrx_word' id='word_1_896' title='bbox 3485 5283 3576 5351; x_wconf 90' lang='lat' dir='ltr'><strong>qui</strong></span> 
     </span>
    </p>
   </div>
   <div class='ocr_carea' id='block_1_117' title="bbox 1997 5374 3575 5455">
    <p class='ocr_par' dir='ltr' id='par_1_117' title="bbox 1997 5374 3575 5455">
     <span class='ocr_line' id='line_1_117' title="bbox 1997 5374 3575 5455; baseline -0.01 -15"><span class='ocrx_word' id='word_1_897' title='bbox 1997 5392 2327 5455; x_wconf 89' lang='lat' dir='ltr'><strong>peccaverat,</strong></span> <span class='ocrx_word' id='word_1_898' title='bbox 2350 5393 2403 5437; x_wconf 90' lang='lat' dir='ltr'><strong>et</strong></span> <span class='ocrx_word' id='word_1_899' title='bbox 2429 5381 2724 5452; x_wconf 88' lang='lat' dir='ltr'><strong>patrocinio</strong></span> <span class='ocrx_word' id='word_1_900' title='bbox 2751 5386 2964 5448; x_wconf 88' lang='lat' dir='ltr'><strong>egeret,</strong></span> <span class='ocrx_word' id='word_1_901' title='bbox 2998 5376 3092 5433; x_wconf 91' lang='lat' dir='ltr'><strong>sed</strong></span> <span class='ocrx_word' id='word_1_902' title='bbox 3121 5374 3263 5445; x_wconf 91' lang='lat' dir='ltr'><strong>quod</strong></span> <span class='ocrx_word' id='word_1_903' title='bbox 3290 5374 3451 5428; x_wconf 87' lang='lat' dir='ltr'><strong>homo</strong></span> <span class='ocrx_word' id='word_1_904' title='bbox 3480 5386 3575 5427; x_wconf 84' lang='lat' dir='ltr'><strong>es-</strong></span> 
     </span>
    </p>
   </div>
   <div class='ocr_carea' id='block_1_118' title="bbox 1994 5465 3571 5544">
    <p class='ocr_par' dir='ltr' id='par_1_118' title="bbox 1994 5465 3571 5544">
     <span class='ocr_line' id='line_1_118' title="bbox 1994 5465 3571 5544; baseline -0.009 -11"><span class='ocrx_word' id='word_1_905' title='bbox 1994 5487 2078 5533; x_wconf 88' lang='lat' dir='ltr'><strong>set</strong></span> <span class='ocrx_word' id='word_1_906' title='bbox 2102 5495 2116 5531; x_wconf 92' lang='lat'><strong>:</strong></span> <span class='ocrx_word' id='word_1_907' title='bbox 2145 5476 2338 5541; x_wconf 92' lang='lat' dir='ltr'><strong>homo,</strong></span> <span class='ocrx_word' id='word_1_908' title='bbox 2369 5476 2585 5544; x_wconf 88' lang='lat' dir='ltr'><strong>inquam</strong></span> <span class='ocrx_word' id='word_1_909' title='bbox 2608 5513 2621 5535; x_wconf 86' lang='lat'><strong>,</strong></span> <span class='ocrx_word' id='word_1_910' title='bbox 2652 5470 3094 5542; x_wconf 87' lang='lat' dir='ltr'><strong>pretiosissimum</strong></span> <span class='ocrx_word' id='word_1_911' title='bbox 3123 5470 3231 5523; x_wconf 91' lang='lat' dir='ltr'><strong>Deo</strong></span> <span class='ocrx_word' id='word_1_912' title='bbox 3255 5465 3484 5530; x_wconf 86' lang='lat' dir='ltr'><strong>animal,</strong></span> <span class='ocrx_word' id='word_1_913' title='bbox 3510 5472 3571 5520; x_wconf 85' lang='lat' dir='ltr'><strong>et</strong></span> 
     </span>
    </p>
   </div>
   <div class='ocr_carea' id='block_1_119' title="bbox 1996 5558 3284 5639">
    <p class='ocr_par' dir='ltr' id='par_1_119' title="bbox 1996 5558 3284 5639">
     <span class='ocr_line' id='line_1_119' title="bbox 1996 5558 3284 5639; baseline -0.009 -15"><span class='ocrx_word' id='word_1_914' title='bbox 1996 5576 2211 5639; x_wconf 90' lang='lat' dir='ltr'><strong>propter</strong></span> <span class='ocrx_word' id='word_1_915' title='bbox 2236 5583 2394 5638; x_wconf 94' lang='lat' dir='ltr'><strong>quem</strong></span> <span class='ocrx_word' id='word_1_916' title='bbox 2417 5567 2574 5621; x_wconf 90' lang='lat' dir='ltr'><strong>Pater</strong></span> <span class='ocrx_word' id='word_1_917' title='bbox 2603 5565 2736 5619; x_wconf 84' lang='lat' dir='ltr'><strong>Filio</strong></span> <span class='ocrx_word' id='word_1_918' title='bbox 2769 5577 2866 5619; x_wconf 92' lang='lat' dir='ltr'><strong>suo</strong></span> <span class='ocrx_word' id='word_1_919' title='bbox 2891 5578 2998 5617; x_wconf 90' lang='lat' dir='ltr'><strong>non</strong></span> <span class='ocrx_word' id='word_1_920' title='bbox 3026 5558 3284 5632; x_wconf 87' lang='lat' dir='ltr'><strong>pepercit.</strong></span> 
     </span>
    </p>
   </div>
   <div class='ocr_carea' id='block_1_120' title="bbox 2065 5647 3566 5726">
    <p class='ocr_par' dir='ltr' id='par_1_120' title="bbox 2065 5647 3566 5726">
     <span class='ocr_line' id='line_1_120' title="bbox 2065 5647 3566 5726; baseline -0.013 -10"><span class='ocrx_word' id='word_1_921' title='bbox 2065 5661 2119 5716; x_wconf 84' lang='lat'><strong>5.</strong></span> <span class='ocrx_word' id='word_1_922' title='bbox 2148 5659 2225 5715; x_wconf 89' lang='lat' dir='ltr'><strong>Ne</strong></span> <span class='ocrx_word' id='word_1_923' title='bbox 2253 5659 2380 5714; x_wconf 86' lang='lat' dir='ltr'><strong>mihi</strong></span> <span class='ocrx_word' id='word_1_924' title='bbox 2412 5658 2609 5711; x_wconf 82' lang='lat' dir='ltr'><strong>dixeris</strong></span> <span class='ocrx_word' id='word_1_925' title='bbox 2638 5654 2782 5726; x_wconf 92' lang='lat' dir='ltr'><strong>quod</strong></span> <span class='ocrx_word' id='word_1_926' title='bbox 2814 5654 2902 5711; x_wconf 91' lang='lat' dir='ltr'><strong>ille</strong></span> <span class='ocrx_word' id='word_1_927' title='bbox 2927 5651 3210 5723; x_wconf 82' lang='lat' dir='ltr'><strong>fugitivus,</strong></span> <span class='ocrx_word' id='word_1_928' title='bbox 3240 5647 3381 5718; x_wconf 85' lang='lat' dir='ltr'><strong>quod</strong></span> <span class='ocrx_word' id='word_1_929' title='bbox 3410 5647 3566 5708; x_wconf 84' lang='lat' dir='ltr'><strong>latro,</strong></span> 
     </span>
    </p>
   </div>
   <div class='ocr_carea' id='block_1_121' title="bbox 1996 5737 3561 5825">
    <p class='ocr_par' dir='ltr' id='par_1_121' title="bbox 1996 5737 3561 5825">
     <span class='ocr_line' id='line_1_121' title="bbox 1996 5737 3561 5825; baseline -0.012 -16"><span class='ocrx_word' id='word_1_930' title='bbox 1996 5752 2138 5825; x_wconf 92' lang='lat' dir='ltr'><strong>quod</strong></span> <span class='ocrx_word' id='word_1_931' title='bbox 2164 5750 2263 5822; x_wconf 80' lang='lat' dir='ltr'><strong>iur,</strong></span> <span class='ocrx_word' id='word_1_932' title='bbox 2289 5759 2343 5810; x_wconf 91' lang='lat' dir='ltr'><strong>et</strong></span> <span class='ocrx_word' id='word_1_933' title='bbox 2369 5750 2661 5808; x_wconf 87' lang='lat' dir='ltr'><strong>innumeris</strong></span> <span class='ocrx_word' id='word_1_934' title='bbox 2681 5756 2905 5805; x_wconf 89' lang='lat' dir='ltr'><strong>onustus</strong></span> <span class='ocrx_word' id='word_1_935' title='bbox 2931 5745 3105 5812; x_wconf 89' lang='lat' dir='ltr'><strong>vitiis;</strong></span> <span class='ocrx_word' id='word_1_936' title='bbox 3139 5741 3222 5798; x_wconf 91' lang='lat' dir='ltr'><strong>vel</strong></span> <span class='ocrx_word' id='word_1_937' title='bbox 3242 5737 3383 5812; x_wconf 87' lang='lat' dir='ltr'><strong>quod</strong></span> <span class='ocrx_word' id='word_1_938' title='bbox 3408 5752 3561 5793; x_wconf 88' lang='lat' dir='ltr'><strong>men—</strong></span> 
     </span>
    </p>
   </div>
  </div>
