4020 6370
417 333 528 390 διδ

421 445 595 508 dicus.
624 445 892 516 abiectus.
918 445 1037 501 vilis
1064 457 1119 502 et
1148 447 1344 502 nullius
1371 449 1526 517 pretii
1548 448 1678 504 :sed
1705 449 1880 518 cogita
1906 463 2004 518 pro

417 535 511 590 illo
535 534 815 592 Christum
840 546 1114 592 mortuum
1148 555 1269 594 esse
1291 579 1306 604 ,
1348 540 1508 610 idque
1545 540 1640 596 tibi
1669 543 1802 596 satis
1826 551 1908 595 est
1935 540 2004 594 ad

417 640 634 680 omnem
654 627 1054 696 suscipiendam
1083 643 1286 684 curam.
1309 629 1494 700 Cogita
1523 645 1680 700 quem
1703 645 1824 687 esse
1847 645 2009 700 opor-

420 726 533 776 teat
557 734 683 775 eum
731 730 890 785 quem
932 717 1179 775 Christus
1216 721 1295 776 sic
1337 721 1700 786 honoraverit,
1731 731 1790 777 ut
1831 736 2007 791 neque

417 811 664 880 sanguini
695 824 793 866 suo
819 814 1133 881 pepercerit.
1156 813 1342 883 Neque
1369 815 1534 878 enim,
1571 814 1617 870 si
1656 829 1750 869 rex
1788 829 1884 884 pro
1904 813 2007 867 ali-

421 917 528 971 quo
565 917 688 959 sese
719 903 996 960 immolare
1029 905 1230 972 vellet,
1272 907 1415 962 aliud
1454 923 1818 978 quaereremus
1844 922 2007 977 argu-

421 1002 684 1058 mentum,
713 995 856 1065 quod
885 1011 1108 1064 magnus
1135 998 1223 1052 ille
1244 1009 1421 1065 esset,
1444 999 1660 1068 regique
1679 998 2005 1063 carissimus,

422 1097 480 1140 ut
506 1102 605 1157 ego
631 1089 846 1158 quidem
874 1091 1124 1144 existimo
1155 1109 1170 1146 :
1205 1107 1350 1146 mors
1376 1093 1568 1162 quippe
1598 1093 1727 1148 satis
1763 1103 1907 1147 esset
1941 1093 2009 1146 ad

421 1180 800 1234 declarandum
841 1180 956 1252 ejus
985 1183 1075 1253 qui
1107 1195 1334 1240 mortem
1383 1185 1680 1255 susciperet
1706 1199 1832 1255 erga
1863 1185 2009 1240 illum

422 1271 690 1324 allectum.
720 1271 837 1326 Jam
866 1289 994 1328 vero
1024 1291 1130 1328 non
1162 1275 1354 1342 homo,
1384 1293 1486 1332 non
1517 1277 1754 1347 angelus,
1790 1292 1893 1331 non
1917 1293 2009 1332 ar-

423 1360 743 1431 changelus,
775 1364 868 1418 sed
897 1365 1012 1433 ipse
1037 1367 1292 1421 cariorum
1327 1369 1600 1434 Dominus,
1629 1369 1742 1439 ipse
1767 1370 2013 1439 unigeni-

424 1462 509 1508 tus
554 1455 718 1510 Filius
763 1456 854 1511 Dei
905 1473 1068 1514 carne
1113 1459 1328 1516 indutus
1371 1461 1606 1531 scipsum
1655 1461 1871 1516 tradidit
1915 1477 2013 1531 pro

425 1547 602 1601 nobis.
631 1550 823 1602 Annon
857 1549 1018 1620 igitur
1041 1552 1219 1606 omnia
1251 1551 1540 1617 faciemus,
1571 1553 1750 1608 omnia
1780 1553 2009 1607 tentabi-

426 1653 566 1705 mus,
591 1649 649 1694 ut
679 1639 922 1695 homines
954 1650 1100 1696 tanto
1127 1642 1300 1696 aﬂ‘ecti
1331 1642 1536 1699 honore
1563 1653 1744 1698 nostra
1771 1643 2014 1698 fruantur

428 1745 555 1786 cura
587 1741 642 1786 et
669 1733 1067 1789 sollicitudine?
1094 1735 1327 1805 Ecquam
1369 1736 1684 1792 habebimus
1709 1739 2013 1793 excusatio-

429 1822 595 1876 nem?
621 1837 778 1892 quam
806 1826 1056 1880 veniam?
1087 1827 1201 1880 Hoc
1227 1827 1400 1896 ipsum
1430 1827 1628 1883 Paulus
1657 1827 1900 1883 indicans
1933 1828 2015 1883 di-

425 1914 580 1968 cebat
603 1931 616 1967 :
643 1913 726 1968 Ne
762 1915 874 1968 cibo
913 1926 1000 1969 tuo
1038 1917 1184 1970 illum
1215 1917 1432 1986 perdas,
1466 1926 1668 1987 prapter
1693 1934 1839 1988 quem
1860 1915 2013 1972 Chri-

425 2015 532 2059 stus
557 2016 786 2060 mortuus
807 2016 880 2060 est
911 2008 1101 2079 (Rom.
1132 2010 1218 2064 14.
1246 2009 1374 2080 15).
1404 2009 1510 2063 Eos
1535 2009 1679 2064 enim
1704 2009 1795 2079 qui
1825 2009 2016 2064 fratres

426 2108 690 2164 spernunt
717 2107 770 2153 et
797 2108 1067 2168 tamquam
1098 2099 1342 2155 intirmos
1371 2101 1674 2170 despiciunt
1699 2111 1758 2156 ut
1794 2101 2016 2171 pudefa-

425 2189 535 2244 ciat
556 2231 572 2256 ,
604 2199 659 2244 et
685 2191 752 2245 ad
778 2193 1219 2278 proximi'curam
1247 2193 1589 2264 studiumque
1617 2193 1867 2260 inducat,
1899 2196 2016 2251 vice

427 2286 670 2340 omnium
711 2297 937 2342 mortem
971 2288 1184 2342 Domini
1229 2289 1428 2358 posuit.
1459 2288 1539 2344 Ex
1572 2299 1719 2344 tanto
1748 2290 1909 2360 igitur
1938 2289 2019 2343 in-

427 2378 654 2432 tervallo
699 2378 752 2433 in
791 2394 1010 2434 carcere
1057 2380 1255 2435 sedens
1304 2379 1733 2450 Philippensibus
1776 2381 2012 2451 scripsit.

427 2465 576 2522 Talis
605 2467 803 2538 quippe
825 2480 909 2524 est
938 2470 1133 2525 caritas
1156 2485 1280 2540 erga
1311 2470 1512 2536 Deum;
1543 2472 1702 2527 nullis
1734 2474 1893 2528 rebus
1922 2475 2020 2527 im-

429 2557 646 2626 peditur
675 2560 941 2623 humanis,
968 2569 1152 2630 utpote
1177 2576 1296 2631 qute
1320 2561 1373 2615 in
1401 2562 1547 2616 caelis
1567 2562 1799 2619 radicem
1829 2563 2021 2620 haheat

431 2657 488 2702 et
534 2652 1042 2707 remunerationem.
1093 2653 1158 2707 Et
1203 2653 1328 2723 quid
1376 2653 1710 2709 dicit?Scire
1747 2671 1834 2710 vos
1868 2658 2016 2725 eota,

429 2740 613 2810 fratres
645 2740 898 2813 (Philipp.
927 2744 976 2797 1.
1013 2741 1122 2815 12).
1148 2745 1390 2800 Vidistin’
1410 2762 1590 2801 curam
1617 2762 1748 2819 erga
1780 2749 2015 2820 discipu-

432 2831 552 2886 los?
585 2833 817 2888 vidistin’
845 2836 1081 2904 magistri
1129 2837 1587 2894 sollicitudinem?
1615 2841 1748 2895 Audi
1792 2851 1847 2896 et
1883 2842 2018 2896 all'e-

432 2931 576 2978 ctum
602 2924 984 2994 discipuloruni
1008 2942 1130 2998 erga
1155 2929 1487 2998 magistrum,
1517 2940 1575 2985 ut
1594 2931 1731 2987 scias
1755 2931 1876 2986 ideo
1899 2933 2019 2988 illos

431 3014 598 3071 fortes
631 3017 960 3088 invictosque
990 3019 1170 3084 fuisse,
1203 3020 1344 3090 quod
1369 3033 1552 3076 mutuo
1575 3039 1758 3079 amore
1787 3023 2017 3080 devincti

432 3117 631 3161 essent.
661 3107 792 3162 Nam
823 3111 866 3163 si
897 3109 1082 3164 Frater
1118 3113 1205 3182 qui
1244 3113 1518 3181 adjuvetur
1563 3132 1596 3168 a
1642 3120 1830 3184 fratre,
1878 3119 2021 3188 quasi

434 3198 608 3254 civitas
638 3201 785 3268 ﬁrma
810 3201 992 3273 (Prov.
1023 3204 1110 3260 18.
1136 3205 1250 3276 19),
1283 3207 1450 3260 multo
1477 3210 1643 3277 magis
1675 3218 1750 3263 tot
1777 3209 2020 3266 homines

435 3293 672 3347 caritatis
701 3294 929 3350 vinculis
957 3298 1230 3352 constricti
1257 3339 1271 3363 ,
1301 3315 1488 3355 omnes
1515 3300 1785 3370 depellant
1804 3303 2020 3373 maligni

437 3382 694 3438 temonis
725 3385 962 3441 insidias.
987 3387 1149 3443 Certe
1178 3391 1317 3458 quod
1349 3390 1544 3445 Paulus
1576 3392 1852 3447 devinctus
1878 3403 2022 3448 esset

435 3470 750 3540 discipulis,
793 3491 899 3529 non
940 3492 1075 3546 opus
1119 3489 1202 3532 est
1247 3479 1618 3536 demonstrare
1671 3484 1753 3538 vel
1806 3483 2017 3549 dicere,

437 3565 653 3634 quando
684 3568 842 3621 etiam
877 3570 1098 3624 vinculis
1125 3574 1443 3628 constrictus
1472 3575 1680 3630 illorum
1708 3577 2024 3632 sollicitudi-

436 3673 561 3710 nem
587 3658 823 3724 gerebat,
857 3669 913 3715 et
938 3663 1172 3730 quotidie
1200 3679 1298 3734 pro
1330 3665 1431 3720 illis
1459 3667 1805 3737 moriebatur,
1835 3670 2020 3725 inccn-

437 3762 528 3800 SIIS
557 3763 760 3804 amore.

427 3855 430 3858 ’
511 3838 564 3892 6.
597 3838 746 3904 Quod
781 3856 908 3895 vero
947 3841 1192 3912 discipuli
1234 3845 1398 3901 Paulo
1436 3860 1619 3904 essent
1653 3852 1799 3905 omni
1846 3852 2023 3906 studio

439 3929 703 3996 devincti,
746 3949 850 3987 nan
898 3935 992 3988 viri
1035 3937 1238 4001 solum,
1281 3939 1376 3993 sed
1414 3942 1572 3993 etiam
1601 3942 1870 4008 mulieres,
1899 3945 2022 3998 audi

439 4022 566 4093 quid
595 4025 732 4077 dicat
757 4025 824 4080 de
856 4026 1054 4082 thbe
1081 4045 1092 4081 :
1125 4028 1429 4084 Commendo
1450 4032 1587 4086 vobis
1615 4032 1851 4089 Pltmbem
1879 4053 2020 4090 soro-

440 4132 582 4180 rem,
610 4133 723 4187 qua:
748 4119 797 4171 in
825 4120 1098 4173 ministerio
1139 4130 1212 4174 est
1241 4120 1511 4187 Erclesite,
1551 4141 1663 4194 qua:
1697 4135 1771 4179 est
1807 4127 1860 4180 in
1895 4126 2024 4181 Cen-

440 4211 622 4272 chreis,
661 4221 714 4263 ut
741 4229 852 4264 eam
883 4214 1167 4280 suscipiatis
1207 4215 1259 4266 in
1286 4211 1506 4268 Domino
1545 4217 1698 4284 digne
1723 4218 1909 4271 sanctis
1929 4261 1942 4283 ,
1976 4229 2023 4272 ct

439 4302 689 4355 assistatis
713 4304 757 4356 ei
787 4304 836 4355 in
858 4320 1168 4374 quocumque
1194 4307 1391 4374 negotio
1411 4308 1556 4360 vestri
1582 4308 1853 4377 indiguerit
1871 4350 1885 4372 ,
1914 4325 2025 4379 qua:

443 4395 637 4448 adstitit
681 4395 881 4462 multis,
923 4405 968 4448 et
1010 4396 1133 4448 mihi
1159 4396 1257 4465 ipsi
1283 4395 1468 4466 (Rom.
1501 4399 1586 4452 16.
1621 4400 1672 4453 1.
1700 4399 1791 4468 2).
1825 4399 2023 4472 Yerum

447 4487 534 4542 hic
568 4487 706 4542 circa
747 4488 1096 4555 patrocinium
1133 4498 1332 4542 tantum
1375 4489 1539 4559 ipsius
1575 4491 1751 4545 studio
1783 4492 2024 4546 testimo-

444 4578 592 4631 nium
623 4577 768 4630 dedit
794 4595 807 4630 :
835 4577 1070 4631 Priscilla
1100 4594 1228 4632 vero
1264 4589 1319 4632 et
1353 4580 1545 4648 Aquila
1581 4595 1748 4650 usque
1777 4581 1842 4635 ad
1874 4597 2020 4634 mor-

447 4679 555 4722 tem
604 4667 751 4722 Pauli
794 4671 959 4737 gratia
1007 4680 1401 4738 processerunt.
1450 4671 1523 4724 De
1561 4671 1666 4726 illis
1705 4683 1881 4727 autem
1923 4673 2026 4728 hoc

446 4760 608 4816 modo
633 4761 818 4816 scribit
841 4779 854 4814 :
888 4759 1129 4814 Salutant
1153 4775 1238 4814 vos
1267 4761 1449 4829 Aquila
1477 4771 1522 4814 et
1549 4760 1808 4829 Priscilla,
1830 4765 1914 4832 qui
1935 4780 2026 4832 pro

445 4851 615 4904 anima
648 4867 759 4904 mea
791 4851 1027 4904 cervicem
1062 4866 1208 4904 suam
1242 4861 1610 4920 supposuerunt
1645 4853 1833 4924 (Rom.
1858 4855 1946 4909 16.
1969 4856 2023 4909 5.

447 4943 503 5014 4)
528 4943 624 5014 (a),
641 4944 707 4998 ad
732 4955 956 4999 mortem
979 4944 1245 4999 videlicet.
1272 4946 1345 4999 De
1363 4945 1466 4998 alio
1486 4962 1698 5016 quoque
1723 4949 1799 5002 sic
1819 4948 1884 5002 ad
1909 4949 2026 5003 illos

449 5036 668 5090 scribit:
701 5035 870 5104 Usque
911 5036 978 5088 ad
1015 5047 1226 5090 mortem
1271 5039 1508 5098 accessit,
1555 5037 1758 5090 tradens
1806 5040 2028 5091 animam

449 5143 614 5188 suam,
644 5136 696 5178 ut
726 5128 951 5196 impleret
975 5127 1049 5189 id,
1074 5127 1208 5196 quod
1233 5143 1296 5179 ea:
1315 5127 1450 5180 vobis
1477 5127 1646 5180 deerat
1672 5144 1790 5198 ergo
1825 5145 1903 5181 me
1939 5131 2028 5183 ob-a

449 5217 672 5284 sequium
701 5215 954 5286 (Philipp.
983 5217 1037 5270 Ξ.
1065 5217 1180 5286 50).
1214 5217 1403 5271 Vidcn’
1429 5219 1694 5286 quomodo
1715 5221 2024 5289 magistrum

448 5309 770 5376 diligerent,
802 5308 1067 5376 quomodo
1097 5310 1278 5378 prius,
1309 5325 1466 5378 quam
1497 5312 1688 5363 animae
1731 5325 1841 5364 suae
1865 5350 1879 5376 ,
1911 5310 2027 5379 ejus

449 5397 816 5467 tranquillitati
864 5400 1271 5467 prospicerent?
1315 5399 1670 5466 Quamobrem
1710 5416 1867 5455 netno
1905 5411 2028 5455 tunc

449 5488 568 5542 illos
622 5489 926 5558 superabat.
979 5489 1105 5544 llaec
1154 5505 1315 5560 porro
1365 5490 1523 5555 dico,
1576 5506 1681 5544 non
1737 5500 1794 5544 ut
1841 5491 2028 5545 audia-

453 5593 569 5632 mus
597 5587 819 5643 tantum,
853 5579 946 5634 sed
971 5583 1128 5635 etiam
1157 5591 1216 5635 ut
1244 5581 1552 5636 imitemur:
1585 5597 1759 5653 neque
1797 5582 2024 5637 subditis

453 5678 661 5726 tantum
689 5674 898 5742 loquor,
929 5672 1021 5726 sed
1051 5673 1209 5727 etiam
1245 5674 1637 5742 magistratibus
1662 5691 1676 5736 ;
1706 5682 1759 5726 ut
1787 5673 2028 5743 discipuli

519 5788 591 5849 (α)
621 5795 730 5838 ηαξ.
749 5787 978 5839 dilferunt
1001 5801 1024 5835 a
1050 5793 1190 5836 textu
1219 5787 1434 5847 epistolae
1459 5786 1516 5835 ad
1542 5794 1788 5837 Romanos.

1140 331 1200 388 S.
1228 331 1507 388 JOANNIS
1541 333 2024 391 CHRYSOSTOMI
2053 333 2372 392 ARCHIEP.
2410 333 2949 390 CONSTANTINOP.

3589 330 3697 388 518

2110 446 2329 501 multam
2355 462 2482 517 erga
2511 458 2797 516 magistros
2819 462 3004 501 curam
3035 443 3350 508 exhibeant,
3387 453 3554 515 utque
3579 461 3699 499 ma-

2109 538 2261 607 gistri
2300 539 2550 593 eumdem
2593 554 2751 607 quem
2797 537 2993 593 Paulus
3031 553 3157 608 erga
3181 537 3418 592 subditos
3447 537 3699 592 aﬂectum

2113 629 2364 697 habeant,
2397 645 2496 685 nec
2517 630 2692 684 solum
2723 639 3044 699 prtesentes,
3075 629 3171 684 sed
3201 630 3360 683 etiam
3386 630 3572 699 procul
3600 646 3699 698 po-

2111 723 2266 778 sitos.
2298 723 2572 793 Siquidem
2601 723 2799 778 Paulus
2822 738 2888 777 ac
2911 723 2955 776 si
2985 723 3036 776 in
3078 731 3188 776 toto
3213 721 3344 777 orbe
3370 737 3468 776 ceu
3497 736 3602 776 una
3643 724 3699 778 in

2112 814 2274 870 domo
2301 815 2584 881 habitaret,
2613 815 2692 870 sic
2719 815 2787 869 de
2815 815 3055 870 omnium
3081 815 3252 870 salute
3280 813 3537 869 sollicitus
3559 824 3699 882 erat,

2112 909 2398 979 missisque
2425 909 2648 963 vinculis
2673 910 2784 962 suis
2804 948 2819 972 ,
2851 907 3103 962 aerumnis
3122 948 3138 972 ,
3177 907 3344 978 plagis
3366 948 3382 973 ,
3404 909 3662 978 angustiis
3681 949 3699 972 ,

2114 998 2491 1054 considerabat
2529 1007 2585 1055 et
2629 999 3002 1054 sciscitabatur
3049 999 3304 1068 quotidie,
3343 998 3613 1070 quomodo
3640 1014 3703 1055 se

2117 1088 2378 1145 haberent
2401 1105 2482 1154 ea,
2519 1105 2640 1160 qute
2669 1090 2736 1144 ad
2763 1089 3053 1158 discipulos
3074 1090 3422 1159 Spectabant:
3452 1105 3702 1160 stepcque

2117 1181 2201 1234 illa
2229 1182 2400 1236 solum
2426 1182 2493 1236 de
2521 1197 2681 1237 causa
2708 1182 2974 1242 mittebat,
3001 1197 3142 1238 tiuuc
3161 1182 3500 1238 Timothequ
3517 1225 3532 1252 ,
3560 1199 3703 1238 nunc

2116 1275 2408 1346 Tychicum
2435 1292 2448 1328 :
2480 1290 2602 1329 nam
2627 1275 2696 1330 de
2719 1275 2822 1330 hoc
2856 1275 3071 1346 quidem
3099 1277 3174 1330 ait
3202 1293 3217 1330 :
3249 1275 3320 1331 Ut
3345 1278 3472 1331 sdat
3493 1278 3704 1347 qam

2123 1382 2212 1420 vos
2238 1376 2482 1436 spectant,
2515 1376 2561 1420 el
2584 1369 2870 1423 consoletur
2896 1369 3052 1422 corda
3077 1380 3238 1424 vestra
3266 1369 3482 1441 (Ephes.
3504 1371 3558 1426 6.
3581 1370 3701 1438 22):

2116 1461 2185 1516 de
2205 1460 2486 1514 Timotheo
2506 1468 2682 1515 autem
2708 1477 2720 1514 :
2746 1461 2866 1516 Misi
2886 1478 2998 1515 eum
3017 1462 3085 1516 ad
3109 1477 3196 1515 vos
3223 1478 3324 1516 non
3351 1462 3573 1532 amplius
3594 1479 3706 1516 sus-

2117 1552 2300 1616 tinens,
2334 1568 2397 1604 ne
2423 1555 2554 1622 forte
2581 1553 2842 1606 tentaverit
2886 1568 2974 1606 vos
3002 1553 3046 1607 is
3072 1553 3160 1624 qui
3186 1562 3341 1607 tentat
3363 1553 3438 1624 (1.
3463 1553 3617 1608 Thes.
3645 1554 3704 1608 5.

2117 1643 2194 1708 5).
2216 1642 2352 1696 Alibi
2374 1633 2499 1697 vero
2520 1643 2696 1698 Titum
2716 1685 2732 1710 ,
2755 1643 2881 1699 alibi
2907 1645 3090 1699 alium.
3116 1645 3249 1713 Quia
3283 1646 3426 1700 enim
3454 1645 3569 1715 ipse
3595 1661 3710 1699 uno

2117 1734 2365 1790 detentus
2404 1735 2456 1790 in
2484 1737 2603 1790 loco
2623 1736 2725 1791 illis
2750 1736 2938 1792 adesse
2961 1751 3069 1791 non
3111 1746 3352 1807 poterat,
3379 1737 3471 1807 qui
3498 1737 3707 1791 viscera

2120 1829 2237 1898 ejus
2268 1838 2460 1895 erant,
2505 1845 2602 1899 per
2638 1829 2930 1899 discipulos
2969 1844 3099 1884 suos
3138 1830 3284 1900 ipsos
3333 1829 3707 1884 conveniebat.

2193 1918 2246 1972 7.
2292 1917 2491 1974 Caritas
2532 1919 2921 1989 ianualitatem
2961 1920 3152 1990 abjicit.
3186 1947 3259 1961 υ-
3289 1919 3439 1974 Tunc
3477 1935 3606 1990 ergo
3652 1921 3708 1974 in

2123 2007 2348 2062 vinculis
2395 2022 2516 2063 cum
2561 2019 2740 2074 esset,
2782 2009 3213 2079 Pbilippensibus
3247 2010 3460 2080 scripsit
3506 2029 3520 2064 :
3563 2010 3710 2065 Scire

2120 2107 2286 2151 autem
2312 2112 2400 2152 vos
2425 2100 2560 2165 volo,
2582 2100 2763 2170 fratres
2790 2099 3045 2172 (Philipp.
3079 2103 3133 2157 1.
3162 2100 3286 2173 12);
3307 2102 3598 2171 discipulos
3613 2117 3712 2156 vo-

2121 2200 2209 2245 cat
2249 2190 2460 2247 fratres.
2500 2193 2644 2248 Talis
2683 2193 2880 2264 quippe
2907 2196 3101 2250 caritas
3139 2203 3224 2250 est
3249 2212 3262 2248 :
3292 2194 3710 2264 inaequalitatem

2120 2298 2335 2340 onmem
2361 2286 2560 2355 abjicit,
2590 2287 3044 2356 prteeminentiam
3066 2294 3122 2342 et
3141 2287 3452 2357 dignitatem
3479 2301 3585 2340 non
3615 2302 3714 2340 no-

2123 2375 2232 2433 vit:
2261 2377 2353 2430 sed
2382 2377 2592 2432 etiamsi
2618 2378 2737 2446 quis
2765 2379 2836 2432 sit
2871 2378 3120 2432 omnibus
3154 2377 3452 2440 sublimior,
3488 2377 3555 2431 ad
3590 2393 3712 2430 om-

2122 2467 2269 2520 nium
2299 2467 2655 2522 humillimum
2683 2468 2980 2531 descendit,
3007 2467 3148 2539 quod
3165 2477 3220 2523 et
3245 2468 3440 2522 Paulus
3463 2467 3712 2522 faciebat.

2121 2555 2228 2611 Sed
2258 2558 2536 2614 audiamus
2563 2559 2688 2629 quid
2736 2560 2860 2615 illos
2898 2561 3041 2614 scire
3070 2559 3238 2615 velit:
3265 2559 3397 2624 Quia
3425 2575 3551 2628 .qute
3577 2560 3715 2612 circa

2123 2665 2203 2703 me
2231 2659 2365 2712 sunt,
2389 2653 2550 2722 magis
2577 2653 2644 2705 ad
2671 2655 2953 2723 profectum
2979 2661 3219 2706 venerunt
3245 2652 3488 2721 evangelii
3518 2650 3714 2720 (Ibid)

2125 2739 2220 2793 Dic.
2260 2741 2426 2806 mihi,
2476 2743 2746 2812 quomodo
2795 2753 2851 2799 et
2890 2758 2995 2814 qua
3038 2743 3285 2798 ratione?
3323 2742 3460 2796 Nmn
3511 2758 3543 2796 a
3591 2743 3714 2795 vin-

2122 2833 2258 2886 culis
2300 2834 2553 2889 libcratus
2587 2836 2685 2890 es?
2715 2851 2840 2890 num
2876 2847 3118 2891 catenam
3143 2835 3435 2904 deposuisti
3456 2875 3471 2900 ,
3500 2845 3556 2890 et
3589 2849 3714 2889 cum

2124 2924 2370 2980 libertate
2400 2927 2451 2980 in
2479 2927 2609 2982 urbe
2638 2926 2937 2996 praedicas?
2965 2943 3088 2982 num
3112 2927 3166 2980 in
3188 2926 3483 2980 Ecclesiam
3510 2927 3720 2995 ingres-

2137 3029 2230 3069 sus
2257 3015 2444 3086 longos
2475 3018 2776 3088 multosque
2803 3019 3016 3073 texuisti
3047 3031 3322 3072 sermones
3351 3018 3493 3070 circa
3529 3015 3714 3081 ﬁdem,

2125 3107 2426 3177 multOSque
2451 3108 2674 3177 adeptus
2701 3109 2994 3179 discipulos
3018 3109 3323 3164 abscessisti
3349 3107 3371 3160 ?
3413 3122 3539 3161 num
3570 3123 3717 3161 mor-

2125 3204 2244 3252 tuos
2272 3201 2574 3265 suscitasti,
2614 3209 2668 3255 et
2707 3201 3044 3255 admirationi
3075 3199 3264 3259 fuisti?
3292 3215 3420 3254 num
3470 3200 3716 3269 leprosos

2124 3292 2390 3346 mundasti
2417 3333 2432 3359 ,
2459 3301 2515 3347 et
2540 3308 2727 3348 omnes
2757 3293 3038 3361 stupefacti
3078 3293 3237 3346 sunt?
3280 3308 3406 3346 num
3441 3292 3716 3346 dzemones

2125 3384 2336 3453 iugasti,
2367 3392 2420 3438 et
2441 3384 2684 3438 sublimis
2711 3384 2833 3438 inde
2857 3382 3032 3438 factus
3059 3383 3160 3438 es?
3190 3382 3331 3437 Nihil
3361 3385 3552 3435 horum
3570 3424 3586 3443 ,
3634 3383 3718 3435 in-

2125 3477 2263 3545 quit.
2304 3475 2584 3542 Quomodo
2630 3476 2790 3546 igitur
2835 3476 3102 3545 profectus
3127 3475 3384 3545 evangelii
3435 3474 3574 3528 fuit?
3602 3474 3716 3539 dic,

2125 3584 2330 3636 quteso.
2363 3567 2449 3622 Ita
2474 3579 2550 3634 ut,
2577 3570 2767 3639 inquit,
2791 3569 2992 3622 vincula
3017 3585 3128 3622 mea
3148 3568 3417 3636 manifesta
3437 3569 3488 3620 in
3514 3567 3720 3621 Christo

2127 3663 2302 3730 ﬁerent
2326 3663 2378 3717 in
2409 3673 2512 3716 toto
2561 3665 2797 3732 prtvtorio
2817 3701 2836 3726 ,
2859 3672 2904 3716 et
2947 3661 3001 3715 in
3037 3663 3231 3716 ueteris
3255 3660 3486 3714 omnibus
3529 3658 3716 3730 (Ibid.

2126 3768 2177 3807 υ.
2226 3753 2335 3824 15).
2361 3755 2494 3821 Quid
2522 3755 2698 3809 dicis?
2721 3754 2937 3809 lliccinc
2965 3753 3270 3823 profectus?
3301 3752 3414 3806 litec
3440 3752 3720 3806 accessio?

2127 3847 2229 3902 hoc
2256 3857 2596 3917 augmentum
2641 3847 3036 3918 praedicationis
3059 3887 3074 3911 ,
3120 3843 3262 3917 quod
3289 3859 3477 3898 omnes
3507 3843 3719 3897 didice-

2127 3940 2253 4003 rint,
2291 3950 2342 3995 te
2366 3939 2605 3992 vinctum
2638 3938 2796 3992 esse?
2827 3936 3020 3999 Etiam,
3053 3937 3244 4006 inquit.
3271 3934 3407 3989 Audi
3430 3935 3588 4004 igitur
3613 3948 3713 3995 ea,

2126 4045 2244 4100 qute
2268 4037 2580 4099 sequuntur,
2610 4038 2668 4082 ut
2691 4028 2888 4093 discas,
2919 4027 3125 4081 vincula
3155 4041 3260 4080 non
3289 4025 3450 4079 modo
3489 4024 3720 4093 impedi-

2126 4131 2362 4176 mentum
2395 4136 2500 4174 nnn
2531 4120 2691 4175 fuisse
2713 4160 2728 4183 ,
2759 4119 2852 4175 sed
2891 4119 3053 4173 etiam
3095 4127 3464 4188 argumentum
3494 4116 3721 4183 majoris

2128 4214 2332 4267 ﬁducia:
2367 4231 2379 4266 :
2413 4212 2498 4265 Ita
2527 4222 2580 4265 ut
2609 4213 2778 4282 plures
2815 4223 2842 4264 e
2869 4209 3112 4282 fratribus
3149 4209 3203 4262 in
3247 4208 3463 4261 Domino
3485 4249 3501 4270 ,
3546 4209 3718 4274 con/i-

2128 4306 2298 4359 dentes
2325 4305 2536 4358 vinculis
2557 4304 2678 4357 meis
2699 4342 2714 4366 ,
2745 4301 3090 4354 abundantius
3119 4299 3366 4353 auderent
3397 4299 3507 4352 sine
3533 4299 3720 4350 timore

2127 4398 2326 4452 verbum
2370 4397 2503 4466 loqui
2549 4393 2710 4467 (Ibid.
2738 4409 2788 4446 v.
2819 4393 2932 4463 Ut).
2978 4390 3116 4458 Quid
3143 4390 3276 4444 dicis
3295 4430 3310 4456 ,
3365 4389 3564 4443 Paule?
3585 4387 3722 4441 Vin-

2128 4490 2246 4542 cula
2293 4503 2396 4540 non
2441 4486 2800 4548 anxietatem,
2847 4482 2942 4538 sed
2987 4480 3237 4536 ﬁduciam
3282 4478 3558 4534 indidere?
3606 4493 3719 4531 non

2130 4582 2374 4636 timorem
2395 4620 2410 4643 ,
2450 4579 2542 4633 sed
2572 4577 2848 4632 amorem?
2879 4575 2994 4629 Non
3034 4573 3235 4628 habent
3259 4572 3375 4627 haec
3403 4571 3544 4626 dicta
3582 4585 3718 4624 con-

2131 4672 2485 4741 sequentiam.
2513 4671 2636 4725 Scio
2667 4679 2722 4724 et
2749 4684 2868 4736 ego.
2892 4667 3009 4721 Non
3037 4667 3179 4720 enitn
3206 4663 3500 4718 secundum
3525 4661 3720 4717 hum:-

2131 4779 2316 4818 narum
2347 4777 2524 4816 rerum
2557 4774 2761 4814 morem
2803 4759 2917 4812 hzec
2957 4757 3332 4825 contigerunt,
3375 4753 3586 4823 inquit:
3620 4753 3720 4807 sed

2130 4861 2554 4922 supra‘naturam
2587 4859 2710 4905 sunt
2734 4850 2818 4902 illa
2843 4890 2856 4913 ,
2889 4856 2944 4902 et
2966 4848 3160 4901 divina:
3187 4846 3372 4915 gratia:
3395 4855 3565 4914 gesta.
3589 4843 3724 4898 Ideo

2129 4946 2270 5015 quod
2314 4944 2431 4998 aliis
2478 4945 2797 4996 anxietatem
2841 4941 3011 5010 parit,
3044 4939 3097 4994 id
3126 4940 3266 5008 apud
3297 4938 3442 4992 illum
3467 4937 3719 4994 ﬁduciam

2113 5036 2420 5106 .przebehat.
2452 5035 2664 5089 Etenim
2706 5034 2766 5098 si
2798 5034 2916 5102 quis
2959 5041 3117 5101 capto
3159 5031 3557 5098 constrictoque
3579 5030 3722 5084 duce

2131 5130 2183 5182 id
2213 5129 2443 5197 cvulgct,
2475 5135 2643 5181 totmn
2671 5126 2968 5180 exercitum
2999 5127 3050 5178 in
3081 5123 3255 5192 fugam
3281 5123 3500 5191 coniicit
3530 5139 3545 5179 :
3579 5133 3638 5176 et
3673 5125 3720 5175 si

2132 5221 2252 5290 quis
2281 5229 2550 5289 pastorem
2577 5233 2642 5272 ex
2670 5218 2794 5270 ovili
2824 5215 3142 5281 abduxerit,
3170 5214 3422 5283 abigenti;
3448 5213 3629 5283 gregis
3655 5214 3723 5267 li-

2131 5313 2391 5367 bertatem
2422 5309 2642 5379 praebet.
2676 5308 2873 5362 Verum
2899 5323 3008 5361 non
3035 5307 3113 5361 sic
3139 5307 3193 5359 in
3226 5305 3388 5358 Paulo
3414 5345 3430 5369 ,
3462 5303 3559 5358 sed
3586 5319 3723 5358 con-

2133 5405 2354 5459 trarium
2372 5402 2670 5458 eveniebat.
2692 5400 2824 5454 Nam
2840 5399 2946 5454 dux
2967 5399 3301 5468 alligabatur,
3333 5404 3389 5450 et
3426 5395 3725 5449 alacriores

2133 5496 2330 5550 milites
2355 5502 2540 5558 erant,
2572 5492 2866 5562 majorique
2908 5491 3090 5544 animo
3132 5488 3470 5542 adversarios
3507 5484 3719 5539 adorie-

2133 5588 2330 5643 bantur
2355 5601 2372 5643 :
2399 5597 2578 5654 pastor
2603 5586 2924 5638 constrictus
2953 5590 3098 5645 erat,
3127 5589 3182 5634 et
3218 5593 3345 5635 oves
3374 5590 3482 5633 non
3521 5592 3724 5632 consu-

2138 5681 2438 5740 mebantur,
2468 5693 2566 5732 nec
2592 5675 3056 5744 dispergebantur.

2212 5780 2264 5828 8.
2306 5771 2576 5827 Erman
2619 5779 2663 5821 et
2706 5778 2894 5821 attente
2939 5765 3092 5819 Pauli
3130 5779 3326 5832 magna!
3381 5756 3733 5816 consolationi
