4020 6370
264 338 369 394 315

261 453 297 524 ἢ
335 451 418 504 ὅτι
455 450 670 521 πτωχδς
712 451 806 502 καὶ
841 448 1275 521 ἀπερῤιμμένος,
1319 449 1414 504 καὶ
1455 451 1700 523 εὐτελὴς,
1739 453 1836 505 καὶ

260 535 473 598 οὐδενὸς
501 534 650 600 ἄξιος
669 535 828 602 λόγου
849 551 862 564 ·
895 534 1010 587 ἀλλ’
1050 535 1301 604 ἐννόησον
1333 536 1416 588 ὅτι
1441 537 1536 588 καὶ
1558 537 1697 608 ὑπὲρ
1718 537 1838 588 τού-

256 635 351 670 του
384 615 617 688 Χριστὸς
641 618 904 682 ἀπέθανε,
939 619 1033 672 καὶ
1058 621 1219 689 ἀρκεῖ
1247 635 1328 670 σοι
1357 617 1516 671 τοῦτο
1549 621 1627 681 εἰς
1656 619 1838 688 πάσης

258 703 531 772 προνοίας
565 702 842 756 ὑπόθεσιν.
899 703 1182 774 Ἐννόησον
1237 702 1420 755 ὁποῖόν
1452 719 1576 754 τινα
1631 705 1836 756 ἐκεῖνον

256 781 397 839 εἶναι
431 786 558 855 χρὴ,
590 786 648 838 ὃν
676 785 932 839 τοσούτου
959 786 1195 856 Χριστὸς
1222 787 1545 858 ἐτιμήσατο,
1577 785 1652 849 ὡς
1700 786 1836 857 μηδέ

255 868 350 921 τοῦ
389 870 621 938 αἵματος
650 869 938 938 φείσασθαι
963 870 1058 923 τοῦ
1089 869 1310 924 ἐαυτοῦ.
1340 869 1475 922 Οὐδὲ
1500 870 1630 939 γὰρ,
1661 872 1709 922 εί
1736 869 1836 939 βα-

257 951 438 1014 σιλεὺς
466 951 607 1020 ὑπέρ
634 969 778 1015 τινος
794 952 970 1005 εῖλετο
997 951 1302 1006 καταθῦσαι
1329 953 1540 1016 ἐαυτὸν,
1567 953 1839 1022 ἐζητήσα-

258 1051 357 1104 μεν
389 1033 456 1086 ἀν
491 1035 683 1106 ἑτέραν
727 1035 1002 1101 ἀπόδειξιν
1056 1035 1149 1088 τοῦ
1187 1036 1363 1106 μέγαν
1401 1036 1525 1088 τινά
1558 1031 1695 1089 εἶναι
1743 1037 1837 1088 καὶ

255 1117 718 1187 περισπούδαστον
740 1120 944 1172 ἐκεῖνον
967 1117 1044 1189 τῷ
1081 1118 1308 1189 βασιλεῖ,
1331 1118 1431 1171 οὐκ
1455 1118 1630 1187 ἔγωγε
1658 1113 1832 1188 οἶμαιο

254 1202 414 1272 ήρκει
462 1201 571 1273 γάρ
600 1205 633 1272 ἡ
660 1202 886 1275 τελευτὴ
916 1203 1089 1267 δεῖξαι
1118 1202 1212 1256 τοῦ
1246 1203 1692 1272 τετελευτηκότος
1734 1203 1835 1273 τὴν

253 1286 384 1355 περὶ
439 1285 603 1337 αὐτὸν
657 1285 900 1354 ἀγάπην.
939 1285 1077 1338 Νυνὶ
1108 1285 1165 1338 δὲ
1211 1285 1312 1338 οὐκ
1361 1285 1668 1357 ἄνθρωπος,
1734 1288 1836 1339 οὐκ

251 1369 503 1436 ἄγγελος,
540 1369 641 1421 οὐκ
673 1369 1034 1441 ἀρχάγγελος,
1065 1368 1180 1421 ἀλλ’
1211 1368 1374 1432 αὐτὸς
1395 1371 1434 1439 ὁ,
1448 1369 1557 1422 τῶν
1589 1369 1836 1440 οὐρανῶν

251 1452 551 1520 Δεσπότης,
581 1453 741 1516 αὐτὸς
770 1456 798 1505 ὁ
836 1453 1130 1522 μονογενὴς
1181 1452 1308 1514 Υἱὸς
1356 1451 1452 1504 τοῦ
1478 1451 1615 1506 Θεοῦ
1651 1453 1836 1523 σάρκα

252 1536 683 1606 περιϐαλόμενος
739 1536 1014 1589 ἐπέδωκεν
1073 1536 1266 1589 ἐαυτὸν
1314 1535 1456 1606 ὑπερ
1507 1535 1686 1606 ἡμῶν.
1755 1537 1835 1590 Οὐ

252 1620 430 1672 πάντα
477 1614 570 1671 οῦν
627 1620 926 1690 ποιήσομεν
975 1621 1070 1672 καὶ
1099 1619 1661 1690 πραγματευσόμεθα,
1693 1618 1836 1672 ῶστε

249 1702 376 1764 τούς
404 1700 548 1754 οὕτω
577 1701 905 1773 τιμηθέντος
937 1701 1256 1774 ἀνθρώπους
1301 1701 1482 1773 πάσης
1530 1700 1836 1756 ἀπολαῦσαι

252 1786 380 1854 παρ’
419 1785 579 1854 ἡμῶν
610 1785 893 1855 προνοίαςς
931 1787 1042 1839 Καὶ
1085 1785 1248 1839 ποίαν
1276 1786 1470 1856 ἕξομεν
1499 1786 1833 1855 ἀπολογίαν;

250 1868 368 1920 τίνα
403 1867 773 1938 συγγνώμην;
817 1869 988 1922 Τοῦτο
1026 1869 1157 1937 γοῦν
1211 1869 1344 1922 αὐτὸ
1400 1870 1494 1922 καὶ
1538 1869 1567 1921 6
1625 1867 1836 1930 Παῦλος

250 1949 657 2020 ἐνδεικνύμενος
688 1952 842 2019 ἐλεγε
864 1969 876 1981 ·
907 1950 1000 2019 Μὴ
1032 1952 1113 2016 τῷ
1151 1951 1423 2020 βρώματί
1451 1967 1568 2005 σου
1599 1951 1837 2005 ἐκεῖνον

251 2032 546 2095 ἀπόλλυε,
570 2033 644 2086 δι’
675 2035 749 2087 ὃν
777 2034 1032 2103 Χριστὸς
1063 2035 1347 2088 ἀπέθανε.
1398 2035 1539 2097 Τοὺς
1585 2033 1694 2103 γὰρ
1734 2051 1833 2086 κα-

250 2132 358 2183 ταφ
367 2115 651 2183 ρονοῦντας
672 2118 780 2170 τῶν
802 2118 1045 2187 ἀδελφῶν
1056 2159 1070 2182 ,
1083 2120 1176 2172 καὶ
1190 2118 1264 2180 ὡς
1280 2119 1648 2172 ἀσθενούντων
1665 2121 1766 2171 ὐπε
1777 2134 1836 2188 ρ-

248 2194 490 2265 ορῶντας
525 2196 846 2267 βουλόμενος
886 2199 1144 2268 ἐντρέψαι
1186 2199 1278 2250 καὶ
1311 2201 1391 2260 εἰς
1434 2198 1668 2268 σπουδὴν
1695 2197 1834 2266 ἀγα-

247 2280 366 2344 γεῖν
397 2278 492 2330 καὶ
527 2283 712 2332 πεῖσαι
743 2279 1002 2350 κήδεσθαι
1032 2281 1140 2333 τῶν
1173 2281 1422 2351 πλησίον,
1464 2281 1586 2334 ἀντὶ
1621 2281 1837 2335 πάντων

248 2360 338 2412 τὸν
367 2361 463 2414 τοῦ
487 2363 762 2416 Δεσπότου
798 2361 1028 2416 θάνατον
1057 2363 1286 2416 τέθεικε.
1311 2363 1634 2433 Καθήμενος
1659 2363 1840 2417 τοίνυν

248 2445 306 2497 ἐν
340 2444 418 2517 τῷ
446 2445 807 2518 δεσμωτηρίῳ
843 2450 956 2511 τοῖς
993 2447 1372 2518 Φιλιππησίοις
1416 2449 1738 2500 ἐπέστελλεν
1772 2449 1838 2500 ἐκ

248 2528 502 2581 τοσούτου
534 2528 627 2581 τοῦ
651 2528 1040 2600 διαστήματος.
1066 2529 1305 2600 Τοιαύτη
1335 2532 1443 2602 γὰρ
1469 2533 1500 2600 ή
1532 2531 1675 2584 κατὰ
1703 2531 1837 2584 Θεὸν

248 2610 439 2680 ἀγάπη
463 2631 474 2640 ·
499 2611 676 2664 οὐδενὶ
698 2612 806 2665 τῶν
840 2613 1200 2684 ἀνθρωπίνων
1229 2614 1605 2678 διακόπτεται,
1631 2613 1837 2668 ἀνωθεν

247 2694 451 2764 ἔχουσα
475 2693 574 2758 τάς
600 2695 756 2766 ῥίζας
789 2699 853 2748 ἐκ
873 2696 980 2749 τῶν
1004 2697 1250 2768 οὐρανῶν
1285 2698 1493 2761 καὶτὰς
1519 2698 1752 2768 ἀμοιϐάς
1782 2709 1831 2750 ³.

250 2779 361 2830 Καὶ
401 2778 452 2829 τί
485 2795 652 2848 φησι;
685 2781 1022 2833 Γινώσκειν
1036 2780 1105 2832 δὲ
1136 2779 1292 2849 ὑμᾶς
1309 2781 1430 2845 ,ϐοὐ
1449 2785 1636 2849 Ιομαι,
1657 2779 1836 2832 ἀδελ-

246 2860 370 2928 φοί.
404 2856 560 2921 Εἶδες
577 2862 832 2933 πρόνοιαν
853 2862 994 2932 ὑπὲρ
1019 2862 1314 2933 μαθητῶν;
1346 2860 1485 2926 εἶδες
1517 2863 1837 2916 διδασκάλου

248 2944 618 3014 κηδεμονίαν;
678 2947 946 2998 ’Ἄκουσον
1005 2946 1100 2998 καὶ
1140 2942 1521 3016 φιλοστοργίαν
1581 2945 1838 3016 μαθητῶν

248 3029 382 3098 περὶ
409 3028 500 3081 τὸν
517 3029 858 3093 διδάσκαλον,
886 3030 973 3082 ἴνα
1003 3029 1115 3101 ἴδῃς
1142 3031 1168 3069 b
1187 3031 1269 3082 ὅτι
1291 3029 1450 3082 τοῦτο
1473 3024 1541 3100 ἦν
1565 3029 1627 3081 τὸ
1652 3029 1839 3080 ποιοῦν

249 3112 512 3183 ἰσχυροὺς
527 3113 766 3176 ἐκείνους
782 3114 876 3166 καὶ
891 3113 1393 3181 ἀκαταγωνίστους,
1408 3113 1470 3165 τὸ
1494 3111 1840 3164 συνδεδέσθαι

247 3191 520 3262 ἀλλήλοις.
548 3192 613 3246 Ei.
659 3194 766 3264 γάρ
809 3191 1088 3260 Ἀδελφὸς
1124 3191 1242 3246 ὑπὸ
1281 3190 1548 3260 ἀδελφοῦ
1574 3192 1840 3258 ,ϐοηθού-

242 3287 450 3339 μενος,
491 3271 572 3336 ὼς
623 3272 801 3336 πόλις
856 3271 1065 3340 ὀχυρὰ,
1124 3269 1306 3339 πολλῷ
1365 3270 1565 3340 μᾶλλον
1595 3270 1841 3321 τοσοῦτοι

253 3354 628 3424 συνδεδεμένοι
659 3358 772 3418 τοῖς
824 3356 924 3425 τῆς
965 3355 1188 3425 ἀγάπης
1235 3354 1476 3424 δεσμοῖς,
1537 3353 1720 3404 πᾶσαν
1772 3350 1840 3403 ἂν

252 3436 668 3507 ἀπεκρούσαντο
700 3438 804 3509 τὴν
837 3435 930 3490 τοῦ
963 3437 1202 3508 πονηροῦ
1233 3437 1484 3510 δαίμονος
1524 3435 1838 3507 ἐπιϐουλήν.

254 3515 380 3568 ’Ὁτι
415 3517 514 3586 μέν
548 3513 640 3569 οὖν
670 3518 698 3570 6
745 3515 956 3582 Παῦλος
999 3516 1308 3569 συνεδέδετο
1365 3518 1475 3579 τοῖς
1532 3515 1839 3586 μαθηταῖς,

249 3598 374 3651 οὐδέ
404 3599 730 3666 ἀποδείξεως
750 3599 831 3652 δεῖ
853 3600 1038 3653 λοιπὸν
1068 3603 1224 3671 ἡμῖν,
1251 3599 1370 3653 οὐδὲ
1403 3599 1585 3667 λόγου,
1616 3599 1747 3650 ὅπου
1776 3615 1840 3664 γε

251 3684 344 3734 καὶ
358 3681 642 3752 δεδεμένος
662 3684 842 3736 αὐτῶν
857 3685 1156 3757 ἐμερίμνα,
1181 3685 1274 3737 καὶ¹
1292 3684 1412 3737 καθ’
1428 3683 1668 3754 ἑκάστην
1704 3683 1841 3754 μέ-

253 3783 353 3838 ραν
369 3768 466 3820 καί
494 3768 636 3838 ὐπέρ
661 3769 842 3823 αὐτῶν
864 3770 1178 3840 ἀπέθνησκε
1207 3770 1286 3840 τῷ
1306 3769 1454 3840 πόθῳ
1476 3769 1836 3840 πυρούμενος.

506 3849 798 3915 σι”.Ὅτιδέ
826 3856 919 3906 καὶ
938 3856 988 3906 οἱ
1009 3854 1250 3924 μαθηταὶ
1270 3853 1349 3924 τῷ
1379 3853 1577 3922 Παύλῳ
1599 3853 1842 3906 συνδεδε-

253 3931 411 4001 μένοι
445 3932 586 4003 μετά
620 3935 909 4005 άκριϐειας
929 3933 1070 4008 ἦσαν
1109 3937 1347 4007 ἀπάσης,
1387 3941 1482 3990 καὶ
1512 3939 1614 3990 οὐκ
1649 3937 1841 4008 ἄνδρες

253 4011 436 4080 μόνον,
474 4011 612 4066 ἀλλά
651 4016 746 4067 καὶ
773 4018 1049 4084 γυναῖκες,
1085 4016 1315 4070 ἄκουσον
1342 4017 1393 4069 τί
1420 4033 1554 4088 φησι
1583 4017 1713 4088 περὶ
1739 4029 1845 4084 της

247 4089 474 4158 Φοίϐης
505 4094 840 4163 Συνίστημι
866 4093 935 4148 δὲ
959 4095 1100 4164 ὑμῖν
1139 4096 1361 4163 Φοίϐην
1389 4096 1506 4164 τὴν
1537 4094 1836 4164 ἀδελφὴν,

247 4169 538 4224 διάκονον
563 4167 759 4226 οὖσαν
779 4174 890 4242 τῆς
913 4175 1276 4242 Ἐκκλησίας
1295 4174 1403 4242 τῆς
1417 4174 1838 4244 ἑνΚεγ-χρέαις.

247 4251 352 4304 ἵνα
401 4252 822 4321 προσδέξησθε
875 4255 1071 4322 αὐτὴν
1120 4257 1190 4308 ὲν
1238 4256 1435 4320 Κυρίῳ
1488 4255 1672 4320 ἀξίως
1718 4254 1837 4308 τῶν

245 4328 458 4396 ἁγίων,
492 4331 589 4384 καὶ
618 4333 966 4402 παραστῆτε
993 4332 1170 4400 αὐτῇ,
1209 4333 1278 4386 ἐν
1309 4328 1356 4399 ᾧ
1385 4334 1462 4387 ἂν
1495 4332 1664 4402 ὑμῶν
1690 4333 1838 4402 πρά-

245 4424 427 4476 γματι
462 4409 646 4478 χρῄζῃ
669 4450 682 4472 ,
716 4412 847 4478 ἣτις
891 4412 1219 4480 προστάτις
1277 4413 1525 4466 πολλῶν
1558 4413 1836 4480 ἐγενήθη,

247 4487 349 4540 καὶ
385 4490 574 4542 αὑτοῦ
599 4491 768 4558 ἐμοῦ.
813 4491 953 4543 Ἀλλ’
984 4492 1217 4546 ἐνταῦθα
1260 4492 1358 4562 μὲν
1393 4492 1555 4560 μέχρι
1600 4507 1837 4561 προστα·

250 4569 374 4630 σίας
422 4569 807 4640 ἐμαρτύρησεν
839 4571 977 4642 αὐτῇ
1016 4571 1115 4642 τὴν
1137 4571 1376 4639 σπουδήν
1400 4585 1412 4597 ·
1448 4569 1748 4640 Πρίσκιλλα
1780 4570 1836 4622 δέ

247 4649 346 4698 καὶ
389 4647 621 4712 ’Λκύλας
646 4651 740 4704 καὶ
773 4650 936 4720 μέχρι
977 4649 1207 4702 θανάτου
1229 4649 1318 4701 διὰ
1346 4648 1436 4700 τὸν
1466 4647 1675 4701 Παῦλον
1707 4647 1838 4718 ἐχώ-

248 4743 447 4794 ρησαν,
466 4728 558 4779 καὶ
578 4729 704 4799 περὶ
717 4729 897 4782 αὐτῶν
913 4730 970 4782 δέ
989 4729 1130 4782 οὓτω
1150 4730 1348 4801 γράφει
1400 4729 1590 4800 λέγων·
1629 4729 1673 4780 Ἀ
1683 4727 1838 4782 (mdo

245 4807 449 4864 ζὀντιιι
477 4806 632 4875 ὑμᾶς
655 4809 902 4874 Ἀκύλας
933 4810 1029 4861 καὶ
1053 4811 1412 4876 Πρίσκιλλα,
1445 4807 1663 4872 οἵτινες
1685 4807 1836 4873 ὑπὲρ

246 4883 362 4951 τῆς
396 4885 604 4953 ψυχῆς
632 4904 752 4955 μου
783 4893 889 4939 τὸν
908 4885 1134 4940 ἑαυτῶν
1148 4886 1450 4955 τράχηλον
1467 4885 1834 4954 ὐπέθηκανε,

245 4964 332 5026 είς
367 4963 601 5017 θάνατον
625 4965 888 5036 δηλονότι.
934 4969 1041 5018 Καὶ
1069 4970 1198 5036 περὶ
1229 4967 1418 5034 ἐτέρου
1451 4965 1615 5017 πάλιν
1646 4965 1836 5024 αὐτοῖς

244 5043 462 5106 τούτοις
497 5046 743 5114 γράφων,
768 5047 933 5115 φησίν
949 5061 962 5075 ο
985 5047 1114 5098 ’Ότι
1140 5045 1394 5114 ἤγγισεν
1412 5044 1523 5110 ἕως
1553 5043 1834 5108 θανάτου,

246 5124 906 5194 παραὸουλευσάμενος
963 5124 1042 5193 τῇ
1104 5124 1276 5194 ψυχῇ
1304 5163 1319 5188 ,
1377 5125 1478 5177 ἵνα
1545 5122 1612 5175 τὸ
1667 5121 1838 5191 ὑμῶν

244 5202 562 5272 ὑστέρημα
581 5203 993 5274 ἀναπληρώσῃ
1021 5203 1129 5273 τῆς
1157 5205 1303 5272 πρός
1338 5221 1415 5273 με
1439 5204 1832 5271 λειτουίηοιάς.

247 5279 408 5344 Εἶδες
436 5281 554 5345 πῶς
601 5283 820 5351 ἐφίλουν
869 5283 961 5337 τὸν
1009 5283 1366 5348 διδάσκαλον;
1416 5283 1535 5346 πῶς
1582 5283 1692 5353 πρὸ
1738 5283 1836 5353 τῆς

243 5361 432 5430 ψυχῆς
461 5361 562 5430 τῆς
591 5360 802 5414 ἑαυτῶν
831 5362 928 5432 τὴν
949 5362 1135 5417 ἄνεσιν
1163 5362 1430 5415 ἐσκόπουν
1454 5363 1554 5435 τὴν
1586 5363 1833 5428 ἐκείνου;

245 5439 347 5491 Διά
379 5439 542 5491 τοῦτο
570 5439 746 5503 οὐδεὶς
779 5441 960 5494 αὐτῶν
998 5443 1345 5514 περιεγένετο
1386 5442 1528 5498 τότε.
1563 5442 1750 5496 Ταῦτα
1778 5442 1836 5497 δὲ

243 5516 424 5586 λέγω,
455 5518 554 5589 οὐχ
604 5517 693 5571 ἵνα
741 5519 1031 5590 ἀκούωμεν
1067 5519 1250 5590 μόνον,
1286 5520 1424 5574 ἀλλά
1473 5522 1560 5576 ἴνα
1590 5523 1693 5574 καὶ
1735 5540 1828 5592 μι-

309 5611 340 5682 ξ
501 5610 822 5682 ’τᾲς-ἀμοιῇςζ
845 5611 974 5660 Εάἱῐί
989 5613 1074 5667 τὰς
1094 5613 1322 5682 ἀφορμάς.

309 5670 340 5734 b
365 5655 864 5734 ἒόὰῗᾰίέἐιὲἧςῖ

318 5733 340 5801 ς
368 5731 488 5801 Haec
509 5745 604 5801 ypn
629 5731 872 5801 qpadrdpg
894 5734 955 5782 ad
979 5739 1172 5801 renum
1195 5735 1352 5801 Epist.
1376 5738 1438 5788 ad
1460 5738 1721 5790 Romanos.

309 5791 340 5832 δ
367 5795 472 5842 Duo
509 5793 623 5842 Mss.
648 5791 735 5840 ’ἵνα
751 5796 832 5841 καὶ
850 5797 1198 5858 διεγειρώμεθα.

573 5883 848 5950 ΡΔτιιοι.
893 5885 1011 5949 Gn.
1056 5885 1157 5948 LI.

1480 359 1559 411 DE
1599 359 1960 416 PROFECTU
2005 358 2381 416 EVANGELII.

3414 339 3520 396 516

1952 455 2183 527 μώμεθα
2198 453 2249 494 δ’
2283 455 2376 508 καὶ
2406 455 2467 507 οὐ
2499 454 2634 525 πρὸς
2665 455 2790 518 τοὺς
2821 453 3153 525 ἀρχομένους
3179 453 3355 524 μόνον,
3384 453 3517 507 ἀλλά

1943 541 2035 592 καὶ
2057 539 2190 610 πρὸς
2220 541 2348 602 τοὺς
2373 539 2784 610 ἄρχονταςήμῖν
2812 539 2840 591 ό
2867 537 3023 606 λόγος
3051 536 3410 600 ἀποτείνεται,
3431 538 3519 590 ἵνα

1885 677 1893 683 _
1943 624 2034 675 καὶ
2073 625 2121 675 οἱ
2151 622 2392 693 μαθηταὶ
2420 621 2620 693 πολλὴν
2649 623 2776 694 περὶ
2805 621 2931 684 τοὺς
2980 618 3333 682 διδασκάλους
3361 619 3520 688 κηδε-

1945 706 2132 776 μονίαν
2156 706 2622 767 ἐπιδεικνύωνται,
2651 705 2746 759 καὶ
2773 705 2821 758 οἱ
2871 702 3179 757 διδάσκαλοι
3211 701 3310 773 τὴν
3346 701 3516 773 αὐτὴν

1949 788 2029 860 τῷ
2060 789 2256 858 Παύλῳ
2286 788 2670 859 φιλοστοργίαν
2731 787 2860 858 περὶ
2887 789 3014 851 τοὺς
3052 784 3520 854 ὑποταττομένους

1938 871 2159 942 ἔχωσιν,
2205 873 2326 941 οὐχί
2357 873 2483 935 τοὺς
2536 870 2811 940 παρόντας
2857 869 3035 939 μόνον,
3071 867 3208 921 ἀλλά
3245 869 3341 921 καὶ
3392 868 3518 928 τοὺς

1939 955 2221 1026 πόρρωθεν
2256 957 2433 1018 ὄντας.
2467 955 2579 1008 Καὶ
2611 954 2718 1026 γὰρ
2765 955 2793 1007 ὀ
2842 953 3050 1017 Παῦλος
3091 953 3342 1022 καθάπερ
3381 952 3514 1021 μίαν

1939 1039 2104 1092 οἰκῶν
2120 1037 2294 1091 οἰκίαν
2310 1038 2409 1108 τὴν
2426 1037 2752 1108 οἰκουμένην
2771 1038 3008 1101 ἃπασαν,
3021 1034 3162 1088 οὓτω
3185 1035 3281 1104 τῆς
3300 1033 3518 1087 πάντων

1938 1121 2220 1192 ἐφρόντιζε
2242 1121 2534 1190 σωτηρίας,
2562 1119 2746 1172 καὶτὰ
2763 1118 2926 1172 αὐτοῦ
2955 1119 3132 1170 πάντα
3156 1117 3314 1183 ἀφεὶς
3343 1113 3519 1185 δεσμὰ

1940 1201 2035 1252 καὶ
2073 1199 2278 1270 θλίψεις
2309 1202 2404 1254 κα)⁴
2437 1200 2650 1272 πληγάς
2680 1199 2775 1252 καὶ
2805 1197 3186 1268 στενοχωρίας,
3222 1195 3520 1249 ἐπεσκόπει

1940 1283 2034 1336 καὶ
2070 1283 2401 1338 ἐπυνθάνετο
2461 1283 2584 1336 καθ’
2607 1281 2848 1351 ἑκάστην
2873 1280 3108 1352 ἡμέραν,
3140 1278 3256 1342 πῶς
3290 1277 3362 1332 τά
3409 1278 3520 1330 τῶν

1943 1368 2201 1438 μαθητῶν
2236 1367 2380 1438 ἔχοι·
2415 1367 2511 1420 καὶ
2563 1363 2826 1428 πολλάκις
2876 1363 2944 1417 δι’
2971 1364 3104 1417 αὐτὸ
3151 1361 3312 1416 τοῦτο
3362 1362 3521 1432 μόνον

1939 1450 2174 1520 έπεμψε,
2197 1449 2293 1504 νῦν
2327 1451 2427 1520 μὲν
2454 1449 2738 1518 Τιμόθεον,
2772 1447 2866 1500 νῦν
2887 1447 2946 1499 δὲ
2968 1446 3204 1517 Τυχικόν
3227 1461 3241 1474 ’
3279 1445 3522 1514 καὶπερὶ

1943 1535 2042 1604 μὲν
2074 1534 2283 1588 ἐκείνου
2324 1533 2490 1604 φησίν
2512 1549 2526 1562 ‘
2580 1533 2714 1586 "Ira
2745 1530 2865 1600 γνῷ
2897 1531 2970 1584 τὰ
3012 1531 3145 1598 περὶ
3177 1528 3344 1598 ὑμῶν
3363 1567 3379 1591 ,
3419 1527 3520 1580 καὶ

1939 1619 2335 1687 παρακαλέσῃ
2357 1617 2464 1682 τὰς
2491 1616 2739 1683 καρδίας
2756 1613 2922 1684 ὑμῶν
2939 1628 2952 1640 ’
2987 1614 3114 1685 περὶ
3133 1613 3190 1666 δὲ
3216 1610 3482 1681 Τιμοθέου
3503 1627 3516 1640 ·

1945 1703 2220 1771 Ἔπεμψα
2247 1701 2436 1754 αὑτὸν
2456 1699 2606 1767 πρὸς
2628 1698 2784 1767 ὑμᾶς
2804 1696 3015 1766 μηκέτι
3041 1695 3288 1765 στέγων,
3305 1693 3521 1764 μήπως

1938 1785 2258 1853 ἐπείρασεν
2309 1781 2466 1852 ὑμᾶς
2515 1785 2547 1837 ὁ
2608 1780 2932 1851 πειράζων’
2998 1780 3094 1834 καὶ
3149 1781 3309 1832 Τίτον
3356 1777 3520 1832 πάλιν

1939 1867 2194 1938 ἀλλαχοῦ,
2227 1868 2321 1920 καὶ
2353 1867 2512 1920 ἀλλον
2547 1866 2807 1939 ἑτέρωσε.
2853 1863 3071 1936 Ἐπειδὴ
3115 1863 3223 1934 γάρ
3261 1861 3422 1923 αὐτὸς
3449 1862 3517 1932 τῇ

1940 1951 2047 2004 τῶν
2068 1951 2281 2020 δεσμῶν
2299 1950 2515 2021 ἀνάγκῃ
2538 1949 2796 2011 πολλάκις
2812 1951 2870 2002 ἐν
2887 1948 2967 1999 ἐνὶ
2988 1947 3349 2017 κατεχόμενος
3370 1944 3522 2014 τόπῳ

1943 2033 2298 2102 συγγενέσθαι
2325 2037 2435 2096 τοῖς
2467 2033 2633 2086 αὐτοῦ
2659 2032 2994 2100 σπλάγχνοις
3024 2032 3122 2082 οὐκ
3149 2028 3402 2098 ἠδύνατο,
3432 2027 3522 2080 δικ

1941 2115 2048 2168 τῶν
2089 2115 2348 2188 μαθητῶν
2387 2117 2569 2179 αὐτοῖς
2606 2113 2944 2178 συνεγένετο.

2013 2199 2080 2262 ζ’.
2099 2200 2210 2254 Καὶ
2229 2200 2349 2253 τότε
2365 2200 2544 2253 τοίνυν
2563 2202 2620 2250 ἐν
2635 2199 2853 2268 δεσμοῖς
2877 2196 2952 2248 ῶν
2977 2194 3178 2266 γράφει
3203 2196 3316 2256 τοῖς
3335 2191 3523 2245 Φιλιπσο

1943 2281 2161 2354 πησίοις
2197 2283 2390 2352 λέγων·
2409 2282 2745 2335 Γινώσκειν
2758 2280 2825 2332 δὲ
2840 2277 2995 2348 ὑμᾶς
3007 2280 3324 2346 βούλομαι,
3344 2275 3523 2332 ἀδελ-

1942 2367 2062 2435 φοὶ,
2091 2367 2217 2429 τοὺς
2242 2366 2490 2436 μαθητὰς
2529 2363 2791 2432 ἀδελφοὺς
2831 2362 3032 2416 καλῶν.
3061 2361 3313 2415 Τοιοῦτον
3345 2358 3456 2431 γὰρ
3486 2361 3520 2430 ἡ

1942 2452 2163 2520 ἀγάπη·
2201 2451 2382 2503 πᾶσαν
2434 2447 2752 2518 ἀνωμαλίαν
2787 2445 3059 2510 ἐκϐάλλει,
3095 2444 3191 2498 καὶ
3247 2442 3521 2516 ὑπεροχὴν

1944 2535 2037 2586 καὶ
2062 2533 2220 2598 ἀξίαν
2238 2533 2338 2585 οὐκ
2374 2525 2536 2594 οἶδεν,
2571 2530 2706 2583 ἀλλά
2725 2529 2826 2584 κᾶν
2857 2530 3110 2582 ἁπάντων
3135 2526 3466 2598 ὑψηλότερος

1941 2637 2048 2688 τις,
2070 2621 2204 2690 πρός
2221 2621 2309 2675 τὸν
2330 2619 2546 2674 πάντων
2575 2619 2788 2672 κάτεισι
2821 2617 3204 2687 ταπεινότερον
3225 2631 3239 2644 ’
3268 2615 3405 2683 ὅπερ
3428 2617 3524 2667 καὶ

1942 2703 2155 2768 Παῦλος
2189 2703 2383 2758 ἐποίει.
2427 2701 2568 2756 Ἀλλ’
2595 2704 2918 2773 ἀκούσωμεν
2953 2701 3004 2753 τί
3054 2700 3305 2770 βούλεται
3358 2697 3524 2766 γινώ-

1943 2804 2093 2840 σκειν
2126 2785 2354 2850 αὐτούς’
2383 2786 2514 2840 ’Ότι
2543 2784 2617 2839 τὰ
2645 2787 2774 2839 κατ’
2804 2785 2930 2854 ἐμὲ,
2964 2784 3118 2854 φησὶ,
3167 2780 3412 2850 μᾶλλον
3435 2783 3524 2844 είς

1941 2868 2259 2938 προκοπὴν
2272 2867 2375 2923 τοῦ
2392 2869 2761 2938 Εὑαγγελίου
2781 2867 3100 2933 ἐλήλυθεν.
3123 2863 3259 2917 Εἰπέ
3285 2865 3524 2934 μοι,πιῖ›ς

1943 2954 2036 3006 καὶ
2065 2952 2170 3004 τίνι
2199 2953 2413 3022 τρόπῳ;
2444 2948 2590 3023 τΛρα
2617 2951 2725 3004 τῶν
2741 2951 2956 3021 δεσμῶν
2974 2949 3181 3019 ἀφέθης
3206 2964 3220 3013 ;
3243 2943 3356 3018 ἆρα
3411 2948 3521 2999 ἀπ·

1943 3036 2069 3088 έθου
2087 3036 2183 3107 τὴν
2202 3035 2412 3100 ἅλυσιν,
2429 3036 2522 3088 καὶ
2549 3032 2688 3104 μετά
2718 3033 2902 3095 ἀδείας
2926 3032 3219 3103 κηρύττεις
3248 3033 3306 3083 ἐν
3334 3031 3400 3100 τῇ
3425 3028 3523 3080 πό-

1943 3119 2056 3186 λει;
2088 3116 2198 3191 ἆρα
2219 3121 2299 3183 εἰς
2328 3119 2627 3190 ἐκκλησίαν
2659 3116 2944 3181 εἰσελθὼν,
2981 3115 3228 3188 μακροὺς
3261 3115 3368 3168 καὶ.
3394 3113 3524 3166 πολ-

1942 3203 2068 3266 λούς
2089 3202 2405 3265 κατέτεινας
2421 3202 2612 3270 λόγους
2629 3202 2758 3272 περὶ
2783 3200 2884 3270 τῆς
2903 3201 3159 3262 πίστεως,
3183 3199 3278 3252 καὶ
3295 3197 3525 3260 πολλοὺς

1944 3284 2125 3338 λαϐὼν
2155 3285 2401 3356 μαθητὰς
2441 3283 2714 3354 ἀπῆλθες
2755 3280 2863 3353 ἆρα
2893 3284 3120 3354 νεκροὺς
3153 3282 3404 3351 ἧγειρας,
3427 3280 3524 3332 καὶ

1944 3367 2075 3420 ἐθαυ
2085 3369 2374 3439 μαστώθης
2391 3385 2405 3433 ;
2421 3366 2529 3438 ἆρα
2544 3369 2780 3440 λεπροὺς
2799 3367 2970 3438 ἐκάθη
2977 3383 3098 3438 ρας,
3111 3365 3204 3418 καὶ
3219 3363 3522 3433 ἐξεπλάγη-

1948 3467 2046 3503 σαν
2066 3451 2218 3523 [506]
2247 3452 2515 3516 ἂπαντες;
2538 3448 2647 3522 ἆρα
2676 3450 2932 3520 δαίμονας
2961 3448 3268 3517 ἀπήλασας,
3308 3447 3402 3500 καὶ
3431 3447 3525 3498 άν-

1943 3532 2194 3604 υψώθης;
2227 3536 2392 3590 Οὐδὲν
2404 3536 2627 3601 τούτων,
2653 3534 2805 3605 φησί.
2841 3533 2965 3596 Πῶς
2992 3528 3083 3586 οὖν
3102 3534 3136 3604 ή
3163 3530 3411 3603 προκοπὴ
3427 3530 3524 3598 γέ-

1943 3631 2067 3682 γονε
2097 3618 2190 3670 τοῦ
2221 3617 2576 3686 Εὐαγγελίου;
2611 3615 2941 3676 είπέ.Ὤστε
2957 3615 3520 3685 τοὺςδεσμούςμου,

1945 3718 2020 3771 φη
2027 3702 2098 3763 σί,
2127 3703 2498 3770 φανεροὺςέν
2511 3702 2742 3771 Χριστῷ
2752 3701 3113 3771 γενέσθαιῖὲν
3123 3700 3244 3767 ὅλῳ
3259 3699 3340 3765 τῷ
3354 3712 3526 3768 πραι-

1944 3785 2150 3854 τωρίῳ,
2181 3786 2282 3839 καὶ
2317 3789 2441 3852 τοῖς
2453 3785 2688 3852 λοιποῖς
2703 3784 2876 3840 πᾶσι.
2898 3785 2962 3838 Τί
2979 3785 3188 3852 λέγεις;
3208 3783 3367 3836 τοῦτο
3389 3784 3522 3854 ἄρα,

1943 3871 2101 3924 τοῦτο
2123 3873 2155 3941 ή
2187 3875 2437 3942 προκοπή
2465 3889 2479 3935 ;
2508 3870 2669 3924 τοῦτο
2696 3873 2729 3940 ἡ
2755 3871 3028 3934 ἐπίδοσις;
3051 3869 3210 3922 τοῦτο
3237 3869 3271 3940 ἠ
3297 3866 3525 3938 αὔξησις

1943 3954 2039 4007 τοῦ
2064 3955 2440 4025 κηρύγματος,
2461 3957 2541 4008 δτι
2563 3955 2763 4018 πάντες
2789 3954 2989 4023 ἔμαθον
3010 3955 3091 4006 δτι
3117 3951 3363 4018 δέδεσαι;
3389 3951 3523 4011 Ναὶ,

1946 4039 2131 4109 φησίν.
2163 4041 2427 4093 ’Ἄκουσον
2473 4039 2603 4107 γοῦν
2635 4039 2744 4091 τῶν
2792 4037 2953 4106 ἑξῆς,
2988 4037 3073 4089 ἵνα
3121 4035 3302 4108 μάθῃς
3328 4034 3410 4087 ὅτι
3453 4032 3526 4086 τά

1951 4124 2124 4194 δεσμά
2155 4125 2218 4177 οὐ
2250 4125 2410 4194 μόνον
2441 4126 2541 4176 οὐκ
2568 4123 2778 4191 ἐγίνετο
2805 4122 3056 4191 κώλυμα,
3093 4119 3231 4173 ἀλλά
3258 4118 3353 4172 καὶ
3385 4116 3524 4169 ὐπό-

1945 4206 2095 4270 θεσις
2134 4206 2381 4270 πλείονος
2436 4206 2781 4277 παρρησίαςο
2817 4206 2996 4257 Ὥστε
3041 4201 3187 4268 τοὺς
3231 4200 3524 4266 πλείονας

1943 4289 2062 4343 τῶν
2085 4289 2366 4359 ἀδελφῶν
2392 4290 2463 4342 ἑν
2487 4290 2702 4358 Κιιρίῳ,
2732 4287 3090 4352 πεποιθότας
3113 4284 3242 4350 τοῖς
3274 4282 3523 4353 δεσμοῖς

1938 4391 2087 4443 μου,
2139 4371 2581 4442 περισσοτέρως
2629 4369 2859 4440 τολμᾷν
2902 4371 3140 4439 ἀφόϐως
3187 4367 3296 4421 τόν
3332 4368 3523 4437 λόγον

1941 4457 2174 4511 λαλεῖν.
2194 4458 2258 4509 Τί
2289 4456 2488 4525 λέγεις,
2515 4451 2560 4509 ὦ
2587 4456 2800 4521 Παῦλε;
2831 4456 2932 4507 οὐκ
2967 4454 3208 4522 ἀγωνίαν
3236 4451 3519 4512 ἀνέϐαλεν.

1941 4541 2078 4594 ἀλλά
2121 4539 2321 4612 θάρσος
2348 4543 2416 4594 τὰ
2455 4541 2660 4610 δεσμά;
2695 4541 2757 4594 οὐ
2788 4540 2974 4609 φόϐον.
3009 4538 3147 4591 ἀλλά
3175 4537 3374 4602 πόθον;
3405 4536 3522 4590 Οὐκ

1942 4626 2152 4695 ἔχειτὰ
2194 4626 2466 4696 λεγόμενα
2499 4624 2842 4678 ἀκολουθίαν.
2874 4619 3007 4676 Οἶδα
3036 4622 3212 4689 κάγώ.
3243 4621 3378 4674 Οὐδὲ
3410 4619 3521 4690 γάρ

1942 4709 2084 4762 κατά
2109 4709 2465 4780 ἀνθρωπίνων
2487 4709 2830 4780 πραγμάτων
2851 4705 3174 4759 ἀκολουθίαν
3194 4703 3368 4758 ταῦτα
3396 4720 3520 4755 συν-

1941 4794 2141 4854 έϐαινε,
2176 4793 2374 4866 φησιν’
2411 4793 2526 4847 ἀλλ’
2555 4793 2696 4864 ὑπὲρ
2726 4791 2887 4860 φύσιν
2918 4787 2986 4861 ἧν
3019 4791 3089 4843 τά
3112 4789 3394 4859 γινόμενα,
3423 4787 3519 4840 καὶ

1941 4879 2089 4942 θείας
2111 4880 2330 4950 χάριτος
2346 4877 2418 4932 τὰ
2437 4876 2859 4949 κατορθώματα.
2876 4877 2974 4928 Διά
2987 4875 3143 4928 τοῦτο
3157 4873 3186 4926 ὂ
3205 4875 3318 4937 τοῖς
3338 4871 3518 4935 ἀλλοις

1939 4964 2178 5031 ἀγωνίαν
2215 4962 2409 5027 ἐποίει,
2452 4961 2612 5016 τοῦτο
2644 4964 2730 5014 ἐπ’
2766 4959 2958 5030 ἐκείνῳ
2983 4966 3006 4998 θ
3030 4959 3229 5030 θάρσος
3262 4959 3515 5029 παρεῖχε.

1943 5046 2051 5100 Καὶ
2089 5051 2200 5118 γὰρ
2238 5046 2546 5118 στρατηγὸν
2587 5045 2683 5098 ἐάν
2733 5043 2911 5098 λαϐών
2951 5061 3034 5106 τις
3083 5043 3176 5095 καὶ
3222 5040 3517 5111 καθείρξας

1941 5132 2144 5203 ποιήσῃ
2177 5129 2410 5200 φανερὸν
2435 5131 2614 5195 τοῦτο,
2645 5131 2725 5192 είς
2767 5129 2946 5198 φυγὴν
2972 5125 3230 5198 ἐμϐάλλει
3260 5125 3322 5178 τὸ
3350 5139 3542 5197 σίρα-’

1937 5214 2160 5267 τόπεδον
2190 5212 2365 5266 ἀπαν·
2403 5213 2498 5266 καὶ
2531 5212 2770 5282 ποιμένα
2819 5212 2876 5265 δὲ
2905 5210 3001 5264 ἐάν
3031 5227 3116 5274 τις
3147 5209 3246 5279 τῆς
3278 5208 3515 5280 ποίμνης

1939 5296 2225 5369 ἀπαγάγῃ,
2253 5295 2392 5365 μετά
2414 5295 2616 5365 πολλῆς
2642 5297 2741 5366 τῆς
2763 5294 2944 5357 ἀδείας
2970 5292 3266 5347 ἀπελαύνει
3288 5291 3357 5345 τά
3383 5293 3515 5362 πρό-

1939 5380 2099 5432 ϐατα.
2139 5379 2278 5432 Ἀλλ’
2312 5378 2412 5431 οὐκ
2445 5379 2540 5432 ἐπὶ
2569 5377 2782 5432 Παύλου
2812 5377 3003 5440 οὕτως,
3041 5376 3178 5430 ἀλλά
3204 5373 3514 5430 τούναντίον

1939 5463 2105 5516 ἀπαν.
2147 5463 2205 5516 'O
2238 5460 2540 5534 στρατηγὸς
2573 5461 2682 5533 γὰρ
2706 5461 2932 5523 ἐδέδετο,
2970 5461 3064 5514 καὶ
3093 5462 3143 5513 οἱ
3184 5458 3512 5531 στρατιῶται

1941 5545 2342 5617 προθυμότεροι
2370 5545 2633 5612 ἐγίνοντο,
2664 5545 2759 5597 καὶ
2791 5543 2929 5617 μετά
2961 5545 3204 5608 πλείονος
3233 5543 3332 5612 τῆς
3369 5542 3511 5612 παῤ-

1941 5629 2132 5702 ρησίας
2159 5631 2270 5692 τοῖς
2283 5629 2547 5692 ἐναντίοις
2565 5629 2852 5700 ἐπεπήδων
2875 5645 2891 5661 ·
2916 5630 2945 5681 6
2969 5629 3172 5701 ποιμὴν
3199 5626 3509 5696 καθεῖρκτο,

1940 5715 2033 5768 καὶ
2070 5713 2139 5764 τὰ
2176 5711 2426 5781 πρόϐατα
2454 5713 2555 5766 οὐκ
2590 5712 2882 5785 ἀνηλοῦτο,
2911 5713 3032 5767 οὐδὲ
3081 5709 3454 5783 ἐσκορπίζιτο.

2007 5807 2030 5834 ε
2058 5803 2172 5853 Mss.
2199 5803 2271 5851 ἐπ’
2294 5803 2503 5852 ἐκείνων.

3068 5899 3146 5960 20
