4020 6370
549 343 651 401 317

621 467 693 530 η’.
713 459 805 522 Τίς
824 454 951 522 εἶδε,
972 461 1051 522 τίς
1069 461 1294 530 ἤκουσεν
1319 462 1375 513 ἐν
1403 465 1513 524 τοῖς
1531 462 1636 514 τῶν
1651 462 1983 515 διδασκάλων
2011 463 2117 515 δει-

549 548 659 608 νοῖς
687 543 903 597 πλείονα
926 542 1267 614 παράκλησιν
1288 543 1664 614 λαμϐάνοντας
1685 547 1811 608 τοὺς
1837 546 2080 616 μαθητάς
2101 565 2116 611 ;

547 628 674 690 Πῶς
719 627 816 679 οὑκ
855 625 1102 691 έδεισαν;
1144 625 1261 688 πῶς
1302 628 1401 679 οὐκ
1442 629 1820 698 ἐφοϐήθησαν;
1861 629 1979 692 πῶς
2016 630 2117 681 οὑκ

547 707 698 763 εἷπον
724 709 860 780 πρὸς
888 709 978 762 τὸν
1012 709 1246 774 Παῦλον,
1287 709 1484 778 Ἰατρέ,
1521 710 1899 778 θεράπευσον
1931 727 2116 765 σεαυ-

544 794 688 857 τόν;
721 793 1029 859 ἀπάλλαξον
1070 793 1295 846 σεαυτὸν
1339 793 1448 846 τῶν
1492 794 1846 848 πολυπλόκων
1895 795 2114 858 δεινῶν,

545 875 642 928 καὶ
678 876 799 928 τότε
847 877 978 947 ἡμῖν
1027 875 1095 929 τά
1132 875 1302 946 μυρία
1351 876 1704 948 προξενήσεις
1739 877 1938 944 ἀγαθά.
1991 878 2116 940 Πῶς

541 958 713 1015 ταῦτα
756 958 857 1011 οὑκ
913 954 1104 1023 εἷπον;
1156 957 1316 1022 Πῶς;
1367 959 1451 1012 ὅτι
1504 960 1929 1030 πεπαιδευμένοι
1974 955 2115 1031 ἦσαν

542 1041 697 1112 παρὰ
725 1041 827 1111 τῆς
863 1040 960 1094 τοῦ
989 1041 1307 1112 Πνεύματος
1335 1041 1576 1112 χάριτος,
1613 1043 1694 1095 ὅτι
1722 1043 1894 1095 ταῦτα
1927 1042 2027 1095 οὑκ
2056 1042 2114 1108 ἐξ

540 1125 822 1186 ἀσθενείας
855 1124 1085 1193 ἐγίνετο,
1119 1124 1233 1178 ἀλλ’
1268 1126 1332 1177 ἐκ
1363 1126 1457 1195 τῆς
1498 1123 1590 1177 τοῦ
1629 1125 1866 1195 Χριστοῦ
1900 1143 2112 1195 συγχω-

543 1208 775 1280 ρήσεως,
805 1207 1200 1278 ἴνα-μειζόνως
1227 1210 1260 1278 ἡ
1302 1207 1531 1279 ἀλήθεια
1567 1208 1872 1281 διαλάμπῃ,
1904 1209 1993 1262 διὰ
2025 1210 2114 1262 δε-

541 1292 695 1361 σμῶν
735 1292 828 1344 καὶ
875 1292 1130 1361 φυλακῶν
1179 1293 1273 1346 καὶ
1327 1292 1557 1362 θλίψεων
1600 1294 1694 1345 καὶ
1739 1292 2113 1364 στενοχωριῶν

539 1373 878 1447 αὐξανομένη
914 1379 1009 1430 καὶ
1045 1378 1181 1448 πρὸς
1215 1380 1397 1448 μεῖζον
1429 1378 1690 1449 αἰρομένη
1730 1377 1977 1447 μέγεθος.
2004 1377 2112 1430 Οὓ-

536 1477 645 1521 τως
675 1461 708 1529 ή
743 1460 972 1530 δύναμις
1013 1461 1106 1513 τοῦ
1136 1461 1370 1531 Χριστοῦ
1408 1463 1464 1513 ἐν
1502 1460 1756 1532 ἀσθενείᾳ
1786 1459 2110 1515 τελειοῦται.

536 1543 599 1595 Et
637 1543 734 1613 μὲν
767 1543 875 1614 γὰρ
920 1545 1243 1598 ὑπεσκέλισε
1288 1545 1380 1598 τὸν
1411 1545 1622 1598 Παῦλον
1658 1546 1727 1598 τά
1778 1545 1973 1615 δεσμὰ,
2016 1547 2112 1600 κα)⁵

533 1625 832 1698 δειλότερον
863 1629 1140 1698 ἐποίησεν,
1176 1631 1208 1700 ἢ
1255 1629 1436 1695 αὑτὸν,
1475 1630 1507 1698 ἢ
1545 1630 1670 1692 τοὺς
1714 1630 1908 1698 ἐκείνῳ
1936 1645 2111 1701 προσ-

533 1710 766 1778 ήκοντας
802 1709 908 1762 ἔδει
938 1710 1244 1781 διαπορεῖν·
1281 1713 1329 1762 εί
1355 1711 1411 1763 δὲ
1448 1711 1648 1781 μᾶλλον
1704 1711 1926 1782 θαρρεῖν
1966 1729 2111 1782 παρ-

531 1791 800 1844 εσκεύασε
824 1793 918 1846 καὶ
935 1795 1014 1856 είς
1040 1793 1262 1848 πλείονα
1283 1793 1440 1859 δόξαν
1457 1795 1684 1864 ἤγαγεν,
1710 1795 2109 1865 ἐκπλήττεσθαι

530 1872 612 1926 δεῖ
640 1875 734 1928 καὶ
756 1874 1076 1945 θαυμάζειν,
1098 1876 1215 1941 πῶς
1234 1876 1323 1930 διά
1356 1877 1679 1947 πράγματος
1706 1879 1930 1947 ἀτιμίαν
1959 1879 2110 1948 έχον-

529 1973 622 2020 τος
661 1956 789 2022 δόξα
831 1958 909 2027 τῷ
952 1959 1170 2029 μαθητῇ
1221 1959 1595 2030 προεξενεῖτο,
1649 1961 1738 2014 διὰ
1780 1963 2108 2033 πράγματος

528 2037 730 2093 δειλίαν
775 2040 1138 2110 ἐμϐάλλοντος
1169 2042 1367 2114 θάρσος
1407 2045 1500 2097 καὶ
1547 2045 1896 2116 παράκλησις
1942 2046 2108 2098 πᾶσιν

529 2121 761 2186 ἐκείνοις
809 2123 1048 2190 ἐγένετο.
1085 2125 1183 2187 Τίς
1219 2125 1327 2196 γάρ
1376 2126 1538 2179 αὑτὸν
1591 2127 1692 2179 οὑκ
1747 2127 2108 2198 ἐξεπλήττετο

526 2204 648 2257 τότε
677 2246 692 2270 ,
745 2206 886 2277 δρῶν
937 2208 1128 2262 ἆλυσιν
1184 2208 1604 2280 περικείμενον;
1659 2210 1791 2264 Τότε
1851 2211 2108 2281 δαίμονες

527 2286 888 2358 ἐδραπέτευον
907 2292 1127 2362 μᾶλλον,
1147 2293 1234 2345 ὅτε
1269 2293 1454 2364 ἐώρων
1474 2293 1635 2347 αὑτὸν
1664 2296 1719 2346 ἐν
1745 2294 2105 2366 δεσμωτηρίῳ

526 2370 896 2442 διατρίϐοντα.
928 2376 1002 2428 Οὐ
1028 2375 1137 2446 γάρ
1167 2377 1311 2430 οὕτω
1357 2376 1645 2448 βασιλικὴν
1690 2377 1933 2448 κεφαλὴν
1962 2378 2106 2449 λαμ-

526 2455 674 2525 πρὰν
707 2457 767 2510 τὸ
803 2457 1042 2530 διάδημα
1089 2463 1269 2525 ποιεῖ,
1324 2461 1400 2526 ὡς
1447 2461 1548 2526 τὰς
1597 2463 1806 2515 ἐκείνου
1845 2464 2033 2533 χεῖρας
2071 2465 2105 2533 ή

525 2537 737 2604 ἅλυσις,
771 2543 832 2595 ού
884 2543 1036 2612 παρὰ
1066 2544 1164 2614 τὴν
1205 2543 1411 2598 οἰκείαν
1445 2545 1626 2614 φύσιν,
1661 2546 1796 2598 ἀλλὰ
1830 2547 1982 2616 παρά
2006 2547 2105 2617 τὴν

525 2622 878 2679 ἀπανθοῦσαν
915 2628 1108 2691 αὐταῖς
1135 2628 1317 2698 χάριν.
1365 2629 1464 2682 Διά
1501 2630 1661 2682 τοῦτο
1703 2629 1872 2700 πολλὴ
1921 2630 2103 2701 παρά-

525 2706 718 2776 κλησις
743 2709 951 2778 ἐγίνετο
974 2714 1086 2773 τοῖς
1113 2711 1401 2781 μαθηταῖς.
1429 2711 1535 2765 Καὶ
1569 2715 1677 2784 γὰρ
1701 2713 1886 2783 ἐώρων
1911 2713 1971 2765 τὸ
2002 2715 2101 2782 μὲν

525 2789 684 2860 σῶμα
710 2791 1016 2861 δεδεμένον,
1038 2794 1137 2865 τὴν
1162 2793 1220 2846 δέ
1247 2793 1494 2861 γλῶτταν
1517 2796 1577 2847 ού
1601 2795 1888 2865 δεδεμένην
1905 2811 1918 2826 ο
1949 2794 2099 2867 [507]

521 2872 620 2936 τάς
651 2873 749 2942 μὲν
776 2877 966 2946 χεῖρας
993 2875 1350 2945 ἐσφιγμένας,
1383 2877 1476 2930 τὸν
1513 2877 1570 2929 δὲ
1605 2877 1760 2945 λόγον
1787 2877 2100 2948 λελυμένον,

522 2963 617 3014 καὶ
638 2963 738 3034 τῆς
765 2966 986 3028 ἀκτῖνος
1008 2969 1108 3037 τῆς
1133 2966 1362 3037 ἡλιακῆς
1387 2967 1685 3038 ταχύτερον
1709 2967 1810 3038 τὴν
1841 2968 2099 3038 οἰκουμέ-

522 3062 620 3115 νην
650 3047 1007 3119 ἐπιτρέχοντα
1032 3052 1230 3105 πᾶσαν.
1268 3050 1377 3104 Καὶ
1409 3051 1567 3105 τοῦτο
1599 3053 1780 3116 αὑτοῖς
1816 3053 2102 3124 παράκλη-

523 3151 607 3198 σις
632 3137 840 3204 ἐγίνετο
861 3138 948 3191 διὰ
975 3138 1084 3192 τῶν
1108 3140 1284 3210 ἔργων
1307 3139 1687 3210 μανθάνουσιν,
1711 3142 1792 3194 ὅτι
1821 3141 1973 3195 οὐδὲν
1992 3141 2099 3194 τῶν

521 3220 806 3290 παρόντων
837 3221 1026 3275 δεινόν.
1063 3223 1172 3276 Καὶ
1209 3222 1317 3292 γὰρ
1349 3224 1477 3278 ὅταν
1506 3224 1609 3276 ὑπό
1637 3225 1780 3277 θείου
1810 3225 1975 3277 πόθου
2005 3225 2101 3278 καὶ

521 3305 727 3376 ἔρωτος
769 3310 802 3379 ή
845 3309 992 3380 ψυχὴ
1024 3310 1256 3380 βαφεῖσα
1289 3311 1428 3384 τύχῃ
1466 3313 1739 3381 γνησίως,
1779 3313 1914 3382 πρὸς
1947 3313 2098 3366 οὐδὲν

519 3389 911 3462 ἐπιστρέφεται
943 3393 1050 3446 τῶν
1083 3395 1399 3465 παρόντων·
1439 3395 1554 3449 ἀλλ’
1596 3395 1786 3468 ῶσπερ
1831 3398 1881 3450 οἱ
1915 3397 2101 3468 μαινό-

523 3495 676 3548 μενοι
697 3481 792 3532 καὶ
814 3481 987 3552 πυρὸς
1005 3484 1097 3536 καὶ
1123 3483 1342 3554 σιδήρου
1365 3485 1459 3537 καὶ
1481 3485 1682 3558 θηρίων
1705 3486 1801 3539 καὶ
1827 3486 2100 3554 πελάγους

521 3568 617 3622 καὶ
649 3570 869 3624 πάντων
915 3572 1354 3643 κατατολμῶσιν,
1389 3573 1533 3627 οὕτω
1576 3575 1672 3628 καὶ
1701 3569 1847 3628 οὗτοι
1901 3574 2098 3645 μανίαν

516 3655 642 3710 τινὰ
667 3655 961 3729 καλλίστην
991 3659 1088 3712 καὶ
1121 3661 1648 3730 πνευματικωτάτην
1679 3662 1959 3732 μανέντες,
1992 3679 2100 3731 μα-

517 3742 641 3797 νίαν
672 3745 782 3797 ἀπὸ
816 3747 1171 3818 σωφροσύνης
1195 3747 1510 3818 γινομένην,
1536 3749 1756 3802 πάντων
1785 3749 2099 3818 κατεγέλων

515 3833 626 3888 τῶν
656 3836 970 3906 ὁρωμένων.
1009 3839 1105 3891 Διά
1138 3839 1298 3892 τοῦτο
1324 3839 1610 3909 δεδεμένον
1634 3840 1872 3912 ὁρῶντες
1899 3840 1988 3894 τὸν
2021 3840 2100 3893 δι-

515 3925 807 3992 δάσκαλον,
850 3928 1050 3999 μᾶλλον
1089 3929 1380 4000 ἐσκίρτων,
1417 3931 1620 4000 μᾶλλον
1651 3931 1971 4002 ἠγάλλοντο,
2010 3932 2098 3986 διὰ

514 4018 626 4072 τῶν
654 4018 830 4090 ἔργων
866 4022 977 4084 τοῖς
1009 4022 1273 4086 ἐναντίοις
1307 4022 1490 4084 δόντες
1515 4022 1813 4091 ἀπόδειξιν,
1843 4025 1924 4077 ὅτι
1958 4025 2098 4080 πάν-

515 4108 671 4162 τοθέν
698 4111 834 4163 εἰσιν
869 4111 1138 4164 ἀνάλωτοι
1166 4114 1262 4166 καὶ
1294 4114 1602 4184 ἀχείρωτοι.

572 4200 638 4254 θ’.
658 4199 792 4254 Τότε
807 4201 1008 4265 τοίνυν,
1023 4203 1113 4256 ὅτε
1127 4205 1184 4255 ἐν
1199 4203 1410 4268 τούτοις
1434 4205 1502 4258 τά
1527 4207 1827 4278 πράγματα
1848 4206 1938 4280 ἦν,
1954 4212 2096 4274 τινὲς

515 4292 626 4346 τῶν
676 4292 888 4364 ἐχθρῶν
942 4293 1053 4348 τῶν
1089 4295 1301 4348 Παύλου
1355 4295 1668 4368 βουλόμενοι
1717 4301 1808 4354 τὸν
1861 4303 2096 4372 πόλεμον

516 4385 873 4455 ἀναῤῥιπίσαι
890 4385 1289 4458 χαλεπώτερον,
1327 4388 1420 4440 καὶ
1457 4388 1676 4458 μείζονα
1703 4391 1798 4444 τοῦ
1831 4395 2093 4462 τυράννου

518 4477 746 4546 ποιῆσαι
791 4479 887 4549 τὴν
915 4479 1054 4549 πρὸς
1103 4479 1266 4533 αὐτὸν
1308 4481 1634 4552 ἀπέχθειαν,
1669 4488 2095 4554 προσεποιοῦντο

517 4569 614 4624 καὶ
640 4569 794 4624 αὑτοὶ
833 4571 1126 4642 κηρύττειν
1147 4613 1160 4636 ,
1202 4574 1296 4626 καὶ
1329 4575 1626 4644 ἐκήρυττον
1659 4577 1758 4648 τὴν
1793 4577 1960 4649 ὀρθὴν
1999 4582 2094 4634 καὶ

516 4657 643 4730 ὑγιῆ
678 4659 862 4713 πίστιν
893 4661 1033 4729 ὑπὲρ
1059 4661 1153 4714 τοῦ
1190 4663 1251 4715 τὸ
1277 4661 1455 4733 δόγμα
1486 4664 1764 4718 ἐπιδοῦναι
1797 4667 2091 4736 μειζόνως·

513 4750 674 4805 τοῦτο
698 4753 755 4806 δὲ
781 4753 1017 4817 ἐποίουν,
1041 4753 1162 4824 οὐχὶ
1181 4754 1278 4824 τὴν
1303 4756 1484 4808 πίστιν
1509 4760 1727 4828 σπεῖραι
1757 4759 2091 4832 βουλόμενοι,

515 4843 748 4898 ἀλλ’ἵνα
789 4843 976 4914 μαθὼν
1023 4846 1052 4898 6
1095 4846 1313 4917 Νέρων,
1346 4847 1520 4900 ὅτιτὸ
1561 4851 1827 4920 κήρυγμα
1869 4851 2092 4917 αὔξεται

514 4934 611 4988 καὶ
646 4935 708 4987 τὸ
745 4933 920 5004 δόγμα
953 4934 1253 4998 ἐπιδίδωσι,
1281 4937 1578 5007 ταχύτερον
1619 4938 1710 4992 τὸν
1751 4941 1960 4993 Παύλον
1998 4942 2092 4996 ἐπὶ

514 5025 577 5077 τὸ
616 5023 887 5096 βάραθρον
923 5026 1206 5095 ἀπαγάγῃ.
1245 5025 1348 5078 Δύο
1400 5028 1579 5080 τοίνυν
1615 5023 1682 5098 ἦν
1720 5029 2089 5094 διδασκαλεῖα,

514 5114 623 5168 τῶν
655 5115 868 5170 Παύλου
895 5117 1173 5188 μαθητῶν,
1209 5119 1302 5172 καὶ
1324 5119 1433 5171 τῶν
1453 5120 1662 5191 ἐχθρῶν
1690 5123 1797 5174 τῶν
1823 5124 1918 5176 τοῦ
1942 5125 2090 5178 Παύ-

515 5206 608 5259 λου
629 5223 644 5237 ⁶
679 5208 788 5261 τῶν
813 5209 912 5278 μὲν
944 5209 1004 5273 ἐξ
1030 5209 1289 5280 ἀληθείας
1329 5213 1727 5281 κηρυττόντων.
1757 5214 1868 5267 τῶν
1895 5215 1952 5268 δέ
1981 5217 2090 5270 ἀπὸ

517 5298 847 5367 φιλονεικίας
881 5299 974 5352 καὶ
1000 5301 1098 5370 τῆς
1128 5301 1263 5371 πρὸς
1284 5301 1372 5354 τὸν
1400 5302 1609 5356 Παῦλον
1636 5305 1952 5375 ἀπεχθείας.
1977 5309 2087 5360 Καὶ

513 5391 687 5444 ταῦτα
723 5389 899 5460 δηλῶν
949 5391 1099 5459 ἐλεγε
1123 5411 1136 5426 ο
1202 5393 1365 5459 Τινὲς
1405 5392 1522 5462 μὲν
1567 5394 1665 5448 διὰ
1710 5400 1939 5465 φθόνον
1987 5400 2086 5452 καί.

513 5484 642 5552 ἱριν
682 5482 790 5536 τὸν
835 5484 1090 5551 Χριστὸν
1133 5486 1567 5553 κηρύττουσιν,
1600 5489 1841 5552 ἐκείνους
1884 5492 2088 5560 ἐμφαί-

512 5594 621 5632 νων
657 5577 786 5640 τοὺς
811 5575 1063 5646 ἐχθρούς’
1103 5577 1267 5644 Τινὲς
1296 5577 1364 5631 δὲ
1395 5578 1494 5633 καί
1519 5579 1593 5632 δι’
1619 5580 1921 5646 εὐδοκίαν,
1957 5585 2086 5654 περὶ

514 5667 624 5722 τῶν
652 5666 844 5722 ἐαυτοῦ
882 5667 1138 5738 μαθητῶν
1169 5668 1328 5722 τοῦτο
1364 5669 1559 5738 λέγων.
1595 5667 1732 5726 Εἷπε
1765 5673 1927 5726 πάλιν
1957 5677 2082 5744 περὶ

517 5759 756 5824 ἐκείνων,
793 5762 858 5813 Ol
879 5759 997 5829 μὲν
1027 5759 1095 5824 ἐξ
1126 5760 1398 5828 ἐριθείας,
1426 5763 1474 5813 οἱ
1504 5762 1714 5832 ἐχθροί·
1747 5765 1844 5835 οὑχ
1873 5766 2072 5834 ἁγνῶς,

1206 350 1269 406 S.
1321 349 1606 409 JOANNIS
1642 335 2138 410 CHRYSOSTOMI
2180 351 2502 410 ARCHIEP.
2545 349 3096 409 CONSTANTINOP.

3683 338 3774 394 318

2221 464 2317 532 ούχ
2351 460 2516 530 ὑγιῶς
2541 501 2554 524 ,
2600 458 2715 513 ἀλλ’
2740 453 3020 526 Ὀίόμενοι
3067 458 3276 525 θλίψιν
3325 459 3626 528 ἐπιφέρειν
3666 461 3775 523 τοῖς

2221 545 2465 616 δεσμοῖς
2488 560 2637 614 μου·
2683 545 2737 596 οἱ
2765 541 2834 594 δὲ
2869 541 2939 604 ἐξ
2972 541 3236 611 ἀγάπηςο
3265 542 3429 594 πάλιν
3471 543 3630 595 τοῦτο
3661 544 3776 613 περὶ

2222 630 2330 681 τῶν
2386 626 2628 695 ἀδελφῶν
2665 625 2776 678 τῶν
2817 623 3048 676 ἐαυτοῦ·
3091 622 3333 688 Ειδότες
3375 624 3466 678 ὅτι
3511 629 3603 691 εἰς
3651 627 3780 680 dno.

2220 712 2437 780 λογίαν
2485 709 2591 763 τοῦ
2626 707 2998 776 Εὑαγγελίου
3051 706 3265 775 κεῖμαι.
3321 707 3382 761 Τί
3428 708 3572 778 τάρ;
3620 710 3782 776 Πλὴν

2220 794 2401 849 παντὶ
2453 793 2689 860 τρόπῳ,
2750 791 2872 843 εἴτε
2941 788 3276 858 προφάσει,
3325 791 3446 844 εῖτε
3498 792 3738 859 ἀληθείᾳ
3762 827 3780 856 ,

2218 875 2473 944 Χριστὸς
2533 873 3018 944 καταγγέλλεται.
3072 873 3235 924 Ὥστε
3289 874 3468 942 μάτην
3521 875 3614 926 καὶ
3665 873 3782 944 εἱκῆ

2218 959 2312 1012 ἐπὶ
2364 959 2475 1010 τῶν
2527 958 2792 1028 αἱρέσεων
2845 954 3005 1008 τοῦτο
3048 955 3109 1008 τὸ
3161 957 3310 1026 ῥῆμα
3363 956 3781 1027 παραλαμϐάνε-

2217 1060 2328 1094 ται.
2363 1044 2425 1095 Ol
2465 1043 2574 1112 γὰρ
2608 1042 2730 1094 τότε
2776 1039 3140 1110 κηρύττοντες
3177 1039 3297 1108 ούχὶ
3329 1039 3506 1109 δόγμα
3538 1039 3786 1109 διεφθαρ-

2221 1125 2380 1195 μένον
2420 1126 2755 1195 ἐκήρυττον,
2806 1123 2941 1177 ἀλλά
2986 1123 3167 1176 πίστιν
3214 1124 3338 1194 ὑγιῆ
3383 1123 3477 1176 καὶ
3510 1123 3691 1194 ὀρθήν.
3721 1122 3785 1177 Εἰ

2215 1205 2325 1277 γὰρ
2353 1207 2528 1276 δόγμα
2563 1205 2957 1276 διεφθαρμένον
2987 1207 3304 1276 ἐκήρυττον,
3335 1207 3426 1258 καὶ
3454 1207 3616 1276 ἐτερα
3639 1205 3786 1276 παρά

2215 1290 2306 1342 τὸν
2361 1290 2572 1344 Παῦλον
2625 1290 2940 1356 ἐδίδασκον,
3001 1290 3101 1342 οὑκ
3153 1289 3377 1360 ἔμελλεν
3429 1291 3610 1352 αὑτοῖς
3653 1306 3784 1357 προ-

2214 1374 2433 1444 χωρεῖν,
2476 1374 2613 1444 ὃπερ
2648 1371 2950 1426 ἐϐούλοντο.
2985 1372 3050 1424 Τί
3095 1372 3151 1425 δὲ
3199 1373 3512 1437 ἐϐούλοντο;
3553 1373 3663 1440 Τῆς
3697 1373 3785 1424 πί-

2216 1471 2386 1518 στεως
2417 1454 2744 1527 αὐξηθείσης
2776 1455 2872 1508 καὶ
2887 1455 3098 1508 πολλῶν
3125 1456 3434 1525 γενομένων
3453 1455 3561 1507 τῶν
3576 1455 3784 1507 Παύλου

2218 1538 2494 1610 μαθητῶν,
2514 1541 2593 1602 είς
2623 1539 2847 1609 μείζονα
2873 1538 3105 1608 πόλεμον
3137 1539 3228 1591 τὸν
3246 1539 3474 1610 Νέρωνα
3502 1539 3781 1608 διεγεῖραι.

2214 1621 2278 1673 Εἰ
2329 1622 2385 1675 δὲ
2422 1621 2583 1693 ἐτερα
2632 1623 2879 1692 δόγματα
2925 1623 3245 1691 ἐκήρυττον,
3289 1624 3391 1676 ούκ
3446 1622 3512 1676 ἂν
3561 1621 3788 1685 πολλοις

2213 1706 2477 1776 ἐποίησαν
2504 1708 2631 1770 τοὺς
2682 1707 2894 1760 Παύλου
2928 1708 3196 1779 μαθητάς·
3249 1707 3322 1778 μὴ
3370 1706 3647 1773 ποιοῦντες
3691 1707 3782 1769 δὲ,

2213 1791 2314 1843 οὐκ
2349 1790 2415 1844 ἂν
2458 1791 2784 1862 παρώξυναν
2811 1791 2905 1844 τὸν
2958 1792 3241 1862 τύραννον.
3293 1792 3368 1844 Οὑ
3412 1791 3588 1844 τοίνυν
3628 1789 3789 1842 τοῦτό

2213 1889 2395 1943 φησιν,
2430 1875 2511 1928 ὅτι
2539 1874 2911 1946 διεφθαρμένα
2965 1875 3208 1946 δόγματα
3242 1875 3481 1946 εἰσῆγον,
3512 1874 3624 1928 ἀλλ’
3649 1875 3729 1926 ὅτι
3751 1875 3786 1943 ή

2210 1956 2377 2019 αἰτία,
2409 1957 2502 2026 ἀφ’
2523 1953 2591 2030 ἦς
2616 1959 2932 2029 ἐκήρυττον,
2954 1959 3090 2029 αῦτη
3121 1954 3189 2029 ἧν
3216 1957 3605 2028 διεφθαρμένη.
3625 1955 3788 2008 Ἕτε-

2215 2056 2306 2110 ρον
2341 2041 2451 2111 γάρ
2479 2043 2594 2094 ἐστι
2626 2041 2808 2095 λαλεῖν
2839 2041 2938 2112 τὴν
2972 2043 3245 2114 πρόφασιν
3279 2040 3373 2095 τοῦ
3409 2040 3789 2111 κηρύγματος,

2211 2122 2304 2174 καὶ
2325 2123 2510 2194 ἕτερον
2540 2124 2671 2176 αὑτὸ
2693 2125 2751 2177 τὸ
2780 2127 3040 2197 κήρυγμα
3095 2125 3169 2196 μὴ
3204 2120 3341 2178 εἶναι
3371 2125 3543 2191 ὑγιές.
3579 2123 3654 2175 τὸ
3690 2124 3794 2192 μὲν

2209 2204 2318 2276 γὰρ
2359 2209 2620 2278 κήρυγμα
2648 2207 2709 2259 ού
2763 2210 2974 2276 γίνεται
3003 2209 3175 2276 ὑγιὲς,
3211 2209 3337 2262 ὅταν
3364 2207 3432 2260 τὰ
3480 2206 3727 2276 δόγματα

2209 2288 2418 2358 πλάνης
2443 2291 2682 2360 γέμοντα
2702 2306 2717 2321 ο
2773 2293 2806 2360 ή
2851 2291 3124 2361 πρόφασις
3153 2291 3207 2343 δέ
3239 2291 3299 2344 οὑ
3350 2291 3557 2359 γίνεται
3593 2289 3791 2359 ὑγιὴς,

2206 2372 2336 2425 ὅταν
2369 2373 2429 2424 τὸ
2463 2374 2562 2442 μὲν
2585 2376 2847 2446 κήρυγμα
2882 2375 3030 2444 ὑγιὲς
3067 2371 3122 2446 ᾗ,
3152 2377 3200 2427 οἱ
3229 2375 3285 2428 δὲ
3317 2375 3679 2446 κηρύττοντες
3713 2375 3791 2444 μὴ

2207 2454 2295 2508 διὰ
2333 2455 2426 2508 τὸν
2475 2456 2607 2509 Θεὸν
2646 2458 3013 2529 κηρύττωσιν,
3062 2457 3182 2511 ἀλλ’
3229 2458 3262 2528 ἢ
3319 2458 3454 2528 πρὸς
3501 2457 3724 2528 ἔχθραν,
3753 2458 3789 2528 ἤ

2207 2538 2345 2609 πρὸς
2376 2537 2536 2610 χάριν
2570 2539 2794 2611 ἐτέρων.

2279 2620 2427 2693 [508]
2450 2628 2497 2675 ι’.
2519 2621 2593 2675 Οὑ
2605 2624 2782 2676 τοίνυν
2798 2624 2954 2678 τοῦτό
2979 2643 3164 2694 φησιν,
3185 2627 3267 2678 ὅτι
3285 2627 3524 2695 αἱρέσεις
3540 2626 3788 2696 εἰσῆγον,

2205 2703 2320 2756 ἀλλ’
2349 2705 2548 2758 ὅτιούκ
2567 2707 2675 2759 ἀπὸ
2698 2709 3026 2778 προφάσεως
3051 2709 3238 2778 ὀρθῆς,
3255 2709 3375 2761 ούδέ
3395 2708 3460 2760 δι’
3501 2707 3790 2761 εὐλάϐειαν

2205 2786 2527 2857 ἐκήρυττον,
2556 2791 2692 2862 ὅπερ
2729 2793 3050 2861 ἐκήρυττον.
3084 2792 3159 2843 Ού
3192 2792 3300 2861 γάρ
3321 2792 3408 2843 ἴνα
3439 2791 3500 2844 τὸ
3531 2790 3786 2859 Εὐαγγέ-

2205 2868 2316 2921 λιον
2346 2870 2648 2942 αύξήσωσι,
2680 2871 2838 2925 τοῦτο
2863 2875 3103 2936 ἐποίουν,
3143 2875 3258 2928 ἀλλ’
3312 2876 3398 2926 ἵνα
3449 2875 3580 2927 αὐτὸ
3625 2874 3791 2926 πολε-

2206 2953 2420 3022 μήσωσι
2446 2966 2494 3017 η,
2521 2955 2613 3008 καὶ
2639 2958 2718 3018 εἰς
2750 2956 2969 3026 μείζονα
2993 2957 3155 3010 αὑτὸν
3197 2957 3476 3028 ἐμϐάλωσι
3513 2957 3786 3010 κίνδυνονο

2203 3033 2290 3087 διὰ
2314 3035 2472 3089 τοῦτο
2501 3037 2686 3100 αὐτοῖς
2730 3039 2969 3106 ἐγκαλεῖ.
3015 3041 3126 3092 Καὶ
3165 3041 3267 3110 ὅρα
3301 3041 3416 3103 πῶς
3452 3040 3591 3110 μετά
3623 3041 3791 3110 ἀκρι-

2200 3115 2358 3182 ϐείας
2386 3119 2519 3172 αὑτὸ
2563 3120 2827 3175 τέθεικεν’
2867 3125 3134 3191 Οὶόμενοι
3167 3125 3396 3193 θλίψιν,
3428 3123 3790 3196 φησὶ-διέπι-

2200 3200 2406 3270 ςρέρειν
2440 3203 2566 3270 τοῖς
2593 3204 2841 3275 δεσμοῖς
2866 3225 3005 3275 μου.
3041 3208 3154 3260 υύκ
3191 3203 3366 3270 εἶπεν,
3395 3207 3787 3276 ἐπιφέροντες,

2201 3285 2352 3352 ἀλλ’,
2401 3289 2669 3356 Οῑόμενοι
2719 3289 3063 3359 ἐπιφέρειν,
3112 3292 3382 3355 τουτέστι,
3441 3289 3788 3360 νομίζοντες’

2201 3367 2420 3432 δεικνὺς
2443 3371 2525 3422 ὅτι
2557 3373 2606 3423 εί
2630 3372 2723 3424 καὶ
2756 3374 2953 3426 ἐκεῖνοι
2987 3373 3322 3445 νομίζουσιν,
3345 3375 3460 3428 ἀλλ’
3484 3377 3585 3428 οὑκ
3619 3375 3789 3436 αὐτὸς

2201 3450 2344 3505 οὕτω
2365 3452 2657 3518 διάκειται,
2674 3455 2811 3508 ἀλλά
2827 3457 2922 3509 καὶ
2941 3458 3124 3528 χαίρει
3151 3457 3238 3511 διὰ
3257 3458 3357 3529 τὴν
3376 3457 3470 3510 τοῦ
3502 3475 3570 3527 κη
3581 3457 3792 3528 ρύγμα-

2199 3551 2293 3598 τος
2345 3537 2603 3591 ἐπίδοσιν.
2651 3539 2961 3608 Ἐπήγαγεν
3009 3538 3103 3593 οὖν
3135 3540 3329 3608 λέγων·
3375 3541 3551 3595 Ἀλλὰ
3585 3542 3683 3593 καὶ
3714 3541 3791 3592 ἐν

2202 3619 2391 3682 τούτῳ
2421 3620 2605 3688 χαίρω
2623 3622 2721 3673 καὶ
2746 3621 3106 3692 χαρήσομαι·
3127 3624 3248 3676 εἰδὲ
3268 3624 3478 3692 πλάνην
3496 3624 3566 3676 τὰ
3581 3625 3791 3692 δόγμα-

2201 3717 2269 3753 τα
2298 3697 2433 3770 εἷχε,
2487 3704 2580 3756 καλ⁴
2615 3705 2857 3774 αἱρέσεις
2890 3706 3112 3774 εἰσῆγον
3162 3708 3382 3768 ἐκεῖνοι,
3413 3707 3513 3759 οὑκ
3549 3706 3790 3775 ἠδύνατο

2202 3784 2415 3854 χαίρειν
2443 3787 2470 3838 ὁ
2491 3787 2722 3850 Παῦλος.
2772 3789 2991 3860 Ἐπειδὴ
3019 3790 3073 3842 δέ
3103 3790 3254 3858 ὑγιὲς
3279 3791 3372 3844 καὶ
3397 3788 3687 3844 ἀνόθευτον
3712 3789 3782 3841 τὸ

2200 3866 2398 3938 δόγμα,
2425 3869 2512 3922 διὰ
2540 3871 2696 3923 τοῦτό
2727 3889 2858 3942 φησι
2882 3915 2895 3937 ,
2940 3874 3132 3940 Χαίρω
3171 3873 3270 3926 καί
3314 3872 3671 3942 χαρήσομαι.
3717 3873 3768 3926 Τ
3772 3873 3794 3928 ί

2201 3950 2332 4022 γὰρ,
2369 3953 2418 4004 εί
2458 3955 2685 4019 ἑαυτοὺς
2732 3957 3091 4009 ἀπολλύουσιν
3121 3959 3341 4021 ἐκεῖνοι,
3388 3955 3448 4020 ἐξ
3481 3955 3792 4026 ἀπεχθείας

2200 4036 2359 4089 τοῦτο
2389 4039 2695 4102 ποιοῦντες;
2725 4041 2886 4094 Ἀλλὰ
2905 4041 2970 4094 τὰ
2993 4041 3101 4112 ἐμά
3129 4042 3222 4094 καὶ
3248 4042 3470 4105 ἄκοντες
3500 4040 3791 4104 αὔξουσιν.

2201 4115 2355 4184 Εἶδες
2389 4121 2528 4193 πόση
2557 4123 2650 4175 τοῦ
2687 4123 2900 4177 Παύλου
2942 4126 2975 4195 ἡ
3005 4125 3266 4195 δύναμις;
3304 4126 3422 4188 πῶς
3468 4126 3646 4179 οὐδενὶ
3670 4125 3794 4178 τῶν

2199 4202 2294 4255 τοῦ
2327 4203 2572 4257 διαϐόλου
2609 4208 3018 4278 μηχανημάτων
3048 4208 3328 4262 ἁλίσκεται
3348 4225 3361 4273 ;
3385 4209 3496 4261 Καὶ
3527 4209 3587 4262 οὑ
3616 4211 3798 4278 μόνον

2199 4286 2298 4355 οὑχ
2327 4286 2647 4352 ἁλίσκεται,
2692 4289 2828 4342 ἀλλά
2883 4292 2977 4344 καὶ
3005 4293 3189 4354 αὐτοῖς
3227 4292 3443 4355 τούτοις
3473 4293 3634 4346 αὑτὸν
3669 4310 3798 4362 χει-

2203 4369 2410 4438 ροῦται.
2425 4371 2603 4442 Πολλὴ
2625 4372 2722 4442 μὲν
2749 4373 2858 4444 γὰρ
2883 4370 2975 4428 οῦν
3000 4375 3094 4428 καὶ
3112 4377 3144 4446 ή
3161 4375 3254 4427 τοῦ
3278 4375 3526 4428 διαϐόλου
3547 4393 3736 4430 κακου
3743 4393 3802 4446 ρ-

2199 4453 2327 4518 γία,
2368 4455 2464 4506 καὶ
2501 4453 2611 4507 τῶν
2661 4457 2857 4526 ἐκείνῳ
2897 4457 3286 4511 διακονούντων
3327 4461 3361 4527 ή
3410 4458 3643 4529 πονηρία
3668 4478 3684 4489 ·
3734 4461 3800 4510 ἐν

2201 4539 2549 4609 προσχήματι
2596 4539 2704 4611 γὰρ
2736 4539 2829 4592 τοῦ
2869 4541 2937 4593 τὰ
2987 4542 3125 4594 αὑτά
3169 4545 3415 4612 φρονεῖν,
3470 4543 3666 4596 σϐέσαι
3731 4543 3799 4596 τὸ

2199 4622 2466 4691 κήρυγμα
2509 4622 2813 4676 ἐϐούλοντο.
2864 4623 3003 4676 Ἀλλ’
3063 4625 3121 4676 ’0
3174 4624 3590 4694 δρασσόμενος
3630 4627 3802 4691 τοὺς

2199 4704 2432 4772 σοροὺς
2470 4705 2539 4758 ἐν
2586 4705 2662 4774 τῇ
2717 4707 3052 4775 πανουργίᾳ
3083 4705 3301 4769 αὐτῶν,
3353 4709 3415 4760 οὑ
3477 4707 3798 4779 συνεχώρει

2198 4786 2358 4839 τοῦτο
2391 4789 2645 4856 γενέσθαι
2685 4790 2826 4842 τότε.
2869 4789 3037 4841 Τοῦτο
3079 4789 3209 4856 γοῦν
3256 4789 3390 4842 αὐτὸ
3435 4791 3738 4860 ἐμφαίνων
3770 4794 3802 4844 6

2200 4869 2409 4934 Παῦλος
2431 4872 2605 4940 ίέλεγε⁸
2631 4872 2699 4926 Τὸ
2727 4871 2796 4925 δὲ
2825 4871 3114 4940 ἐπιμεῖναι
3145 4870 3218 4939 τῇ
3239 4871 3420 4939 σαρκὶ
3451 4873 3802 4937 ἀναγκαιό-

2197 4968 2372 5020 τερον
2385 4954 2460 5006 δι’
2478 4954 2655 5023 ἡμᾶς,
2682 4955 2780 5007 καὶ
2804 4954 2979 5007 τοῦτο
3004 4953 3296 5019 πεποιθὼς
3326 4950 3478 5018 οἶδα,
3503 4954 3588 5006 ὅτι
3604 4954 3806 5023 μενῶ

2196 5035 2296 5088 καὶ
2338 5037 2783 5106 συμπαραμενῶ
2825 5035 3016 5091 πᾶσιν
3059 5037 3214 5105 ὑμῖν.
3259 5039 3488 5090 Ἐκεῖνοι
3523 5036 3628 5107 μὲν
3675 5038 3806 5107 γὰρ

2194 5120 2292 5189 τῆς
2308 5121 2588 5190 παρούσης
2606 5139 2672 5190 με
2688 5121 2832 5190 ζωῆς
2854 5120 3100 5173 ἐκϐαλεῖν
3115 5120 3459 5190 ἐπιθυμοῦσι,
3474 5121 3562 5173 καὶ
3584 5123 3810 5176 πάντα,

2198 5203 2287 5256 διὰ
2349 5203 2508 5256 τοῦτο
2556 5204 2941 5272 ὑπομένουσιν·
2983 5203 3012 5253 6
3051 5203 3108 5256 δὲ
3155 5204 3287 5266 Θεὸς
3316 5204 3417 5256 οὑκ
3465 5203 3678 5272 ἀφίησι
3723 5205 3807 5258 δι’

2201 5289 2362 5358 ὑμᾶς.

2263 5393 2449 5447 Ταῦτα
2465 5393 2644 5446 τοίνυν
2669 5391 2808 5463 μετὰ
2827 5391 3109 5463 ἀκριϐείας
3131 5393 3344 5447 ἅπαντα
3369 5393 3808 5466 μνημονεύετε,

2193 5479 2278 5530 ἵνα
2310 5479 2436 5538 τοὺς
2463 5476 2648 5539 ἁπλῶς
2682 5477 2776 5529 καὶ
2797 5476 2871 5538 ὡς
2901 5476 3056 5546 ἔτυχε
3079 5480 3195 5540 ταῖς
3222 5479 3459 5550 Γραφαῖς
3479 5493 3672 5548 κεχρη
3684 5480 3808 5548 μὲ-

2191 5578 2315 5624 νους
2355 5561 2449 5613 καὶ
2481 5561 2568 5613 ἐπ’
2598 5560 2805 5630 ὀλέθρῳ
2844 5559 2953 5613 τῶν
2993 5560 3240 5631 πλησίον,
3278 5563 3413 5633 μετὰ
3441 5562 3639 5630 πάσης
3700 5579 3814 5616 σο-

2191 5647 2318 5706 φίας
2346 5643 2574 5714 δύνησθε
2597 5641 2861 5714 διορθοῦν.
2880 5645 3228 5715 Δυνησόμεθα
3253 5646 3307 5700 δὲ
3335 5648 3426 5700 καὶ
3444 5645 3815 5717 μεμνῆσθαι

2253 5782 2277 5809 ⁸
2303 5781 2441 5844 Λῦτῷ
2462 5779 2792 5840 πολεμήσωσι,
2817 5781 2886 5828 sic
2911 5793 3040 5829 "153..
