4020 6370
303 332 405 386 31'!

298 444 569 512 discipuiis
607 450 770 496 erant.
800 469 873 483 —-—-
898 440 1029 508 Quis
1057 438 1210 506 vidit,
1239 439 1361 508 quis
1388 437 1597 492 audivit
1624 439 1675 492 in
1722 437 1894 508 magi-

301 549 537 591 Strorum
566 535 818 589 aerumnis
845 534 961 603 plus
977 534 1149 587 solatii
1181 547 1375 602 capere
1396 531 1686 600 discipulos
1705 532 1728 584 ‘!
1750 531 1897 598 Quo-

301 628 464 682 modo
491 642 598 681 non
639 625 969 680 timuerunt?
994 624 1096 690 Qui
1124 623 1237 678 ﬁeri
1272 624 1462 691 potuit,
1500 635 1557 677 ut
1597 622 1761 677 Paulo
1792 637 1898 676 non

303 722 584 775 dicerent:
622 717 839 784 Mediae,
868 734 996 771 cura
1046 718 1260 787 teipsum
1282 715 1432 784 (Luc.
1460 716 1517 769 Α.
1539 714 1668 783 25);
1694 729 1823 769 erue
1849 725 1900 768 te

302 813 482 874 ipsum
499 808 570 863 ab
596 808 678 874 iis,
705 808 897 877 quibus
922 805 1328 877 constringeris,
1370 805 1545 868 malis,
1576 813 1631 859 et
1656 813 1779 859 tunc
1803 819 1900 857 no-

307 906 389 959 bis
428 905 709 959 innumera
758 901 899 957 bona
942 898 1273 955 coneiliahis.
1308 898 1418 952 Cur
1454 896 1556 951 hoc
1606 911 1711 950 non
1758 894 1901 949 dixe-

307 997 472 1051 runt?
502 996 670 1062 Quam
697 994 766 1047 ob
793 992 943 1047 rem?
968 991 1229 1059 Quoniam
1266 988 1441 1044 edocti
1481 997 1636 1043 erant
1659 1003 1691 1041 a
1731 988 1900 1056 gratia

307 1086 559 1156 Spiritus,
584 1084 699 1139 hazc
724 1099 830 1138 non
856 1098 921 1137 ex
949 1080 1274 1145 inﬁrmitate,
1317 1079 1412 1134 sed
1438 1094 1505 1134 ex
1548 1077 1902 1148 permissione

306 1182 507 1238 Christi
542 1180 680 1247 fieri,
711 1187 768 1233 ut
797 1178 989 1232 veritas
1016 1176 1184 1246 magis
1215 1173 1516 1245 effulgeret,
1542 1189 1637 1244 per
1664 1173 1898 1242 vincula,

311 1289 406 1344 per
432 1285 677 1328 carceres
704 1278 760 1326 et
784 1283 1073 1337 aerumnas,
1102 1268 1479 1338 angustiasque
1498 1276 1674 1330 aucta,
1706 1275 1760 1321 et
1789 1281 1902 1320 ma-

306 1369 480 1437 jner
507 1367 563 1423 in
590 1365 806 1420 modum
828 1374 1030 1420 evecta.
1060 1364 1150 1419 Sic
1173 1365 1342 1418 virtus
1362 1362 1562 1419 Christi
1593 1364 1645 1417 in
1670 1363 1903 1417 inﬁrmi-

312 1468 420 1512 tate
453 1457 728 1528 perﬁcitur
755 1457 833 1529 (Ξ.
865 1456 984 1512 Cor.
1018 1456 1106 1511 12.
1136 1456 1217 1525 9).
1265 1455 1322 1510 Si
1353 1456 1495 1510 enim
1525 1456 1732 1510 vincula
1769 1456 1906 1509 Pau-

312 1551 419 1605 lum
461 1550 918 1620 supplantassent,
942 1556 997 1602 et
1027 1546 1348 1603 timidiorem
1382 1546 1760 1613 reddidissent,
1792 1546 1905 1601 sive

314 1643 483 1707 illum,
504 1643 616 1695 sive
636 1655 754 1707 eos,
785 1642 875 1711 qui
904 1641 1003 1710 ipsi
1035 1638 1330 1704 haerebant,
1356 1648 1479 1693 tunc
1510 1636 1905 1693 formidandum

313 1746 461 1800 erat;
493 1735 575 1790 sin
619 1734 879 1802 majorem
925 1733 1172 1789 fiduciam
1204 1731 1532 1797 indiderunt,
1584 1740 1640 1788 et
1680 1731 1747 1785 ad
1790 1746 1907 1784 am-

317 1828 541 1895 pliorem
579 1827 802 1896 gloriam
846 1834 1163 1891 evexerant,
1206 1824 1588 1893 obstupescere
1632 1837 1696 1877 ac
1725 1822 1908 1876 mirari

314 1926 549 1987 oportet,
583 1917 853 1987 quomodo
896 1932 992 1987 per
1018 1931 1131 1971 rem
1167 1916 1453 1986 ignominia
1486 1916 1701 1987 plenam
1742 1914 1910 1985 gloria

316 2008 578 2077 discipulo
636 2008 1045 2073 conciliaretur;
1098 2021 1300 2076 perque
1357 2020 1471 2061 rem
1524 2020 1643 2075 quae
1707 2013 1909 2059 metum

318 2100 559 2154 incutere
602 2099 849 2163 debebat,
882 2098 1073 2153 fiducia
1102 2106 1159 2152 et
1183 2098 1481 2152 consolatio
1523 2097 1624 2152 illis
1664 2096 1911 2151 omnibus

321 2198 616 2260 pareretur.
663 2190 791 2258 Quis
820 2190 961 2244 enim
994 2205 1100 2243 non
1126 2200 1235 2243 tum
1279 2188 1709 2258 obstupescebat,
1738 2188 1910 2241 virum

318 2298 545 2338 cernens
574 2293 759 2337 catena
787 2280 1173 2337 constrictum?
1200 2280 1351 2334 Tunc
1376 2281 1605 2335 maxime
1639 2278 1911 2334 daemones

320 2377 613 2447 fugiebant,
655 2392 775 2430 cum
816 2376 1059 2430 viderent
1085 2389 1208 2429 eum
1249 2373 1304 2428 in
1346 2388 1561 2429 carcere
1606 2374 1911 2443 degentem.

318 2467 502 2537 Neque
544 2468 687 2521 enim
718 2466 961 2521 diadema
1002 2467 1205 2536 regium
1256 2474 1416 2535 caput
1444 2464 1665 2535 perinde
1698 2465 1914 2533 conspi-

319 2577 479 2617 cuum
524 2561 668 2628 facit,
709 2572 872 2631 atque
902 2570 1106 2615 catena:
1144 2575 1335 2614 manus
1375 2559 1535 2624 illius,
1566 2574 1670 2614 non
1695 2558 1913 2629 quidem

319 2662 510 2725 suapte
540 2663 756 2722 natura,
788 2654 882 2709 sed
910 2669 1006 2724 per
1044 2654 1269 2724 gratiam
1312 2653 1365 2707 in
1396 2652 1911 2722 ipsis-efflorescen-

322 2759 451 2803 tem.
483 2747 619 2802 Hinc
638 2762 827 2818 magna
854 2746 1146 2802 consolatio
1170 2745 1459 2814 discipulis.
1482 2744 1747 2799 Videbant
1771 2744 1913 2801 enim
1936 2820 1937 2823 η

320 2856 521 2911 corpus
543 2841 802 2907 vinctum,
832 2840 1064 2910 linguam
1090 2853 1220 2894 vero
1248 2839 1467 2894 minime
1504 2838 1754 2908 ligatam;
1800 2852 1917 2891 ma-

322 2947 424 2987 nus
449 2934 657 3003 ligatas,
682 2932 775 2986 sed
797 2932 1018 2987 verbum
1049 2931 1297 2993 solutum,
1323 2929 1464 3000 quod
1490 2929 1730 2984 velocius
1754 2942 1915 2999 quam

321 3027 519 3082 solaris
558 3025 739 3080 radius
770 3033 937 3079 totum
983 3022 1241 3077 mundum
1292 3030 1648 3091 percurreret.
1684 3020 1916 3089 Eratque

323 3121 377 3177 id
404 3121 509 3174 illis
538 3116 914 3184 consoiationi,
945 3131 1065 3172 cum
1104 3131 1201 3186 per
1225 3129 1387 3185 opera
1433 3113 1756 3179 ediscerent,
1790 3113 1915 3166 nul-

323 3213 432 3267 lam
458 3225 639 3266 rerum
672 3209 1013 3279 praesentium
1038 3221 1161 3263 esse
1190 3220 1428 3277 gravem.
1471 3205 1665 3259 Anima
1693 3204 1913 3274 quippe,

324 3322 451 3362 cum
511 3320 696 3360 amore
752 3302 1124 3373 desiderioque
1191 3300 1372 3355 divino
1412 3314 1539 3354 vere
1596 3298 1914 3367 corripitur,

322 3399 393 3454 ad
445 3398 646 3453 nullam
699 3411 879 3452 rerum
902 3393 1270 3465 'prmsentium
1313 3406 1432 3447 sese
1470 3390 1771 3447 convertit;
1823 3387 1917 3443 sed

322 3489 775 3562 quemadmodum
797 3487 982 3542 furiosi
1006 3496 1061 3543 et
1089 3487 1265 3556 ignem
1292 3492 1347 3539 et
1372 3483 1594 3551 ferrum,
1623 3490 1680 3538 et
1703 3485 1845 3537 feras
1866 3491 1919 3536 et

324 3600 477 3638 mare
510 3593 564 3638 et
606 3582 787 3637 omnia
832 3580 982 3635 adire
1026 3579 1160 3633 nihil
1189 3577 1477 3632 dubitant:
1520 3577 1598 3631 sic
1638 3584 1692 3630 et
1722 3576 1776 3629 hi
1803 3576 1920 3645 pul-

323 3676 598 3732 chcrrimo
638 3674 868 3745 quodam
903 3682 959 3728 et
1006 3671 1270 3743 spirituali
1316 3671 1498 3725 furore
1543 3668 1797 3738 correpti,
1840 3668 1922 3721 fu-

328 3785 478 3836 rore,
506 3768 744 3838 inquam,
774 3767 862 3836 qui
893 3781 922 3819 a
958 3764 1309 3834 temperantia
1340 3762 1712 3832 proficiscitur,
1740 3761 1922 3815 visibi-

330 3861 400 3915 Iia
446 3860 627 3914 omnia
672 3856 1010 3911 deridebant.
1053 3854 1391 3924 Quapropter
1436 3867 1558 3907 cum
1608 3851 1920 3922 magistrum

328 3959 618 4009 cernerent
646 3948 905 4015 vinctum,
948 3948 1116 4018 magis
1146 3946 1487 4002 exsultabant
1525 3944 1918 4016 etgaudebant,

328 4062 429 4116 per
465 4045 579 4114 ipsa
617 4057 782 4113 opera
820 4040 1143 4095 adversariis
1185 4038 1544 4104 declarantes,
1589 4052 1648 4093 se
1690 4036 1923 4106 undique

330 4138 561 4192 invictos
591 4134 1086 4204 insuperabilesque
1111 4147 1251 4187 esse.

405 4231 462 4286 9.
502 4228 654 4284 Tunc
688 4228 866 4297 igitur,
894 4242 1015 4281 eum
1055 4240 1143 4280 res
1188 4225 1261 4280 ita
1307 4240 1366 4279 se
1393 4224 1673 4290 haberent,
1705 4223 1921 4295 quidam

328 4321 482 4379 Pauli
543 4320 764 4386 inimici,
813 4333 934 4372 cum
993 4317 1187 4372 vellent
1231 4318 1407 4372 acrius
1448 4316 1643 4372 bellum
1684 4331 1920 4381 movere,

327 4426 385 4469 et
414 4424 695 4485 tyrannum
722 4409 787 4465 ad
816 4410 1074 4479 majorem
1118 4409 1374 4465 adversus
1404 4410 1554 4463 illum
1587 4409 1920 4464 inimicitiam

332 4506 689 4566 inflammare,
713 4517 773 4556 se
803 4500 1093 4569 praedicare
1122 4500 1465 4566 simulabant,
1495 4510 1549 4555 et
1572 4516 1757 4556 revera
1781 4515 1921 4570 prm-

330 4596 584 4653 dicabant
624 4601 828 4649 rectam
858 4606 1148 4661 sanamque
1196 4592 1377 4658 fidem,
1410 4601 1466 4646 ut
1492 4592 1732 4647 doctrina
1768 4607 1925 4662 auge-

333 4701 486 4746 retur
519 4707 533 4743 :
566 4686 690 4743 illud
722 4700 852 4741 vero
882 4684 1164 4752 faciebant,
1208 4702 1313 4740 non
1348 4694 1405 4739 ut
1449 4686 1581 4742 fides
1609 4686 1926 4742 dissemina-

332 4794 505 4849 retur,
533 4783 628 4840 sed
658 4791 716 4836 ut
747 4782 849 4835 hoc
882 4791 1156 4853 comperto
1197 4779 1358 4843 Nero,
1397 4778 1538 4849 quod
1563 4794 1758 4849 nempe
1788 4796 1925 4849 prae-

334 4879 532 4933 dicatio
583 4887 884 4945 cresceret,
933 4888 988 4932 et
1042 4874 1284 4931 doctrina
1332 4872 1722 4939 invalesceret,
1769 4873 1926 4927 citius

333 4970 557 5027 Paulum
589 4971 641 5025 in
664 4970 976 5025 barathrum
1002 4967 1310 5037 conjiceret.
1340 4965 1454 5019 Duo
1475 4964 1650 5033 itaque
1676 4964 1926 5033 magiste-

334 5067 413 5120 ria
461 5072 633 5129 erant,
684 5062 834 5118 Pauli
881 5075 1075 5131 nempe
1126 5057 1533 5126 discipulorum,
1578 5054 1927 5125 ejusdemque

334 5156 695 5220 inimicorum,
730 5153 836 5208 illis
882 5168 948 5207 ex
987 5152 1233 5213 veritate,
1267 5148 1350 5202 his
1390 5163 1455 5202 ex
1500 5146 1844 5201 contentione
1872 5155 1928 5201 et

333 5249 463 5303 odio
490 5247 636 5301 Pauli
672 5243 1101 5315 praedicantibus.
1136 5241 1264 5295 Haec
1292 5254 1454 5309 porro
1481 5239 1759 5294 declarans
1780 5236 1927 5293 dice-

332 5340 427 5393 bat
468 5338 558 5393 ille
591 5355 603 5391 :
636 5336 859 5402 Quidam
908 5342 1115 5403 prepter
1163 5332 1404 5384 invidiam
1460 5339 1507 5383 et
1562 5331 1927 5383 contentionem

334 5432 595 5485 Christum
617 5429 891 5500 pradicant
920 5425 1179 5498 (Philipp.
1202 5426 1253 5478 1.
1276 5424 1386 5494 15‘),
1418 5424 1660 5493 proprios
1688 5424 1926 5478 indicans

335 5521 708 5586 adversarios;
738 5518 957 5586 Quidam
985 5526 1190 5587 propter
1227 5516 1404 5569 bonam
1433 5515 1737 5569 voluntatem
1771 5514 1926 5586 (1b.),

337 5617 408 5671 de
442 5617 554 5670 suis
582 5614 806 5683 loquens
852 5611 1148 5680 discipulis.
1186 5609 1389 5664 Deinde
1432 5624 1643 5664 rursum
1683 5609 1750 5664 de
1776 5610 1880 5663 illis
1914 5624 1927 5664 :

320 5709 444 5763 'Alii
462 5709 664 5777 quidem
693 5723 755 5762 ex
773 5706 1107 5770 contentione,
1138 5702 1338 5758 inimici
1382 5716 1594 5772 nempe,
1627 5718 1731 5757 non
1759 5713 1926 5771 caste,

344 5812 450 5850 non
476 5796 709 5860 sincere,
764 5799 857 5855 sed
885 5798 1245 5854 Existimantes
1288 5815 1340 5853 se
1364 5814 1653 5868 pressuram
1683 5799 1927 5853 suscitare

1471 326 1561 381 DE
1596 324 1959 381 PBOFECTU
2002 324 2390 383 EVANGELII.

3477 315 3586 372 ’518

2005 440 2215 494 vinculis
2263 440 2415 504 meis;
2428 443 2523 499 alii
2535 457 2652 496 vero
2666 457 2731 497 ea:
2740 441 2985 511 caritate(
2992 441 3073 497 Ib.
3091 460 3139 498 υ.
3158 445 3179 500 Ι
3193 446 3245 511 7,
3269 444 3379 516 16);
3391 458 3581 502 rursus

2006 530 2108 586 hoc
2129 532 2259 587 dicit
2285 533 2353 588 de
2390 532 2665 603 discipulis
2703 537 2814 589 suis
2841 554 2854 588 :
2884 535 3117 590 Scientes
3140 536 3377 606 quoniam
3418 538 3472 591 in
3496 536 3586 590 de-

2010 625 2286 695 fensionem
2329 627 2572 697 evangelii
2617 627 2809 697 positus
2853 644 2968 681 sum
3018 625 3122 698 (Ib.
3173 643 3222 681 υ.
3279 626 3395 700 Ili).
3452 625 3588 695 Quid

2005 717 2178 771 enim?
2206 717 2345 771 Dum
2374 721 2509 773 omni
2535 720 2706 783 modo,
2746 722 2849 775 sive
2880 738 2967 791 per
2995 723 3329 791 occasionem,
3375 722 3478 777 sive
3500 738 3590 793 per

2006 809 2283 876 veritatem,
2313 808 2542 864 Christus
2562 813 2886 865 annuntietur
2908 811 3015 885 (Ib.
3037 828 3085 866 v.
3119 813 3234 883 18).
3265 813 3445 885 Itaque
3472 815 3586 868 fru-

2005 908 2113 952 stra
2137 911 2187 953 et
2226 901 2491 956 incassum
2520 901 2622 956 hoc
2645 902 2845 957 dictum
2875 904 2942 959 de
2980 903 3273 959 haeresibus
3307 905 3589 975 accipitur.

2005 991 2137 1045 Nam
2153 993 2241 1061 qui
2274 1001 2399 1048 tunc
2421 995 2797 1062 praedicabant,
2827 1010 2932 1049 non
2957 1006 3261 1064 corruptam
3285 996 3587 1052 doctrinam

2006 1085 2410 1150 annuntiabant,
2436 1084 2532 1139 sed
2564 1085 2720 1140 fidem
2757 1101 2942 1141 sanam
2970 1096 3024 1141 et
3050 1097 3272 1142 rectam.
3305 1087 3518 1143 Etenim
3546 1087 3596 1142 si

2007 1185 2313 1244 corruptam
2363 1176 2661 1232 doctrinam
2713 1178 3114 1248 praedicassent,
3152 1188 3205 1235 et
3250 1181 3377 1248 alia,
3429 1195 3592 1252 quam

2010 1267 2205 1322 Paulus
2224 1269 2554 1337 docuissent,
2591 1272 2899 1341 neutiquam
2931 1272 3037 1327 illis
3065 1272 3348 1328 accidisset
3367 1273 3419 1329 id
3450 1275 3595 1345 Quod

2008 1361 2276 1415 volebant.
2338 1362 2473 1430 Quid
2532 1374 2708 1417 autem
2776 1363 3061 1418 volebant?
3110 1364 3181 1420 Ut
3243 1376 3397 1420 aucta
3449 1367 3591 1431 fide,

2008 1456 2299 1526 multisque
2326 1456 2520 1511 additis
2548 1456 2712 1511 Paulo
2742 1457 3032 1527 discipulis,
3064 1458 3132 1512 ad
3160 1458 3332 1528 majus
3362 1459 3596 1513 inferen-

2010 1548 2136 1602 dum
2165 1548 2360 1603 bellum
2388 1548 2653 1603 Neronem
2691 1548 3007 1604 excitarent.
3044 1550 3101 1605 Si
3140 1559 3316 1605 autem
3349 1550 3454 1605 alia
3496 1554 3601 1607 do-

2011 1650 2189 1711 gmata
2216 1642 2614 1712 praedicassent,
2661 1658 2766 1696 non
2817 1643 3017 1697 mullos
3056 1641 3311 1698 fecissent
3334 1643 3485 1698 Pauli
3511 1644 3598 1697 di-

2013 1734 2249 1803 scipulos
2279 1751 2292 1787 :
2324 1734 2370 1788 si
2404 1750 2509 1789 non
2540 1734 2813 1799 fecissent,
2843 1749 2950 1788 non
2979 1746 3390 1804 exasperassent
3420 1744 3603 1806 tyran-

2013 1843 2161 1882 num.
2190 1826 2307 1882 Non
2348 1827 2476 1882 illud
2505 1828 2681 1897 itaque
2710 1827 2859 1891 dicit,
2892 1827 3035 1898 quod
3060 1839 3311 1898 corrupta
3351 1828 3602 1899 dogmata

2014 1916 2330 1973 inducerent
2360 1935 2373 1972 :
2402 1917 2496 1973 sed
2526 1918 2668 1988 quod
2708 1933 2869 1973 causa
2913 1929 3130 1989 propter
3155 1934 3316 1989 quam
3344 1921 3607 1990 praedica-

2015 2009 2165 2074 bant,
2202 2010 2390 2064 vitiosa
2438 2019 2601 2065 esset.
2649 2010 2807 2065 Aliud
2833 2010 3030 2081 quippe
3076 2021 3161 2067 est
3203 2012 3603 2082 praedicationis

2016 2115 2230 2156 causam
2278 2101 2481 2167 dicere,
2519 2111 2573 2157 et
2607 2102 2751 2157 aliud
2794 2102 2975 2158 dicere
3022 2103 3458 2174 praedicationem
3498 2120 3607 2160 non

2016 2206 2200 2246 sanam
2231 2206 2372 2247 esse.
2408 2192 2556 2247 Tunc
2592 2194 2739 2248 enim
2767 2193 3009 2250 doctrina
3041 2211 3145 2249 non
3173 2204 3256 2251 est
3298 2211 3449 2263 sana,
3477 2212 3605 2252 eum

2016 2282 2265 2354 dogmata
2306 2299 2491 2340 errore
2531 2285 2689 2355 plena
2730 2296 2892 2352 sunt;
2936 2287 3149 2343 occasio
3170 2297 3350 2343 autem
3380 2303 3489 2343 non
3523 2298 3610 2345 est

2017 2391 2167 2445 sana,
2192 2393 2314 2433 cum
2341 2378 2583 2433 doctrina
2613 2380 2829 2449 quidem
2858 2396 2986 2436 sana
3008 2389 3110 2447 est,
3141 2382 3233 2452 qui
3258 2397 3386 2438 vero
3409 2382 3606 2453 praedi-

2018 2479 2163 2537 cant,
2198 2485 2303 2525 non
2337 2480 2556 2542 propter
2584 2471 2753 2527 Deum
2794 2472 3107 2543 praedicant,
3150 2472 3246 2529 sed
3271 2483 3362 2529 aut
3389 2483 3608 2544 propter

2018 2563 2371 2631 inimicitiam,
2400 2565 2485 2619 vel
2511 2563 2578 2619 ad
2608 2564 2835 2620 aliorum
2865 2566 3108 2635 gratiam.

2093 2656 2182 2710 10.
2210 2655 2325 2709 Non
2366 2656 2545 2726 itaque
2572 2655 2703 2710 dicit
2753 2670 2848 2711 eos
2886 2655 3120 2712 haereses
3164 2656 3461 2724 induxisse,
3514 2658 3610 2712 sed

2020 2762 2127 2802 non
2152 2755 2298 2802 recta
2319 2747 2621 2812 occasione,
2648 2761 2747 2802 nec
2784 2748 2994 2817 pietatis
3011 2762 3171 2803 causa
3209 2748 3262 2803 id
3292 2749 3609 2818 praedicasse

2020 2840 2164 2910 quod
2194 2840 2569 2910 praedicabant.
2604 2838 2658 2894 ld
2701 2839 2898 2910 quippe
2950 2856 3056 2895 non
3092 2839 3213 2895 ideo
3259 2840 3503 2910 agebant,
3555 2851 3613 2894 ut

2021 2932 2352 3002 evangelium
2378 2942 2651 3002 angerent,
2693 2932 2789 2988 sed
2842 2940 2901 2988 ut
2949 2932 3079 2987 illud
3118 2932 3509 3003 impugnarent,
3558 2944 3613 2988 et

2021 3027 2074 3081 in
2104 3026 2317 3095 gravius
2343 3024 2633 3093 periculum
2660 3024 3026 3093 conjicerent:
3054 3023 3175 3079 ideo
3224 3024 3345 3078 illos
3383 3024 3609 3079 incusat.

2022 3119 2090 3173 Et
2128 3117 2247 3171 vide
2294 3131 2451 3186 quam
2485 3123 2734 3170 accurate
2760 3114 2885 3169 illud
2927 3114 3197 3183 proferat:
3222 3114 3605 3179 Existimantes,

2023 3209 2214 3280 inquit,
2229 3224 2282 3263 se
2300 3224 2587 3279 pressuram
2605 3208 2792 3278 inferre
2807 3206 3017 3259 vinculis
3035 3206 3154 3259 meis
3171 3204 3460 3277 (Pliilippd
3474 3207 3609 3277 .17).

2023 3306 2139 3362 Non
2168 3306 2320 3371 dixit,
2350 3304 2672 3368 inferentes;
2708 3300 2839 3368 sed,
2893 3299 3256 3355 Existimanles
3300 3316 3354 3353 se
3392 3299 3615 3369 inferre;

2024 3399 2077 3455 id
2120 3407 2223 3466 est,
2255 3398 2573 3452 arbitrantes
2604 3411 2617 3449 :
2646 3393 2952 3459 ostendens,
2986 3391 3193 3446 etiamsi
3238 3391 3313 3446 illi
3338 3391 3415 3445 sic
3460 3390 3611 3445 arbi-

2026 3503 2312 3558 trarentur,
2345 3508 2403 3548 se
2439 3500 2612 3546 tamen
2642 3505 2747 3545 non
2792 3490 2863 3544 ita
2895 3487 3143 3543 affectum
3171 3501 3323 3552 esse;
3353 3487 3460 3541 imo
3479 3502 3612 3556 gan-

2025 3588 2155 3643 dere
2185 3586 2253 3641 de
2284 3584 2679 3655 praedicationis
2718 3582 3069 3637 incremento.
3115 3579 3323 3648 Adiecit
3361 3592 3489 3647 ergo
3530 3578 3615 3632 di-

2027 3694 2154 3735 cens
2187 3697 2200 3733 :
2235 3677 2341 3733 Sed
2362 3687 2406 3731 et
2432 3678 2483 3730 in
2528 3676 2623 3728 hoc
2667 3673 2883 3745 gaudeo,
2924 3682 2972 3726 et
3003 3669 3228 3742 gaudebo
3255 3668 3377 3741 (1b.
3399 3685 3445 3721 v.
3486 3669 3552 3722 18
3572 3668 3613 3735 ).

2025 3771 2082 3827 Si
2107 3779 2283 3825 autem
2322 3782 2473 3823 error
2502 3765 2689 3820 fuisset
2715 3766 2767 3818 in
2793 3762 3147 3833 dogmatibus,
3177 3769 3231 3814 et
3271 3760 3346 3814 illi
3384 3759 3617 3814 haereses

2026 3864 2381 3929 induxissent,
2412 3876 2521 3916 non
2540 3860 2800 3929 potuisset
2822 3855 3054 3926 gaudere
3079 3854 3295 3909 Paulus.
3326 3852 3458 3918 Quia
3489 3866 3618 3906 vero

2028 3971 2214 4013 sanum
2261 3964 2314 4010 et
2357 3968 2463 4008 non
2490 3951 2844 4006 adulteratam
2886 3947 3074 4016 dogma
3119 3956 3250 4009 erat,
3298 3943 3419 3999 ideo
3453 3944 3617 4011 dicit,

2031 4047 2256 4111 Gaudeo,
2283 4053 2327 4097 et
2356 4042 2603 4114 gaudebo.
2632 4038 2767 4105 Quid
2793 4038 2956 4103 enim,
2989 4038 3031 4090 si
3059 4036 3131 4089 illi
3159 4051 3222 4089 ex
3252 4034 3521 4089 inimicitia
3565 4034 3618 4087 id

2029 4147 2267 4210 agentes,
2331 4150 2391 4191 se
2436 4135 2489 4189 in
2535 4131 2821 4202 perniciem
2871 4126 3199 4197 conjiciunt?
3243 4118 3313 4179 At
3364 4138 3482 4179 mea
3531 4125 3619 4179 vel

2031 4230 2182 4285 inviti
2233 4226 2521 4298 augebunt.
2565 4221 2757 4277 Viden’
2786 4228 2980 4291 quanta
3010 4218 3170 4273 fuerit
3221 4216 3369 4271 Pauli
3413 4216 3619 4270 virtus?

2029 4320 2297 4393 quomodo
2319 4317 2475 4373 nullis
2513 4314 2707 4371 diaboli
2748 4310 3006 4366 machinis
3031 4317 3216 4378 captus
3242 4308 3344 4363 sit?
3381 4307 3490 4361 Nec
3532 4321 3620 4360 so-

2032 4416 2139 4470 lum
2171 4427 2276 4467 non
2304 4417 2491 4479 captus
2511 4413 2614 4473 est,
2643 4402 2736 4459 sed
2767 4403 2925 4457 etiam
2948 4399 3135 4455 iisdem
3166 4399 3336 4468 ipsum
3358 4397 3621 4451 machinis

2032 4504 2190 4574 cepit.
2216 4502 2407 4572 Ingens
2435 4496 2679 4569 profecto
2704 4504 2820 4550 erat
2854 4492 3048 4547 diaboli
3075 4489 3334 4558 vafrities,
3362 4498 3417 4544 et
3458 4489 3622 4543 minio

2031 4608 2264 4653 strorum
2289 4595 2405 4665 ejus
2448 4590 2717 4661 nequitia:
2753 4602 2874 4642 nam
2931 4599 2991 4640 se
3032 4583 3172 4638 idem
3223 4582 3394 4651 ipsmn
3422 4582 3623 4635 sentire

2031 4690 2363 4751 simulantes,
2392 4685 2823 4756 praedicationem
2851 4681 3189 4748 exstinguere
3214 4674 3481 4729 volebant.
3514 4672 3622 4729 Sed

2034 4784 2133 4850 Qui
2177 4778 2553 4850 comprehendit
2596 4776 2845 4845 sapientes
2890 4773 2941 4826 in
2986 4773 3170 4825 astutia
3196 4785 3368 4822 eorum
3410 4768 3620 4838 (1Cor.

2034 4878 2086 4931 '5.
2119 4875 2265 4945 19),
2295 4873 2347 4927 id
2398 4871 2515 4927 ﬁeri
2566 4885 2673 4925 non
2722 4866 3083 4939 permittebat.
3134 4863 3188 4919 ld
3244 4864 3415 4932 ipsum
3461 4877 3623 4932 porro

2034 4966 2313 5022 declarans
2342 4962 2537 5019 Paulus
2563 4960 2775 5016 dicebat
2809 4976 2822 5012 :
2854 4957 3163 5011 Permanere
3204 4964 3371 5008 autem
3393 4954 3447 5007 in
3471 4969 3623 5007 carne

2034 5059 2194 5129 magis
2220 5057 2556 5111 necessarium
2577 5062 2646 5106 est
2668 5059 2872 5122 propter
2891 5065 2976 5102 vos
2998 5065 3016 5111 ;
3037 5058 3083 5101 et
3112 5048 3207 5100 hoc
3229 5045 3489 5114 conﬁdens
3519 5045 3625 5097 scio

2032 5152 2153 5220 quia
2176 5147 2403 5210 manebo,
2425 5155 2472 5201 et
2498 5144 2796 5215 permanebo
2819 5158 2931 5196 cum
2949 5138 3177 5193 omnibus
3197 5138 3334 5190 vobis
3361 5136 3621 5209 (Philipp.

2036 5244 2089 5297 1.
2116 5242 2206 5296 24.
2230 5240 2356 5311 25).
2385 5238 2463 5292 llli
2490 5237 2749 5307 siquidem
2772 5250 2835 5289 ex
2865 5231 3113 5302 praesenti
3160 5229 3264 5283 vita
3296 5229 3491 5297 ejicere
3536 5241 3623 5281 me

2035 5333 2274 5403 cupiunt,
2325 5340 2379 5386 et
2429 5344 2493 5384 ea
2538 5328 2607 5381 de
2651 5340 2808 5380 causa
2842 5323 2972 5377 nihil
3012 5336 3117 5375 non
3146 5320 3410 5376 sustinent
3437 5336 3449 5371 :
3481 5318 3624 5372 Deus

2037 5434 2212 5480 autem
2238 5423 2399 5477 vestri
2430 5434 2590 5475 causa
2619 5418 2671 5473 id
2703 5432 2809 5472 non
2832 5415 3124 5485 permittet.

2110 5520 2196 5573 11.
2228 5517 2307 5570 Ad
2336 5515 2671 5588 precationem
2699 5515 2947 5564 hortatur.
2996 5504 3372 5561 Persa-verentia
3418 5505 3472 5555 in
3503 5516 3616 5571 pre-

2037 5610 2199 5665 cando
2233 5620 2477 5678 quantum
2524 5606 2703 5659 valeat.
2754 5602 2891 5656 Deus
2935 5619 3022 5668 per
3078 5616 3164 5653 nos
3218 5606 3424 5667 rogatus
3461 5611 3625 5665 niagis

2041 5702 2264 5764 exaudit,
2295 5716 2448 5767 quam
2476 5699 2519 5752 si
2551 5714 2637 5767 per
2661 5696 2789 5749 alios
2832 5708 3083 5762 rogemus.
3117 5720 3183 5729 —-
3213 5689 3408 5742 llorum
3442 5687 3618 5754 itaque

2039 5796 2276 5852 omnium
2305 5786 2990 5864 diligenterrccordamini;
3047 5793 3102 5837 ut
3145 5799 3237 5839 eos
3286 5781 3373 5851 qui
3418 5790 3622 5837 temere
3666 5858 3672 5864 .
