4020 6370
422 295 526 353 329

421 414 476 463 et
529 406 890 477 perfunctorie
955 407 1242 476 Scripturis
1290 415 1510 462 utuntur
1585 408 1640 462 in
1713 406 2006 478 perniciem

420 500 684 569 proximi,
730 514 854 554 cum
912 499 1058 553 omni
1105 499 1364 569 sapientia
1415 498 1701 554 emendare
1767 499 2005 555 valeatis.

421 591 721 646 Poterimus
768 599 944 645 autem
997 598 1054 645 et
1089 590 1350 644 dictorum
1397 590 1732 656 meminisse,
1775 600 1831 644 et
1877 589 2010 644 alios

417 681 721 747 emendare,
773 683 817 736 si
861 680 926 735 ad
971 681 1244 736 orationes
1283 697 1496 750 semper
1539 681 1923 750 confugiamus,
1955 688 2010 735 et

419 773 586 828 Deum
614 774 979 840 Obsecremus,
1008 773 1099 843 qui
1129 773 1221 828 dat
1249 774 1470 829 verbum
1499 773 1793 842 sapientim,
1823 784 1880 827 ut
1916 774 2008 828 det

414 868 625 922 auditus
669 869 1089 938 intelligentiam,
1138 876 1298 938 atque
1344 877 1647 922 accuratam
1674 876 1727 922 et
1757 868 2004 921 invictam

417 960 711 1030 spiritualis
771 960 927 1029 hujus
967 959 1196 1030 depositi
1245 959 1558 1014 custodiam.
1591 959 1721 1013 Nam
1748 974 1868 1030 qum
1898 973 2002 1012 non

413 1065 697 1122 possumus
741 1066 884 1121 stepe
912 1052 1126 1123 proprio
1151 1050 1328 1106 studio
1353 1051 1626 1121 perﬁcere,
1674 1067 1734 1106 ea
1785 1065 2002 1120 precum

414 1144 612 1198 auxilio
651 1142 806 1198 facile
845 1145 1139 1213 poterimus
1177 1144 1416 1214 exsequi,
1447 1143 1515 1198 de
1543 1144 1793 1214 precibus
1815 1143 2004 1212 loquor

413 1239 661 1294 assiduis.
712 1239 937 1308 Semper
981 1240 1122 1294 enim
1173 1247 1230 1294 et
1278 1241 1394 1294 sine
1445 1238 1835 1293 intermissione
1884 1253 2004 1306 pre-

411 1329 638 1383 candum
668 1338 770 1395 est,
803 1329 915 1385 sive
941 1329 1061 1400 quis
1089 1330 1141 1384 in
1180 1329 1455 1394 aerumnis,
1498 1329 1610 1383 sive
1657 1329 1710 1382 in
1743 1327 2000 1397 tranquil—

413 1420 574 1482 litate,
607 1421 720 1476 sive
741 1421 793 1475 in
814 1421 1220 1486 calamitatibus,
1253 1424 1365 1474 sive
1394 1422 1445 1474 in
1474 1420 1629 1475 bonis
1654 1429 1916 1474 versetur.
1951 1417 2001 1474 ls

411 1512 496 1581 qui
526 1513 577 1566 in
605 1512 986 1583 tranquillitate
1008 1522 1063 1568 et
1091 1512 1245 1567 bonis
1296 1511 1501 1577 multis,
1533 1519 1590 1565 ut
1614 1511 1730 1566 hzec
1777 1511 1998 1564 immota

413 1605 670 1674 firmaque
705 1614 974 1669 maneant,
1021 1612 1078 1660 et
1115 1619 1402 1674 numquam
1447 1603 1696 1660 excidant
1745 1621 1758 1656 :
1811 1601 1902 1672 qui
1944 1602 1996 1656 in

408 1695 659 1749 aerumnis
680 1705 733 1750 et
771 1697 950 1751 multis
986 1695 1395 1759 calamitatibus,
1422 1703 1481 1750 ut
1505 1694 1784 1764 benignam
1805 1707 1996 1763 quum-

384 1784 528 1838 'dam
557 1785 972 1843 vicissitudinem
1021 1786 1217 1853 videat,
1248 1796 1302 1841 et
1341 1787 1394 1840 in
1421 1786 1666 1840 solatium
1695 1783 1992 1854 tranquilli-

407 1877 530 1930 tatis
557 1877 924 1933 transferatur.
969 1877 1025 1933 ln
1071 1879 1453 1947 tranquillitate
1493 1877 1591 1932 es?
1638 1876 1784 1947 Roga
1837 1876 1997 1943 igitur

403 1967 595 2035 Deum,
628 1977 686 2022 ut
709 1968 860 2023 ﬁrma
892 1969 988 2024 tibi
1038 1980 1250 2024 maneat
1276 1969 1391 2023 hmo
1428 1967 1800 2038 tranquillitas.
1829 1966 1992 2021 Tern-

402 2068 661 2128 pestatem
705 2059 856 2114 vides
895 2060 1267 2130 ingruentem?
1299 2059 1464 2114 Deum
1505 2058 1703 2114 obnixe
1747 2072 1989 2127 precare,

401 2160 460 2205 ut
485 2151 769 2220 procellam
790 2161 1013 2220 avertat,
1035 2161 1090 2207 et
1115 2152 1550 2222 tranquillitatem
1580 2166 1649 2207 ex
1678 2159 1992 2219 tempestate

399 2241 576 2298 faciat.
607 2244 900 2299 Exauditus
929 2245 1021 2297 es?
1050 2244 1259 2298 Gratias
1279 2259 1378 2314 age
1399 2243 1538 2313 quod
1568 2243 1850 2297 exauditus
1893 2243 1986 2295 sis.

397 2334 513 2388 Non
545 2336 826 2390 exauditus
877 2337 972 2390 es?
1021 2336 1310 2390 Persevera
1366 2344 1425 2389 ut
1473 2334 1790 2389 exaudiaris.
1843 2334 1992 2388 Licet

400 2423 546 2479 enim
568 2425 710 2480 Deus
755 2424 954 2480 donum
1007 2426 1292 2496 aliquando
1339 2425 1570 2491 differat,
1616 2441 1720 2478 non
1768 2423 1888 2479 ideo
1935 2425 1986 2479 id

394 2513 523 2570 facit
541 2517 682 2586 quod
711 2517 832 2571 odio
860 2517 1480 2583 habeatautaversetnr,
1528 2518 1620 2573 sed
1675 2528 1730 2571 ut
1773 2533 1987 2587 procra-

393 2610 642 2665 stinando
677 2620 729 2666 te
756 2611 954 2668 diutius
978 2612 1118 2682 apud
1144 2627 1203 2668 se
1227 2611 1482 2678 detineat,
1536 2611 1983 2682 quemadmodum

391 2713 573 2771 patres
603 2703 764 2771 prolis
790 2713 1031 2758 amantes
1052 2744 1069 2772 ,
1099 2706 1188 2774 qui
1218 2704 1357 2758 dona
1383 2702 1679 2757 differendo
1709 2703 1983 2771 segniores

393 2794 532 2850 filios
551 2796 778 2851 solerter
795 2807 992 2866 cogunt
1019 2796 1231 2851 assidue
1252 2811 1414 2866 penes
1453 2811 1512 2850 se
1537 2807 1697 2850 stare.
1744 2795 1860 2850 Non
1890 2794 1984 2850 tibi

389 2889 530 2958 apud
561 2889 726 2944 Deum
753 2891 995 2960 patronis
1025 2899 1111 2944 est
1139 2904 1273 2959 opus
1292 2931 1308 2957 ,
1337 2903 1508 2958 neque
1553 2888 1718 2942 multa
1747 2889 1981 2942 circnm-

392 2982 718 3043 cursatione,
748 2991 804 3036 ut
851 2981 1084 3036 aduleris
1134 2981 1286 3042 aliis;
1342 2981 1438 3035 sed
1478 2981 1685 3034 etiamsi
1738 2978 1982 3033 desertus

389 3083 720 3144 patronoque
744 3073 1030 3129 destitutus
1052 3074 1149 3142 sis,
1172 3082 1284 3128 tute
1329 3074 1497 3129 Deum
1527 3083 1775 3143 precatus
1797 3080 1980 3142 postu-

391 3163 555 3218 latum
577 3166 900 3236 assequeris.
929 3165 1044 3220 Non
1067 3165 1138 3220 ita
1177 3165 1315 3220 solet
1342 3179 1580 3219 annuere
1608 3164 1726 3219 aliis
1750 3180 1845 3234 pro
1883 3177 1981 3216 no-

389 3255 474 3310 bis
527 3255 825 3322 orantibus,
871 3265 934 3312 ut
987 3256 1144 3312 nobis
1194 3255 1325 3326 ipsis
1363 3256 1722 3326 precantibus,
1769 3255 1978 3310 etiamsi

387 3349 681 3404 innumeris
701 3351 868 3404 simus
897 3350 1051 3405 malis
1079 3351 1277 3405 onusti.
1310 3349 1441 3406 Nam
1463 3351 1508 3405 si
1537 3349 1802 3416 homines,
1839 3365 1975 3419 quos

388 3443 684 3498 innumeris
719 3443 950 3499 lzesimus
977 3443 1217 3510 offensis,
1247 3458 1368 3498 cum
1413 3442 1673 3499 matutino
1713 3453 1973 3513 tempore,

389 3533 631 3598 meridie,
656 3549 881 3606 vespere
909 3534 1118 3589 adimus
1165 3535 1310 3603 ipsos
1351 3533 1794 3604 indignahundos,
1842 3549 1976 3588 con-

386 3636 603 3696 spectus
629 3625 925 3696 frequentia
952 3635 1008 3681 et
1035 3625 1345 3681 assiduitate
1373 3625 1587 3680 tandem
1615 3625 1766 3679 facile
1795 3625 1975 3694 placa-

386 3734 539 3785 mus,
569 3719 736 3774 multo
764 3719 930 3789 magis
958 3718 1009 3774 id
1039 3718 1178 3788 apud
1199 3719 1366 3774 Deum
1397 3719 1688 3788 contingat.

459 3811 547 3866 12.
581 3811 686 3866 Sed
713 3812 962 3881 indiguus
995 3812 1098 3867 es?
1141 3811 1464 3866 Assiduitate
1506 3811 1699 3881 dignus
1751 3810 1970 3866 evadas.

385 3901 538 3968 Quod
560 3903 703 3957 enim
733 3902 977 3973 indignus
992 3905 1162 3974 possit
1181 3901 1491 3957 assiduitate
1510 3901 1701 3972 dignus
1721 3903 1970 3967 evadere,

382 4002 437 4048 et
459 3993 599 4063 quod
623 4008 718 4064 per
742 4009 840 4047 nos
883 3995 1072 4062 magis,
1113 4007 1271 4063 quam
1305 4007 1399 4062 per
1426 3993 1561 4047 alios
1591 4002 1808 4062 rogatus
1834 3993 1974 4048 Deus

384 4094 616 4152 annuat;
645 4086 892 4156 quodque
917 4087 1116 4151 donum
1143 4101 1286 4156 sarpe
1311 4085 1540 4152 differat,
1575 4101 1678 4140 non
1703 4096 1758 4140 ιιι
1782 4086 1973 4141 dubios

381 4179 545 4233 animi
591 4177 798 4242 reddat,
830 4188 885 4232 et
923 4178 1104 4233 vacuis
1149 4177 1394 4232 manibus
1437 4177 1712 4235 remittat:
1768 4178 1861 4233 sed
1915 4189 1973 4235 ut

383 4270 648 4341 majorum
703 4271 855 4325 nobis
883 4270 1143 4325 bonorum
1173 4279 1358 4324 auctor
1405 4270 1468 4325 sit
1497 4285 1514 4324 :
1541 4270 1676 4336 haec,
1733 4273 1970 4342 inquam,

383 4363 481 4416 tria
513 4376 608 4432 per
635 4361 938 4432 parabolam
986 4360 1146 4416 hodie
1189 4360 1339 4414 vobis
1385 4361 1575 4416 lectam
1603 4359 1972 4418 demonstrare

383 4461 643 4525 satagam.
701 4452 943 4508 Accessit
994 4451 1062 4506 ad
1116 4451 1387 4507 Christum
1429 4451 1732 4508 Chananma
1775 4468 1972 4525 rogans

381 4560 480 4615 pro
531 4543 636 4599 filia
679 4543 1002 4598 daemonium
1049 4542 1306 4609 habente,
1361 4543 1812 4616 vehementerque
1858 4546 1972 4603 cia-

381 4653 556 4704 tuans,
583 4636 822 4691 Miserere
835 4637 953 4702 mei,
978 4635 1216 4703 Domine,
1245 4637 1354 4704 ﬁlia
1382 4653 1493 4692 mea
1521 4639 1653 4693 male
1671 4655 1703 4692 a
1722 4639 1972 4695 dwtnonio

380 4741 589 4786 vexatur
624 4729 850 4803 (Matth.
899 4731 988 4786 15.
1041 4729 1170 4804 22).
1219 4730 1300 4785 En
1349 4731 1644 4802 alienigena
1689 4733 1881 4788 mulier
1916 4741 1973 4791 et

381 4826 636 4888 barbara,
681 4824 987 4879 Judzeorum
1041 4824 1348 4894 reipublicae
1406 4833 1680 4881 extranea.
1732 4825 1803 4882 Et
1843 4826 1972 4898 quid

385 4918 524 4974 aliud
547 4929 682 4980 erat,
713 4934 869 4988 quam
899 4917 1070 4982 canis,
1095 4926 1149 4972 ct
1170 4917 1382 4988 indigna
1415 4934 1536 4988 qua:
1557 4927 1797 4988 optatum
1818 4935 1970 4976 asse-

375 5012 672 5077 queretur?
699 5009 821 5064 Non
855 5019 926 5064 est
969 5009 1123 5074 enim,
1175 5009 1363 5078 inquit,
1395 5008 1582 5064 bonum
1609 5010 1838 5082 accipere
1874 5028 1970 5080 pa-

382 5119 494 5155 nem
529 5100 769 5171 ﬁliorum,
821 5111 868 5155 et
912 5102 1036 5156 dare
1079 5101 1273 5156 catellis
1323 5100 1436 5166 (Ib.
1485 5118 1534 5156 υ.
1559 5101 1689 5168 26).
1717 5103 1972 5159 Attamen

383 5195 696 5250 assiduitate
718 5194 871 5263 digna
895 5195 1080 5248 evasit.
1113 5194 1294 5264 Neque
1323 5195 1467 5249 enim
1496 5202 1700 5249 tantum
1729 5195 1872 5250 illam
1918 5197 1970 5251 in

384 5286 612 5341 ti.iorum
665 5285 994 5340 nobilitatem
1048 5290 1246 5352 evexit,
1303 5301 1422 5355 qua:
1482 5287 1633 5342 canis
1674 5296 1818 5352 erat;
1876 5288 1971 5344 sed

382 5383 543 5435 etiam
571 5377 754 5433 multis
774 5391 894 5431 cum
916 5377 1159 5432 laudibus
1178 5377 1402 5444 dimisit,
1431 5376 1616 5432 dicens
1643 5392 1656 5429 :
1692 5376 1737 5432 0
1755 5377 1974 5434 mulier!

381 5489 566 5546 inagna
594 5480 668 5527 est
688 5470 816 5540 ﬁdes
838 5479 925 5522 tua
957 5470 1080 5538 :ﬁat
1102 5468 1190 5524 tibi
1216 5471 1341 5524 sicut
1360 5469 1433 5525 vis
1461 5468 1573 5537 (Ib.
1603 5487 1650 5524 υ.
1682 5469 1811 5541 28).
1837 5471 1972 5526 Cum

380 5575 558 5619 autem
603 5561 848 5620 Christus
899 5559 1066 5626 dicat,
1117 5560 1311 5632 Magna
1338 5571 1411 5616 est
1459 5562 1585 5632 fides
1613 5571 1720 5628 tua,
1768 5562 1972 5617 nullum

383 5655 526 5710 aliud
552 5670 758 5724 quaeras
779 5654 921 5708 circa
963 5654 1448 5723 magnanimitatem
1471 5653 1692 5723 hujusce
1735 5655 1974 5712 mulieris

380 5748 781 5806 argumentum.
809 5745 1059 5804 Vidistin’
1088 5747 1356 5817 quomodo
1381 5763 1446 5803 ex
1477 5747 1787 5804 assiduitate
1813 5748 1969 5821 digna

1141 293 1198 350 S.
1236 290 1517 349 JOANNIS
1554 287 2028 348 CHRYSOSTOMI
2065 289 2380 349 ARCIIIEP.
2422 293 2957 356 CONSTANTINOP.

3599 307 3704 364 520

2121 405 2254 458 facta
2282 407 2350 460 sit
2384 409 2591 472 mulier,
2617 426 2737 480 qua:
2765 413 2975 483 indigna
3004 417 3151 484 prius
3177 417 3328 473 erat?
3356 419 3445 476 Vis
3494 421 3699 485 discere

2114 511 2213 550 nos
2237 497 2287 551 in
2317 500 2582 568 precando
2602 515 2698 570 per
2716 507 3072 576 nosmetipsos
3101 511 3218 579 plus
3238 515 3515 587 perlicere,
3540 537 3700 590 quam

2113 603 2211 684 per
2258 590 2430 646 alios?
2485 593 2748 651 Clamavit
2803 597 2939 665 htec,
2989 610 3044 656 ct
3084 597 3400 664 accedentes
3454 613 3695 684 discipuli

2111 681 2361 738 dixerunt
2392 700 2406 738 :
2440 684 2648 740 Dimitte
2684 688 2850 754 illam,
2889 692 3009 759 quia
3049 695 3235 750 clamat
3284 712 3396 767 post
3441 719 3533 757 nos
3581 681 3689 774 (Ib.

2110 789 2159 827 υ.
2185 774 2295 846 25)
2328 793 2341 828 :
2374 785 2428 831 et
2454 777 2518 832 ad
2545 779 2667 834 illos
2692 782 2905 850 quidem
2935 789 3240 855 respondit,
3275 790 3396 846 Non
3436 811 3548 850 sum
3573 800 3695 853 mis-

2109 885 2195 923 sus
2242 870 2343 924 nisi
2391 873 2461 924 ad
2514 888 2646 940 oues,
2688 891 2802 945 quae
2847 878 3121 946 perierunt,
3149 883 3332 938 domus
3379 885 3547 943 Israel
3577 889 3691 961 (Ib.

2108 976 2154 1013 υ.
2177 961 2280 1030 24)
2309 982 2322 1018 :
2351 978 2472 1018 cum
2505 975 2683 1020 autem
2731 968 2819 1022 illa
2863 985 2956 1038 per
2995 972 3224 1041 seipsam
3252 979 3474 1044 accedit,
3503 991 3557 1036 et
3581 986 3689 1036 cla.

2109 1054 2307 1106 mando
2332 1059 2691 1122 perscveravit
2716 1059 2933 1123 dicens,
2973 1063 3160 1128 Etiam,
3206 1065 3438 1137 Domine,
3485 1089 3600 1126 nam
3646 1087 3695 1130 et

2107 1148 2275 1200 catelli
2293 1149 2448 1202 edunt
2474 1150 2538 1203 de
2565 1168 2738 1205 mensa
2759 1155 3078 1210 dominorum
3095 1174 3302 1214 suorum
3329 1161 3445 1232 (Ib.
3469 1181 3514 1219 υ.
3546 1168 3651 1241 27)
3672 1184 3694 1227 ε

2109 1247 2233 1293 tunc
2269 1241 2492 1309 gratiam
2523 1245 2771 1310 contulit,
2819 1257 2872 1299 et
2923 1247 3088 1313 dixit,
3142 1249 3262 1306 Fiat
3309 1255 3398 1307 tibi
3446 1258 3574 1312 sicut
3616 1263 3694 1317 uis

2107 1329 2223 1399 (Ib.
2241 1347 2296 1421 Ϋυ.
2325 1331 2452 1400 28).
2483 1332 2728 1389 Vidistin’
2753 1338 3043 1404 quomodo,
3073 1355 3193 1395 cum
3219 1343 3292 1398 illi
3328 1359 3691 1421 precarentur,

2105 1420 2320 1490 repulit,
2351 1437 2472 1476 cum
2500 1433 2680 1479 autem
2733 1424 2820 1480 illa
2864 1441 3058 1483 munus
3082 1429 3364 1488 clamando
3387 1420 3689 1506 postulavit,

2103 1514 2324 1568 annuit?
2365 1515 2472 1570 lllis
2516 1518 2711 1586 quippe
2748 1519 2897 1586 dicit,
2951 1521 3073 1577 Non
3121 1542 3236 1579 sum
3275 1530 3456 1584 missus
3481 1535 3581 1586 nisi
3621 1538 3693 1590 ad

2103 1619 2235 1696 oves,
2259 1620 2394 1696 (qua:
2447 1608 2722 1676 perierunt,
2754 1611 2934 1665 domas
2954 1611 3151 1680 Israel;
3180 1617 3302 1674 huic
3322 1634 3469 1687 vero,
3497 1623 3692 1696 Magna

2100 1705 2174 1746 est
2194 1694 2424 1762 ﬁdestua
2448 1711 2468 1750 :
2498 1699 2588 1766 fiat
2611 1699 2700 1752 tibi
2726 1701 2853 1754 sicut
2881 1705 2970 1758 vis.
3001 1704 3067 1759 Et
3093 1709 3305 1776 quidem
3346 1711 3498 1772 initio
3543 1694 3686 1784 peti-

2102 1784 2262 1839 tionis
2307 1787 2438 1841 nihil
2476 1791 2788 1858 respondit:
2820 1794 2906 1847 ubi
2955 1803 3133 1850 autem
3177 1801 3376 1868 semel,
3405 1803 3596 1860 iterum
3633 1817 3692 1862 ct

2101 1877 2259 1932 tertio
2285 1882 2531 1946 accessit,
2564 1890 2690 1937 tunc
2713 1884 2936 1951 gratiam
2965 1888 3220 1956 contulit;
3251 1906 3318 1945 ex
3359 1893 3464 1949 fine
3487 1896 3690 1952 docens

2099 1983 2217 2033 nos,
2242 1984 2303 2024 se
2324 1986 2516 2026 munus
2543 1971 2835 2040 distulisse,
2867 1992 2970 2030 non
3003 1990 3058 2032 ut
3083 1979 3224 2063 illam
3261 1985 3563 2053 repelleret,
3591 1988 3688 2043 sed

2097 2071 2154 2115 ut
2211 2064 2364 2116 nobis
2429 2066 2677 2120 omnibus
2732 2069 3035 2135 patientiam
3091 2074 3328 2129 mulieris
3385 2079 3688 2135 exhiberet.

2095 2153 2228 2208 Nam
2246 2154 2289 2208 si
2315 2165 2372 2209 ut
2402 2155 2546 2210 illam
2600 2158 2881 2226 repelleret
2929 2160 3244 2229 distulisset,
3287 2182 3457 2238 neque
3485 2170 3537 2224 in
3579 2172 3692 2228 line

2096 2245 2417 2314 postulatum
2447 2246 2712 2313 dedisset;
2741 2250 2865 2319 quia
2904 2266 3034 2306 vero
3063 2263 3121 2307 tit
3152 2254 3544 2328 philosophiam
3568 2265 3690 2330 ejus

2093 2337 2342 2392 omnibus
2387 2337 2665 2393 exhiberet
2701 2342 3078 2412 exspectabat,
3125 2345 3246 2399 ideo
3295 2350 3516 2404 tacebat.
3549 2352 3686 2408 Nam

2091 2429 2135 2481 si
2163 2429 2340 2482 statim
2371 2444 2398 2480 a
2432 2430 2693 2500 principio
2721 2431 3034 2487 beneficium
3060 2437 3396 2503 contulisset,
3444 2443 3689 2497 mulieris

2091 2519 2340 2573 virtutem
2353 2518 2826 2590 fortitudinemque
2843 2539 2948 2576 non
2971 2539 3267 2581 nossemus.
3293 2527 3496 2584 Dimitte
3510 2532 3680 2596 illam,

2089 2611 2370 2681 inquiunt,
2414 2612 2534 2680 quia
2578 2611 2765 2665 clamat
2805 2624 2916 2682 post
2967 2631 3079 2669 nos.
3131 2617 3268 2682 Quid
3325 2635 3453 2675 vero
3501 2623 3666 2675 Chri-

2087 2703 2245 2756 stus?
2302 2701 2408 2756 \‘os
2449 2702 2644 2756 auditis
2671 2717 2853 2758 vocem
2873 2745 2890 2770 ,
2940 2719 3040 2774 ego
3083 2717 3313 2762 mentem
3340 2710 3493 2766 video
3524 2729 3538 2765 :
3565 2715 3684 2769 scio

2085 2793 2214 2864 quid
2264 2791 2470 2848 dictura
2518 2794 2608 2847 sit.
2676 2793 2815 2848 Nolo
2866 2795 3175 2851 thesaurum
3235 2799 3288 2853 in
3340 2812 3516 2857 mente
3561 2805 3682 2871 ejus

2086 2885 2420 2940 reconditum
2467 2885 2634 2941 latere
2670 2887 2805 2942 :sed
2833 2899 3085 2957 exspecto
3113 2901 3168 2945 et
3195 2901 3365 2959 taceo,
3418 2904 3476 2948 ut
3502 2895 3681 2964 ipsum

2085 2977 2356 3034 detectum
2379 2979 2431 3033 in
2461 2979 2694 3033 medium
2724 2979 3017 3049 proferam,
3070 2990 3125 3036 et
3172 2984 3419 3039 erunibus
3447 2987 3680 3041 manife-

2083 3079 2226 3125 stum
2265 3070 2476 3126 faciam.

2156 3162 2244 3216 f5.
2281 3161 2407 3216 litec
2433 3160 2591 3230 igitur
2620 3161 2794 3215 omnia
2823 3176 2942 3214 cuni
2974 3161 3313 3219 didicerimus
3339 3208 3354 3229 ,
3387 3168 3589 3226 etiamsi
3621 3169 3680 3224 in

2084 3253 2318 3322 peccatis
2351 3251 2541 3317 simus,
2574 3261 2628 3306 et
2663 3251 2935 3306 beneficiis
2963 3253 3186 3323 indigni,
3215 3271 3281 3309 ne
3305 3257 3678 3326 desperemus,

2080 3342 2313 3398 scientes
2342 3357 2442 3398 nos
2470 3357 2537 3398 ex
2581 3342 2745 3396 animi
2771 3343 3256 3414 assiduitateposse
3277 3347 3466 3418 dignos
3493 3362 3680 3418 poste-

2081 3432 2203 3488 latis
2230 3432 2481 3488 evadere.
2516 3431 2666 3487 Licet
2690 3434 2806 3488 sine
2834 3435 3132 3503 patrocinio
3161 3450 3223 3490 ac
3253 3435 3452 3492 deserti
3482 3441 3676 3506 simus,

2081 3539 2150 3581 ne
2170 3527 2405 3580 animmn
2437 3525 2886 3596 despondeamus,
2916 3526 3068 3596 gnari
3112 3542 3361 3598 magnum
3397 3530 3526 3584 illud
3554 3546 3679 3586 esse

2080 3616 2459 3686 patrocinium,
2489 3616 2535 3669 si
2561 3615 2681 3686 quis
2711 3631 2902 3685 magno
2934 3629 3054 3671 cum
3086 3618 3264 3671 studio
3295 3635 3388 3687 per
3438 3621 3678 3691 seipsum

2077 3706 2144 3762 ad
2178 3707 2342 3761 Deum
2367 3706 2610 3762 accedat.
2630 3706 2683 3762 Si
2711 3721 2904 3761 munus
2930 3706 3174 3763 conferre
3199 3709 3412 3764 dit'ferat
3449 3720 3502 3765 ct
3544 3727 3666 3780 pro-

2078 3798 2336 3853 crastinet
2357 3837 2370 3861 ,
2397 3813 2465 3852 ne
2491 3797 2858 3863 concidamus,
2886 3798 3116 3853 scientes
3148 3799 3288 3853 illam
3311 3803 3670 3869 procrastina-
3735 3839 3738 3842 ~

2081 3892 2282 3945 tionem
2320 3905 2465 3946 cura:
2491 3900 2650 3960 atque
2675 3890 3015 3961 benignitatis
3043 3906 3162 3947 esse
3186 3903 3578 3962 argumentum.
3613 3895 3676 3950 Si

2079 3982 2130 4037 id
2159 3997 2471 4052 persuasum
2500 3982 2810 4049 habeamus,
2854 3991 2911 4038 et
2959 3997 3081 4037 eum
3127 3984 3307 4038 animo
3357 3984 3574 4040 dolente
3617 3999 3680 4042 et

2076 4072 2305 4141 fervido,
2335 4081 2493 4144 atque
2513 4075 2740 4128 excitata
2763 4073 3053 4138 voluntate,
3074 4075 3161 4130 tali
3184 4074 3409 4138 scilicet,
3451 4077 3672 4146 qualem

2079 4164 2264 4220 habuit
2293 4164 2556 4220 accedens
2576 4163 2897 4231 Chanumea,
2926 4173 2980 4219 et
3006 4177 3105 4218 nos
3132 4164 3303 4234 ipsum
3339 4165 3634 4221 adierimus
3656 4210 3673 4234 ,

2077 4259 2283 4314 etiamsi
2308 4272 2470 4314 canes
2499 4259 2687 4323 simus,
2716 4259 2924 4312 etiamsi
2956 4257 3178 4327 quidvis,
3197 4273 3357 4329 grave
3388 4269 3677 4329 perpetra-

2076 4352 2331 4416 verimus,
2359 4360 2414 4406 et
2443 4360 2624 4406 nostra
2653 4349 2788 4404 mala
2819 4349 3154 4412 amolietnur,
3197 4359 3508 4421 tantumque
3530 4351 3676 4406 fidu-

2075 4447 2172 4501 cia:
2198 4445 2542 4516 accipiemus,
2567 4454 2622 4498 ut
2644 4443 2764 4498 aliis
2783 4458 2992 4514 quoque
3013 4444 3331 4513 patrocinari
3354 4445 3632 4500 valeamus
3658 4464 3673 4500 :

2075 4535 2524 4607 quemadmodum
2549 4543 2604 4590 et
2622 4533 2920 4589 Chanauzea
2946 4548 3052 4588 non
3078 4533 3254 4588 solum
3280 4535 3392 4604 ipsa
3419 4534 3674 4591 fiduciam

2075 4637 2130 4684 et
2159 4626 2352 4682 nmltas
2377 4625 2563 4682 laudes
2582 4632 2911 4696 consequuta
2944 4632 3047 4691 est,
3076 4623 3170 4679 sed
3194 4625 3354 4679 etiam
3397 4625 3558 4680 filiam
3589 4628 3678 4680 in-

2075 4717 2442 4773 tolerabilibus
2488 4717 2750 4772 molestiis
2811 4717 3019 4786 eripere
3069 4717 3258 4785 potuit.
3307 4715 3450 4772 Nihil
3500 4719 3674 4785 enim,

2076 4808 2211 4864 nihil
2260 4808 2441 4878 utique
2498 4809 2767 4878 potentius
2810 4816 2892 4862 est
2939 4808 3183 4863 oratione
3230 4807 3456 4863 ferventi
3509 4818 3675 4879 atque

2074 4901 2306 4957 sincera.
2333 4899 2459 4956 litec
2481 4911 2535 4955 et
2556 4899 2839 4970 praasentia
2862 4898 2998 4953 mala
3015 4899 3191 4964 solvit,
3213 4908 3267 4954 et
3291 4915 3322 4954 a
3352 4897 3545 4955 futuris
3576 4901 3676 4955 illo
3711 4893 3715 4898 “

2076 5000 2318 5063 tempore
2362 4991 2637 5062 suppliciis
2687 4991 2865 5062 eripit.
2920 4988 2991 5046 Ut
3045 4989 3220 5060 itaque
3252 4999 3307 5046 et
3348 5000 3676 5061 prasentem

2077 5087 2240 5141 vitam
2287 5085 2493 5141 facilius
2547 5085 2939 5154 transigamus,
2991 5093 3046 5138 et
3110 5084 3239 5139 illuc
3297 5076 3419 5138 cum
3474 5082 3676 5142 ﬁducia

2076 5181 2350 5246 abeamus,
2375 5181 2540 5236 multo
2561 5181 2737 5235 studio
2762 5190 2817 5235 et
2837 5178 3112 5235 alacritate
3131 5181 3379 5251 precibus
3393 5195 3672 5238 vacemus.

2078 5275 2166 5329 Sic
2194 5276 2336 5328 enim
2367 5277 2657 5345 poterimus
2683 5284 2738 5330 et
2779 5277 3062 5345 praesentia
3101 5275 3355 5342 consequi
3401 5273 3564 5338 bona,
3621 5286 3678 5330 ct

2077 5367 2277 5436 Optima
2305 5381 2401 5437 spe
2427 5367 2528 5422 frui
2561 5385 2574 5420 :
2607 5383 2725 5438 quae
2753 5383 2852 5423 nos
2893 5383 3081 5422 omnes
3128 5367 3341 5436 assequi
3370 5369 3675 5437 contingat,

2076 5461 2268 5530 gratia,
2299 5459 2627 5531 benignitate
2677 5469 2730 5514 et
2766 5457 3236 5514 commiseratione
3265 5456 3476 5512 Domini
3500 5460 3677 5513 nostri

2077 5556 2205 5613 Jesu
2254 5555 2475 5622 Christi,
2522 5557 2738 5627 quicum
2776 5556 2943 5624 Patri,
2988 5571 3199 5628 unaque
3231 5555 3452 5626 Spiritui
3483 5566 3674 5613 sancto

2078 5651 2267 5725 gloria,
2298 5650 2494 5721 better,
2514 5651 2813 5720 imperium,
2837 5651 2890 5706 in
2907 5650 3102 5708 saecula
3117 5652 3452 5709 mentorum.
3473 5653 3673 5709 Amen.
