4020 6370
288 449 391 504 519

287 562 393 617 τῶν
423 563 749 632 εἰρημένων,
770 565 862 617 καὶ
881 565 965 617 έτέ
974 583 1100 636 ρους
1115 563 1382 634 διορθοῦν,
1401 563 1466 617 ἂν
1485 565 1565 626 εἰς
1593 561 1758 630 εὐχὰς
1778 559 1866 611 ἀεὶ⁸

291 645 745 716 καταφεύγωμεν,
775 649 868 700 καὶ
898 648 1305 717 παρακαλῶμεν
1336 647 1429 699 τὸν
1473 647 1609 699 Θεὸν
1658 644 1750 696 τὸν
1790 641 1868 694 δι-

290 729 445 783 δόντα
472 729 628 796 λόγον
665 731 875 796 σοφίας,
911 731 1092 784 δοῦναι
1127 731 1225 784 καὶ
1262 730 1477 784 σύνεσιν
1516 727 1867 799 ἀκροάσεως,

295 815 385 865 καὶ
419 811 666 883 φυλακὴν
696 814 795 881 τῆς
825 815 1203 884 πνευματικῆς
1233 813 1436 884 ταύτης
1475 808 1868 882 παρακαταθή-

297 914 397 966 κης
418 896 623 966 ἀκριϐῆ
656 897 749 949 καὶ
775 896 1088 966 ἀχείρωτον,
1118 899 1184 950 Ἀ
1209 898 1317 968 γὰρ
1344 899 1445 949 οὐκ
1472 893 1727 964 ίσχύομεν
1746 891 1872 944 πολ-

296 979 455 1041 λάκις
480 980 538 1044 ἐξ
571 978 778 1041 οἰκείας
815 979 1158 1048 κατορθῶσαι
1188 979 1458 1048 σπουδῆς,
1506 977 1682 1030 ταῦτα
1716 976 1874 1044 δυνη-

301 1063 505 1132 σόμεθα
530 1063 725 1116 ἀνύσαι
761 1063 1014 1133 εὐμαρῶς
1044 1063 1110 1116 δι’
1141 1064 1315 1133 εὐχῶν
1351 1076 1400 1127 ι,
1432 1061 1608 1133 εὐχῶν
1639 1061 1696 1115 δὲ
1730 1058 1874 1128 λέγω

298 1146 406 1198 τῶν
421 1146 703 1216 διηνεκῶν.
730 1146 844 1198 Ἀεὶ
859 1146 966 1214 γάρ
985 1146 1077 1199 καὶ
1096 1145 1452 1208 ἀδιαλείπτως
1473 1144 1722 1214 εὔχεσθαι
1745 1144 1873 1214 χρὴ.

299 1230 504 1283 καὶτὸν
536 1231 593 1282 ἐν
621 1228 829 1299 θλίψει,
860 1231 954 1283 καὶ
991 1229 1082 1282 τὸν
1111 1231 1170 1281 ἐν
1200 1229 1403 1293 ἀνέσει,
1440 1230 1532 1282 καὶ
1560 1229 1652 1283 τὸν
1677 1229 1736 1281 ἐν
1767 1230 1877 1282 δει-

300 1315 432 1374 νοῖς,
463 1313 559 1365 καὶ
586 1312 679 1366 τὸν
711 1315 767 1369 ἐν
796 1312 1024 1380 ἀγαθοῖς
1049 1312 1200 1366 ὄντα·
1229 1312 1318 1367 τὸν
1355 1313 1452 1377 μὲν
1480 1314 1538 1365 ἐν
1569 1311 1752 1366 ἀνέσει
1785 1311 1880 1365 καὶ

302 1395 516 1459 πολλοῖς
539 1395 782 1464 ἀγαθοῖς,
803 1398 888 1449 ἵνα
914 1395 940 1434 δ
966 1397 1197 1465 ἀκίνητα
1224 1398 1316 1449 καὶ
1340 1395 1689 1464 ἀμετάϐλητα
1709 1393 1880 1448 ταῦτα

305 1480 447 1551 μένῃ
481 1479 575 1532 καὶ
607 1481 875 1550 μηδέποτε
923 1480 1225 1550 μεταπέσῃ·
1276 1480 1366 1533 τὸν
1405 1479 1460 1531 δὲ
1492 1481 1548 1532 ἐν
1589 1479 1760 1548 θλίψει
1789 1481 1883 1532 καὶ

303 1564 524 1628 πολλοῖς
550 1567 661 1628 τοῖς
684 1564 898 1627 δεινοῖς,
935 1563 1020 1618 ἵνα
1048 1563 1167 1617 τινὰ
1201 1564 1444 1634 χρηστὴν
1493 1561 1640 1633 αὐτῷ
1685 1562 1768 1634 ἴδῃ
1791 1578 1884 1631 γε-

302 1647 537 1717 νομένην
572 1648 894 1717 μεταϐολὴν,
923 1649 1013 1701 καὶ
1041 1650 1119 1710 είς
1139 1647 1380 1717 γαλήνην
1413 1645 1755 1718 παρηγορίας
1787 1661 1885 1714 με-

304 1731 574 1800 ταϐληθῇ.
629 1731 717 1782 Ἐν
741 1730 949 1802 γαλήνῃ
982 1726 1060 1793 εἷς
1089 1729 1298 1784 Οὐκοῦν
1320 1729 1629 1800 παρακάλει
1650 1725 1888 1780 τὸνΘεὸν

307 1813 533 1884 βεϐαίαν
557 1829 638 1865 σοι
663 1813 842 1882 μένειν
863 1814 961 1884 τὴν
977 1813 1218 1884 γαλήνην
1233 1813 1452 1884 ταύτην.
1472 1812 1731 1882 Χειμῶνα
1749 1807 1889 1874 εἶδες

308 1895 723 1960 ἐπαναστάντω
755 1896 1068 1967 Παρακάλει
1099 1896 1334 1960 ἐκτενῶς
1351 1896 1442 1950 τὸν
1473 1894 1610 1948 Θεὸν
1630 1894 1891 1966 παρενέγ-

308 1997 402 2034 και
427 1979 488 2032 τὸ
507 1978 817 2041 κλυδώνιον,
837 1979 930 2032 καὶ
953 1979 1195 2050 γαλήνην
1215 1979 1324 2034 ἀπὸ
1349 1979 1616 2050 χειμῶνος
1641 1978 1889 2047 ποιῆσαι.

323 2062 659 2133 Ἢκούσθης;
693 2065 815 2117 Ἐπί
853 2061 1028 2133 τούτῳ
1069 2064 1484 2134 εὐχαρίστησον,
1514 2054 1703 2135 ἐπέιδὴ
1729 2063 1894 2133 ἠκού-

313 2148 467 2218 σθης.
489 2149 600 2201 Οὐκ
623 2149 896 2218 ἡκούσθης
917 2165 931 2213 ;
957 2148 1330 2217 Παράμεινον,
1351 2148 1436 2200 ἵνα
1462 2149 1754 2218 ἀκουσθῇς.
1776 2146 1894 2201 Κᾶν

316 2229 468 2302 [509]
517 2233 627 2302 γὰρ
675 2232 1012 2301 ἀναϐάληταί
1068 2247 1196 2285 ποτε
1229 2230 1327 2301 τὴν
1371 2232 1516 2286 δόσιν
1544 2235 1571 2285 ὁ
1597 2232 1750 2296 Θεὸς,
1775 2231 1897 2301 οὐχὶ

206 2394 222 2406 .
319 2317 493 2382 μισῶν
532 2317 654 2369 ούδέ
685 2315 1198 2386 ἀποστρεφόμενος,
1233 2315 1372 2369 ἀλλά
1404 2318 1470 2386 τῇ
1508 2316 1762 2387 μελλήσει
1795 2316 1897 2385 τῆς

315 2397 515 2462 δόσεως
545 2399 810 2470 διηνεκῶς
834 2417 892 2451 σε
925 2400 1055 2469 παρ’
1075 2397 1250 2468 ἐαυτῷ
1275 2398 1525 2469 κατέχειν
1553 2398 1894 2468 βουλόμενος,

317 2482 572 2554 καθάπερ
605 2483 698 2536 καὶ
734 2483 974 2553 πατέρες
1002 2481 1349 2552 φιλόστοργοι
1391 2481 1624 2535 ποιοῦσι·
1659 2485 1752 2536 καὶ
1788 2482 1899 2554 γὰρ

318 2565 518 2616 ἐκεῖνοι
545 2565 654 2618 τῶν
685 2564 1073 2635 ρᾳθυμοτέρων
1105 2565 1310 2617 παίδων
1357 2565 1456 2635 τὴν
1485 2565 1705 2636 διηνεκῆ
1735 2581 1901 2637 προσ-

319 2647 534 2716 εδρείαν
566 2651 634 2718 τῇ
663 2649 761 2717 τῆς
792 2648 991 2711 δόσεως
1026 2647 1259 2718 ἀναϐολῇ
1291 2649 1619 2716 σοφίζονται.
1646 2647 1723 2702 Ού
1742 2649 1908 2718 χρεία

323 2749 408 2783 σοι
446 2733 682 2803 μεσιτῶν
707 2732 800 2785 ἐπὶ
823 2731 918 2784 τοῦ
948 2732 1105 2795 Θεοῦ,
1131 2732 1252 2784 οὐδὲ
1286 2732 1488 2800 πολλῆς
1516 2733 1616 2802 τῆς
1645 2733 1904 2803 περιδρο-

313 2817 454 2885 -μῆς,
486 2814 704 2868 καὶτοῦ
749 2815 1080 2881 κολακεῦσαι
1115 2815 1355 2886 ἐτέρους·
1390 2815 1528 2869 ἀλλά
1565 2815 1669 2869 κᾶν
1697 2817 1906 2888 ἔρημος

320 2897 411 2970 ᾖς,
449 2899 551 2953 κᾶν
584 2899 1044 2970 ἀπροστάτευτος,
1086 2898 1249 2963 αὐτὸς
1290 2899 1378 2952 διά
1417 2899 1616 2952 σαυτοῦ
1647 2914 1904 2971 παρακα-

322 2981 486 3052 λέσας
514 2981 604 3034 τὸν
624 2981 756 3034 Θεὸν
777 2980 1036 3052 ἐπιτεύξῃ
1065 2981 1301 3045 πάντως.
1317 2981 1431 3052 Οὐχ
1456 2981 1600 3034 οὕτω
1621 2981 1686 3034 δι’
1703 2982 1907 3053 ἐτέρων

325 3064 468 3134 ὑπὲρ
494 3064 652 3134 ἡμῶν
683 3064 1172 3134 παρακαλούμενος
1200 3064 1469 3117 ἐπινεύειν
1499 3065 1712 3132 εἴωθεν,
1737 3066 1813 3130 ὡς
1840 3066 1906 3118 δι’

325 3150 482 3219 ἡμῶν
503 3149 684 3202 αὐτῶν
699 3149 808 3202 τῶν
842 3148 1131 3219 δεομένων,
1164 3147 1264 3202 κᾶν
1301 3148 1510 3220 μυρίων
1535 3141 1685 3219 ὦμεν
1713 3150 1911 3220 γέμον-

323 3250 417 3295 τες
446 3231 655 3284 κακῶν.
692 3232 754 3284 Εί
783 3231 892 3302 γὰρ
936 3233 1024 3284 ἐπ’
1055 3231 1358 3302 ἀνθρώπων
1399 3231 1503 3286 κᾶν
1545 3233 1713 3304 μυρία
1741 3250 1910 3304 προσ-

326 3315 691 3387 κεκρουκότες
719 3309 890 3386 ὦμεν,
927 3315 1056 3369 ὅταν
1090 3317 1185 3369 καί¹
1227 3315 1333 3368 ὑπὸ
1359 3315 1459 3387 τὴν
1487 3316 1581 3380 ἕω,
1613 3317 1708 3368 καί¹
1737 3316 1910 3387 μέσης

326 3401 562 3472 ἡμέρας,
593 3400 688 3453 καὶ
745 3401 802 3452 ἐν
852 3399 1064 3470 ἑσπέρᾳ.
1098 3397 1418 3468 φαινώμεθα
1443 3401 1556 3463 τοῖς
1601 3401 1739 3471 πρὸς
1764 3403 1912 3471 ἡμᾶς

327 3485 537 3554 λελυπη
548 3485 750 3554 μένοις,
785 3486 850 3555 τῇ
874 3483 1124 3554 συνεχείᾳ
1152 3490 1242 3537 καὶ
1260 3486 1327 3554 τῇ
1358 3483 1598 3554 διηνεκεῖ
1614 3485 1712 3554 τῆς
1736 3485 1912 3554 ὅψεως

332 3570 598 3640 συντυχίᾳ
643 3569 988 3640 καταλύομεν
1040 3569 1235 3640 ῥαδίως
1290 3569 1472 3622 αὐτῶν
1518 3570 1616 3640 τὴν
1678 3569 1910 3640 ἔχθραν,

331 3654 516 3724 πολλῷ
543 3653 742 3723 μᾶλλον
773 3653 866 3705 ἐπὶ
889 3651 981 3705 τοῦ
1014 3652 1151 3705 Θεοῦ
1181 3653 1340 3706 τοῦτο
1371 3652 1565 3721 γένοιτ’
1586 3653 1673 3708 ἀν.

406 3737 492 3807 ιβ’.
514 3736 654 3789 Ἀλλ’
679 3735 894 3799 ἀνάξιος
915 3732 984 3802 et;
1004 3735 1167 3788 Γενοῦ
1189 3738 1254 3805 τῇ
1276 3735 1602 3807 προσεδρείᾳ
1615 3736 1914 3803 ἄξιος.”οτι

333 3823 444 3892 γάρ
467 3823 562 3874 καὶ
588 3821 680 3873 τὸν
700 3819 918 3883 ἀνάξιον
936 3819 1160 3872 δυνατὸν
1179 3819 1328 3882 ἀξιον
1357 3819 1422 3872 ἐκ
1441 3819 1540 3890 τῆς
1558 3819 1916 3891 προσεδρείας

333 3905 612 3976 γενέσθαι,
648 3904 741 3957 καί¹
773 3904 840 3957 δι’
885 3903 1043 3974 ήμῶν
1068 3904 1246 3958 αὐτῶν
1279 3902 1512 3973 μᾶλλον,
1551 3903 1582 3974 ἢ
1613 3903 1678 3956 δι’
1714 3905 1916 3974 ἐτέρων

334 3987 828 4060 παρακαλούμενος
860 3987 888 4039 ό
922 3987 1053 4050 Θεὸς
1089 3986 1353 4050 ἐπινεύει,
1386 3988 1482 4040 καὶ
1503 3988 1598 4040 ,ὅτι
1642 3989 1741 4058 τὴν
1771 3989 1917 4042 δόσιν

334 4071 698 4129 ἀναϐάλλεται
730 4069 1014 4135 πολλάκις,
1045 4070 1144 4140 οὐχ
1175 4071 1325 4140 ἡμᾶς
1365 4071 1703 4142 ἐξαπορῆσαι
1734 4072 1920 4141 βουλό-

339 4174 524 4230 μενος,
550 4155 672 4212 οὐδὲ
704 4155 886 4217 κεναῖς
919 4152 1198 4222 ἐκπέμψαι
1225 4153 1435 4224 χερσὶν,
1480 4153 1593 4206 ἀλλ’
1627 4154 1713 4208 ἵνα
1742 4154 1921 4226 μειζό-

336 4260 446 4294 νων
475 4241 607 4310 ήμῖν
632 4236 852 4305 ἀγαθῶν
891 4235 1061 4298 αἴτιος
1103 4235 1350 4306 γένηται·
1376 4236 1445 4288 τὰ
1475 4236 1600 4306 τρία
1637 4237 1809 4291 ταῦτα
1833 4239 1921 4291 διὰ

336 4325 437 4394 τῆς
461 4320 776 4392 παραϐολῆς
791 4319 890 4390 τῆς
917 4320 1158 4390 σήμερον
1188 4317 1628 4390 ἀναγνωσθείσης
1653 4320 1780 4390 ὑμῖν
1805 4338 1921 4374 πει-

344 4408 587 4480 ράςομαι
640 4406 863 4475 ποιῆσαι
916 4404 1148 4474 φανερά.
1195 4403 1479 4474 Προσῆλθε
1525 4403 1602 4472 τῷ
1638 4405 1858 4476 Χριστῷ
1887 4409 1921 4478 ή

344 4490 630 4546 Χαναναία
646 4491 787 4558 ὑπὲρ
812 4487 1078 4557 θυγατρὸς
1091 4487 1320 4558 δεομένη
1338 4486 1810 4557 δαιμονιζομένης,
1829 4490 1924 4542 καὶ

347 4577 531 4647 βοῶσα
565 4574 702 4645 μετὰ
740 4572 941 4643 πολλῆς
961 4571 1260 4634 ἐκτενείας,
1285 4571 1472 4640 φησίν·
1513 4571 1812 4640 Ἐλέησόν
1825 4591 1923 4642 με,

343 4660 547 4725 Κύριε,
581 4656 619 4723 ἡ
646 4654 909 4724 θυγάτηρ
947 4672 1068 4723 μου
1107 4653 1307 4718 κακῶς
1345 4653 1756 4722 δαιμονίζεται.
1792 4659 1924 4714 Ἰδοὺ

345 4741 646 4809 ἀλλόφυλος
670 4741 704 4811 ή
732 4738 891 4809 γυνὴ,
920 4740 1016 4792 καὶ
1055 4739 1332 4811 βάρϐαρος
1351 4777 1365 4802 ,
1400 4740 1495 4791 καὶ
1523 4739 1622 4808 τῆς
1649 4741 1926 4808 πολιτείας

348 4827 452 4895 τῆς
499 4822 791 4892 Ἰουδαϊκῆς
822 4822 1125 4885 ἐκτός-Καὶ
1149 4824 1202 4876 τί
1226 4823 1332 4895 γάρ
1362 4823 1606 4894 ἕτερονῆ
1635 4822 1801 4890 κύωνν
1831 4828 1928 4880 καὶ

351 4909 574 4975 ἀνάξιος
594 4907 688 4960 τοῦ
720 4907 904 4962 λαϐεῖν
935 4908 1035 4978 τὴν
1062 4906 1309 4977 αἴτησιν;
1354 4908 1437 4960 Οὐ
1465 4905 1574 4976 γάρ
1600 4909 1751 4968 ἐστι,
1772 4909 1926 4979 φησὶ,

347 4993 542 5046 καλὸν
575 4991 783 5046 λαϐεῖν
804 4989 911 5044 τὸν
941 4990 1124 5058 ἄρτον
1159 4989 1278 5043 τῶν
1310 4988 1561 5055 τέκνων,
1583 4990 1683 5044 καὶ
1715 4991 1930 5046 δοῦναι

349 5083 475 5149 τοῖς
504 5082 835 5150 κυναρίοις.
882 5081 1022 5134 Ἀλλ’
1061 5082 1211 5152 ὅμως
1257 5081 1367 5134 ἀπὸ
1419 5082 1520 5152 τῆς
1572 5082 1930 5153 προσεδρείας

349 5167 582 5236 γέγονεν
617 5163 764 5230 ἀξία.
789 5167 865 5218 Οὐ
895 5166 1004 5238 γὰρ
1031 5166 1190 5236 μόνον
1220 5167 1300 5228 είς
1337 5165 1435 5237 τὴν
1469 5166 1579 5218 τῶν
1609 5165 1814 5218 παίδων
1834 5167 1930 5218 αὑ-

349 5252 453 5320 τὴν
483 5249 762 5318 εὐγένειαν
789 5249 1071 5320 εἰσήγαγε,
1107 5247 1244 5302 κύνα
1271 5243 1434 5302 οὖσαν
1453 5291 1466 5314 ,
1498 5248 1634 5301 ἀλλά
1671 5251 1764 5302 καὶ
1794 5249 1934 5320 μετὰ

353 5332 570 5385 πολλῶν
596 5332 703 5385 τῶν
732 5332 1023 5402 ἐγκωμίων
1055 5330 1382 5402 ἐξέπεμψεν,
1421 5331 1611 5385 εἰπών·
1636 5328 1710 5387 Ὦ
1736 5335 1932 5402 γύναι,

349 5416 590 5488 μεγάλη
635 5431 753 5472 σου
787 5418 825 5484 ἡ
859 5419 1086 5483 πίστις·
1110 5415 1419 5485 γενηθήτω
1469 5432 1568 5470 σοι
1595 5416 1676 5482 ὡς
1719 5418 1934 5482 θέλεις.

354 5499 599 5552 Ὅτανδέ
614 5501 642 5552 ὁ
658 5499 700 5552 Χ
715 5499 893 5570 ριστὸς
915 5499 1068 5571 λέγῃ,
1094 5497 1336 5568 Μεγάλη
1355 5500 1393 5568 ἠ
1418 5503 1642 5566 πίστις,
1667 5502 1936 5572 μηδεμίαν

354 5585 554 5653 ἑτέραν
585 5582 858 5648 ἀπόδειξιν
886 5583 1040 5652 ζήτει
1071 5583 1174 5650 τῆς
1215 5583 1619 5655 μεγαλοψυχίας
1659 5586 1758 5656 τῆς
1798 5584 1939 5639 κατὰ

353 5666 458 5738 τὴν
488 5670 744 5735 γυναῖκα.
783 5665 931 5730 Εἶδες
963 5666 1080 5729 πῶς
1112 5667 1177 5718 ἐκ
1199 5667 1302 5738 τῆς
1335 5667 1694 5739 προσεδρείας
1716 5668 1939 5738 γέγονεν

425 5822 453 5851 ³
478 5822 574 5870 Alii
603 5823 663 5870 δι’
685 5823 958 5878 ἐντεύξεων.

424 5883 453 5925 δ
481 5882 595 5934 λιες.
621 5885 811 5947 ἀγαθοῖς
834 5886 1208 5949 φιλοτιμηθέντα,
1236 5884 1328 5934 ἵνα.

1455 455 1544 511 DE
1582 450 1949 510 PROFECTU
1975 449 2365 510 EVANGELII.

1967 560 2114 627 ἀξία,
2144 561 2340 628 ἀναξία
2370 556 2502 615 οὖσα
2527 563 2562 633 ή
2593 561 2766 632 γυνή;
2797 560 2984 614 Βούλει
3027 559 3219 632 μαθεῖν
3255 556 3350 610 καὶ
3372 557 3453 609 ὅτι
3472 550 3542 606 δι’

1966 643 2123 713 ἡμῶν
2147 643 2327 698 αὐτῶν
2371 644 2601 716 μᾶλλον,
2647 643 2682 715 ἦ
2730 643 2796 697 δι’
2846 642 3048 713 ἐτέρων
3099 634 3543 711 παρακαλοῦντες

1969 733 2130 785 αὑτὸν
2159 731 2427 802 ἀνύομεν;
2461 731 2730 804 Ἔκραξεν
2766 730 2924 800 αῦτη,
2959 730 3054 782 καὶ
3077 724 3464 798 προσελθόντες
3493 723 3542 774 οἱ

1974 814 2212 885 μαθηταὶ
2230 813 2496 882 λέγουσιν·
2539 815 2887 869 Ἀπόλυσον
2932 811 3162 879 αὐτὴν,
3207 809 3298 863 ὅτι
3351 805 3545 876 κράζει

1973 897 2224 950 ὄπισθεν
2251 896 2438 966 ἡμῶν·
2481 897 2577 950 καὶ
2622 896 2758 968 πρὸς
2793 896 2890 966 μὲν
2920 895 3168 956 ἐκείνους
3199 892 3384 962 φησὶν,
3422 891 3547 942 Οὐκ

1973 979 2349 1048 ἀπεστάλην,
2373 981 2426 1033 εὶ
2450 979 2533 1049 μὴ
2559 981 2648 1045 εὶς
2688 978 2760 1032 τὰ
2789 979 3050 1045 πρόϐατα
3083 976 3155 1029 τὰ
3193 974 3552 1029 ἀπολωλότα

1975 1064 2144 1118 οἴκου
2171 1062 2438 1132 Ἰσραήλ·
2463 1065 2552 1117 ὅτε
2584 1062 2641 1116 δὲ
2673 1062 2810 1131 αὐτὴ
2839 1062 2904 1115 δι’
2936 1060 3137 1129 ἑαυτῆς
3161 1053 3550 1129 προσῆλθεκαὶ

1976 1146 2209 1217 ἐπέμενε
2245 1146 2445 1217 βοῶσα,
2487 1145 2581 1200 καὶ
2621 1145 2874 1214 λέγουσα·
2921 1144 3058 1207 Ναὶ,
3093 1143 3290 1210 Κύριε,
3322 1139 3552 1208 καὶγὰρ

1976 1232 2052 1286 τά
2072 1230 2325 1300 κυνάρια
2349 1231 2539 1285 ἐσθίει
2583 1229 2702 1284 ἀπὸ
2737 1228 2847 1297 τῆς
2877 1224 3166 1297 τραπέζης
3193 1223 3310 1278 τῶν
3333 1223 3556 1290 κυρίων

1979 1313 2198 1370 αὐτῶν·
2228 1315 2349 1369 τότε
2375 1313 2474 1385 τὴν
2523 1313 2682 1384 χάριν
2713 1313 2901 1378 ἔδωκε,
2939 1311 3203 1380 καίφησι·
3234 1305 3556 1375 Γενηθήτω

1981 1415 2079 1454 σοι
2109 1399 2191 1464 ὡς
2228 1399 2442 1464 θέλεις.
2483 1394 2635 1461 Εἶδες
2664 1397 2804 1460 πῶς,
2838 1397 2926 1450 ὅτε
2957 1395 3055 1465 μὲν
3079 1396 3276 1447 ἐκεῖνοι
3309 1387 3558 1461 παρεκά-

1980 1484 2125 1546 λουν,
2152 1482 2518 1552 διεκρούσατο·
2548 1482 2636 1534 ὅτε
2669 1481 2725 1534 δὲ
2754 1481 2946 1552 αὑτὴή
2983 1477 3210 1550 δεομένη
3235 1477 3330 1546 τῆς
3351 1473 3561 1544 δωρεᾶς

1984 1567 2231 1638 ἐϐόησεν,
2267 1567 2594 1631 ὲπένευσεν;
2634 1565 2894 1628 Ἐκείνοις
2931 1564 3030 1634 μὲν
3067 1563 3177 1634 γάρ
3222 1577 3404 1632 φησιν,
3439 1559 3562 1612 Οὐκ

1984 1650 2370 1718 ἀπεστάλην,
2393 1651 2446 1704 εἰ
2460 1649 2547 1719 μὴ
2571 1652 2658 1715 είς
2687 1649 2760 1702 τὰ
2787 1649 3054 1716 πρόϐατα
3089 1645 3160 1700 τὰ
3208 1641 3566 1698 ἀπολωλότα

1986 1735 2155 1790 οἴκου
2208 1733 2488 1802 Ἰσραήλ·
2543 1732 2717 1805 ταύτῃ
2757 1732 2814 1785 δὲ
2872 1728 3027 1794 εἷπε,
3075 1728 3320 1798 Μεγάλη
3370 1740 3488 1779 σου
3522 1725 3563 1792 ἠ

1988 1819 2209 1882 πίστις·
2246 1814 2549 1886 γενηθήτω
2589 1829 2688 1869 σοι
2710 1816 2790 1881 ὡς
2828 1813 3041 1879 θέλεις.
3076 1811 3242 1866 Πάλιν
3277 1807 3428 1879 παρὰ
3464 1805 3564 1878 μὲν

1986 1899 2087 1972 τὴν
2113 1899 2287 1971 ἀρχὴν
2317 1898 2410 1952 καὶ
2449 1899 2506 1951 ἐν
2531 1897 2803 1969 προοιμίῳ
2829 1898 2929 1968 τῆς
2960 1897 3227 1966 αἰτήσεως
3255 1891 3409 1945 οὐδὲν
3456 1890 3568 1972 ἀπῇ

1990 1971 2263 2056 εκρίνατσ
2300 1982 2488 2054 ἐπειδὴ
2521 1981 2671 2054 [510]
2703 1982 2761 2036 δέ
2792 1981 2886 2035 καὶ
2915 1978 3062 2045 ἅπαξ
3075 1977 3169 2031 καὶ
3193 1976 3452 2056 δεύτερον
3476 1971 3569 2025 καὶ

1991 2055 2113 2140 τρίς
2143 2068 2438 2140 προσῆλθε,
2471 2068 2592 2121 τότε
2622 2067 2720 2138 τὴν
2753 2065 2914 2138 χάριν
2940 2064 3128 2127 ἔδωκε,
3153 2061 3241 2114 διὰ
3264 2058 3359 2112 τοῦ
3381 2055 3570 2140 τέλους

1994 2138 2143 2224 ἡμᾶς
2174 2138 2399 2218 πείθων,
2416 2153 2498 2206 ὅτι
2532 2152 2634 2221 τὴν
2659 2151 2804 2205 δόσιν
2830 2147 3144 2210 ἀνεϐάλετο,
3165 2143 3264 2213 οὐχ
3297 2142 3384 2194 ἵνα
3402 2138 3570 2224 αὑτήν

1993 2221 2404 2309 διακρούσηται,
2421 2236 2642 2290 ἀλλ’ἵνα
2663 2237 2827 2290 πᾶσιν
2850 2236 2981 2304 ἡμῖν
3001 2229 3148 2300 δείξῃ
3171 2228 3268 2298 τὴν
3297 2221 3572 2309 ὑπομονὴν

1995 2323 2096 2392 τῆς
2131 2308 2410 2390 γυναικός.
2447 2322 2512 2374 Εἰ
2572 2320 2680 2392 γὰρ
2717 2320 2804 2372 ἵνα
2840 2317 3013 2388 αὐτὴν
3050 2308 3576 2392 διακρούηταιᾲὰνλο

1997 2387 2257 2471 εϐάλετο,
2301 2405 2410 2459 οὐδ’
2453 2403 2520 2458 ἂν
2553 2387 2688 2477 πρὸς
2723 2401 2801 2474 τῷ
2834 2387 2977 2454 τέλει
3023 2398 3251 2451 ἔδωκεν·
3294 2387 3574 2477 ἐπειδὴδὲ

1998 2495 2227 2566 ἀνέμενε
2255 2494 2426 2561 δεῖξαι
2452 2476 2619 2547 πᾶσιν
2643 2493 2812 2562 αὐτῆς
2829 2491 2927 2560 τὴν
2952 2485 3290 2558 φιλοσοφίαν,
3311 2484 3399 2538 διὰ
3420 2476 3578 2566 τοῦτο

2001 2565 2180 2652 ἐσίγα.
2218 2579 2283 2634 Εἰ
2314 2581 2422 2652 γάρ
2453 2580 2656 2643 εὐθέως
2700 2579 2867 2631 ἔδωκε
2912 2575 3007 2628 καὶ
3041 2573 3192 2642 παρὰ
3242 2571 3340 2640 τὴν
3377 2565 3577 2639 ἀρχὴν,

2001 2672 2102 2724 οὐκ
2128 2670 2194 2726 ἀν
2229 2670 2475 2742 ἔγνωμεν
2513 2669 2610 2737 τὴν
2639 2666 2892 2737 ἀνδρείαν
2940 2664 3041 2732 τῆς
3087 2659 3364 2729 γυναικός.
3420 2655 3580 2742 ’Ἀπό-

2002 2762 2200 2813 λυσον
2222 2741 2436 2825 αὐτὴν,
2498 2755 2682 2824 φησὶν,
2727 2753 2817 2806 ὅτι
2870 2748 3061 2819 κράζει
3096 2749 3347 2801 ὄπισθεν
3389 2741 3580 2812 ἡμῶν.

2004 2847 2071 2900 Τί
2103 2846 2160 2900 δέ
2200 2849 2229 2899 ὁ
2259 2842 2531 2920 Χριστόςς
2578 2842 2767 2913 Ὑμεῖς
2797 2838 2979 2909 φωνὴν
3001 2834 3250 2897 ἀκούετε,
3272 2831 3382 2900 ἐγὼ
3407 2832 3465 2885 δὲ
3484 2828 3583 2920 τήν

2003 2933 2240 2987 διάνοιαν
2269 2915 2400 3002 ὁρῶ·
2432 2925 2547 2983 οἶδα
2570 2928 2621 2983 τί
2653 2927 2834 2999 μέλλει
2869 2925 3069 2994 λέγειν.
3103 2924 3176 2976 Οὐ
3210 2920 3468 2992 βούλομαι
3489 2915 3583 2969 τὸν

2007 3018 2460 3090 ἐγκεκρυμμένον
2481 3017 2650 3087 αὐτῆς
2681 3018 2748 3087 τῇ
2786 3014 2996 3084 διανοίᾳ
3041 3009 3314 3082 θησαυρὸν
3366 3007 3583 3075 ἀφεῖναι

2007 3107 2210 3173 λαθεῖν,
2237 3107 2348 3160 ἀλλ’
2382 3104 2635 3175 ἀναμένω
2655 3104 2750 3156 καὶ
2776 3102 2934 3170 σιγῶ,
2965 3101 3052 3155 ἵνα
3079 3097 3243 3152 αὐτὸν
3270 3091 3585 3162 ἐκκαλύψας

2010 3197 2090 3259 εἰς
2108 3195 2170 3247 τὸ
2211 3195 2372 3265 μέσον
2404 3191 2752 3262 καταθῶμαι,
2779 3191 2873 3244 καὶ
2909 3192 3044 3242 πᾶσι
3083 3187 3295 3256 ποιήσω
3330 3179 3584 3253 φανερόν.

2064 3291 2151 3354 ιγ’.
2171 3283 2336 3338 Ταῦτ’
2351 3279 2446 3336 οῦν
2461 3281 2678 3336 ἅπαντα
2699 3281 2984 3352 μαθόντες,
3012 3275 3184 3330 κάνέν
3196 3271 3588 3344 ἁμαρτήμασιν

2010 3371 2180 3446 ὦμεν,
2214 3375 2310 3428 καὶ
2335 3373 2429 3427 τοῦ
2455 3372 2639 3426 λαϐεῖν
2689 3368 2921 3435 ἀνάξιοι,
2975 3367 3050 3438 μή
3096 3360 3587 3432 ἀπογινώσκωμεν,

2012 3464 2218 3528 ειδότες
2239 3466 2322 3517 ὃτι
2344 3465 2410 3533 τῇ
2435 3459 2762 3534 προσεδρείᾳ.
2782 3457 2884 3528 τῆς
2919 3457 3096 3526 ψυχῆς
3127 3446 3468 3521 δυνησόμεθα
3497 3461 3594 3514 γε-

2011 3552 2201 3609 νέσθαι
2231 3551 2331 3622 τῆς
2359 3551 2626 3621 αἰτήσεως
2674 3548 2834 3614 ἄξιοι.
2870 3545 2990 3599 Κᾶν
3031 3541 3461 3613 ἀπροστάτευτοι
3496 3536 3594 3622 καὶ

2013 3642 2210 3715 ἔρημοι
2242 3621 2412 3710 ὦμεν,
2439 3638 2515 3709 μὴ
2545 3633 3002 3706 ἀπαγορεύωμεν,
3035 3629 3233 3719 εἰδότες
3261 3627 3343 3719 δτι
3378 3621 3590 3719 μεγάλη

2017 3709 2344 3802 προστασία,
2373 3728 2434 3780 τὸ
2456 3724 2619 3779 αὐτὸν
2663 3724 2729 3776 δι’
2770 3720 2967 3775 ἑαυτοῦ
2999 3715 3320 3790 προσελθεῖν
3361 3710 3440 3780 τῷ
3472 3709 3592 3778 Θεῷ

2020 3798 2158 3888 μετὰ
2189 3813 2496 3886 προθυμίας
2517 3811 2741 3882 πολλῆς.
2771 3808 2891 3864 Κάν
2931 3806 3100 3878 μέλλῃ
3123 3804 3218 3858 καὶ
3257 3798 3593 3888 ἀναϐάληται

2018 3884 2154 3975 πρὸς
2181 3884 2280 3973 τήν
2299 3901 2462 3965 δόσιν,
2490 3899 2564 3970 μὴ
2593 3899 2952 3966 άναπέσωμεν
2969 3936 2984 3961 ,
3014 3891 3278 3964 μαθόντες
3302 3889 3385 3975 ὅτι
3411 3887 3442 3956 ἡ
3469 3884 3596 3975 μέλῗ

2017 3970 2173 4062 λησις
2207 3970 2299 4044 καὶ
2330 3985 2566 4057 ἀναϐολὴ
2587 3982 2910 4054 κηδεμονίας
2934 3980 3028 4033 καὶ
3047 3973 3456 4062 φιλανθρωπίας
3478 3970 3597 4062 ἐστί

2017 4058 2340 4150 τεκμήριον.
2359 4077 2457 4129 Ἂν
2484 4073 2656 4136 οὕτως
2695 4066 2844 4142 ὦμεν
2879 4066 3202 4126 πεπεικότες
3228 4061 3472 4124 ἑαυτοὺς,
3501 4058 3598 4112 καὶ

2023 4147 2162 4240 μετά
2176 4147 2356 4237 ψυχῆς
2371 4162 2718 4233 όδυνωμένης
2735 4159 2827 4212 καὶ
2841 4157 2936 4228 θερ
2944 4156 3052 4246 μῆς
3057 4152 3386 4246 καὶδιεγηγε
3393 4166 3424 4221 ρ
3431 4147 3598 4246 μένης

2023 4235 2416 4328 προαιρέσεως,
2451 4250 2546 4305 καὶ
2568 4247 2826 4318 τοιαύτης
2847 4246 2966 4307 οἵας
2989 4245 3022 4314 ή
3056 4239 3337 4328 Χαναναία
3361 4235 3600 4328 προσῆλ-

2023 4319 2135 4405 θέν,
2165 4319 2313 4412 αύτῷ
2330 4337 2644 4411 προσίωμεν
2667 4335 2956 4404 καλήμεῖς,
2983 4331 3086 4384 κάν
3118 4327 3278 4390 κύνες
3306 4319 3476 4396 ὦμεν,
3497 4323 3600 4412 κάν

2023 4428 2200 4483 ὁτιοῦν
2222 4410 2575 4497 εἰργασμένοι
2613 4419 2804 4485 δεινὸν,
2839 4419 2934 4473 καὶ
2953 4417 3022 4470 τά
3055 4418 3231 4470 οἰκεῖα
3262 4410 3602 4484 ἀποκρουσό-

2028 4517 2170 4591 μεθα
2213 4512 2381 4578 κακά,
2411 4513 2506 4565 καὶ
2530 4507 2799 4579 τοσαύτην
2842 4505 3124 4576 ληψόμεθα
3151 4499 3602 4591 παρρησίαν,--ὡς

2026 4586 2119 4660 καί
2153 4603 2354 4674 ἐτέρων
2392 4597 2715 4672 προστῆναι·
2761 4594 2818 4647 ὃν
2869 4592 3070 4664 τρόπον
3117 4590 3212 4643 καὶ
3265 4587 3402 4656 αῦτη
3488 4586 3603 4637 Χα-

2025 4690 2221 4747 ναναία
2246 4670 2306 4742 οὐ
2333 4670 2492 4758 μόνον
2536 4683 2676 4754 αὐτὴ
2711 4678 3025 4751 παρρησίας
3058 4675 3332 4729 ἀπέλαυσε
3364 4670 3458 4724 καὶ
3497 4687 3602 4739 μυ-

2029 4777 2161 4852 ρίων
2188 4773 2500 4846 ἐγκωμίων,
2519 4769 2654 4824 ἀλλά
2671 4769 2766 4823 καὶ
2790 4768 2853 4821 τὸ
2871 4766 3161 4852 θυγάτριον
3185 4758 3603 4852 τῶν-ἀφορήτων

2030 4844 2251 4936 ίσχυσεν
2283 4859 2589 4932 ἐξαρπάσαι
2627 4854 2836 4910 δεινῶν.
2880 4853 3046 4908 Οὐδὲν
3076 4850 3184 4921 γάρ
3205 4891 3220 4912 ,
3259 4847 3410 4936 ούδὲν
3437 4844 3604 4936 εὐχῆς

2028 4933 2396 5020 δυνατώτερον
2415 4943 2826 5018 ,πεπυρωμένης
2854 4943 2946 4996 καὶ
2965 4939 3213 5010 γνησίας.
3241 4935 3388 5006 Αὕτη
3420 4933 3514 4987 καὶ
3535 4933 3603 4985 τά

2030 5043 2278 5116 παρόντα
2301 5036 2506 5093 διαλύει
2529 5036 2699 5100 δεινά,
2724 5034 2821 5086 καὶ
2843 5031 2952 5084 τῶν
2991 5029 3111 5083 κατ’
3139 5029 3345 5080 ἐκεῖνον
3374 5024 3466 5077 τὸν
3486 5041 3606 5076 και-

2033 5110 2128 5210 ρὸν
2153 5129 2560 5204 συμϐαινόντων
2583 5121 2884 5210 ἐξαρπάζει
2919 5119 3220 5210 κολάσεων.
3253 5116 3351 5170 ’Ἰν’
3383 5110 3606 5210 οῦν-καί

2031 5203 2122 5278 τὸν
2145 5203 2390 5290 παρόντα
2441 5214 2555 5286 βίον
2592 5214 2710 5285 μετ’
2745 5208 2999 5271 εὐκολίας
3035 5205 3397 5276 διανύσωμεν,
3448 5203 3609 5255 κάκεῖ

2037 5309 2175 5383 μετά
2205 5303 2518 5376 παρρησίας
2543 5299 2889 5369 ἀπέλθωμεν,
2911 5295 3078 5368 πολλῇ
3102 5293 3315 5383 σπουδῇ
3349 5293 3444 5383 καί
3475 5306 3608 5383 προ-

2036 5379 2207 5468 θυμίᾳ
2227 5391 2430 5462 ταύτην
2459 5388 2863 5457 ἐπιτελέσωμεν
2886 5382 3176 5456 διηνεκῶς.
3207 5379 3492 5468 Οὓτωγάρ
3519 5379 3611 5468 δυέ

2035 5467 2314 5558 νησόμεθα
2339 5480 2432 5534 καὶ
2459 5478 2566 5533 τῶν
2612 5474 2993 5558 ἀποκειμένων
3032 5472 3230 5558 τιέχεῖνΔ
3245 5467 3486 5558 ἀγαθῶν,
3514 5467 3610 5519 καὶ

2038 5549 2146 5623 τῶν
2175 5549 2426 5638 χρηστῶν
2463 5558 2758 5616 ἀπολαύειν
2782 5556 3034 5612 ἐλπίδων·
3067 5549 3142 5610 ὧν
3169 5553 3378 5624 γένοιτο
3401 5551 3612 5613 πάντας

2040 5653 2188 5726 ἡμᾶς
2217 5648 2511 5717 ἐπιτυχεῖν,
2534 5645 2718 5716 χάριτι
2747 5645 2842 5698 καὶ
2873 5641 3252 5714 φιλανθρωπίᾳ
3278 5639 3371 5692 καὶ
3403 5640 3611 5726 οἰκτιρὶ

2046 5715 2164 5813 μοῖς
2201 5735 2297 5790 τοῦ
2333 5733 2545 5822 βορίου
2611 5732 2799 5822 ήμῶνΙ
2823 5731 2996 5822 Ἰησρῦ
3025 5727 3327 5822 ’Χριστοῦιι
3385 5726 3502 5797 μεθ’
3540 5715 3612 5822 εὖ

2042 5795 2356 5878 ἒῷἯατρὶ
2413 5795 2529 5877 ἅμα
2575 5795 2664 5886 τςξί
2705 5803 2847 5886 ἁγίιρ
2885 5795 3179 5886 ’Πνεύμάτι
3239 5795 3396 5884 δόξα,
3439 5795 3612 5867 τιμὴ,

2048 5879 2245 5950 κράτος
2270 5879 2348 5941 εἰς
2379 5877 2506 5940 τοὺς
2543 5876 2744 5940 αἰωνας
2773 5889 2884 5928 των
2905 5875 3134 5930 αἰωνων.
3183 5870 3377 5939 Ἀμην.
