4020 6370
340 346 440 403 Sil
1461 346 1524 399 1N
1568 344 1795 411 ILLUD,
1840 345 2045 401 VIDUA
2084 344 2455 401 ELIGATUR.
2522 372 2527 375 ι
3470 352 3513 406 31

351 562 492 575 ρκ·-⁴“
513 561 526 567 ⁸

3507 353 3536 404 '2

3540 353 3573 405 2

2283 561 2314 571 ρ-

1485 863 1561 922 lN
1603 864 1981 923 HOMILIAM
2019 863 2114 923 DE
2156 862 2430 924 VIDUIS.

343 1122 495 1176 illam
527 1120 850 1177 sententiam
883 1120 1195 1190 scrupulum
1241 1118 1570 1189 injiciemus.
1622 1119 1843 1174 Certum
1890 1126 1973 1173 est
2008 1115 2456 1188 Chrysostomum
2508 1131 2652 1172 anno
2696 1117 2914 1175 ineunte
2953 1117 3057 1173 587
3087 1132 3197 1173 non
3241 1134 3443 1189 paucas
3476 1121 3575 1176 ha-

342 1243 530 1297 buisse
567 1242 856 1298 conciones
880 1240 948 1296 de
975 1239 1253 1311 ὁμοουσίῳ
1283 1249 1336 1295 ct
1368 1248 1555 1295 contra
1578 1239 1915 1294 Anomoeos:
1952 1252 2055 1292 nec
2095 1238 2274 1293 minus
2303 1245 2514 1293 certum
2561 1236 2738 1292 solere
2780 1235 3229 1307 Cbrysostomum
3273 1243 3573 1309 praaterita-

342 1370 466 1409 rum
497 1356 821 1411 concionum
845 1354 1191 1409 meminisse:
1219 1369 1287 1407 an
1316 1369 1443 1407 vero
1477 1353 1792 1423 contingere
1822 1350 2032 1422 potuit,
2071 1360 2132 1405 ut
2162 1354 2375 1421 vigente
2405 1349 2494 1404 illa
2524 1349 2916 1419 disceptatione
2944 1357 3132 1404 contra
3164 1348 3483 1415 Anomoeos,
3518 1351 3572 1404 in

342 1471 491 1525 nulla
527 1472 785 1525 harumce
812 1486 1002 1525 novem
1026 1470 1395 1535 homiliarum,
1425 1484 1546 1540 qua:
1570 1469 1689 1525 sine
1730 1470 1897 1524 dubio
1925 1469 2064 1524 inter
2095 1466 2359 1522 Homilias
2391 1474 2580 1521 contra
2625 1465 2920 1521 Auomaaos
2948 1464 3276 1521 intermixta:
3310 1462 3570 1530 fuerunt,

342 1585 390 1639 si
424 1584 518 1639 illo
541 1600 685 1639 anno
714 1586 872 1641 dicta:
906 1586 1125 1654 fuerint,
1167 1588 1231 1641 de
1273 1587 1361 1641 illa
1392 1586 1764 1641 controversia
1814 1600 2055 1654 unquam
2101 1583 2451 1640 meminerit?
2499 1582 2610 1638 Hac
2643 1584 2775 1637 mihi
2823 1598 2961 1638 nova
3015 1582 3239 1638 suborta
3290 1578 3573 1637 dubitandi

339 1712 532 1765 causa,
563 1681 733 1753 animi
766 1700 976 1770 pendeo
1005 1698 1178 1755 donec
1203 1698 1334 1768 quid
1360 1698 1563 1754 certius
1592 1705 1853 1768 emergat.

412 1837 789 1908 luterpretatio
826 1837 1015 1894 Latina
1045 1848 1128 1894 est
1151 1837 1439 1893 Frontonis
1463 1836 1666 1891 Duczci.

1704 2310 1809 2389 IN
1886 2307 2239 2392 ILLUD.

314 2688 509 2733 unus
554 2686 869 2729 ELtearun
914 2685 1037 2729 NON
1081 2644 1274 2728 mnos
1320 2680 1672 2727 SEXAGINTA
1717 2677 2023 2723 annosum
2072 2660 2155 2739 (1.
2203 2661 2362 2722 Tim.
2406 2660 2464 2721 5.
2499 2660 2632 2741 9);
2680 2679 2760 2722 ET
2802 2679 2884 2721 ns
2930 2679 3296 2723 LIBERORUM
3344 2680 3579 2723 socca-

1385 2782 1601 2839 TIONE,
1650 2780 1723 2824 ac
1767 2782 1850 2822 ne
1893 2779 2305 2824 ELEEMOSYNA
2352 2761 2463 2842 (a).

386 3050 437 3103 1.
487 3050 741 3103 Connean'o
784 3048 1111 3102 dicendorum
1159 3063 1274 3100 cum
1317 3054 1467 3100 antea
1516 3045 1685 3100 dictis.
1738 3044 1893 3097 Arma

310 3144 577 3196 viduarum
641 3157 756 3213 qua:
810 3143 927 3195 sint.
956 3170 1027 3181 —
1060 3139 1408 3196 Commodum
1451 3137 1615 3193 divini
1664 3136 1892 3205 Spiritus

308 3236 478 3304 gratia
505 3234 823 3304 disponente
850 3234 1092 3304 contigit,
1124 3241 1182 3287 ut
1205 3233 1250 3287 is
1283 3232 1437 3286 vobis
1473 3231 1780 3301 apostolicae
1808 3231 1889 3285 lo-

307 3342 403 3379 cus
446 3325 707 3395 epistolas,
744 3339 903 3395 quem
946 3324 1205 3379 hodierno
1231 3323 1317 3379 die
1355 3322 1650 3389 audivistis,
1683 3322 1889 3392 legere-

308 3426 393 3471 tur
421 3435 436 3472 :
464 3417 623 3473 habet
663 3417 806 3473 enim
844 3430 964 3470 cum
990 3417 1053 3471 iis
1077 3432 1195 3486 quae
1221 3431 1388 3484 nuper
1408 3415 1664 3481 diximus,
1691 3430 1890 3485 cogna-

310 3510 510 3564 tionem
551 3519 607 3565 et
643 3510 1028 3565 connexionem
1073 3508 1210 3563 haud
1259 3508 1611 3574 mediocrem,
1644 3507 1687 3561 si
1714 3507 1890 3561 minus

308 3602 362 3655 in
409 3602 608 3669 verbis,
651 3611 798 3656 certe
844 3601 896 3654 in
939 3600 1235 3654 sententiis.
1285 3600 1397 3654 lloc
1439 3600 1580 3654 enim
1611 3598 1741 3652 illud
1784 3608 1886 3662 est,

310 3692 454 3763 quod
480 3708 649 3761 nuper
673 3692 964 3761 legebatur,
992 3691 1070 3745 De
1097 3692 1454 3745 dormientibus
1478 3703 1646 3745 autem
1668 3691 1784 3745 nolo
1805 3707 1889 3745 vos

306 3785 557 3853 ignorare,
578 3783 762 3853 fratres
784 3783 1041 3855 (LTltess.
1072 3785 1125 3837 4.
1161 3783 1286 3853 1‘2):
1319 3794 1373 3837 ct
1416 3782 1483 3838 de
1500 3784 1890 3839 resurrectione

307 3874 470 3927 multa
502 3882 611 3928 tum
641 3888 671 3926 a
698 3874 853 3928 nobis
893 3882 1019 3929 sunt
1062 3874 1221 3939 dicta,
1269 3889 1424 3943 aequo
1463 3874 1641 3929 animo
1671 3873 1888 3929 ferenda

306 3979 426 4019 esse
466 3964 603 4019 mala
645 3964 929 4034 ejusmodi,
972 3965 1185 4035 Deoqne
1229 3965 1425 4035 gratias
1470 3964 1742 4036 agendas,
1797 3965 1887 4035 qui

307 4059 633 4128 propinquos
658 4069 870 4114 nostros
886 4059 985 4113 sibi
1013 4067 1325 4113 assumeret.
1355 4058 1521 4113 llodie
1541 4073 1668 4113 vero
1692 4059 1885 4113 lectum

306 4161 385 4204 est
410 4151 590 4205 istud:
633 4150 799 4205 Vidua
844 4152 1056 4222 eligatur
1101 4167 1202 4204 non
1231 4151 1394 4204 minus
1435 4150 1696 4221 sexaginta
1722 4167 1881 4203 anno-

305 4259 414 4296 rum
467 4242 564 4315 (1.
598 4242 732 4298 Tim.
764 4244 819 4298 5.
848 4243 947 4313 9).
1000 4242 1223 4311 Quando
1276 4243 1435 4312 igitur
1486 4258 1553 4298 ex
1607 4243 1888 4297 occasione

306 4334 493 4388 mortis
519 4334 747 4389 viduitas
784 4335 972 4398 oritur,
1002 4345 1056 4389 et
1083 4334 1184 4387 hoc
1220 4342 1323 4399 est,
1361 4334 1500 4403 quod
1528 4337 1758 4389 maxime
1786 4334 1885 4388 do-

304 4426 475 4482 iorem
521 4435 698 4497 auget,
747 4441 811 4481 ac
854 4426 1052 4480 luctum
1093 4427 1317 4492 excitat,
1361 4440 1628 4480 memores
1677 4439 1883 4490 eorum,

303 4536 423 4590 quae
450 4535 620 4589 nuper
643 4534 673 4573 a
700 4519 852 4574 nobis
889 4518 1027 4573 dicta
1073 4528 1196 4572 sunt
1223 4518 1290 4571 ad
1318 4532 1410 4571 eos
1438 4518 1530 4587 qui
1559 4518 1739 4587 lugent
1760 4531 1887 4572 con-

302 4613 576 4677 solandos,
603 4626 772 4682 eaque
796 4626 1007 4665 summo
1032 4609 1207 4665 studio
1227 4610 1598 4678 suscipientes,
1621 4611 1673 4663 in
1695 4618 1888 4665 vestra).

303 4707 500 4760 mentis
526 4704 896 4775 promptuariis
919 4703 1007 4758 illa
1036 4702 1328 4775 recondite.
1360 4701 1492 4756 Nam
1518 4701 1746 4756 viduitas
1772 4700 1889 4771 qui-

304 4797 426 4851 dem
473 4796 791 4850 calamitatis
830 4810 949 4850 esse
979 4809 1170 4849 nomen
1199 4793 1425 4856 videtur,
1456 4793 1550 4847 sed
1577 4801 1750 4846 tamen
1779 4806 1885 4846 non

303 4899 405 4956 est,
449 4898 635 4943 Verum
664 4886 913 4957 dignitas,
946 4886 1135 4954 honor,
1180 4895 1235 4941 et
1263 4886 1431 4957 gloria
1470 4886 1732 4951 maxima;
1780 4900 1884 4939 non

303 4980 670 5051 opprobrium,
698 4979 793 5035 sed
806 4994 1023 5035 corona.
1042 4979 1192 5034 Licet
1219 4980 1361 5034 enim
1387 4978 1635 5034 maritum
1664 4993 1769 5032 non
1794 4977 1888 5031 ha-

302 5074 447 5139 heat,
472 5087 594 5127 cum
618 5087 724 5142 quo
744 5070 966 5137 habitet,
994 5070 1149 5127 vidua
1176 5089 1189 5127 :
1220 5080 1397 5127 tamen
1425 5070 1693 5126 Christum
1730 5070 1889 5125 habet

300 5181 423 5219 cum
456 5178 562 5234 quo
588 5163 810 5231 habitet,
844 5177 868 5218 i
889 5179 996 5232 quo
1021 5165 1284 5227 universa,
1311 5180 1430 5235 quae
1460 5164 1724 5234 ingruant,
1749 5163 1887 5219 mala

303 5255 699 5326 propulsentur.
743 5255 952 5312 Sufﬁcit
980 5256 1123 5311 enim
1152 5257 1277 5311 dum
1307 5257 1512 5327 injuriis
1554 5267 1776 5313 vexatur
1804 5259 1885 5312 vi-

298 5349 429 5415 dua,
482 5360 541 5403 ut
590 5347 838 5414 introeat,
887 5363 1027 5418 genu
1079 5347 1273 5414 ﬂectat,
1323 5350 1515 5405 acerbe
1554 5349 1883 5420 ingemiscat,

301 5450 566 5512 Iacrymas
608 5440 815 5508 fundat,
861 5449 916 5495 et
951 5456 1135 5495 omnes
1161 5441 1379 5496 insidias
1404 5457 1609 5508 eorum,
1640 5457 1667 5496 a
1695 5442 1887 5513 quibus

299 5544 544 5596 vexatur,
585 5532 827 5602 repellat.
878 5532 1148 5602 Ejusmodi
1195 5534 1335 5588 enim
1364 5549 1510 5589 arma
1537 5543 1660 5589 sunt
1688 5534 1880 5598 vidum,

301 5620 575 5697 lacrymm,
601 5626 850 5694 gemitus,
895 5638 958 5679 ac
1003 5638 1191 5695 preces
1213 5624 1440 5680 assidua.-
1478 5643 1491 5680 :
1522 5641 1617 5695 per
1638 5626 1752 5682 haec
1781 5642 1885 5681 non

304 5754 439 5879 mgis)
471 5753 645 5809 musta
684 5770 795 5809 cum
818 5762 922 5809 Mss.
963 5763 1079 5821 Reg.
1110 5756 1258 5815 1975.
1296 5761 1345 5808 ct
1382 5755 1671 5809 colbcrtinis
1706 5759 1799 5810 970
1835 5764 1886 5811 et

1872 2924 2031 2980 cum

2036 2946 2274 2957 ἢ

2008 3045 2265 3101 humanas
2310 3055 2511 3111 tantum
2561 3049 2800 3119 injurias,
2846 3052 2940 3108 sed
2983 3053 3282 3110 daemonum
3313 3059 3470 3114 etiam
3502 3062 3586 3115 in-

2000 3153 2188 3193 cursus
2209 3141 2404 3209 poterit
2422 3142 2929 3211 propulsare.Vidua
2950 3160 2978 3199 a
2996 3148 3338 3204 saecularibus
3360 3154 3586 3221 negotiis

2000 3230 2251 3285 immunis
2294 3241 2395 3298 est,
2444 3233 2511 3288 ad
2556 3236 2744 3291 czelum
2790 3247 2965 3293 autem
3016 3240 3269 3311 deinceps
3296 3244 3500 3301 tendit:
3529 3256 3587 3303 et

1998 3324 2141 3393 quod
2179 3340 2302 3394 erga
2342 3327 2512 3381 virum
2554 3327 2787 3383 studium
2813 3338 2868 3384 et
2891 3330 3091 3386 cultum
3126 3332 3427 3399 exhibebat,
3459 3353 3582 3392 eum
3670 3338 3675 3341 ⁴

2000 3416 2053 3468 in
2083 3430 2168 3470 res
2205 3416 2510 3485 spirituales
2546 3427 2725 3488 potest
2760 3420 3087 3490 impendere.
3122 3423 3272 3490 Quod
3320 3426 3364 3479 si
3408 3426 3579 3494 dicas,

1998 3504 2123 3559 olim
2154 3522 2266 3562 rem
2309 3507 2466 3561 istam
2509 3509 2864 3566 calamitatem
2891 3511 3073 3580 fuisse,
3106 3521 3217 3568 tum
3248 3516 3374 3570 illud
3412 3519 3581 3589 subji-

1998 3598 2158 3664 ciam,
2200 3607 2426 3652 mortem
2473 3614 2684 3669 quoque
2720 3601 3054 3657 maledictam
3080 3602 3245 3660 fuisse
3274 3623 3286 3659 :
3316 3615 3496 3663 tamen
3522 3609 3577 3664 in

1997 3687 2255 3743 honorem
2281 3704 2344 3743 ac
2371 3689 2679 3759 dignitatem
2705 3707 2960 3749 conversa
2990 3703 3075 3749 est
3102 3694 3184 3751 his
3208 3700 3294 3767 qui
3320 3699 3583 3768 patienter

1997 3779 2212 3833 tulerint
2244 3780 2601 3837 invadentem.
2647 3783 2736 3838 Sic
2765 3785 3015 3840 nimirum
3040 3796 3095 3841 et
3135 3799 3398 3860 martyres
3424 3804 3580 3845 coro-

1996 3882 2209 3939 nantur,
2237 3875 2530 3946 eademque
2559 3879 2764 3933 ratione
2792 3878 2947 3935 vidua
2975 3896 3235 3936 summam
3262 3883 3327 3937 ad
3356 3883 3583 3954 dignita-

1995 3975 2102 4021 tem
2133 3967 2394 4022 evehitur.

2064 4057 2118 4111 2.
2168 4058 2254 4112 Vis
2294 4060 2609 4131 intelligere,
2650 4075 2845 4133 quanta
2874 4082 2960 4122 res
2986 4069 3055 4123 sit
3100 4071 3294 4127 vidua?
3322 4090 3480 4145 quam
3510 4077 3583 4134 sit

1993 4149 2135 4218 apud
2179 4150 2343 4205 Deum
2374 4150 2576 4208 honore
2613 4155 2794 4225 digna,
2836 4167 2892 4212 et
2915 4173 3119 4229 amore,
3153 4173 3313 4233 utque
3337 4180 3577 4223 summo-

1996 4255 2123 4308 pere
2151 4256 2249 4296 suo
2275 4246 2444 4313 possit
2467 4245 2607 4314 apud
2634 4247 2798 4303 Deum
2829 4251 3121 4318 patrocinio
3143 4254 3347 4324 juvare,
3373 4268 3429 4314 et
3456 4276 3575 4316 cum

1995 4334 2224 4401 primum
2246 4335 2566 4403 apparuerit,
2602 4337 2713 4407 jam
2755 4339 3053 4407 damnatos,
3083 4346 3318 4401 animum
3347 4348 3580 4421 deSpon-

1994 4424 2214 4489 dentes,
2252 4425 2462 4483 hiscere
2506 4443 2613 4483 non
2654 4430 2945 4499 audentes,
2993 4434 3210 4493 ediosos
3251 4438 3382 4507 Deo,
3428 4445 3573 4497 omni

1994 4517 2355 4573 excusationis
2397 4533 2493 4589 Spe
2534 4521 2791 4591 spoliatos
2838 4523 3086 4596 liberare,
3117 4544 3180 4584 ac
3208 4533 3574 4601 reconciliare,

1993 4623 2166 4678 neque
2193 4610 2401 4667 veniam
2424 4620 2627 4667 tantum
2654 4614 2945 4685 impetrare
2962 4626 3018 4672 et
3043 4620 3303 4690 supplicio
3318 4623 3572 4691 eximere,

1993 4701 2087 4756 sed
2116 4711 2172 4757 et
2194 4705 2413 4760 multam
2436 4706 2678 4762 fiduciam
2724 4722 2788 4764 ac
2833 4710 3169 4780 splendorem
3199 4716 3493 4784 acquirere,
3524 4730 3579 4775 et

1992 4794 2120 4850 solis
2141 4794 2302 4851 radiis
2330 4799 2575 4867 puriores
2599 4800 2843 4866 reddere,
2872 4802 2997 4858 licet
3024 4804 3261 4859 omnium
3288 4807 3394 4861 sint
3428 4823 3570 4863 mor-

1993 4888 2175 4943 talium
2220 4889 2607 4946 sordidissimi?
2649 4892 2785 4948 Audi
2834 4894 3002 4949 Deum
3050 4895 3221 4964 ipsum
3261 4897 3477 4953 Judaaos
3501 4902 3579 4955 sic

1991 4980 2349 5050 alloquentem
2377 5000 2390 5037 :
2425 4982 2550 5037 Cum
2575 4986 2895 5040 extenderitis
2923 5003 3102 5042 manus
3120 4998 3328 5054 vestras,
3353 5001 3576 5045 avertam

1993 5072 2166 5125 oculos
2190 5089 2326 5127 meos
2352 5090 2384 5126 a
2406 5075 2542 5128 vobis
2560 5090 2579 5128 :
2606 5076 2652 5129 si
2680 5078 3129 5147 multiplicaveritis
3154 5080 3448 5147 arationem,
3478 5099 3578 5136 non

1992 5167 2263 5220 exaudiam
2311 5182 2398 5221 vos
2436 5183 2458 5221 :
2493 5183 2675 5222 manus
2726 5169 2858 5223 enim
2903 5182 3078 5226 vestra
3119 5176 3363 5244 sanguine
3417 5178 3581 5243 ptem:

1990 5267 2108 5312 sunt
2136 5256 2289 5330 (Isai.
2320 5259 2374 5313 1.
2397 5259 2511 5330 15).
2536 5261 2783 5317 Attamen
2828 5262 2912 5316 his
2963 5264 3238 5320 sceleratis
3276 5265 3577 5332 homicidis,

1994 5352 2198 5419 pudore
2240 5351 2474 5417 suffusis,
2517 5354 2801 5424 ignominia
2842 5357 3039 5411 notatis
3080 5372 3139 5412 se
3178 5358 3577 5413 reconciliatum

1993 5442 2059 5497 iri
2086 5444 2386 5512 pollicetur,
2412 5445 2456 5499 si
2477 5445 2678 5501 aﬂectis
2704 5446 2895 5515 injuria
2916 5448 3088 5504 viduis
3108 5449 3360 5504 auxilium
3384 5447 3575 5502 ferant.

1994 5533 2280 5604 Postquam
2327 5536 2469 5590 enim
2513 5537 2667 5601 dixit,
2712 5536 2947 5592 Avertam
2992 5538 3164 5593 oculos
3208 5556 3361 5599 meos.
3407 5547 3452 5591 et
3476 5552 3579 5592 ι.οη

1991 5627 2284 5695 exaudiam,
2339 5628 2547 5699 inquit:
2587 5627 2823 5683 Judicate
2847 5631 3075 5701 pupillo,
3105 5640 3150 5685 et
3190 5630 3471 5700 justi/irate
3499 5632 3576 5682 vi-

1995 5719 2167 5786 duam,
2197 5732 2241 5775 ct
2272 5727 2447 5790 venite,
2500 5733 2543 5778 et
2593 5724 2944 5792 disputemus;
2970 5735 3017 5778 et
3070 5726 3113 5778 si
3152 5729 3337 5795 fuerint
3377 5734 3581 5791 peccata

1993 5823 2154 5868 ucstra
2195 5815 2345 5881 quasi
2382 5814 2711 5885 phaniccum,
2757 5816 2883 5871 sicut
2930 5817 3088 5872 nivem
3129 5814 3491 5887 dealbaban.
3524 5817 3579 5874 is
