4020 6370
418 343 525 403 323

420 456 653 525 17.18).
706 452 865 509 Vides
913 459 1163 522 quautam
1210 448 1403 502 habeat
1442 444 1597 499 vidua
1641 438 1996 512 potestatem"

418 548 505 603 ubi
548 561 701 601 suum
743 543 991 600 ostendat
1026 539 1307 602 auxilium,
1339 552 1445 591 non
1466 533 1605 604 apud
1630 532 1993 603 magistratum

418 642 503 695 vel
530 652 734 708 regem,
761 636 849 706 qui
875 634 1216 689 dominantur
1243 631 1293 685 in
1327 630 1500 693 terris,
1534 627 1627 681 sed
1657 624 1794 695 apud
1825 625 1996 693 ipsum

414 732 665 786 caelorum
709 726 953 799 Regem?
996 734 1245 797 quantam
1290 723 1460 793 possit
1505 722 1635 775 iram
1672 717 1890 780 sedare,
1935 731 1999 770 ac

417 823 697 878 Dominum
743 820 868 885 illis,
914 819 1002 889 qui
1051 816 1331 872 incurabili
1378 813 1568 869 morbo
1616 810 1793 866 infecti
1838 818 1995 875 sunt,

415 913 647 984 placare,
689 909 1007 966 intolerabili
1045 908 1305 979 supplicio
1345 905 1575 974 eripere,
1612 902 1845 957 animam
1875 914 1997 954 sor-

414 1004 568 1059 dibus
593 1003 835 1059 obrutam
863 1010 1199 1072 peccatorum
1228 1002 1295 1055 ab
1320 996 1581 1069 ejusmodi
1608 996 1728 1051 labe
1750 1008 1994 1065 purgare,

414 1107 571 1168 atque
617 1096 684 1150 ad
723 1109 985 1151 summam
1036 1093 1319 1163 puritatem
1360 1088 1794 1163 perducere?Ne
1837 1086 1998 1157 igitur

414 1189 692 1244 mulierem
716 1187 925 1241 viduam
953 1195 1376 1248 contemnamus,
1403 1182 1496 1237 sed
1526 1196 1740 1236 omnem
1768 1180 1819 1233 in
1851 1178 1993 1233 illam

412 1279 820 1336 sollicitudinem
858 1277 1223 1333 exhibeanms.
1272 1275 1495 1329 Patrona
1528 1280 1706 1328 nostra
1747 1279 1848 1333 est,
1879 1283 1997 1338 quae

412 1386 542 1428 vere
563 1372 744 1427 vidua.

485 1462 684 1519 Genera
706 1463 976 1518 viduarum
999 1462 1235 1515 varia.—
1258 1458 1365 1514 Sed
1386 1473 1562 1528 opera:
1586 1456 1809 1527 pretium
1838 1453 1998 1507 fuerit

414 1562 475 1609 ut
501 1562 703 1610 attente
744 1553 1160 1615 consideremus,
1200 1551 1266 1605 de
1304 1564 1404 1620 qua
1446 1548 1658 1603 tandem
1701 1546 1855 1602 vidua
1896 1545 1997 1600 hoc

414 1645 532 1699 loco
556 1645 716 1699 verba
736 1644 880 1698 liant.
896 1642 1027 1698 Nam
1049 1651 1103 1697 et
1122 1643 1224 1696 illae
1250 1641 1419 1696 vidum
1436 1639 1702 1705 dicuntur,
1730 1654 1847 1707 qua:
1874 1652 1993 1691 cum

311 1792 319 1797 ,
414 1736 467 1790 in
510 1751 773 1792 summam
812 1736 1089 1791 inciderint
1137 1743 1423 1803 egestatem
1471 1742 1525 1787 et
1569 1734 1621 1787 in
1663 1731 1995 1786 Inalricnlam

414 1828 596 1883 relata:
640 1826 853 1890 fuerint,
903 1843 970 1882 ex
1021 1825 1398 1882 ecclesiasticis
1455 1825 1695 1894 pecuniis
1742 1825 1993 1891 aluntur,

412 1930 571 1990 prout
627 1919 955 1991 temporibus
1016 1917 1377 1988 apostolorum
1439 1917 1616 1972 fiebat.
1666 1914 1884 1968 Factum
1925 1925 1996 1969 est

411 2012 575 2077 enim,
618 2012 806 2082 inquit,
841 2028 1071 2065 murmur
1112 2011 1241 2065 inter
1285 2009 1507 2074 Griecos,
1541 2025 1599 2062 eo
1655 2009 1789 2079 quod
1824 2011 1995 2078 despi-

410 2115 641 2160 cerentur
664 2106 718 2159 in
755 2105 1030 2159 ministerio
1058 2103 1355 2174 quotidiana
1379 2105 1544 2157 vidua:
1580 2119 1752 2157 eorum
1773 2102 1905 2172 (Act.
1938 2102 1993 2157 6.

410 2196 487 2266 1).
530 2197 712 2267 Neque
754 2212 885 2252 vero
927 2198 1098 2252 solum
1137 2196 1253 2251 ista;
1291 2195 1464 2251 viduae
1506 2196 1774 2259 dicuntur,
1821 2194 1914 2249 sed
1943 2202 1999 2249 et

411 2289 536 2355 illae,
562 2306 681 2360 qua:
703 2290 846 2345 nulla
874 2289 1051 2359 inopia
1082 2304 1303 2360 pressae,
1335 2289 1429 2344 sed
1459 2287 1797 2343 facultatibus
1820 2289 1996 2343 abun-

410 2383 617 2449 dantes,
646 2398 766 2437 cum
795 2382 976 2437 domui
1000 2382 1236 2451 praesint,
1277 2364 1524 2436 maritum
1566 2390 1769 2436 tantum
1799 2382 1997 2435 amise-

410 2484 553 2529 runt.
601 2474 887 2529 Videamus
931 2488 1089 2544 ergo,
1137 2473 1206 2529 de
1248 2489 1477 2543 quanam
1526 2474 1682 2528 vidua
1728 2473 1831 2527 hoc
1878 2473 1998 2527 loco

410 2566 573 2621 verba
599 2564 777 2631 faciat,
806 2565 931 2619 dum
959 2565 1053 2631 ait,
1086 2563 1250 2619 Vidua
1276 2566 1490 2635 eligatur
1512 2582 1612 2619 non
1651 2566 1815 2619 minor
1849 2566 1997 2620 annis

409 2657 705 2727 sexaginta;
730 2672 797 2711 an
840 2656 907 2711 de
946 2670 1009 2710 ea
1054 2671 1172 2726 qua:
1215 2656 1415 2711 auxilio
1456 2656 1709 2727 indigeat,
1755 2667 1810 2712 et
1836 2672 1995 2728 quam

409 2765 545 2820 opus
569 2750 640 2823 sit
663 2766 729 2804 ex
771 2750 1147 2806 ecclesiasticis
1195 2751 1429 2820 pecuniis
1466 2751 1558 2815 ali,
1590 2767 1655 2805 an
1685 2752 1753 2807 de
1790 2766 1849 2807 ea
1876 2766 2000 2823 quae

410 2841 626 2896 minime
642 2840 817 2911 indiga
834 2842 923 2906 sit,
947 2841 1202 2912 etopibus
1222 2841 1587 2897 circumﬂuat?
1609 2843 1755 2898 Haud
1777 2843 1997 2900 dubium

408 2932 535 3003 quin
577 2932 645 2988 de
689 2933 809 2987 ista.
838 2932 969 2988 Nam
996 2933 1064 2988 de
1091 2934 1180 2989 illa
1205 2934 1417 3005 quidem
1448 2950 1568 2990 cum
1596 2936 1845 3007 loquitur,
1878 2953 1998 3008 quae

410 3024 548 3080 fame
574 3024 872 3092 coniicitur,
897 3040 1001 3079 non
1026 3034 1235 3095 tempus
1258 3026 1513 3096 assignat,
1543 3042 1647 3082 non
1678 3028 1996 3098 probitatem

412 3131 620 3170 morum
667 3116 928 3184 requirit:
958 3117 1052 3172 sed
1102 3117 1361 3182 absolute,
1396 3119 1459 3174 Si
1483 3120 1592 3189 quis
1619 3120 1806 3189 ﬁdelis,
1839 3132 1925 3175 aut
1955 3125 1997 3177 si

406 3223 503 3277 qua
524 3206 715 3277 ﬁdelis,
746 3194 933 3278 inquit,
964 3208 1140 3265 viduas
1186 3210 1353 3276 habet,
1401 3212 1739 3267 subministra
1786 3214 1911 3281 tua,
1950 3224 1997 3269 et

406 3319 506 3357 non
533 3311 767 3374 gravetur
793 3302 1022 3357 Ecclesia
1061 3304 1136 3377 (1.
1161 3302 1295 3358 Tim.
1319 3305 1372 3361 5.
1406 3306 1498 3376 16)
1523 3323 1539 3362 :
1562 3322 1669 3363 non
1695 3308 1848 3375 dixit,
1875 3324 1997 3363 cum

404 3392 678 3463 sexaginta
716 3408 977 3448 annorum
1017 3393 1213 3460 fuerit;
1243 3411 1350 3452 non
1376 3396 1529 3463 dixit,
1561 3396 1613 3453 Si
1659 3398 1888 3470 hospitio
1914 3416 1999 3456 re-

404 3486 607 3555 cepit’,
626 3485 673 3540 si
701 3495 1003 3541 sanctorum
1027 3488 1188 3558 pedes
1210 3489 1337 3543 lavit
1363 3488 1439 3561 (l.
1463 3490 1547 3544 Ib.
1570 3491 1624 3546 5.
1650 3493 1738 3559 10)
1763 3510 1777 3547 :
1804 3507 1868 3548 ac
1888 3508 1999 3549 me-

406 3576 510 3630 rito
557 3590 706 3632 sane.
761 3577 855 3633 Ubi
897 3579 1039 3633 enim
1084 3581 1377 3636 remedium
1423 3582 1584 3638 fuerit
1636 3584 1997 3643 adhibendum

408 3666 623 3736 inopiae,
670 3677 881 3738 tempus
923 3684 1027 3724 non
1068 3681 1365 3741 exspectat.
1401 3674 1537 3743 Quid
1588 3676 1752 3743 enim,
1804 3678 1849 3734 si
1876 3694 1999 3737 cum

408 3773 669 3813 annorum
716 3761 785 3815 sit
825 3762 1226 3833 quinquaginta,
1271 3764 1411 3820 fame
1457 3767 1810 3824 conficiatur?
1861 3772 2000 3841 Quid

409 3851 454 3904 si
472 3851 523 3904 in
547 3850 769 3920 juvenili
789 3864 945 3909 aetate
970 3870 1195 3925 corpore
1224 3857 1294 3912 sit
1313 3858 1595 3914 mutilato?
1619 3861 1753 3915 Num
1771 3863 2001 3922 dormiet

409 3952 733 4012 exspectans
775 3943 947 3999 donec
999 3948 1364 4017 sexagesimus
1417 3964 1588 4005 annus
1638 3957 1894 4023 appetat?
1932 3958 2003 4014 At

411 4032 515 4090 hoc
560 4045 815 4091 extrema:
860 4038 1000 4092 foret
1044 4038 1408 4095 immanitatis.
1459 4042 1629 4109 Quam
1671 4046 1741 4101 ob
1785 4062 1997 4103 causam

409 4144 531 4184 cum
578 4130 816 4186 sedanda
858 4130 1024 4187 fames
1067 4132 1246 4201 fuerit,
1283 4150 1388 4190 non
1416 4137 1573 4194 anxie
1600 4138 1654 4193 in
1684 4149 1921 4210 tempora
1946 4149 2001 4198 et

409 4223 602 4278 animae
649 4226 869 4281 virtutes
912 4227 1164 4297 inquirit:
1195 4244 1317 4285 cum
1357 4246 1486 4287 vero
1514 4249 1621 4288 non
1656 4234 1849 4305 inopiae
1875 4251 1999 4292 suc-

410 4315 734 4372 currendum
782 4327 882 4383 est,
935 4320 1029 4375 sed
1086 4320 1258 4377 honor
1308 4332 1394 4378 est
1434 4339 1531 4394 pro
1566 4324 1823 4397 dignitate
1850 4327 2002 4385 defe-

414 4416 651 4485 rendus,
689 4418 883 4474 merito
921 4417 1059 4474 hanc
1096 4418 1164 4476 de
1200 4420 1438 4478 moribus
1477 4421 1873 4494 inquisitionem
1913 4440 2000 4480 m-

412 4509 602 4569 titituit.

485 4602 539 4658 5.
583 4600 717 4656 Olim
744 4602 886 4656 chori
909 4613 1050 4657 erant
1090 4604 1378 4660 viduarum.
1400 4637 1472 4647 —
1495 4607 1626 4663 Nam
1653 4609 2002 4680 quemadmo-

414 4692 541 4749 dum
569 4693 717 4750 chori
745 4705 870 4750 sunt
892 4695 1177 4766 virginum,
1206 4699 1285 4754 sic
1308 4709 1362 4754 et
1387 4700 1516 4755 olim
1540 4712 1695 4758 erant
1721 4703 2002 4760 viduarum

415 4784 587 4849 chori,
617 4800 789 4856 neque
827 4788 1024 4857 passim
1066 4789 1260 4846 licebat
1286 4792 1390 4847 illis
1414 4793 1468 4848 in
1498 4811 1777 4852 numerum
1816 4798 2003 4853 vidua-

417 4892 535 4931 rum
580 4877 785 4933 referri.
830 4879 944 4935 Non
989 4881 1149 4951 igitur
1188 4882 1255 4938 de
1282 4884 1370 4938 illa
1399 4899 1577 4941 sermo
1604 4896 1705 4953 est,
1733 4905 1852 4959 quae
1886 4906 2005 4959 pre-

419 4969 581 5025 mitur
627 4982 887 5040 egesmte,
937 4982 1095 5044 atque
1138 4975 1335 5031 auxilio
1380 4978 1601 5050 indiget,
1649 4982 1741 5036 sed
1784 4982 1852 5038 de
1882 4984 2001 5049 ista,

419 5078 538 5131 qua:
573 5061 882 5119 viduitatem
923 5065 1100 5137 elegit.
1129 5067 1238 5122 Cur
1264 5081 1441 5124 autem
1474 5072 1526 5125 in
1558 5072 1660 5129 hac
1684 5076 1842 5130 etiam
1872 5086 2005 5131 tem-

421 5168 522 5224 pus
570 5154 829 5223 requirit?
873 5157 1084 5213 Sciebat
1125 5176 1308 5232 pyram
1342 5164 1625 5237 quamdam
1654 5183 1774 5224 esse
1809 5170 2004 5239 juven-

423 5253 612 5308 tutcm,
643 5254 699 5301 ct
728 5246 941 5319 pelagus
971 5250 1184 5319 plenum
1212 5254 1485 5318 ﬂuctuum,
1513 5272 1575 5312 ac
1599 5259 1778 5314 multis
1803 5270 2004 5332 tempe-

421 5337 647 5392 statibus
698 5336 970 5395 inl‘cstum.
1024 5342 1309 5416 Postquam
1363 5347 1522 5418 igitur
1547 5353 1719 5408 aetatis
1746 5353 2013 5409 beneﬁcio

424 5427 620 5485 iuerint
673 5432 1060 5490 immunitatem
1108 5451 1472 5510 consequutus,
1517 5452 1572 5499 et
1627 5454 1892 5517 tamquam
1941 5448 2005 5503 ad

426 5531 634 5589 portum
686 5522 752 5578 ad
802 5535 1130 5581 senectutem
1175 5533 1502 5599 appulerint,
1546 5535 1764 5606 jamque
1817 5540 2010 5596 fuerint

427 5614 533 5667 illis
575 5615 850 5671 exstincta:
900 5615 1165 5685 libidines,
1218 5622 1550 5681 conﬁdenter
1600 5642 1692 5683 eas
1720 5629 1771 5685 in
1810 5641 2006 5687 emtum

429 5746 518 5859 IL
522 5741 631 5788 Non
655 5736 802 5812 dixit,
831 5746 874 5802 si
894 5747 1019 5815 ﬁlios
1042 5749 1279 5818 educavit,
1303 5755 1782 5841 sthospitioorecepit.
1810 5766 1882 5817 sie
1902 5772 2008 5820 tres

1123 334 1181 389 S.
1222 328 1503 387 JOANNIS
1539 320 2022 380 CllRYSOSTOMl
2061 319 2381 375 AliClllEP.
2423 320 2959 379 CONSTANTINOI'.
3573 345 3644 400 εξ

2107 433 2263 487 istum
2307 436 2522 507 adlegit.
2577 441 2712 509 Quid
2760 444 2950 511 igitur?
2996 464 3171 504 nonne
3216 452 3486 520 plurinne,
3538 457 3686 513 dicet

2104 529 2314 597 aliquis,
2344 546 2464 585 cum
2494 535 2577 587 vel
2610 547 2725 602 post
2764 553 2958 591 animm
2988 542 3295 599 vicesimum
3336 547 3680 617 incepissent,

2103 620 2170 674 ad
2203 626 2356 677 tinem
2388 639 2555 693 usque
2582 641 2703 680 cum
2736 628 2889 683 laude
2921 632 3186 698 vixerunt,
3215 636 3397 706 jugum
3427 640 3681 709 tulerunt,

2103 722 2159 767 et
2184 716 2487 782 apostolice
2535 719 2657 773 vitae
2703 722 2972 791 specimen
3020 726 3332 784 ediderunt!
3380 747 3446 786 an
3494 734 3683 805 igitur,

2102 819 2303 874 quaeso,
2328 806 2445 861 illas
2471 808 2892 879 prohibebimns,
2915 824 2968 869 et
2991 831 3107 871 cum
3135 819 3440 877 viduitatem
3470 839 3688 881 servare

2101 897 2285 962 velint,
2336 901 2584 956 secundis
2634 906 2830 973 nuptiis
2875 907 3579 980 jungicogemusHioccine
3604 920 3688 974 di-

2100 1002 2260 1057 gnum
2301 1002 2383 1046 est
2423 995 2650 1062 apost)li
2697 998 2957 1052 consilio?
2982 1001 3103 1070 quid
3138 1004 3295 1074 igitur
3329 1006 3440 1062 haec
3463 1010 3563 1081 sibj
3592 1028 3687 1066 vo-

2102 1082 2217 1138 lunt
2234 1084 2257 1137 ?
2272 1086 2542 1144 Attendite
2556 1088 2853 1159 diligenter,
2872 1094 3218 1165 dilectissimi,
3245 1102 3685 1173 signiﬁcationem

2102 1176 2368 1234 dictionis.
2396 1180 2513 1236 Non
2538 1185 2680 1238 enim
2707 1185 2861 1248 dixit,
2888 1188 3052 1245 Vidua
3082 1194 3171 1247 liat
3196 1210 3298 1247 non
3332 1198 3507 1252 minor
3534 1216 3689 1255 sexa-

2101 1270 2243 1339 ginta
2273 1276 2447 1335 annis,
2478 1275 2592 1339 sed,
2636 1276 2802 1332 Vidua
2830 1280 3045 1352 eligatur
3064 1300 3085 1338 :
3111 1295 3163 1340 et
3184 1302 3367 1342 rursus
3391 1307 3494 1345 non
3529 1294 3683 1360 dixit,

2104 1363 2287 1419 Vidua:
2306 1365 2544 1434 juniores
2570 1385 2638 1425 ne
2663 1372 2943 1442 eligantur,
2972 1376 3084 1441 sed,
3126 1378 3363 1436 Iuniores
3391 1386 3567 1439 viduas
3592 1390 3687 1440 de-

2100 1459 2202 1509 vita
2223 1458 2303 1528 (1.
2334 1457 2467 1512 Tim.
2495 1462 2547 1517 5.
2583 1462 2672 1534 11)
2701 1481 2713 1517 :
2740 1470 2817 1521 sic
2831 1469 2974 1522 enim
2993 1470 3068 1524 ait
3093 1471 3158 1525 ad
3188 1472 3525 1531 Timotheum
3554 1483 3691 1534 scri-

2100 1548 2253 1603 bens.
2310 1550 2443 1606 Nam
2512 1556 2763 1624 quoniam
2825 1559 3241 1619 detractionibus
3287 1576 3343 1622 et
3391 1571 3689 1627 maledictis

2100 1641 2253 1696 multi
2296 1641 2449 1698 facile
2493 1657 2615 1701 sunt
2640 1648 2876 1716 obnoxii,
2908 1664 2962 1706 et
2991 1653 3195 1724 linguas
3222 1657 3478 1715 adversus
3502 1662 3690 1718 Eccle-

2099 1734 2193 1789 size
2219 1738 2473 1805 praesules
2501 1751 2751 1797 exacutas
2778 1743 2992 1812 habent,
3026 1749 3207 1805 volens
3235 1762 3497 1808 rectorem
3527 1774 3555 1807 a
3584 1757 3690 1811 cri-

2102 1830 2451 1886 minationum
2487 1834 2735 1902 periculis
2760 1838 3052 1907 vindicare,
3080 1841 3178 1897 has
3201 1844 3345 1915 leges
3366 1850 3685 1917 praescribit,

2100 1930 2157 1976 et
2178 1923 2286 1980 ait:
2320 1924 2398 1979 Tu
2424 1925 2622 1994 devita,
2670 1939 2724 1984 tu
2765 1946 2832 1986 ne
2871 1934 3052 2003 eligas.
3085 1936 3140 1990 Si
3167 1938 3295 1992 velit
3323 1940 3431 2008 ipsa
3462 1942 3598 1996 ultro
3622 1959 3689 1999 ac

2100 2028 2196 2069 sua
2225 2025 2416 2084 sponte
2445 2017 2560 2074 hzec
2585 2021 2854 2090 amplecti,
2887 2024 3076 2081 faciat:
3106 2037 3159 2081 tu
3180 2029 3393 2098 quidem
3417 2047 3484 2085 ne
3510 2033 3691 2089 adlmc

2099 2104 2371 2174 admittas,
2418 2126 2487 2165 ne
2530 2110 2667 2167 forte
2706 2114 2903 2181 dicant,
2938 2115 3030 2171 Ille
3057 2119 3176 2175 talis
3196 2121 3461 2189 juniorem
3488 2127 3687 2195 coegit,

2100 2211 2220 2267 quin
2259 2199 2464 2256 nubere
2504 2202 2734 2269 volebat,
2781 2216 2837 2261 et
2873 2207 3054 2262 domui
3094 2226 3364 2279 praeesse:
3408 2226 3687 2284 propterea

2102 2290 2249 2359 lapsa
2288 2301 2391 2358 est,
2435 2303 2488 2347 et
2520 2296 2875 2364 supplantata.
2919 2300 2996 2354 Tu
3042 2302 3185 2357 illam
3228 2320 3296 2358 ne
3338 2306 3521 2375 eligas,
3556 2310 3688 2364 utsi

2100 2378 2238 2437 forte
2268 2385 2413 2452 lapsa
2454 2386 2630 2451 fuerit,
2666 2398 2718 2443 tu
2745 2407 2772 2441 ει
2803 2392 3260 2450 criminationibus
3286 2398 3359 2451 sis
3387 2400 3635 2454 immunis
3669 2418 3684 2454 :

2101 2475 2147 2528 si
2174 2490 2280 2530 non
2310 2476 2467 2532 fuerit
2490 2478 2656 2549 lapsa,
2676 2482 2867 2551 majori
2897 2500 3016 2538 cum
3044 2489 3330 2543 securitate
3348 2494 3690 2549 convenienti

2104 2574 2343 2636 tempore
2390 2568 2538 2623 illam
2584 2572 2769 2642 eligas.
2815 2573 2968 2640 Quod
3017 2578 3062 2631 si
3111 2577 3271 2644 dicat,
3315 2580 3437 2635 Volo
3450 2584 3691 2655 juniores

2100 2658 2280 2713 viduas
2322 2660 2526 2728 nubere,
2566 2663 2703 2731 ﬁlios
2736 2681 3003 2735 procreare
3032 2667 3109 2740 (1.
3153 2668 3287 2724 Tim.
3319 2673 3373 2727 5.
3407 2673 3518 2745 14).
3562 2676 3693 2731 audi

2101 2770 2237 2823 quas
2274 2754 2516 2825 juniores
2541 2759 2791 2831 appellet,
2824 2776 2915 2817 eas
2942 2778 3062 2833 qua:
3087 2780 3207 2819 cum
3238 2766 3520 2822 luxuriata:
3564 2769 3690 2825 fue-

2100 2847 2208 2902 rint
2236 2848 2493 2906 adversus
2515 2851 2806 2921 Christum,
2838 2856 3038 2911 nubere
3062 2859 3265 2925 volunt,
3296 2860 3567 2926 verbosas,
3594 2879 3695 2918 cu-

2100 2942 2310 3008 riosas,
2367 2945 2760 3003 circumeuntes
2814 2948 3039 3014 domos,
3087 2951 3359 3021 loquentes
3410 2971 3528 3025 qua:
3580 2972 3691 3012 non

2101 3045 2332 3105 oportet,
2383 3053 2503 3109 qua:
2555 3055 2828 3096 conversae
2875 3054 2998 3098 sunt
3049 3056 3169 3114 post
3209 3056 3469 3102 satanam.
3505 3048 3694 3119 Neque

2101 3129 2244 3182 enim
2283 3142 2403 3184 cum
2435 3132 2752 3201 simpliciter
2785 3134 3025 3201 dixisset,
3070 3135 3195 3192 Volo
3215 3140 3445 3209 juniores
3481 3144 3692 3210 nubere,

2102 3224 2285 3289 tacuit,
2317 3225 2411 3280 sed
2456 3234 2512 3281 et
2554 3228 3001 3298 qualesjuuiores
3028 3231 3176 3295 dicit,
3222 3244 3276 3288 et
3302 3249 3483 3288 earum
3507 3235 3696 3305 lapsus

2101 3317 2363 3371 enuntiat.
2397 3317 2541 3385 Quos
2563 3318 2776 3375 tandem
2800 3320 3013 3391 lapsus?
3037 3321 3164 3379 Cum
3188 3325 3457 3380 luxuriam
3477 3328 3693 3396 fuerint,

2101 3404 2293 3477 inquit,
2321 3408 2561 3463 adversus
2586 3411 2875 3480 Christum,
2907 3415 3092 3469 nubere
3117 3416 3309 3482 uolunt,
3340 3427 3388 3470 et
3411 3419 3583 3472 otiosa:
3607 3420 3696 3472 di-

2100 3512 2271 3567 tant,
2316 3511 2365 3555 et
2406 3504 2641 3568 curione,
2684 3505 3046 3561 circumeuntes
3068 3507 3264 3569 domos,
3297 3509 3551 3577 loquentes
3573 3528 3698 3578 quae

2103 3608 2207 3647 non
2255 3604 2472 3665 oportet,
2511 3605 2561 3649 et
2613 3612 2875 3679 conversis
2912 3609 3030 3652 sunt
3058 3599 3399 3670 (Ibid.v.ll.
3430 3604 3519 3657 15.
3572 3604 3692 3675 15).

2104 3684 2232 3741 Post
2255 3701 2412 3756 quem
2442 3689 2657 3743 autem?
2684 3687 2811 3743 Post
2835 3700 3085 3745 satanam.
3105 3693 3326 3759 Quando
3348 3694 3525 3763 igitur,
3546 3706 3699 3762 post-

2103 3791 2261 3845 quam
2306 3776 2616 3834 viduitatem
2669 3789 2793 3836 sunt
2845 3784 3131 3851 amplexae,
3189 3794 3242 3837 et
3293 3799 3505 3839 omnem
3553 3786 3698 3841 hanc

2104 3872 2450 3942 ignominiam
2495 3876 2760 3930 sustinere
2804 3875 3107 3940 voluerunt,
3139 3891 3323 3931 rursus
3372 3877 3573 3931 nubere
3598 3893 3700 3929 vo-

2102 3964 2237 4030 lunt,
2287 3967 2453 4022 satius
2500 3977 2583 4023 est
2628 3968 2935 4038 priusquam
2984 3978 3199 4037 peccato
3250 3969 3607 4034 detineantur,
3635 3978 3699 4024 et

2104 4057 2233 4112 inita
2262 4072 2382 4111 cum
2414 4056 2625 4114 Christo
2654 4068 2803 4129 pacta
2832 4059 3048 4125 violent,
3080 4061 3145 4114 ad
3177 4060 3276 4114 hoc
3300 4061 3484 4115 venire
3508 4078 3520 4113 :
3550 4061 3700 4130 quod

2104 4148 2151 4204 si
2183 4165 2284 4219 qua
2311 4150 2429 4204 talis
2458 4165 2561 4204 non
2591 4148 2769 4216 fuerit,
2800 4152 3175 4207 necessitatem
3202 4151 3556 4206 secundarum
3593 4168 3699 4205 nu-

2105 4242 2333 4312 ptiarum
2356 4256 2461 4296 non
2492 4242 2735 4312 imponit.

2176 4335 2231 4389 4.
2274 4333 2441 4389 Porro
2468 4333 2522 4389 id
2552 4350 2736 4389 verum
2762 4350 2902 4399 esse,
2926 4334 3051 4391 inde
3077 4344 3307 4391 constat.
3339 4334 3393 4390 Si
3424 4335 3568 4389 enim
3591 4335 3702 4391 hoc

2105 4426 2255 4496 quasi
2286 4428 2401 4497 lege
2426 4428 2689 4483 sanxisset
2708 4429 2954 4482 omnibus
2976 4429 3306 4491 mulieribus,
3326 4437 3385 4481 ut
3405 4428 3697 4489 nubercnt,

2106 4528 2162 4575 et
2186 4520 2367 4574 domui
2418 4530 2728 4589 praeessent,
2777 4519 3045 4591 superﬂue
3088 4521 3177 4574 illa
3216 4520 3602 4590 requisivisset,
3631 4519 3702 4574 Si

2106 4613 2241 4682 filios
2267 4613 2513 4676 educavit,
2542 4614 2585 4667 si
2612 4623 2899 4667 sanctorum
2926 4615 3075 4685 pedes
3098 4615 3238 4679 lavit,
3261 4614 3305 4668 si
3325 4613 3704 4667 tribulatione»:

2109 4706 2408 4775 patientibus
2446 4708 2690 4767 subvenit,
2733 4708 2779 4760 si
2824 4724 2970 4760 omne
3013 4724 3138 4776 Opus
3180 4706 3366 4761 bonum
3408 4716 3598 4760 sectata
3621 4716 3705 4759 est

2110 4801 2215 4874 (Ib.
2263 4818 2309 4855 υ.
2346 4802 2473 4872 10);
2507 4801 2772 4871 superﬂue
2810 4817 3019 4869 quoque
3050 4801 3177 4855 illud
3207 4801 3352 4863 dicit,
3396 4801 3523 4865 Qua:
3545 4802 3704 4871 fuerit

2109 4892 2259 4947 unius
2303 4894 2396 4946 viri
2437 4910 2565 4947 uxor
2611 4893 2715 4963 (Ib.
2745 4909 2792 4947 υ.
2824 4892 2902 4963 9).
2930 4892 2984 4948 Si
3014 4893 3155 4947 cnim
3180 4892 3364 4947 viduas
3393 4908 3582 4946 omnes
3605 4893 3706 4961 jn-

2110 4988 2289 5041 niorcs
2332 4986 2531 5041 nubere
2567 4986 2746 5055 jubes,
2790 4985 3058 5055 quomodo
3102 4985 3297 5054 poterit
3334 4985 3507 5053 aliqua
3542 4986 3707 5039 unius

2110 5080 2212 5135 viri
2240 5095 2375 5134 uxor
2402 5078 2557 5134 esse?
2588 5078 2768 5149 Itaque
2815 5079 2930 5133 illas
2973 5080 3089 5148 ejus
3131 5088 3337 5148 spectat
3381 5080 3573 5132 oratio.
3624 5077 3707 5132 Ita

2112 5171 2237 5227 facit
2285 5181 2340 5227 et
2386 5171 2510 5226 dum
2556 5171 2789 5242 loquitur
2837 5172 2905 5226 de
2933 5187 3221 5241 congressu
3246 5170 3530 5240 conjugali.
3566 5172 3703 5225 Cum

2111 5264 2254 5319 enim
2299 5264 2538 5329 dixisset,
2575 5263 2757 5318 Nolite
2798 5266 3039 5334 fraudare
3067 5264 3295 5328 invicem,
3337 5264 3436 5316 nisi
3466 5264 3597 5333 forte
3638 5280 3709 5317 ea:

2112 5372 2356 5409 consensu
2389 5356 2458 5409 ad
2496 5365 2709 5426 tempus,
2742 5366 2797 5408 ut
2837 5358 3019 5409 vacetis
3047 5356 3251 5425 jejunio
3286 5368 3335 5407 et
3374 5353 3615 5417 orationi,
3653 5365 3707 5406 ct

2112 5448 2293 5503 iterum
2322 5449 2637 5501 revertamini
2657 5449 2706 5500 in
2733 5448 2953 5516 idipsum
2979 5448 3052 5515 (l.
3080 5446 3197 5499 Cor.
3226 5446 3280 5499 7.
3309 5445 3365 5511 5)
3391 5463 3403 5498 :
3435 5460 3498 5497 nc
3526 5445 3701 5513 legum

2114 5554 2233 5594 esse
2262 5555 2323 5593 ac
2354 5550 2673 5609 prmceptum
2716 5539 3010 5602 existimes,
3039 5554 3250 5593 causam
3279 5537 3478 5606 adjicit,
3502 5536 3705 5589 deinde

2112 5632 2333 5687 dicens:
2367 5631 2449 5685 Ne
2478 5641 2627 5685 tentet
2661 5648 2744 5685 vos
2786 5643 3005 5683 satanas.
3045 5629 3156 5683 lloc
3183 5639 3349 5681 autem
3381 5629 3493 5680 dico
3514 5642 3705 5680 serun-

2116 5724 2238 5778 dum
2276 5724 2659 5793 indulgmtiam,
2711 5741 2811 5777 non
2854 5724 3126 5779 secundum
3175 5723 3459 5787 imperium,
3495 5733 3707 5789 propter

2119 5820 2531 5876 incontinentiam
2580 5830 2792 5876 vestram
2845 5819 2947 5882 (Ib.
2978 5837 3024 5874 ε.
3052 5819 3105 5873 6.
3141 5819 3210 5885 5).
3246 5814 3707 5886 Quemadmodum
