4020 6370
262 5678 276 5722 ,
389 5657 418 5735 ε
575 5657 721 5735 εἶπεν,
744 5659 798 5707 Εἰ
809 5659 1227 5735 έτεκνρτρᾷφησεν,
1247 5662 1286 5710 εἰ
1308 5659 1535 5724 ἐξενοὸὁχ.
1563 5660 1645 5712 Sic
1665 5669 1766 5713 tres
1789 5677 1903 5714 mss.

272 299 380 356 5ἶῖ

265 431 455 490 χτρα;
494 415 595 468 ποῦ
617 417 712 488 τὴν
740 420 1074 488 προστασίαν
1101 421 1469 478 ἐπιδείκνυται
1494 427 1591 496 τὴν
1621 429 1842 499 ἑαυτῆς,

266 511 334 562 οὐ
370 510 519 580 παρά
553 510 774 580 ἄρχοντι
806 513 898 565 καὶ
929 512 1138 581 βασιλεῖ
1176 515 1285 569 τῶν
1311 518 1404 569 ἐπὶ
1433 518 1535 587 τῆς
1561 521 1687 590 γῆς,
1711 521 1846 575 ἀλλά

272 602 403 671 παρ’
434 600 583 670 αὐτῴ
611 601 688 672 τῷ
715 603 823 655 τῶν
875 604 1118 675 οὐρανῶν
1154 606 1389 677 βασιλεῖς
1427 611 1600 681 πόσην
1627 612 1848 668 δύναται

270 691 574 746 καταλῦσαι
591 694 1114 766 ὀργὴν,καταλλάξαι
1129 698 1219 751 τὸν
1234 703 1300 753 Δε
1308 702 1508 772 σπότην
1528 707 1638 767 τοῖς
1654 704 1850 759 ἀνίατα

270 783 640 852 νενοσηκόσιν,
680 785 986 857 ἐξαρπάσαι
1020 790 1290 860 τιμωρίας
1334 792 1629 863 ἀφορήτου,
1676 793 1851 865 ψυχὴν

268 866 543 940 βαφεῖσαν
570 871 650 940 τῷ
691 871 800 924 τῶν
847 875 1260 946 ἁμαρτημάτων
1295 878 1458 949 ῥύπῳ
1499 882 1598 950 τῆς
1639 882 1854 952 κηλῖδος

273 958 542 1013 ἐκπλῦναι
573 960 810 1032 ἐκείνης,
841 964 934 1016 καὶ
960 964 1096 1036 πρὸς
1113 965 1210 1036 τὴν
1231 968 1406 1040 ἄκραν
1428 970 1656 1038 ἀγαγεῖν
1683 970 1855 1025 καθα-

271 1052 516 1123 ρότητα;
550 1053 642 1124 Μὴ
669 1054 848 1108 τοίνυν
880 1058 1312 1133 καταφρονῶμεν
1341 1062 1520 1132 χήρας
1551 1064 1811 1129 γυναικὸς
1835 1103 1850 1128 ,

268 1143 413 1196 ἆλλά
470 1146 654 1198 πᾶσαν
707 1148 834 1217 περὶ
880 1149 1049 1220 αὐτὴν
1105 1151 1425 1220 ἐπιμέλειαν
1472 1153 1852 1226 ἐπιδείξωμεν.

270 1236 580 1306 Προστάτις
600 1239 756 1310 ἡμῶν
789 1241 935 1294 ἐστιν
962 1243 996 1312 ἡ
1031 1241 1200 1308 ὅντως
1227 1246 1395 1315 χήρα.

348 1347 536 1412 Ἀξιον
571 1347 630 1402 δὲ
659 1349 988 1414 ἐπιστάντας
1028 1351 1188 1417 ίδεῖν,
1233 1353 1366 1424 περὶ
1422 1357 1581 1420 ποίας
1623 1357 1858 1412 ἐνταῦθα

275 1441 456 1510 χήρας
477 1441 630 1511 φησί.
673 1441 784 1493 Καὶ
814 1441 924 1514 γὰρ
952 1445 1047 1496 καὶ
1072 1446 1278 1499 ἐκεῖναι
1299 1447 1468 1518 χῆραι
1495 1449 1765 1517 λέγονται,
1798 1452 1854 1503 αί

273 1533 358 1595 εἰς
384 1533 662 1587 εὐτέλειαν
690 1534 926 1604 ἐσχάτην
958 1538 1386 1602 καταπεσοῦσαι,
1413 1541 1509 1593 καὶ
1545 1543 1861 1613 ἐγγεγραμ-

278 1623 464 1686 μέναι,
496 1624 590 1676 καὶ
621 1627 686 1677 ἐκ
710 1623 817 1676 τῶν
847 1624 1316 1696 ἐκκλησιαστικῶν
1344 1630 1680 1701 τρεφόμεναι
1719 1649 1858 1702 χρη·

281 1715 492 1785 μάτων,
521 1716 772 1788 καθάπερ
800 1715 893 1772 οὖν
927 1720 1020 1772 ἐπὶ
1054 1719 1163 1772 τῶν
1207 1721 1543 1776 ἀποστόλων.
1583 1725 1848 1792 Ἐγένετο

277 1807 410 1877 γὰρ,
447 1808 601 1877 φησί,
617 1808 957 1879 γογγυσμὸς
993 1810 1223 1880 μεταξὺ
1259 1812 1380 1864 τῶν
1417 1813 1857 1880 Ἑλληνιστῶν,

276 1899 370 1953 ὅτι
409 1901 894 1968 παρεθεωροῦντο
921 1901 992 1955 ἐν
1009 1901 1082 1970 τῇ
1105 1901 1378 1972 διακονίᾳ
1395 1902 1472 1970 τῇ
1495 1903 1860 1973 καθημερινῇ

280 1997 338 2046 αἰ
373 1991 548 2063 χῆραι
574 1993 791 2048 αὐτῶν.
816 1995 928 2064 Οὐχ
955 1987 1117 2049 αὗται
1139 1995 1194 2048 δέ
1219 1995 1376 2064 μόνον
1398 1996 1563 2066 χῆραι
1589 1996 1860 2064 λέγονται,

281 2087 417 2139 ἀλλὰ
439 2087 709 2148 κάκεῖναι,
733 2087 788 2138 αί
817 2087 1043 2158 μηδενὸς
1067 2087 1164 2157 μὲν
1187 2087 1457 2156 δεόμεναι,
1475 2087 1588 2139 ἀλλ’
1603 2088 1865 2160 εὐπορίας

282 2178 682 2242 ἀπολαύουσαι,
715 2180 810 2232 καὶ
836 2179 1015 2242 οἰκίας
1069 2179 1433 2250 προεστῶσαι,
1479 2181 1570 2232 τὸν
1603 2179 1660 2232 δὲ
1694 2179 1863 2248 ἄνδρα

283 2271 660 2325 ἀποϐαλοῦσαι
697 2271 876 2342 μόνον.
924 2272 1152 2342 Ἰδωμεν
1181 2269 1274 2326 οὖν
1316 2273 1444 2343 περὶ
1491 2274 1650 2336 ποίας
1689 2276 1865 2344 χήρας

282 2363 520 2418 ἐνταῦθά
551 2380 685 2434 φησι
720 2363 914 2432 λέγων’
943 2362 1105 2432 Χήρα
1134 2365 1552 2434 καταλεγέσθω
1579 2365 1665 2434 μὴ
1692 2365 1860 2419 ἐλάτ-

283 2471 404 2507 των
428 2451 581 2506 ἐτῶν
609 2453 909 2517 ἐξήκοντα
943 2454 1240 2522 γεγονυῖα·
1274 2451 1384 2524 ἆρα
1429 2453 1578 2526 [5151
1611 2455 1738 2526 περὶ
1766 2455 1866 2523 τῆς

282 2547 552 2617 δεομένης
608 2546 860 2618 βοηθείας
887 2547 982 2600 καὶ
1017 2547 1205 2618 χρείαν
1239 2547 1468 2618 ἐχούσης
1495 2546 1553 2611 ἐξ
1574 2548 1868 2618 ἐκκλησια-

286 2639 491 2692 στικῶν
520 2637 820 2710 τρέφεσθαι
849 2639 1179 2710 χρημάτων,
1221 2639 1252 2709 ἢ
1297 2640 1424 2709 περὶ
1455 2639 1556 2708 τῆς
1585 2639 1868 2702 ἀνενδεοῦς

283 2731 382 2785 καὶ
413 2731 471 2782 ἐν
513 2729 746 2801 εὐπορία
799 2728 1017 2798 ζώσης;
1048 2729 1284 2800 Εὐδηλον
1333 2731 1416 2783 ὅτι
1472 2731 1600 2800 περὶ
1640 2731 1866 2801 ταύτης.

285 2822 426 2894 Περὶ
454 2821 552 2892 μὲν
575 2821 684 2892 γὰρ
712 2822 928 2892 ἐκείνης
953 2823 1081 2875 ὅταν
1106 2821 1262 2893 λέγῃ,
1283 2826 1380 2892 τῆς
1397 2821 1539 2892 λιμῶ
1559 2821 1871 2892 διαφθειρο-

289 2911 482 2981 μένης,
516 2913 579 2965 οὐ
627 2913 818 2984 χρόνον
867 2912 1102 2983 τίθησιν,
1163 2913 1265 2966 οὐκ
1315 2913 1602 2984 ἀκρίϐειαν
1650 2914 1872 2966 ἀπαιτεῖ

285 3005 530 3068 τρόπωνσ
567 3003 681 3056 ἀλλ’
713 3003 923 3069 ἁπλῶς,
959 3006 1032 3058 ΕΖ
1049 3022 1139 3070 τις
1162 3006 1379 3070 πιστὸς
1406 3005 1443 3074 ἢ
1466 3003 1676 3072 πιστὴ,
1713 3005 1869 3073 φησι,

289 3093 486 3161 χήρας
517 3093 666 3163 ἔχει,
695 3095 1022 3162 ἐπαρκείτω
1059 3095 1290 3161 αὑταῖς,
1329 3095 1427 3148 καὶ
1454 3094 1540 3164 μὴ
1566 3095 1874 3162 βαρείσθω

289 3186 330 3251 ἠ
377 3185 730 3251 Ἐκκλησία.
755 3187 870 3238 Οὐκ
904 3181 1254 3250 εἷπεν,⁶’οταν
1267 3186 1532 3253 ἐξήκοντα
1557 3186 1695 3238 ἐτῶν
1716 3186 1876 3256 γένη-

287 3292 404 3328 ται·
435 3275 538 3328 οὐκ
578 3271 749 3340 εἶπεν,
790 3275 854 3330 Εἰ
877 3275 1256 3348 ἐξενοδόχησεν
1288 3289 1338 3339 α,
1385 3278 1434 3329 εί
1487 3277 1660 3346 ἁγίων
1707 3277 1875 3340 πόδας

291 3367 466 3437 ἐνιψεο
499 3367 596 3420 καὶ
628 3367 772 3438 μάλα
804 3367 1047 3431 εἰκότως.
1092 3368 1258 3421 Ἔνθα
1301 3369 1398 3438 μὲν
1432 3367 1540 3437 γὰρ
1581 3367 1647 3420 ἂν
1690 3369 1878 3420 πενίαν

289 3458 587 3530 διορθῶσαι
612 3459 742 3522 δέοι,
775 3459 874 3512 οὐκ
907 3461 1166 3530 ἀναμένει
1191 3460 1403 3532 χρόνον.
1431 3461 1496 3513 Τί
1533 3460 1640 3530 γὰρ
1671 3463 1720 3513 εἰ
1749 3477 1876 3512 πεν-

291 3552 539 3621 τήκοντα
567 3552 706 3604 ἐτῶν
736 3548 870 3606 οὖσα
895 3551 1040 3622 λιμῷ
1079 3552 1480 3622 διαφθείροντος
1513 3551 1564 3604 τί
1599 3551 1654 3604 δέ
1698 3552 1793 3604 ἐάν
1823 3553 1880 3603 ἐν

295 3644 514 3715 νεότητι
541 3643 600 3696 τὸ
626 3643 784 3713 σῶμα
816 3643 1097 3714 ἀνάπηρος
1117 3641 1250 3698 οὐσα
1277 3643 1464 3714 τύχοι;
1497 3643 1835 3697 καθευδείται
1853 3643 1881 3682 ι»

297 3733 651 3804 ἀναμένουσα
683 3735 744 3787 τὸ
772 3733 1064 3802 ἑξηκοστὸν
1107 3735 1263 3798 ἕτος;
1313 3734 1452 3788 ’Λλλ’
1487 3734 1883 3804 ἀπανθρωπίας

297 3827 463 3880 τοῦτο
491 3829 745 3898 ἐσχάτης.
779 3830 879 3882 Διά
921 3828 1100 3890 τοῦτο,
1133 3831 1262 3882 ὅταν
1296 3830 1396 3899 μὲν
1442 3830 1602 3899 λιμὸν
1628 3846 1886 3899 παραμυ-

301 3919 573 3990 θήσασθαι
627 3919 758 3982 δέοι,
805 3920 959 3973 οὐδὲν
1011 3920 1140 3990 περὶ
1184 3921 1389 3992 χρόνων
1438 3921 1530 3973 καὶ
1585 3921 1683 3990 τῆς
1744 3920 1886 3974 κατά

301 4011 486 4081 ψυχὴν
515 4013 717 4082 ἀρετῆς
746 4013 1205 4084 ἀκριϐολογεῖται·
1240 4014 1369 4066 ὅταν
1402 4013 1458 4066 δὲ
1492 4013 1567 4084 μὴ
1656 4012 1886 4082 διορθώ-

305 4104 506 4158 σασθαι
540 4105 752 4168 πενίαν,
785 4105 920 4158 ἀλλὰ
959 4105 1124 4175 τιμὴν
1167 4105 1288 4158 κατ’
1329 4105 1484 4170 ἀξίαν
1521 4106 1886 4176 χαρίσασθαι,

303 4198 536 4260 εἰκότως
559 4195 830 4267 τοσαύτην
859 4200 1093 4250 ποιεῖται
1123 4199 1338 4268 τρόπων
1373 4197 1637 4262 ἐξέτασιν.

376 4306 850 4378 γ’.Καθάπεργάρ
881 4309 986 4360 εἰσι
1012 4306 1299 4378 παρθένων
1322 4307 1493 4377 χοροὶ,
1519 4305 1764 4360 οὕτωκαὶ
1794 4323 1888 4376 χη·

309 4397 423 4469 ρῶν
467 4397 528 4450 τὸ
573 4397 800 4450 παλαιὸν
849 4393 988 4467 ἦσαν
1018 4399 1188 4468 χοροὶ,
1242 4399 1335 4450 καί
1390 4399 1490 4450 οὐκ
1535 4399 1664 4468 ἐξῆν
1703 4401 1891 4462 αὐταῖς

308 4488 499 4552 ἁπλῶς
529 4490 608 4552 εἰς
641 4487 740 4553 τὰς
767 4490 941 4560 χήρας
979 4487 1370 4560 ἐγγράφεσθαι.
1402 4491 1477 4542 Οὐ
1509 4491 1636 4560 περὶ
1679 4490 1894 4560 ἐκείνης

308 4577 404 4634 οὖν
433 4580 582 4648 λέγει
608 4581 707 4650 τῆς
734 4583 791 4634 ἐν
815 4581 976 4651 πενίᾳ
1005 4579 1182 4650 ζώσης
1209 4580 1301 4634 καὶ
1323 4579 1583 4650 δεομένης
1615 4579 1892 4650 βοηθείας,

309 4671 450 4724 ἀλλά
483 4672 612 4740 περὶ
654 4670 858 4743 ταύτης
906 4671 1006 4740 τῆς
1049 4672 1310 4741 ἑλομένης
1355 4673 1602 4742 χηρείαν.
1638 4673 1794 4736 Τίνος
1839 4673 1894 4724 δὲ

310 4762 500 4814 ἕνεκεν
547 4760 641 4814 καὶ
671 4762 762 4814 ἐπὶ
804 4760 1012 4831 ταύτης
1058 4761 1282 4813 ἀπαιτεῖ
1327 4761 1556 4832 χρόνον;
1607 4757 1762 4814 Οἶδεν
1812 4763 1896 4813 ὃτι

313 4853 467 4924 πυρά
487 4853 571 4916 τίς
595 4855 740 4906 ἐστιν
772 4855 802 4924 ἡ
832 4853 1039 4922 νεότης,
1067 4853 1160 4905 καὶ
1181 4852 1416 4919 πέλαγος
1445 4852 1704 4922 κυμάτων
1725 4852 1896 4922 γέμον

315 4945 412 4997 καὶ
441 4945 641 5007 πολλάς
667 4944 788 5014 ἔχον
815 4943 1235 5006 ἐπαναστάσεις.
1283 4943 1535 4995 Ἐπειδὰν
1566 4938 1658 4995 οὖν
1689 4942 1896 5012 μέλλω-

318 5055 403 5092 σιν
435 5037 544 5092 ἀπὸ
586 5037 686 5106 τῆς
720 5035 932 5106 ἡλικίας
977 5037 1225 5089 ἀτέλειαν
1269 5035 1433 5106 ἔχειν,
1474 5035 1570 5089 καὶ
1615 5034 1805 5106 ὥσπερ
1839 5037 1897 5086 ἐν

315 5130 502 5200 λιμένι
531 5128 848 5200 διατρίϐωσι
874 5129 954 5198 τῷ
998 5129 1167 5200 γήρᾳ,
1199 5127 1305 5182 τῶν
1351 5127 1662 5199 ἐπιθυμιῶν
1706 5127 1898 5190 αὐταῖς

320 5219 676 5276 σϐεσθεισῶν.
711 5219 848 5289 μετὰ
875 5219 1060 5283 ἀδείας
1085 5219 1256 5283 αὐτὰς
1284 5223 1362 5284 εἰς
1385 5220 1476 5274 τὸν
1501 5221 1661 5291 χορὸν
1689 5219 1898 5287 εἰσάγει

323 5311 536 5364 τοῦτον.
560 5309 625 5362 Τί
647 5304 740 5362 οὖν
762 5352 775 5375 ,
803 5311 924 5380 οὐχὶ
954 5309 1166 5374 πολλαὶ,
1192 5311 1344 5380 φησί,
1377 5312 1472 5364 καὶ
1497 5311 1634 5382 μετά
1653 5313 1897 5364 εἰκοστὸν

321 5405 444 5466 ἔτος
467 5402 772 5476 ἀρξάμεναι
804 5404 964 5474 μέχρι
992 5403 1183 5466 τέλους
1211 5403 1532 5474 διέλαμψαν,
1567 5406 1662 5458 καὶ
1688 5405 1779 5457 τὸν
1804 5403 1900 5467 ζυ-

322 5494 421 5563 γὸν
483 5496 744 5564 ἠνέγκαν,
800 5495 894 5546 καὶ
945 5494 1303 5548 ἀποστολικδν
1355 5493 1700 5560 ἐπεδείξαντο
1749 5495 1906 5565 βίον;

389 5717 420 5759 δ
444 5711 578 5771 Cod;
606 5711 857 5770 7&8'recte
884 5711 1163 5770 καθεδεῖται.

224 5827 260 5869 ἀ,
316 5815 326 5859 ὲ

1387 327 1454 383 IN
1498 331 1726 401 ILLUD,
1772 334 1982 392 VIDUA
2027 335 2401 392 ELIGATUR.

3410 329 3515 387 5°25

1947 435 2263 507 κωλύσομεν
2284 436 2375 494 οὖν
2408 442 2644 508 ἐκείνας,
2677 445 2796 497 εἰπέ
2837 462 2946 516 μοι,
2971 446 3065 498 καὶ
3105 444 3432 515 βωλομένας
3461 447 3522 500 ἐν

1947 529 2143 599 χηρείᾳ
2167 530 2266 600 ζῇν
2295 533 2680 604 ἀναγκάσομεν
2702 535 2978 606 δευτέροις
3003 535 3262 604 ὁμιλῆσαι
3289 534 3517 604 γάμοις;

1949 621 2042 674 καὶ
2086 623 2189 675 ποῦ
2235 625 2396 679 τοῦτο
2437 626 2586 692 ἄξιον
2621 628 2981 693 άποστολικῆς
3029 628 3292 698 γνὼμηςῖ
3342 628 3396 681 τί
3428 623 3523 682 οὖν

1948 711 2064 764 ἐστι
2092 712 2152 764 τὸ
2177 713 2498 785 λεγόμενον;
2535 717 2837 787 Προσέχετε
2875 719 3012 788 μετά
3045 720 3351 792 ἀκριϐείας,
3381 721 3520 787 ἀγα-

1950 804 2128 872 πητοὶ,
2173 805 2309 876 αὐτῇ
2359 809 2425 878 τῇ
2459 809 2706 878 σημασίξι
2747 811 2848 878 τῆς
2876 811 3090 876 λέξεως.
3129 813 3203 864 Οὐ
3245 812 3354 881 γὰρ
3378 807 3521 876 εἰπε,

1951 896 2109 965 Χήρα
2138 897 2370 964 γινέσθω
2409 901 2481 968 μὴ
2517 900 2755 953 ἐλάττων
2783 902 2917 954 ἐτῶν
2959 904 3221 972 ἐξήκοντα
3248 906 3521 972 γεγονυῖα,

1952 986 2108 1048 ἀλλὰ,
2160 987 2325 1054 Χήρα
2367 988 2825 1058 καταλεγέσθω·
2873 991 2966 1042 καὶ
3019 991 3181 1044 πάλιν
3229 992 3329 1044 οὐκ
3377 985 3524 1055 εἷπε,

1952 1080 2135 1150 Χῆραι
2163 1079 2422 1150 νεώτεραι
2447 1081 2521 1152 μὴ
2550 1081 3053 1149 καταλεγέσθωσαν,
3078 1082 3234 1146 ἀλλὰ⁹
3264 1083 3374 1148 Τὰς
3392 1099 3532 1135 γεω,

1953 1169 2126 1237 τέρας
2166 1171 2235 1224 δὲ
2260 1171 2450 1240 χήρας
2477 1173 2766 1240 παραιτοῦ
2787 1191 2800 1204 ο
2831 1172 2968 1244 πρὸς
2991 1173 3101 1248 γὰρ
3134 1175 3226 1228 τὸν
3263 1174 3528 1244 Τιμόθεον

1951 1262 2127 1316 ταῦτα
2149 1262 2476 1331 διαλέγεται.
2511 1265 2730 1334 Ἐπειδὴ
2759 1265 2868 1334 γὰρ
2893 1266 3078 1318 πολλοί
3101 1265 3211 1318 τῶν
3227 1265 3530 1337 ἀνθρώπων

1955 1355 2270 1426 εὐχείρωτοι
2299 1357 2424 1426 περὶ
2463 1357 2806 1427 κακηγορίας
2845 1358 2972 1420 εἰσὶ,
3015 1357 3236 1421 καὶτὰς
3285 1355 3530 1426 γλώττας

1956 1448 2094 1500 κατά
2125 1447 2232 1498 τῶν
2260 1447 2356 1510 τῆς
2397 1448 2726 1518 Ἐκκλησίας
2755 1447 3116 1519 προεστώτων
3144 1449 3446 1518 ἠκονήκασι
3477 1459 3527 1512 ο,

1959 1537 2281 1608 βουλόμενος
2310 1539 2617 1610 ἐξαρπάσαι
2645 1541 2738 1593 τὸν
2764 1540 3000 1612 ἄρχοντα
3023 1541 3131 1595 τῶν
3147 1541 3531 1611 ἐγκλημάτων.

1955 1627 2178 1690 τούτους
2211 1628 2391 1698 τίθησι
2425 1631 2551 1692 τοὺς
2581 1630 2801 1700 νόμους,
2829 1632 2920 1683 καί
2940 1649 3072 1702 φησι
3094 1647 3107 1661 ⁸
3137 1633 3208 1686 Σὺ
3237 1630 3528 1702 παραιτοῦ,

1957 1719 2053 1772 καὶ
2081 1720 2146 1771 σὺ
2175 1720 2249 1790 μὴ
2282 1721 2573 1790 κστάλεγε.
2605 1723 2702 1776 ’Ἂν
2736 1723 2875 1796 αὐτὴ
2906 1723 3161 1794 βούληται
3193 1724 3405 1776 οἴκοθεν
3440 1725 3536 1778 καὶ

1959 1813 2088 1880 παρ’
2119 1813 2322 1884 ἑαυτῆς
2344 1814 2616 1885 αἱρεῖσθαι
2644 1815 2836 1879 ταῦτα,
2869 1816 3092 1869 ποιείτω
3111 1833 3126 1847 ⁸
3158 1817 3222 1870 σὺ
3250 1815 3431 1886 μέντοι
3460 1814 3536 1887 μὴ

1961 1905 2226 1976 καταδέξῃ
2262 1907 2508 1977 μηδέπω,
2536 1908 2621 1960 ἵνα
2666 1908 2740 1979 μὴ
2773 1909 3004 1977 λέγωσιν
3034 1910 3416 1980 ὄτιΝεωτέραν
3447 1904 3540 1962 0'3-

1962 2014 2080 2060 σαν,
2106 1998 2387 2068 γήμασθαι
2415 1998 2764 2070 βουλομένην,
2793 2001 2972 2063 οἰκίας
2991 2000 3314 2071 προστῆναι,
3339 2003 3367 2053 ό
3394 2000 3540 2052 δεῖνα

1960 2090 2342 2160 κατηνάγκασε
2364 2107 2377 2120 ·
2409 2089 2499 2142 διὰ
2525 2089 2685 2142 τοῦτο
2708 2090 2894 2156 ἔπεσε,
2927 2091 3021 2143 καὶ
3048 2091 3436 2160 ὐπεσκελίσθη.
3467 2091 3538 2144 Σὺ

1965 2180 2038 2250 μὴ
2071 2179 2373 2250 καταλέξῃς
2407 2181 2600 2251 αὐτὴν,
2635 2181 2741 2244 ἵνα,
2783 2181 2886 2234 κᾶν
2921 2182 3084 2252 πέσῃ,
3118 2183 3226 2235 τῶν
3256 2183 3546 2252 ἔγκλημά*

1959 2289 2067 2324 των
2095 2267 2163 2344 ᾖς
2188 2271 2608 2342 ἀπηλλαγμένος
2627 2289 2640 2301 ·
2685 2269 2788 2323 κᾶν
2829 2271 2901 2342 μὴ
2932 2272 3094 2344 πέσῃ,
3130 2273 3266 2342 μετὰ
3295 2272 3539 2336 πλείονος

1964 2362 2263 2430 ἀσφαλείας
2303 2361 2381 2432 τῷ
2430 2364 2761 2432 προσήκοντι
2797 2362 2976 2434 καιρῷ
3007 2363 3330 2434 καταλέξῃς.
3371 2364 3434 2416 Εἰ
3483 2363 3540 2417 δὲ

1963 2452 2132 2521 λέγει,
2173 2453 2474 2520 Βούλομαι
2519 2451 2811 2520 νεωτέρας
2848 2453 3039 2522 χήρας
3065 2454 3294 2522 ταμεῖν,
3342 2471 3545 2507 τεκνο-

1963 2543 2187 2612 γονεῖν,
2234 2543 2469 2597 ἄκουσον
2500 2544 2661 2607 ποίας
2691 2544 2826 2613 φησὶ
2850 2544 3140 2614 νεωτέρας,
3179 2545 3277 2607 τὰς
3315 2544 3451 2614 μετά
3487 2543 3549 2597 τὸ

1969 2633 2120 2706 [5H]
2154 2638 2626 2707 καταστρηνιάσαι
2668 2635 2763 2688 τοῦ
2798 2636 3037 2704 Χριστοῦ
3071 2636 3403 2706 βουλομένας
3448 2653 3550 2705 γα-

1972 2730 2111 2796 μεῖν,
2144 2727 2244 2790 τάς
2274 2728 2572 2799 φλυάρους,
2603 2730 2702 2791 τὰς
2734 2729 3082 2799 περιέργους,
3121 2728 3219 2790 τὰς
3259 2745 3550 2800 πριερχοο

1974 2819 2141 2886 μένας
2181 2819 2280 2881 τὰς
2313 2819 2513 2883 οἰκίας,
2547 2819 2647 2882 τὰς
2677 2820 2944 2881 λαλούσας
2990 2819 3060 2872 τὰ
3101 2819 3172 2888 μὴ
3208 2819 3416 2881 δέοντα,
3452 2820 3549 2881 τὰς

1970 2910 2342 2978 ἐκτραπείσας
2361 2912 2536 2962 ὀπίσω
2557 2911 2650 2962 τοῦ
2679 2911 2995 2963 Σατανᾶ.οὐ
3016 2911 3126 2981 γὰρ
3151 2910 3319 2962 εἰπὼν
3341 2910 3549 2974 ἀτελῶς,

1971 3001 2274 3069 Βούλομαι
2316 3001 2609 3068 νεωτέρας
2641 3001 2874 3070 γαμεῖν,
2926 3001 3204 3070 ἐσίγησεν,
3238 2999 3370 3052 ἀλλά
3402 3000 3551 3067 λέγει

1974 3093 2066 3144 καὶ
2093 3091 2252 3155 ποίας
2281 3093 2571 3164 νεωτέρας,
2605 3095 2700 3145 καὶ
2744 3091 2813 3144 τὰ
2844 3092 3110 3160 πτώματα
3144 3093 3324 3144 αὐτῶν
3351 3091 3550 3145 ἔπεισι.

1975 3185 2111 3237 Ποῖα
2128 3183 2398 3255 πτώματα
2417 3202 2430 3250 ;
2454 3185 2640 3237 ’Ὅταν
2659 3183 3249 3251 καταστρηνιάσωσι,
3276 3183 3428 3254 φησὶ,
3448 3183 3555 3236 τοῦ

1975 3273 2254 3342 Χριστοῦ,
2290 3273 2604 3342 γαμεῖσθαι
2648 3273 2920 3333 θέλουσι,
2969 3273 3066 3326 καί
3110 3273 3286 3341 ἀργαὶ
3323 3271 3556 3341 μανθά-

1975 3382 2175 3431 νουσι,
2210 3366 2308 3420 καὶ
2337 3367 2651 3435 περίεργοι,
2694 3366 3148 3436 περιερχόμεναι
3194 3367 3302 3430 τὰς
3334 3367 3548 3430 οἰκίας,

1976 3459 2282 3512 λαλοῦσαι
2311 3460 2384 3512 τὰ
2416 3458 2502 3527 μὴ
2527 3458 2764 3520 δέοντα,
2803 3458 2901 3511 καί
2929 3457 3370 3524 ἐξετράπησαν.
3402 3456 3560 3520 Τίνος

1977 3549 2183 3611 όπίσως
2241 3549 2355 3604 Τοῦ
2389 3548 2644 3604 Σατανᾶ.
2696 3550 2851 3602 Ἐπεὶ
2889 3544 2982 3602 οὖν
3035 3548 3176 3619 μετὰ
3219 3549 3280 3602 τὸ
3331 3548 3561 3619 χηρείαν

1980 3639 2219 3701 ἑλέσθαι,
2251 3641 2342 3694 καὶ
2370 3639 2574 3709 ταύτην
2599 3640 2778 3692 πᾶσαν
2811 3640 3104 3708 ὑπομεῖναι
3129 3638 3228 3709 τὴν
3253 3637 3560 3708 ἀσχημοσύο

1980 3750 2101 3802 νην.
2131 3731 2408 3800 βούλονται
2436 3732 2679 3800 γαμῆσαι
2710 3730 2892 3790 πάλιν,
2927 3731 3132 3799 βέλτιον
3161 3731 3290 3800 πρὶν
3317 3729 3562 3798 ἔχεσθαι,

1983 3824 2077 3877 καὶ
2113 3822 2212 3884 τὰς
2238 3823 2373 3893 πρὸς
2418 3823 2508 3875 τὸν
2552 3822 2785 3892 Χριστὸν
2833 3821 3221 3889 καταπατῆσαι
3263 3819 3562 3890 συνθήκας,

1984 3910 2266 3966 ἐπὶτοῦτο
2311 3911 2522 3963 ἐλθεῖν
2557 3911 2632 3972 ὡς
2673 3912 2721 3964 εἰ
2771 3911 2845 3980 μή
2897 3927 2980 3971 τις
3028 3909 3114 3979 εἴη
3165 3908 3416 3980 τοιαύτη,
3465 3908 3567 3962 οὐκ

1985 3999 2289 4070 ἐπιτίθησιν
2318 3998 2565 4067 ἀνάγκην
2603 3997 2782 4065 γάμου
2809 3996 3090 4064 δευτέρου,

2057 4110 2120 4162 δ’.
2138 4109 2246 4162 Καὶ
2262 4109 2343 4160 ὅτι
2361 4107 2518 4159 τοῦτό
2534 4108 2684 4158 ἐστιν
2704 4104 2922 4174 ἀληθὲς,
2939 4105 3098 4171 δῆλον
3120 4103 3352 4157 ἐκεῖθεν.
3373 4105 3434 4157 Εἰ
3457 4105 3574 4176 γὰρ

1989 4200 2065 4262 ῶς
2105 4199 2269 4269 νόμον
2299 4197 2456 4250 τοῦτο
2493 4197 2704 4249 τέθεικε
2734 4194 2934 4257 πάσαις
2961 4197 3082 4258 ταῖς
3116 4195 3332 4261 γυναιξὶ
3372 4195 3433 4247 τὸ
3469 4212 3570 4262 γα-

1994 4291 2114 4358 μεῖν
2141 4287 2236 4340 καὶ
2273 4285 2698 4347 οἰκοδεσποτεῖν,
2737 4282 3010 4353 περιττῶς
3044 4285 3226 4335 ἐκεῖνα
3250 4284 3470 4354 ἀπῄτει,
3501 4286 3574 4337 ει

1988 4379 2526 4445 ἐτεκνοτρόφησεν,
2556 4377 2608 4428 εὶ
2639 4374 2822 4443 ἁγίων
2865 4373 3057 4438 πόδας
3091 4374 3324 4442 ἔνιψεν,
3358 4377 3410 4428 εἰ
3441 4379 3570 4430 θλι-

1992 4469 2264 4540 ϐομένοις
2304 4467 2665 4536 ἐπήρκεσεν,
2709 4467 2763 4518 εἰ
2803 4464 2981 4518 παντί
3033 4465 3184 4533 ἔργῳ
3225 4466 3427 4532 ἀγαθῷ
3473 4467 3575 4519 ἐπ.

1992 4560 2376 4626 ηκολούθησε
2397 4575 2410 4588 ·
2437 4555 2708 4625 περιττῶς
2741 4555 2962 4608 κάκεῖνό
2990 4571 3124 4624 φησι
3151 4555 3233 4616 τὸ,
3274 4555 3446 4621 Ἐνὸς
3474 4557 3576 4609 ἀν-

1992 4652 2134 4720 δρὸς
2154 4649 2454 4720 γεγονυῖα.
2484 4650 2546 4701 Εἰ
2568 4647 2674 4718 γὰρ
2700 4647 2883 4709 πάσας
2901 4645 3001 4709 τὰς
3030 4647 3305 4717 νεωτέρας
3329 4646 3577 4710 κελεύεις

1993 4742 2311 4814 γαμεῖσθαι,
2341 4740 2455 4804 πῶς
2469 4740 2756 4810 δυνήσεταί
2776 4757 2860 4802 τις
2878 4740 2996 4802 ἑνὸς
3025 4740 3218 4810 ἀνδρὸς
3240 4734 3379 4792 εἶναι
3399 4742 3534 4809 γυνή
3553 4759 3577 4804 ς,

1995 4829 2159 4880 Ὥστε
2192 4826 2329 4896 πρὸς
2355 4825 2567 4887 ὲκείνας
2593 4826 2620 4876 ὁ
2649 4824 2805 4891 λόγος
2831 4823 3001 4894 αὐτῷ.
3038 4822 3199 4878 Οὕτω
3227 4825 3320 4877 καὶ
3345 4823 3438 4874 ἐπὶ
3468 4824 3570 4894 τῆς

1997 4913 2280 4975 συνουσίας
2328 4912 2426 4981 τῆς
2479 4909 2620 4964 κατά
2651 4911 2742 4963 τὸν
2791 4910 2970 4982 γάμον
3003 4913 3164 4964 ποιεῖ.
3206 4910 3390 4963 Εἰπὼν
3439 4910 3578 4981 γὰρ,

1995 5008 2092 5073 Μὴ
2129 5003 2516 5071 ἀποστερεῖτε
2545 5002 2880 5068 ἀλλήλους,
2920 5004 2974 5056 εἰ
2998 5000 3083 5070 μή
3123 5019 3178 5054 τι
3211 5002 3288 5055 ἂν
3318 5004 3387 5056 ἐκ
3415 5019 3570 5073 συμ-

1995 5098 2197 5169 φὼνου
2235 5095 2384 5164 πρὸς
2415 5095 2643 5164 καιρὸν,
2677 5096 2780 5149 ἵνα
2817 5093 3153 5164 σχολάζητε
3209 5093 3283 5162 τῇ
3322 5097 3577 5164 νηστείᾳ

1997 5189 2096 5244 καί
2140 5186 2216 5256 τῇ
2248 5183 2583 5255 προσευχῇ,
2615 5183 2715 5236 καί
2752 5182 2939 5237 πάλιν
2990 5183 3089 5236 ἐπὶ
3133 5184 3197 5236 τὸ
3238 5185 3386 5238 αὐτὸ
3424 5201 3577 5238 συν-

1998 5274 2260 5343 έρχησθε
2283 5287 2295 5300 ο
2349 5269 2437 5322 ἵνα
2480 5267 2554 5338 μὴ
2582 5267 2810 5338 νομίζῃς
2852 5267 2912 5320 τὸ
2960 5269 3192 5338 πρᾶγμα
3221 5268 3385 5338 νόμον
3413 5265 3578 5334 εἶναι,

2001 5356 2327 5428 προστίθησι
2351 5353 2447 5423 τὴν
2476 5353 2654 5405 αἰτίαν
2686 5350 2916 5421 ὕστερον
2945 5350 3149 5418 λέγων·
3178 5352 3311 5404 Ἵνα
3333 5351 3420 5420 μὴ
3449 5369 3580 5406 πει-

1995 5441 2141 5511 ράξῃ
2170 5439 2328 5509 ὑμᾶς
2354 5441 2386 5491 ό
2417 5434 2708 5500 Σατανᾶς.
2752 5435 2931 5489 Τοῦτο
2963 5434 3032 5487 δέ
3072 5435 3228 5505 λέγω
3256 5437 3405 5488 κατὰ
3431 5450 3580 5505 συγ-

2003 5527 2268 5595 γνώμην,
2297 5524 2407 5576 οὐκ
2441 5519 2754 5588 ἐπιταγὴν,
2789 5518 2887 5573 διὰ
2913 5518 3030 5587 τὴν
3061 5521 3360 5588 ἀκρασίαν
3392 5520 3579 5590 ὑμῶν.

2006 5612 2219 5678 Ὠσπερ
2248 5603 2341 5659 οὖν
2382 5606 2446 5658 οὐ
2496 5606 2663 5658 πᾶσιν
2720 5606 2838 5658 ἐκεῖ
2872 5603 3046 5659 ταῦτα
3081 5604 3408 5674 διαλέγεται,
3445 5605 3586 5660 ἀλλὰ.

2071 5743 2094 5774 ⁸
2136 5740 2254 5793 Cod.
2279 5739 2373 5790 748
2396 5738 2652 5799 ἠκόνησαν.
