4020 6370
475 300 581 358 5‘25

475 420 587 480 τοῖς
619 417 1042 490 ἀκρατεστέροις
1077 421 1186 476 τῶν
1227 423 1536 496 ἀνθρώπων
1593 431 1688 483 καὶ
1733 431 2054 496 εύαλώτοις·

475 499 616 552 οῦτω
661 502 756 554 καὶ⁸
792 504 1027 557 ἐνταῦθα
1057 509 1177 570 ταῖς
1221 510 1571 580 εύχειρώτοις
1599 514 1709 568 τῶν
1761 518 2059 584 γυναικῶν,

475 585 571 672 καὶ
601 586 676 656 μὴ
701 587 1031 658 δυναμέναις
1063 594 1312 661 ἐνεγκεῖν
1342 597 1434 649 τὸν
1464 601 1602 668 μετὰ
1633 601 1922 672 ἀκριϐείας
1947 603 2062 671 βίον

474 670 574 741 τῆς
607 675 853 744 χηρείας,
882 677 1110 743 ταύταις
1141 685 1400 753 παραινεῖ
1425 685 1518 737 καὶ
1546 670 1910 756 συμϐουλεύει
1935 670 2057 741 δεύ-

473 775 630 830 τερον
665 763 980 833 ἐπεισάγειν
1005 768 1256 836 νυμφίον.
1294 771 1359 823 Ἦ
1386 771 1495 842 γάρ
1517 774 1716 844 χηρεία
1753 774 1974 829 διπλοῦν
2008 794 2060 829 τι

472 852 707 920 πρᾶγμά
735 854 872 908 ἐστι.
916 856 981 908 Τί
1009 858 1139 910 ποτέ
1173 859 1287 912 ἐστι
1311 860 1570 929 διπλοῦν;
1608 864 1826 934 Ἔργων
1857 866 2061 919 ἐπίδει-

474 935 554 1024 ξις
581 939 823 1008 ἀγαθῶν,
865 945 959 996 καὶ
987 947 1153 1017 τιμῆς
1187 948 1432 1020 ὑπεροχὴ
1463 951 1753 1022 μεγίστης.
1796 953 2060 1024 Καθάπερ

470 1023 564 1080 οὖν
592 1030 682 1082 καὶ
709 1031 742 1100 ή
785 1031 926 1103 ἀρχὴ
956 1033 1176 1087 διπλοῦν
1214 1055 1266 1089 τι
1305 1039 1540 1108 πρᾶγμά
1579 1042 1726 1094 ἐστιν
1748 1059 1759 1072 ο
1810 1042 1923 1111 ἔχει
1951 1023 2060 1115 γὰρ

473 1117 566 1168 καὶ
598 1115 736 1189 ἔργα
761 1120 854 1171 καὶ
886 1120 1103 1192 ἀξίωμα
1125 1139 1137 1152 ·
1165 1123 1383 1196 ἀξίωμα
1411 1127 1510 1196 μὲν
1542 1128 1718 1200 ἀρχῆς
1749 1133 1780 1200 ή
1816 1130 2056 1196 ἐξουσία,

472 1206 563 1258 καὶ
597 1206 630 1276 ή
661 1207 814 1277 παρά
837 1208 946 1262 τῶν
978 1211 1188 1266 πολλῶν
1226 1213 1512 1285 θεραπεία,
1557 1219 1651 1271 καὶ
1680 1219 1813 1271 αὐτὸ
1836 1221 1897 1272 τὸ
1920 1215 2061 1272 εἶναι

469 1291 726 1363 ἄρχοντα·
749 1293 884 1366 ἔργα
905 1297 960 1350 δέ
978 1299 1172 1370 ἀρχῆς,
1195 1301 1256 1353 τὸ
1280 1303 1496 1374 βοηθεῖν
1522 1308 1636 1368 τοῖς
1661 1306 2056 1377 ἀδικουμένοις,

471 1381 700 1435 κωλύειν
742 1386 868 1448 τοὺς
917 1387 1260 1455 ἀδικοῦντας,
1300 1393 1632 1462 προεστάναι
1679 1395 1789 1446 τῶν
1825 1396 2056 1461 πόλεων,

467 1468 906 1541 διανυκτερεύειν
936 1475 991 1526 ἐν
1014 1478 1134 1538 ταῖς
1159 1481 1367 1542 κοιναῖς
1394 1480 1503 1532 τῶν
1532 1483 1874 1552 πραγμάτων
1895 1501 2059 1554 φρον-

466 1556 598 1620 τίσι,
625 1559 718 1610 καὶ
745 1560 915 1630 μυρία
947 1560 1138 1632 ἔτερα·
1165 1563 1306 1617 οῦτω
1327 1567 1474 1636 καὶὴ
1506 1570 1702 1640 χηρεία
1725 1571 1817 1623 καὶ
1840 1571 2058 1642 ἀξίωμά

468 1645 582 1697 ἐστι
617 1646 709 1698 καὶ
737 1647 926 1718 ἔργον·
951 1650 1168 1721 ἀξίωμά
1190 1655 1355 1718 ἐστιν,
1385 1657 1517 1709 αὐτὸ
1539 1658 1600 1710 τὸ
1636 1661 1781 1730 χήρα
1836 1672 1860 1699 α
1891 1658 2054 1725 εἶναι,

471 1734 730 1804 μέγιστον
754 1735 835 1799 ὃν,
861 1737 937 1802 ὡς
967 1740 1332 1813 ἀπεδείξαμεν
1354 1745 1664 1820 ἔμπροσθεν
1689 1765 1701 1774 ·
1728 1748 1890 1820 ἔργον
1917 1750 2054 1814 ἐστὶ,

466 1821 529 1874 τὸ
565 1823 638 1892 μὴ
672 1823 925 1896 δεύτερον
959 1827 1276 1897 ἐπεισάγειν
1314 1833 1504 1904 ἀνδρα,
1558 1834 1674 1887 ἀλλ’
1720 1836 2057 1908 ἀρκεσθῆναι

467 1909 546 1978 τῷ
577 1912 848 1982 προτέρῳ,
893 1913 953 1966 τὸ
983 1921 1440 1988 τεκνοτροφῆσαι,
1489 1921 1550 1974 τὸ
1583 1922 1951 1994 ξενοδοχῆσαι,
1997 1925 2058 1977 τὸ

468 1995 642 2064 ἁγίων
691 1998 859 2061 πόδας
903 2000 1090 2069 νίψαι,
1140 2004 1202 2056 τὸ
1241 2005 1581 2078 θλιϐομένοις
1619 2011 1945 2080 ἐπαρκέσαι,
1996 2011 2058 2064 τὸ

467 2082 632 2134 παντὶ
663 2081 810 2154 ἔργῳ
841 2085 1031 2156 ἀγαθῷ
1056 2089 1517 2162 ἐπακολουθῆσαι.
1561 2095 1617 2146 '0
1645 2096 1824 2148 τοίνυν
1848 2097 2058 2160 Παῦλος

467 2171 598 2238 περ)¹
640 2171 821 2223 αὐτῶν
849 2172 1255 2245 διαλεγόμενος,
1294 2179 1362 2232 τὰ
1407 2181 1504 2250 μὲν
1547 2181 1684 2253 ἔργα
1727 2184 1831 2252 τῆς
1881 2186 2056 2255 χήρας

465 2255 692 2327 ἀφίησιν
725 2260 897 2331 αὐτὴν
931 2261 1110 2316 πάντα
1159 2266 1460 2320 ἐπιτελεῖν·
1506 2271 1584 2332 εἰς
1621 2269 1677 2322 δέ
1727 2270 1788 2322 τὸ
1840 2270 2056 2341 ἀξίωμα

467 2344 564 2414 τῆς
591 2346 789 2417 χήρας,
822 2350 917 2402 καὶ
943 2350 1036 2402 τὸν
1058 2352 1239 2424 χορὸν,
1270 2357 1364 2408 καὶ
1391 2356 1488 2426 τὴν
1515 2358 1668 2423 τάξιν
1699 2359 1798 2411 ούκ
1829 2360 2056 2428 ἀφίησιν

468 2433 639 2503 αὐτὴν
699 2437 990 2501 εἰσελθεῖν,
1022 2440 1127 2503 ἕως
1171 2440 1238 2494 ἂν
1276 2443 1572 2512 ἑξηκοστὸν
1627 2446 1747 2508 ἔτος
1782 2448 2052 2520 παρέλθῃ,

471 2528 755 2596 μονονουχὶ
792 2527 998 2596 λέγων⁶
1024 2530 1174 2603 [515]
1218 2534 1451 2588 Ποιείτω
1495 2536 1594 2606 μὲν
1638 2537 1707 2589 τὰ
1745 2537 1845 2607 τῆς
1882 2541 2055 2609 χήρας

465 2612 627 2682 ἔργα,
663 2615 764 2684 τῆς
797 2616 853 2669 δέ
881 2619 1045 2688 τιμῆς
1073 2619 1344 2683 ἀξιούσθω
1377 2623 1521 2688 τότε,
1564 2625 1693 2678 ὅταν
1725 2626 1902 2678 πάντα
1933 2629 2056 2680 ἐπι--

465 2700 760 2773 δειξαμένη
799 2705 894 2758 καὶ
931 2707 1030 2776 τὴν
1056 2708 1164 2760 ἀπὸ
1191 2709 1283 2762 τοῦ
1315 2712 1510 2781 χρόνου
1539 2711 1726 2765 λοιπὸν
1756 2713 2056 2782 ἀσφάλειαν

467 2791 588 2862 ἔχῃ.
622 2792 719 2845 καὶ
745 2791 845 2864 τὴν
880 2795 988 2848 ἀπὸ
1017 2796 1127 2850 τῶν
1154 2796 1331 2867 ἔργων
1353 2801 1649 2864 ἀπόδειξιν,
1687 2803 1779 2854 καὶ
1805 2801 1903 2872 τὴν
1928 2803 2056 2866 ἔξω·

467 2878 558 2930 θεν
594 2882 921 2951 μαρτυρίαν.
949 2883 1156 2956 Μηδεὶς
1189 2886 1406 2954 γυναιξὶ
1448 2889 1609 2958 μόνον
1631 2889 1722 2941 τὸν
1754 2890 1910 2958 λόγον
1935 2892 2056 2944 τοῦ·

465 2985 556 3022 τον
587 2970 891 3041 ἐπιτήδειον
913 2967 1052 3026 εἶναι
1080 2975 1368 3046 νομιζέτω.
1405 2978 1514 3030 Καὶ
1537 2977 1646 3049 γάρ
1671 2980 1766 3031 καὶ
1794 2980 2054 3050 ἀνδράσιν

466 3057 584 3109 ἐστὶ
613 3060 906 3130 χρήσιμος,
945 3061 1034 3114 ἵνα
1066 3064 1160 3116 καὶ
1193 3064 1350 3117 αὐτοὶ
1391 3065 1663 3137 στέργωσι
1694 3066 1793 3129 τὰς
1844 3067 2054 3120 ἐαυτῶν

467 3145 562 3198 καὶ
595 3147 956 3213 ἀπελθούσας,
981 3151 1075 3204 καὶ
1095 3151 1169 3221 μὴ
1203 3152 1426 3216 λεαίνας
1454 3153 1912 3221 συγκατοικίζωσι
1942 3159 2054 3219 τοῖς

467 3232 721 3298 παιδίοις,
759 3237 1034 3306 μητρυιὰς
1065 3239 1473 3305 ἐπεισάγοντες,
1507 3241 1602 3293 καὶ
1630 3241 1730 3312 τὴν
1752 3241 2053 3309 ἀσφάλειαν

464 3320 564 3391 τὴν
600 3323 810 3375 ἐαυτῶν
843 3323 1062 3377 ἃπασαν
1096 3327 1519 3398 ἀνατρέποντες.

538 3415 599 3463 ε’.
636 3411 828 3464 -Ταῦτα
860 3412 917 3464 δέ
939 3413 1170 3484 λέγομεν
1198 3415 1318 3484 οὐχὶ
1356 3414 1776 3485 νομοθετοῦντες
1803 3415 2056 3488 δεύτερον

466 3495 908 3568 ἀποστρέφεσθαι
947 3500 1148 3570 γάμον,
1180 3501 1316 3553 ἀλλά
1350 3503 1746 3573 παραινοῦντες
1781 3506 1875 3558 καὶ
1909 3523 2052 3576 συμ-

466 3585 814 3650 ϐουλεύοντες
839 3588 978 3658 μετά
992 3590 1347 3662 σωφροσύνης
1372 3591 1758 3662 ἀρκεῖσθαιτῷ
1778 3595 2049 3665 προτέρῳ.

470 3674 695 3744 ’Ἐτερόν
750 3675 896 3727 ἐστιν
941 3680 1230 3747 παραινεῖν
1273 3679 1366 3730 καὶ
1403 3679 1814 3749 συμϐουλεύειν,
1867 3681 2054 3750 ἕτερον

467 3762 799 3830 νομοθετεῖν.
849 3763 906 3816 Ὁ
953 3764 1052 3834 μὲν
1079 3765 1187 3836 γὰρ
1216 3766 1500 3836 παραινῶν
1522 3767 1615 3820 καὶ
1644 3768 2050 3837 συμϐουλεύων,

469 3849 657 3920 κύριον
696 3850 889 3920 ἀφίησι
915 3852 1005 3904 τὸν
1036 3853 1305 3906 ἀκούοντα
1330 3857 1429 3925 τῆς
1457 3855 1567 3908 τῶν
1609 3854 2052 3928 συμϐουλευομέ-

467 3952 574 3991 νων
595 3939 860 4008 αίρέσεως
892 3935 1032 3992 εἶναι
1052 3957 1065 3970 ·
1095 3943 1122 3993 ὁ
1145 3941 1201 3993 δέ
1240 3941 1572 4010 νομοθετῶν,
1615 3941 1822 4011 ταύτην
1855 3961 2054 4016 παραι-

467 4029 639 4079 τεῖται
664 4027 691 4066 b
727 4028 825 4095 τὴν
855 4027 1106 4092 ἐξουσίαν
1156 4030 1355 4084 αὐτῶν.
1407 4030 1545 4082 Ἀλλ’
1575 4032 1608 4102 ἡ
1645 4032 1941 4102 Ἐκκλησία
1990 4033 2051 4086 οὐ

467 4115 753 4184 νομοθετεῖ
778 4115 974 4178 ταῦτα,
1007 4116 1146 4170 ἀλλά
1175 4120 1435 4187 παραινεῖ
1469 4119 1661 4188 μόνον·
1693 4120 1788 4172 καὶ
1816 4119 1928 4192 γὰρ
1957 4121 2052 4174 καὶ

466 4203 720 4273 δεύτερον
754 4203 1020 4272 ἐπέτρεψε
1058 4204 1236 4275 γάμον
1270 4207 1298 4257 ὁ
1347 4205 1582 4270 Παῦλος,
1623 4205 1798 4270 οὕτως
1844 4207 2050 4261 εἰπών·

466 4292 637 4358 Γυνὴ
672 4291 905 4344 δέδεται
935 4292 1115 4359 νόμῳ,
1160 4292 1252 4361 ἐφ’
1285 4294 1438 4346 ὅσον
1465 4296 1688 4362 χρόνον
1717 4294 1782 4362 ζῇ
1823 4298 1854 4349 ό
1897 4295 2054 4364 ἀνὴρ

466 4377 689 4446 αὐτῆς·
722 4379 831 4432 ἐὰν
858 4379 926 4431 δὲ
965 4380 1220 4448 κοιμηθῇ
1259 4383 1291 4434 ὀ
1331 4381 1508 4447 ἀνὴρ,
1551 4382 1842 4450 ἐλευθέρα
1878 4383 2053 4436 ἐστὶν

466 4460 514 4532 ᾧ
540 4466 696 4520 θέλει
721 4465 1077 4536 γαμηθῆναι,
1103 4469 1293 4536 μόνον
1311 4469 1378 4520 ἐν
1404 4469 1621 4536 Κυρίῳ·
1643 4471 2053 4540 μακαριωτέρα

467 4555 535 4610 δέ
554 4556 870 4618 ἐστιν,ἐὰν
890 4555 1044 4608 οὕτω
1063 4557 1264 4624 μείνῃ.
1303 4557 1474 4609 Ὢσπε
1485 4575 1514 4626 ρ
1545 4554 1638 4612 οὖν
1685 4559 1850 4613 καλὸν
1884 4560 1982 4629 μὲν
2022 4561 2050 4612 6

467 4647 664 4715 γάμος,
697 4645 968 4716 κρείσσων
997 4645 1052 4697 δέ
1075 4648 1107 4716 ἡ
1135 4647 1407 4719 παρθενία
1427 4665 1439 4678 ·
1459 4646 1603 4700 οὕτω
1631 4648 1794 4702 καλὸν
1828 4649 1928 4719 μὲν
1959 4649 2052 4702 καὶ

465 4739 494 4788 6
519 4734 774 4805 δεύτερος
805 4734 1005 4805 γάμος,
1036 4735 1310 4806 κρείσσων
1347 4736 1406 4788 δέ
1439 4736 1604 4789 αὐτοῦ
1631 4740 1659 4790 ό
1704 4739 1920 4809 πρῶτος
1958 4739 2053 4791 καὶ

470 4824 651 4894 μόνος.
693 4825 766 4878 Ού
801 4825 982 4878 τοίνυν
1031 4825 1368 4896 ἐκϐάλλομεν
1400 4826 1652 4898 δεύτερον
1686 4829 1885 4898 γάμον,
1932 4827 2054 4882 οῦδέ

466 4912 867 4983 νομοθετοῦμεν
889 4913 1085 4978 ταῦτα,
1130 4913 1268 4967 ἀλλά
1301 4914 1703 4985 παραινοῦμεν,
1739 4915 1792 4967 εἴ
1833 4933 1921 4978 τις
1947 4915 2042 4968 δύ-

466 5017 621 5053 ναιτο
649 5003 968 5073 σωφρονεῖν,
993 5002 1088 5054 ἐπὶ
1114 5000 1191 5071 τῷ
1220 5001 1473 5073 προτέρῳ
1503 5003 1706 5072 μένειν.
1741 5003 2050 5074 Παραινοῦ-

471 5104 571 5157 μεν
596 5087 654 5140 δὲ
685 5089 780 5141 καὶ
826 5087 1271 5160 συμϐουλεύομεν
1308 5091 1404 5142 καὶ
1439 5089 1506 5142 δι’
1541 5091 1710 5161 αὐτὴν
1742 5091 1840 5161 τῆς
1875 5092 2053 5156 οἰκίας

467 5177 566 5248 τὴν
603 5176 937 5246 ἀσφάλειανε
981 5178 1164 5249 μάχης
1206 5177 1316 5250 γὰρ
1364 5177 1626 5243 πολλάκις
1655 5180 1751 5233 καὶ
1796 5179 2052 5251 πολέμων

469 5263 854 5336 καθημερινῶν
883 5267 910 5318 ὁ
938 5265 1193 5337 δεύτερος
1238 5267 1416 5336 γάμος
1459 5267 1601 5339 ἀρχὴ
1641 5269 1738 5320 καὶ
1775 5268 2052 5338 πρόφασις

469 5354 680 5422 γέγονε.
709 5351 976 5416 Πολλάκις
1005 5352 1136 5422 γοῦν
1177 5355 1316 5424 ἀνὴρ
1356 5355 1450 5408 ἐπὶ
1488 5356 1768 5426 τραπέζης
1799 5356 1938 5427 καθή
1951 5374 2046 5427 με-

469 5459 580 5507 νος,
625 5443 724 5512 τῆς
773 5440 1048 5511 προτέρας
1092 5441 1352 5510 γυναικὸς
1401 5443 1771 5513 ἀναμνησθεὶς
1817 5445 1910 5496 ἐπὶ
1953 5447 2052 5518 τῆς

469 5534 750 5605 δευτέρας,
795 5532 1095 5601 ἐδάκρυσεν
1135 5534 1318 5603 ἠρέμα
1343 5547 1356 5564 ·
1395 5536 1428 5603 ἡ
1470 5533 1528 5587 δέ
1559 5535 1760 5598 εὐθέως
1791 5535 2043 5606 ἠγρίανε,

473 5623 566 5676 καὶ
611 5624 864 5694 καθάπερ
902 5621 1092 5693 θηρίον
1138 5624 1473 5695 ἐπεπήδησε,
1518 5625 1618 5696 τῆς
1667 5625 2049 5696 φιλοστοργίας

538 5715 564 5778 ξ·
589 5715 684 5778 Αιιξ
708 5715 873 5778 χήραν.

535 5771 566 5815 δ
591 5767 820 5828 (ἱοάίἾῖΒ
836 5775 1152 5840 παραιρεῖται,
1177 5773 1301 5828 alius
1323 5776 1628 5839 παραινεῖται.

1222 325 1276 379 S.
1309 326 1595 384 JOANNIS
1629 327 2127 384 CIIRYSOSTOMI
2167 327 2483 386 ARCI‘IIEP.
2514 329 3060 387 (ZONSTANTINOP.

3636 317 3742 374 5‘26

2157 434 2320 489 αὐτὸν
2346 435 2448 502 τῆς
2473 433 2609 506 πρὸς
2633 433 2850 505 ἐκείνην
2877 431 3188 488 ἀπαιτοῦσα
3211 435 3369 506 δίκην
3396 447 3408 460 ’
3448 433 3552 487 κᾶν
3579 435 3741 486 ἐπαι-

2155 528 2306 579 νέσαι
2338 527 2436 596 τὴν
2471 523 2809 578 ἀπελθοῦσαν
2848 523 3070 596 θελήσῃ,
3119 523 3327 592 γίνεται
3363 522 3598 592 πολέμου
3647 522 3742 575 καὶ

2161 615 2341 685 μάχης
2361 614 2633 684 πρόφασις
2661 614 2694 683 ἠ
2715 612 2821 664 τῶν
2845 611 3136 682 ἐγκωμίων
3167 610 3446 672 ὑπόθεσις.
3470 609 3582 662 Καὶ
3604 606 3742 678 πρὸς

2161 703 2260 772 μέν
2288 702 2414 766 τοὺς
2443 703 2674 772 ἐχθροὺς
2712 699 3048 762 ἀπελθόντας
3080 698 3442 768 σπενδόμεθα,
3479 697 3573 750 καὶ
3601 695 3743 766 μετά

2154 791 2253 858 τῆς
2291 791 2436 860 ζωῆς
2483 789 2666 842 αὐτῶν
2701 789 2796 841 καὶ
2837 787 2937 858 τὴν
2971 788 3108 858 πρὸς
3151 787 3348 849 αὐτοὺς
3395 784 3743 853 καταλύομεν

2157 876 2358 946 ἔχθραν
2378 891 2389 903 ·
2430 878 2523 928 ἐπὶ
2551 876 2607 928 δέ
2636 873 2746 927 τῶν
2772 873 3046 943 γυναικῶν
3075 873 3388 926 τούναντίον
3427 873 3595 926 ἅπαν.
3637 871 3744 924 Ἦν

2157 966 2265 1034 γὰρ
2298 963 2400 1017 οὐκ
2447 958 2606 1026 εἶδεν,
2634 957 2703 1034 ἦς
2727 963 2827 1015 οὐκ
2867 963 3090 1032 ἢκουσε,
3120 961 3252 1031 παρ’
3277 955 3346 1032 ἦς
3388 960 3539 1014 ούδέν
3571 959 3742 1013 έπαθε

2156 1051 2348 1116 δεινὸν,
2398 1050 2602 1120 ταύτην
2639 1052 2789 1120 μισεῖ
2823 1050 2918 1102 καὶ
2947 1049 3374 1119 ἀποστρέφεται,
3407 1050 3500 1101 καὶ
3544 1047 3669 1100 ούδέ
3715 1048 3744 1098 ὁ

2159 1140 2390 1204 θάνατος
2419 1141 2480 1192 τὸ
2516 1143 2672 1210 μῖσος
2704 1138 2977 1192 σϐέννυσι.
3011 1139 3107 1201 Τίς
3135 1133 3266 1200 εἶδε,
3299 1137 3383 1201 τίς
3407 1138 3609 1207 ἢκουσε
3644 1138 3736 1205 ζη-

2156 1229 2562 1299 λπυπουμένην
2601 1228 2772 1294 κόνιν,
2805 1226 2900 1280 καὶ
2929 1225 3344 1296 πολεμουμένην
3372 1226 3614 1295 τέφραν;

2220 1333 2259 1381 ς
2267 1330 2290 1377 ’.
2337 1322 2476 1375 Ἀλλ’
2501 1324 2561 1375 ού
2585 1321 2749 1392 μέχρι
2766 1319 2957 1372 τούτου
2973 1318 3034 1372 τὺ
3055 1318 3246 1372 δεινόν·
3267 1316 3400 1369 ἀλλὰ
3421 1315 3521 1368 κάν
3544 1314 3746 1382 γένων-

2156 1432 2245 1468 ται
2287 1414 2475 1477 παῖδες
2520 1414 2584 1466 ἐκ
2617 1413 2717 1482 τῆς
2760 1409 3042 1481 δευτέρας,
3071 1409 3174 1463 κᾶν
3208 1408 3283 1479 μὴ
3320 1409 3611 1476 γένωνται,
3643 1407 3743 1457 πό-

2156 1507 2321 1580 λεμος
2356 1505 2517 1559 πάλιν
2549 1506 2644 1558 καὶ
2677 1505 2848 1576 μάχη.
2892 1504 2984 1572 Μὴ
3016 1502 3324 1573 γενομένων
3361 1501 3458 1571 μὲν
3489 1500 3598 1568 γὰρ
3622 1498 3744 1550 ὀδυ-

2155 1603 2310 1654 νᾶται
2351 1599 2635 1670 μειζόνως,
2675 1599 2769 1651 καὶ
2806 1596 2894 1649 διὰ
2928 1595 3106 1658 τοῦτο,
3155 1593 3406 1663 καθάπερ
3448 1591 3745 1661 πολεμίους

2155 1695 2250 1746 καὶ
2282 1692 2350 1746 τὰ
2390 1693 2625 1762 μέγιστα
2671 1690 3003 1760 ἠδικηκότας
3026 1689 3153 1749 τοὺς
3182 1687 3281 1756 τῆς
3311 1685 3588 1757 προτέρας
3616 1683 3740 1753 δρᾷ,

2152 1787 2241 1841 διά
2266 1786 2368 1853 τῆς
2406 1785 2632 1838 ἐκείνων
2662 1783 2808 1852 ζωῆς
2843 1783 2939 1852 τῆς
2961 1780 3170 1842 οἰκείας
3193 1777 3452 1840 ἀπαιδίας
3477 1776 3743 1844 σαφεστέ-

2157 1898 2256 1952 ραν
2285 1879 2638 1949 λαμϐάνουσα
2685 1875 2959 1947 αἴσθησιν.
2996 1876 3094 1927 Ἂν
3133 1873 3192 1925 δέ
3235 1872 3522 1941 γένωνται,
3575 1869 3742 1922 πάλιν

2153 1974 2253 2025 οῦκ
2292 1972 2512 2024 ἔλαττον
2551 1970 2612 2023 τὸ
2643 1969 2836 2023 δεινόν.
2881 1968 2940 2020 '0
2985 1967 3083 2037 μέν
3122 1965 3231 2036 γάρ
3287 1962 3428 2034 ἀνὴρ
3475 1960 3742 2022 πολλάκις

2155 2064 2527 2134 φιλοστόργως
2557 2061 2695 2131 πρὸς
2728 2060 2828 2130 τὴν
2859 2057 3202 2112 ἀπελθοῦσαν
3235 2054 3583 2124 διακείμενος
3613 2054 3743 2104 ἀντ-

2154 2158 2340 2227 έχεται
2387 2154 2618 2216 τούτων,
2663 2151 2833 2222 φιλῶν
2863 2169 2923 2204 τε
2949 2149 3085 2220 ὁμοῦ
3115 2150 3210 2201 καὶ
3248 2146 3414 2201 ἐλεῶν
3438 2145 3536 2215 τῆς
3569 2145 3740 2214 όρφαυ

2153 2252 2272 2313 νίας
2310 2247 2460 2320 [516]
2505 2245 2738 2304 αὐτούς·
2777 2243 2962 2312 ἐκείνη
2996 2243 3052 2294 δέ
3087 2238 3364 2309 πανταχοῦ
3397 2239 3523 2300 τοὺς
3570 2236 3740 2305 αὐτῆς

2155 2341 2530 2414 προτιμᾶσθαι
2565 2338 2835 2408 βούλεται,
2876 2336 2970 2388 καὶ
3009 2335 3130 2387 ούδέ
3173 2335 3232 2385 ἐν
3264 2331 3509 2400 ἀδελφῶν
3559 2330 3736 2394 τάξει,

2154 2435 2268 2489 ἀλλ’
2309 2436 2367 2486 ἐν
2410 2432 2640 2486 οἰκετῶν
2674 2429 3107 2499 ἀπερριμμένων
3140 2421 3280 2479 εἶναι
3328 2424 3574 2494 βούλεται
3612 2423 3739 2475 τού-

2151 2539 2307 2583 τους·
2339 2521 2482 2591 διπερ
2513 2519 2728 2573 ἅπαντα
2757 2519 2935 2570 οίκίαν
2955 2515 3261 2585 ἀνατρέψαι
3285 2514 3487 2567 δύναιτ’
3521 2513 3607 2577 ἂν,
3642 2513 3741 2565 καὶ

2152 2616 2230 2686 τῷ
2264 2612 2606 2684 γεγαμηκότι
2643 2611 2871 2680 ποιῆσαι
2895 2608 2984 2662 τὸν
3011 2607 3124 2677 βίον
3151 2606 3402 2660 ἀϐίωτον.
3442 2604 3541 2658 Διά
3568 2604 3739 2658 ταῦτα

2154 2705 2554 2777 παραινοῦμεν,
2604 2706 2652 2756 εί
2695 2701 2942 2763 δυνατὸν,
2993 2702 3312 2770 σωφρονεῖν,
3361 2698 3608 2766 στέργειν
3661 2697 3740 2766 τῷ

2155 2798 2409 2870 προτέρῳ
2439 2796 2626 2866 γάμῳ,
2671 2795 2766 2847 καὶ
2813 2794 2950 2864 μήτε
2995 2791 3266 2862 νυμφίους
3312 2790 3411 2852 τὰς
3446 2791 3737 2857 γυναῖκας,

2155 2895 2292 2962 μήτε
2317 2892 2584 2959 γυναῖκας
2615 2887 2740 2948 τοῦς
2767 2887 2970 2956 ἄνδρας
3001 2885 3340 2952 ἐπεισάγειν,
3364 2881 3504 2934 ὥστε
3539 2882 3613 2951 μὴ
3636 2883 3740 2951 τὴν

2151 2984 2329 3037 οἰκίαν
2361 2979 2764 3051 ἀνατρέπεσθαι
2790 2980 2992 3032 πᾶσαν.

2223 3075 2381 3138 Τίνος
2420 3073 2477 3126 δέ
2513 3073 2700 3125 ἕνεκεν
2741 3071 2868 3142 περὶ
2904 3069 3132 3140 χηρείας
3181 3069 3583 3139 διαλεγόμενος,
3637 3067 3740 3119 οῦκ

2150 3161 2398 3230 ἠρκέσθη
2424 3159 2501 3230 τῷ
2533 3159 2785 3231 προτέρῳ
2812 3159 2976 3229 μόνῳ,
3003 3158 3080 3229 τῷ
3103 3159 3301 3220 εἰπεῖν,
3331 3158 3498 3222 Ἐνὸς
3516 3155 3740 3224 ἀνδρὸς

2152 3251 2337 3321 Tum};
2374 3254 2492 3304 Ἵνα
2525 3252 2724 3322 μάθῃς,
2755 3252 2836 3304 ὅτι
2866 3252 3043 3323 χήραν
3076 3252 3224 3304 ποιεῖ
3254 3251 3314 3302 οὐ
3348 3250 3409 3302 τὸ
3439 3249 3516 3322 μὴ
3551 3248 3738 3318 γαμῆ-

2153 3363 2242 3398 σαι
2270 3345 2522 3416 δεύτερον
2555 3345 2716 3414 μόνον
2749 3344 2956 3406 ἁπλῶς,
2991 3343 3128 3396 ἀλλὰ
3171 3344 3231 3396 τὸ
3259 3344 3435 3413 κομᾷν
3463 3344 3522 3395 ἐν
3552 3341 3741 3412 ἔργοις

2151 3437 2394 3505 ἀγαθοῖς,
2431 3438 2488 3488 ἐν
2528 3435 2869 3506 ἐλεημοσύνῃ
2903 3435 2996 3488 καὶ
3036 3430 3441 3504 φιλανθρωπίᾳ,
3475 3434 3570 3486 καὶ
3611 3435 3738 3495 ταῖς

2149 3531 2259 3583 τῶν
2303 3529 2468 3595 ξένων
2503 3527 2842 3598 θεραπείαις.
2889 3525 2953 3579 Εἰ
2985 3527 3094 3598 γάρ
3127 3528 3227 3589 τάς
3245 3525 3550 3595 παρθένους
3581 3525 3743 3580 οὐδὲν

2149 3620 2432 3690 ὠφέλησεν
2529 3616 2794 3689 παρθενία
2829 3617 3028 3685 (καίτοι
3072 3615 3249 3686 πολλῷ
3281 3614 3484 3686 μείζων
3507 3616 3742 3684 χηρείας

2150 3714 2182 3783 ἡ
2231 3711 2546 3782 παρθενία),
2585 3709 2702 3762 ἀλλ’
2752 3708 3017 3779 ἀπῆλθον,
3064 3708 3383 3768 σϐεσθέντος
3412 3708 3604 3770 αὐταῖς
3639 3706 3742 3760 τοῦ

2149 3806 2322 3878 πυρὸς
2356 3805 2465 3856 τῶν
2511 3803 2833 3874 λαμπάδων,
2877 3802 3247 3873 ἠτιμωμέναι,
3280 3801 3469 3872 ἐπειδὴ
3504 3800 3596 3854 τὸν
3626 3800 3743 3854 ἀπὸ

2149 3899 2247 3968 τῆς
2288 3896 2702 3968 φιλανθρωπίας
2730 3895 2825 3949 καὶ
2859 3895 3232 3965 ἐλεημοσύνης
3269 3895 3370 3946 οὐκ
3401 3893 3561 3964 ἔσχον
3609 3894 3741 3946 ἐπι-

2148 3989 2318 4053 δεῖξαι
2363 3987 2598 4059 καρπὸν,
2651 3985 2830 4056 πολλῷ
2873 3985 3074 4056 μᾶλλον
3125 3985 3182 4037 αἱ
3237 3985 3423 4054 χῆραι.
3487 3984 3742 4054 Ἐκείνης

2148 4081 2279 4150 γοῦν
2311 4079 2548 4142 ἀκούσας
2576 4078 2675 4149 τῆς
2705 4077 3022 4147 παραϐολῆς
3048 4078 3076 4130 6
3109 4075 3343 4137 Παῦλος,
3394 4075 3490 4128 καὶ
3541 4074 3742 4144 φοϐού-

2151 4191 2308 4246 μενος
2339 4172 2477 4242 ὑπὲρ
2507 4169 2733 4233 τούτων,
2795 4169 2994 4240 πολλὴν
3045 4169 3185 4239 ὑπὲρ
3214 4168 3308 4221 τοῦ
3340 4179 3363 4206 ο
3405 4167 3740 4238 πράγματος

2150 4269 2384 4319 ποιεῖται
2423 4263 2520 4335 τὴν
2575 4261 2984 4332 ἀκριϐολογίαν,
3033 4261 3122 4314 ἵνα
3177 4259 3252 4329 μὴ
3296 4261 3363 4330 τῇ
3425 4257 3741 4329 μονογαμίᾳ⁸

2149 4357 2451 4430 θαρροῦσαι
2510 4355 2610 4425 τῆς
2657 4354 2854 4423 λοιπῆς
2904 4353 3107 4423 ἀρετῆς
3143 4349 3600 4421 καταμελήσωσι’
3645 4347 3739 4400 διά

2149 4449 2304 4503 τοῦτό
2349 4464 2532 4518 φησιν,
2597 4445 2701 4499 Ἐν
2741 4444 2937 4512 ἔργοις
2992 4441 3202 4506 καλοῖς
3234 4439 3736 4508 μαρτιιρουμένη·

2149 4541 2339 4612 ὥσπερ
2371 4540 2480 4610 γὰρ
2519 4537 2683 4592 καλὸν
2709 4538 2742 4606 ἡ
2780 4534 3072 4606 παρθενία,
3100 4533 3271 4604 χωρὶς
3302 4532 3359 4584 δὲ
3385 4531 3499 4584 τῶν
3531 4528 3739 4582 λοιπῶν

2149 4634 2400 4703 ἄκαρπος
2431 4631 2647 4699 γέγονε,
2667 4627 2876 4682 καὶτοῦ
2897 4626 3187 4695 νυμφῶνος
3206 4624 3533 4678 ἀπέκλεισεν
3554 4637 3566 4650 ·
3593 4621 3739 4675 οῦτω

2149 4723 2312 4781 κἀλὺν
2353 4724 2637 4795 ἡχηρεία,
2683 4721 2854 4792 χωρὶς
2894 4720 2950 4772 δέ
2981 4719 3079 4788 τῆς
3117 4717 3311 4787 λοιπῆς
3363 4716 3568 4785 ἀρετῆς
3623 4715 3736 4784 μά-

2148 4817 2300 4871 ταιόν
2331 4815 2562 4868 ἐστικαὶ
2588 4811 2862 4883 περιττόν.
2899 4809 2997 4863 Διά
3033 4809 3195 4862 τοῦτο
3227 4809 3287 4860 οὺ
3325 4807 3489 4876 μέχρι
3523 4805 3616 4857 τοῦ
3652 4805 3729 4874 μὴ

2151 4907 2404 4976 δεύτερον
2440 4902 2754 4971 ἐπεισάγειν
2790 4901 2962 4972 ἄνδρα
2996 4900 3097 4973 τὴν
3137 4899 3463 4969 παραίνεσιν
3501 4896 3734 4965 ἔστησεν

2149 5003 2178 5054 ὁ
2219 4999 2450 5063 Παῦλος,
2494 4995 2632 5050 ἀλλά
2667 4996 2761 5048 καὶ
2800 4995 2965 5067 ἔτερα
2997 4993 3179 5064 πολλῷ
3213 4992 3435 5046 πλείονα
3474 4991 3572 5044 καὶ
3609 4988 3735 5058 μεί-

2151 5095 2281 5159 ζονα
2310 5093 2533 5146 ἀπαιτεῖ
2568 5091 2720 5162 παρὰ
2750 5091 2849 5161 τῆς
2871 5089 3065 5160 χήρας.
3096 5087 3206 5140 Καὶ
3233 5085 3488 5154 καθάπερ
3516 5084 3570 5135 οἱ
3605 5080 3734 5143 τοὺς

2152 5182 2489 5256 στρατιώτας
2504 5183 2894 5250 καταλέγοντες
2930 5179 3186 5250 σώματος
3208 5176 3463 5248 ζητοῦσιν
3492 5173 3729 5237 εὐεξίαν,

2149 5274 2292 5328 οὕτω
2323 5268 2601 5338 καὶ-οὗτος
2633 5274 2714 5336 είς
2744 5273 2805 5326 τὸ
2833 5272 2930 5325 τοῦ
2964 5268 3205 5342 Χριστοῦ
3241 5266 3599 5341 στρατόπεδον
3631 5265 3732 5316 αύ-

2147 5369 2246 5440 τὴν
2277 5367 2613 5436 καταλέγων,
2647 5365 2826 5436 ψυχῆς
2855 5364 3068 5429 εὐεξίαν
3094 5360 3329 5433 ἐζήτησε
3358 5360 3454 5413 καὶ
3483 5356 3730 5411 εὐτονίαν

2149 5461 2242 5516 καὶ
2273 5459 2372 5530 τὴν
2412 5460 2470 5511 ἐν
2495 5457 2670 5512 ἅπασι
2703 5460 2815 5520 τοῖς
2833 5455 3060 5526 ἀγαθοῖς
3085 5454 3268 5526 ἔργοις
3301 5450 3554 5521 σπουδὴν,
3581 5447 3730 5501 οὕτω

2146 5552 2356 5620 λέγων’
2407 5551 2478 5603 El
2507 5547 3046 5617 ἐτεκνοτρόφησεν,
3082 5548 3136 5600 ει
3166 5543 3627 5612 ἐξενοδόχησεν,
3671 5541 3728 5593 εί

2147 5645 2331 5715 ἁγίων
2358 5641 2548 5706 πόδας
2593 5641 2827 5708 ἔνιψεν,
2867 5641 2919 5695 εὶ
2959 5637 3335 5707 θλιϐομένοις
3362 5634 3728 5703 ἐπήρκεσεν.

2212 5781 2233 5807 ε
2262 5776 2358 5828 Alii
2383 5776 2559 5833 πολλὴν
2582 5777 2655 5826 ἐπὶ
2678 5773 2777 5825 τοῦ.
