4020 6370
284 333 397 390 ωε

284 447 451 514 igitur
475 459 582 500 non
607 445 855 500 omnibus
883 447 988 502 illic
1012 447 1108 501 ista
1137 446 1389 516 loquitur,
1418 445 1514 500 sed
1539 447 1604 500 iis
1629 445 1718 514 qui
1740 445 1880 501 inter

283 537 534 593 homines
562 538 1034 593 ineontinentiores
1060 549 1204 603 sunt,
1235 548 1287 593 et
1311 536 1468 592 facile
1488 537 1604 606 capi
1634 545 1875 606 possunt:

282 630 365 684 sic
391 630 552 700 etiam
583 627 685 684 hoc
709 629 826 684 loco
852 630 1100 684 mulieres
1125 627 1425 699 expugnatu
1450 627 1653 693 faciles,
1686 637 1739 682 et
1759 643 1879 698 qute

282 735 392 774 non
444 721 515 774 ita
556 719 712 775 facile
745 721 980 789 perferre
1029 732 1249 790 possunt
1279 729 1522 775 exactam
1546 722 1597 774 in
1625 719 1878 775 viduitate

280 811 499 866 vivendi
549 813 812 867 rationem
833 854 848 877 ,
902 814 1143 867 hortatur
1163 854 1176 878 ,
1209 822 1262 868 et
1288 813 1539 880 consulit,
1569 821 1627 867 ut
1651 813 1875 867 alterum

279 907 456 956 virum
490 903 847 964 introducam.
897 904 989 958 Est
1014 905 1155 958 enim
1203 920 1289 959 res
1315 905 1555 974 quaedam
1578 904 1773 973 duplex
1801 905 1879 958 vi-

278 994 477 1049 duitas.
510 993 648 1062 Quid
694 995 796 1050 hoc
841 1005 921 1050 est
954 996 1165 1051 tandem
1193 997 1423 1065 duplex?
1452 997 1717 1050 Bonorqu
1749 1012 1876 1065 ope-

278 1101 400 1138 rum
430 1087 723 1154 specimen,
751 1097 807 1140 et
833 1086 1051 1142 honoris
1087 1090 1282 1143 summi
1309 1089 1595 1159 fastigium.
1627 1088 1692 1144 Ut
1720 1089 1875 1159 igitur

277 1187 362 1231 est
407 1179 569 1233 etiam
598 1194 686 1234 res
729 1181 971 1250 quaedam
1021 1180 1215 1250 duplex
1261 1182 1602 1250 magistratus
1649 1199 1662 1235 :
1716 1180 1874 1234 habet

277 1268 426 1323 enim
455 1281 511 1324 et
539 1285 700 1339 opera
748 1281 803 1325 et
845 1271 1185 1342 dignitatem;
1213 1272 1442 1342 dignitas
1471 1272 1682 1342 quidem
1711 1273 1876 1342 magi-

277 1368 484 1415 stratus
522 1369 606 1415 est
651 1369 909 1429 potestas,
941 1373 994 1416 et
1021 1363 1192 1417 cultus
1218 1362 1356 1432 quia
1387 1363 1540 1432 vulgo
1570 1361 1870 1427 exhibetur,

277 1462 336 1507 et
368 1454 542 1522 ipsum
584 1469 703 1509 esse
746 1455 1146 1524 magistratum;
1175 1471 1338 1524 Opera
1377 1470 1506 1507 vero
1536 1455 1874 1523 magistratus

279 1553 407 1598 sunt
448 1545 641 1616 injuria
686 1544 890 1600 allectis
935 1561 1268 1611 succurrere,
1303 1544 1594 1599 inferentes
1628 1544 1873 1613 injuriam

279 1650 646 1706 compescere,
675 1637 894 1691 urbibus
921 1653 1176 1708 praeesse,
1209 1638 1260 1692 in
1295 1636 1672 1691 communibus
1700 1637 1875 1706 reipu-

279 1727 435 1782 blicae
482 1727 625 1782 curis
660 1727 974 1783 excubando
1013 1738 1348 1798 pernoctare,
1379 1739 1433 1783 et
1472 1729 1669 1797 reliqua
1720 1729 1874 1781 innu-

278 1834 430 1875 mera
460 1835 476 1875 :
504 1821 582 1874 sic
607 1829 660 1873 et
689 1819 918 1876 viduitas
946 1830 1000 1875 et
1021 1819 1249 1890 dignitas
1272 1829 1353 1874 est
1375 1828 1616 1888 etopus:
1643 1819 1873 1873 maxima

277 1911 510 1980 dignitas
537 1920 620 1965 est
667 1911 881 1966 viduam
933 1927 1074 1978 esse,
1117 1920 1173 1966 ut
1201 1921 1328 1967 ante
1353 1912 1868 1977 demonstravimus;

277 2017 412 2071 epus
435 2011 522 2057 est
547 2003 838 2058 secundum
869 2005 1116 2058 maritum
1147 2004 1247 2060 sibi
1277 2020 1382 2058 non
1412 2005 1742 2070 adsciscere,
1777 2003 1870 2057 sed

277 2095 445 2163 priori
487 2110 607 2151 esse
648 2106 974 2162 contentam,
1008 2097 1144 2152 filios
1183 2097 1432 2160 educare,
1481 2097 1708 2167 hospitio
1739 2097 1872 2152 rcci-

275 2202 428 2258 pere,
453 2188 618 2258 pedes
661 2198 966 2244 sanctorum
1004 2189 1202 2255 lavare,
1231 2189 1626 2243 tribulationem
1669 2188 1872 2257 patien-

277 2282 420 2336 tibus
446 2281 874 2346 subministrare,
899 2296 1058 2336 omne
1081 2296 1213 2351 epus
1240 2282 1437 2336 bonum
1455 2282 1667 2336 sectari.
1689 2281 1872 2351 itaque

275 2371 478 2426 Paulus
522 2372 591 2428 de
637 2372 743 2426 illis
790 2372 1014 2442 loquens
1058 2388 1218 2442 opera
1249 2373 1463 2442 quidem
1491 2374 1670 2427 omnia
1698 2374 1870 2428 vidua:

273 2464 407 2519 sinit
433 2465 579 2520 illam
609 2464 867 2534 perﬁcere
893 2484 905 2518 :
933 2465 997 2519 ad
1027 2465 1334 2536 dignitatem
1376 2475 1553 2521 autem
1583 2465 1774 2533 viduae,
1807 2482 1870 2522 ac

273 2565 498 2622 emtum,
548 2563 602 2609 et
626 2555 869 2610 ordinem
919 2556 1062 2609 illam
1112 2556 1330 2626 provehi
1381 2573 1486 2611 non
1514 2558 1660 2624 sinit,
1699 2557 1871 2613 donec

273 2645 645 2715 sexagesimus
661 2660 832 2700 annus
854 2647 1186 2715 praeterierit,
1208 2648 1356 2716 quasi
1381 2647 1542 2703 dicat:
1560 2648 1733 2720 Opera
1756 2651 1868 2720 quin

273 2739 402 2794 dem
429 2737 600 2794 viduze
623 2737 802 2805 faciat,
830 2740 1142 2810 dignitatem
1171 2757 1295 2795 vero
1328 2752 1437 2796 tum
1463 2743 1720 2810 obtineat,
1746 2759 1867 2799 cum

274 2831 364 2886 his
389 2832 636 2887 omnibus
661 2832 914 2902 perfectis
951 2835 1292 2891 securitatem
1321 2836 1582 2892 beneficio
1613 2838 1869 2909 temporis

274 2931 561 2994 assequuta
581 2923 756 2990 fuerit,
790 2932 844 2980 et
868 2942 935 2980 ex
960 2927 1210 2996 operibus
1257 2927 1765 2984 demonstrationem
1806 2945 1870 2985 ac

276 3017 642 3072 testimonium
681 3027 984 3073 externum.
1042 3019 1211 3074 Nemo
1238 3021 1364 3075 solis
1393 3021 1706 3078 mulieribus
1728 3021 1869 3076 arbi-

275 3119 451 3164 tretur
490 3110 786 3164 orationem
813 3111 1120 3166 convenire.
1153 3113 1284 3166 Nam
1307 3121 1360 3168 et
1384 3113 1510 3168 viris
1544 3113 1778 3182 prodest,
1812 3121 1870 3166 ut

275 3212 332 3254 et
358 3200 459 3270 ipsi
504 3200 770 3256 defunctis
817 3203 1074 3258 uxoribus
1120 3203 1231 3258 suis
1269 3205 1503 3258 contenti
1533 3206 1662 3271 sint,
1693 3220 1868 3275 neque

274 3293 443 3347 velint
465 3307 587 3349 cum
612 3293 796 3349 liberis
819 3295 928 3349 suis
958 3295 1157 3350 letenas
1183 3295 1445 3362 habitare,
1468 3296 1594 3351 dum
1612 3311 1867 3351 novercas

275 3384 658 3450 introducunt,
699 3393 754 3441 et
789 3401 940 3440 suam
971 3401 1186 3442 omnem
1216 3388 1556 3442 securitatem
1597 3397 1862 3443 evertunt.

347 3477 402 3533 5.
447 3473 753 3530 Cohortatur
789 3478 858 3530 ad
891 3479 1296 3549 monogamiant,
1329 3495 1420 3532 nec
1451 3480 1659 3534 damnat
1689 3498 1867 3534 secun-

275 3570 370 3622 das
397 3569 622 3638 nuptias.
643 3599 716 3609 —
737 3568 864 3624 llaec
890 3578 1072 3624 autem
1113 3585 1144 3624 a
1175 3571 1328 3625 nobis
1355 3571 1604 3625 dicuntur
1627 3614 1641 3638 ,
1675 3587 1782 3626 non
1809 3581 1867 3627 ut

275 3659 538 3716 secundas
559 3661 795 3716 aversari
823 3661 1032 3730 nuptias
1057 3661 1452 3731 prtecipiamus;
1481 3663 1572 3717 sed
1607 3673 1662 3718 ut
1688 3664 1866 3718 horte-

277 3767 399 3804 mur
427 3759 482 3806 et
509 3751 882 3817 consulamus,
931 3752 1195 3821 prioribus
1222 3769 1340 3808 esse
1373 3763 1673 3809 contentos.
1708 3755 1864 3810 Aliud

275 3851 360 3896 cst
387 3841 682 3907 adhortari,
711 3842 852 3896 aliud
880 3844 1191 3914 praecipere.
1214 3845 1344 3899 Nam
1369 3847 1456 3915 qui
1482 3846 1793 3902 adhortatur
1813 3857 1866 3902 et

276 3933 548 4000 consulit,
576 3932 631 3987 in
659 3935 879 3988 arbitrio
907 3950 970 3989 ac
1011 3944 1271 4005 potestate
1298 3938 1548 4007 relinquit
1570 3938 1827 3993 auditoris
1847 3981 1862 4004 ,

277 4033 338 4078 ut
361 4024 506 4104 quod
550 4026 860 4081 consulatur
889 4027 1050 4098 eligat
1082 4045 1096 4082 :
1129 4029 1219 4098 qui
1250 4044 1376 4084 vero
1419 4032 1660 4100 praecipit
1681 4074 1694 4096 ,
1729 4032 1864 4086 hanc

277 4113 578 4170 facultatem
608 4116 868 4186 ejusmodi
915 4135 1022 4172 non
1063 4120 1340 4188 permittit.
1372 4123 1442 4174 At
1484 4122 1720 4176 Ecclesia
1765 4123 1864 4177 ista

276 4221 382 4261 non
404 4208 663 4277 pra-cipit,
687 4209 782 4263 sed
808 4209 1050 4264 hortatur
1076 4212 1246 4266 solum
1273 4230 1286 4264 :
1315 4214 1576 4282 siquidem
1601 4215 1864 4270 secundas

275 4298 434 4352 etiam
466 4299 678 4368 nuptias
708 4302 947 4370 permisit
975 4301 1170 4356 Paulus
1199 4320 1319 4357 cum
1351 4305 1418 4358 ita
1465 4305 1598 4359 dixit
1629 4321 1642 4358 :
1678 4306 1865 4360 Mulier

275 4392 487 4461 alligata
510 4401 583 4445 est
609 4392 743 4464 legi,
774 4402 960 4464 quanto
986 4405 1206 4466 tempore
1234 4397 1309 4448 vir
1336 4398 1443 4464 eius
1469 4398 1584 4450 vivit
1616 4414 1634 4450 :
1663 4399 1798 4469 quod
1822 4400 1866 4452 si

275 4487 533 4540 dormierit
563 4487 637 4539 vir
655 4489 787 4556 ejus,
811 4488 966 4541 libera
995 4497 1067 4542 est
1087 4529 1100 4552 ,
1128 4489 1213 4541 cui
1239 4488 1346 4543 vult
1372 4489 1526 4543 nubat
1549 4532 1564 4557 ,
1594 4501 1787 4544 tantum
1813 4493 1865 4546 in

275 4577 517 4631 Domino.
544 4576 750 4632 ἐτετιιὶον
789 4588 859 4632 est
885 4589 1051 4633 autent
1077 4581 1122 4634 si
1158 4581 1231 4634 sic
1273 4584 1600 4649 permanserit
1625 4583 1643 4654 (
1667 4585 1712 4637 l.
1744 4583 1861 4638 Cor.

277 4670 328 4722 7.
353 4669 444 4724 59.
474 4670 544 4724 40
564 4671 606 4738 ).
631 4669 697 4724 Ut
719 4670 875 4740 igitur
896 4671 1091 4724 bonum
1114 4682 1195 4726 est
1215 4672 1539 4742 conjugium,
1563 4674 1657 4729 sed
1677 4677 1865 4730 melior

275 4771 358 4816 est
386 4762 664 4831 virginitas
693 4781 704 4814 :
741 4763 810 4816 ita
841 4764 1036 4818 bonum
1066 4765 1279 4833 quidem
1308 4776 1386 4818 cst
1416 4766 1708 4820 secundum
1736 4783 1867 4821 con-

273 4851 478 4922 jugium
501 4893 516 4916 ,
544 4852 639 4906 sed
668 4853 859 4906 melius
885 4863 965 4907 est
996 4855 1226 4923 primum
1252 4866 1305 4910 et
1334 4856 1528 4908 solum.
1558 4855 1675 4910 Non
1705 4858 1866 4927 igitur

274 4946 582 5018 conjugium
607 4935 912 5002 secundum
941 4948 1209 5017 rejicimus
1233 4990 1248 5015 ,
1279 4964 1449 5018 neque
1474 4949 1590 5004 hate
1619 4952 1864 5020 prtecipi-

275 5053 398 5093 mus
421 5081 436 5104 ,
471 5037 565 5093 sed
602 5041 979 5105 cohortamur,
1009 5049 1064 5093 ut
1095 5040 1137 5094 si
1177 5041 1295 5109 quis
1321 5039 1618 5095 castitatem
1649 5055 1866 5096 servare

275 5133 482 5202 possit,
525 5133 594 5188 sit
641 5133 805 5202 priori
847 5142 1150 5188 contentus.
1195 5132 1552 5188 Cohortamur
1589 5143 1767 5189 autem
1810 5143 1868 5190 et

276 5224 606 5279 consulimus
626 5223 691 5279 ad
713 5223 1081 5279 stabiliendam
1107 5224 1294 5280 domus
1317 5227 1658 5280 securitatem
1686 5243 1698 5278 :
1724 5241 1866 5296 saepe

279 5331 510 5387 namque
534 5315 781 5372 secunda:
807 5327 1004 5385 nuptta:
1032 5317 1458 5386 quotidianarum
1487 5327 1541 5372 et
1571 5333 1867 5388 pugnarum

277 5419 332 5464 et
371 5408 774 5464 contentionum
825 5408 1029 5462 initium
1077 5417 1131 5463 et
1177 5409 1512 5464 occasionem
1555 5409 1864 5462 attulerunt.

279 5503 426 5558 Sane
463 5501 736 5557 multoties
775 5499 992 5565 evenit,
1027 5510 1083 5555 ut
1125 5501 1367 5556 assidens
1411 5517 1610 5557 meusre
1647 5500 1868 5557 maritus

281 5595 475 5664 prioris
501 5593 685 5648 uxoris
725 5594 1039 5649 recordatus
1059 5636 1075 5661 ,
1105 5595 1296 5650 leniter
1321 5595 1445 5650 ﬂeat
1476 5613 1490 5649 :
1519 5604 1573 5649 at
1616 5596 1705 5650 illa
1733 5611 1867 5650 con-

279 5686 458 5742 festim
486 5685 850 5752 excandescit,
881 5695 936 5741 et
963 5695 1231 5757 tamquam
1265 5688 1371 5742 fera
1403 5689 1587 5755 insilit,
1620 5699 1670 5743 et
1704 5689 1784 5743 sui
1814 5691 1865 5743 in

281 5778 430 5838 illam
458 5779 657 5835 amoris
694 5779 766 5857 ab
813 5795 878 5836 eo
921 5795 1106 5850 Ρωιιδδ
1148 5781 1329 5852 exigit.
1377 5780 1526 5849 Quod
1567 5782 1610 5836 si
1643 5781 1866 5838 voluerit

1392 333 1459 389 ΙΝ
1496 331 1722 396 lLLUD.
1766 332 1970 390 VlDUA
2015 333 2385 393 ELIGATUR.

3471 352 3574 408 5%

1992 445 2209 503 laudare
2230 449 2556 514 defunctam,
2576 460 2688 508 tum
2712 458 3067 514 contentionis
3087 466 3141 514 et
3162 476 3348 532 pugnae
3365 469 3579 523 occasio

1988 554 2052 592 ex
2085 539 2327 596 laudibus
2356 543 2498 598 illius
2525 545 2768 601 olfertur.
2814 551 2892 604 Ac
2932 550 3195 607 defunctis
3225 554 3438 624 quidem
3469 558 3571 614 iui~

1987 628 2139 683 micis
2177 633 2582 688 reconciliantur
2607 675 2618 696 .
2648 636 2944 709 eodemque
2974 641 3081 696 fine
3117 643 3220 697 vita
3264 645 3476 702 illormn
3520 659 3571 705 et

1986 728 2224 775 nostrum
2270 723 2320 776 in
2383 724 2502 779 illos
2544 726 2724 781 odium
2785 732 3100 787 terminatur
3153 751 3165 786 :
3217 735 3269 789 in
3319 740 3574 795 uxoribus

1985 820 2162 895 autem
2205 815 2532 870 contrarium
2580 819 2791 886 penitus
2831 823 3026 878 evenit.
3070 825 3236 892 Quam
3277 829 3417 883 enim
3461 846 3568 887 non

1984 902 2136 968 vidit,
2164 920 2320 972 quam
2351 922 2456 960 non
2480 907 2682 962 audivit
2707 951 2720 970 .
2751 925 2780 964 a
2812 926 2912 981 qua
2945 914 3076 968 nihil
3104 925 3188 970 est
3215 919 3339 972 mali
3372 936 3523 988 passa
3545 962 3567 990 ,

1984 993 2123 1048 hanc
2148 995 2272 1048 odio
2305 999 2642 1067 prosequitur
2669 1009 2722 1054 et
2750 1015 3026 1057 aversatur
3044 1045 3058 1069 ,
3089 1021 3151 1060 ac
3191 1025 3255 1062 ne
3283 1026 3428 1066 mors
3452 1013 3569 1083 qui-

1983 1081 2104 1136 dem
2133 1085 2313 1140 odium
2357 1090 2664 1158 exstinguit.
2695 1089 2824 1158 Quis
2853 1109 3102 1163 umquam
3130 1097 3294 1162 vidit,
3325 1101 3443 1169 quis
3470 1081 3568 1157 au-

1981 1173 2114 1228 divit
2151 1177 2466 1247 zelotypiam
2505 1179 2560 1233 in
2601 1182 2916 1250 pulverem,
2947 1201 3175 1256 pugnam
3214 1204 3335 1243 cum
3384 1193 3566 1250 cinere

1981 1269 2320 1336 susceptam?

2053 1359 2102 1414 6.
2149 1361 2253 1416 Sed
2282 1378 2386 1417 non
2434 1379 2671 1436 cousque
2715 1374 2917 1421 tantum
2952 1370 3284 1439 progreditur
3322 1375 3516 1429 malum
3550 1393 3562 1426 :

1980 1453 2105 1520 quin
2134 1454 2293 1507 etiam
2320 1455 2432 1510 sive
2461 1472 2523 1510 ex
2554 1458 2786 1512 secunda
2829 1459 2938 1513 nati
2968 1461 3074 1514 sint
3099 1461 3249 1517 liberi
3275 1504 3290 1528 ,
3319 1463 3432 1518 sive
3459 1481 3565 1520 non

1981 1542 2088 1595 sint
2117 1544 2244 1610 nati,
2277 1560 2447 1615 pugna
2479 1563 2663 1602 rursus
2690 1559 2743 1602 et
2771 1551 3041 1604 contentio
3068 1554 3326 1609 exoritur.
3359 1554 3490 1608 Nam
3519 1557 3566 1609 si

1980 1637 2087 1689 nati
2115 1651 2222 1690 non
2252 1638 2357 1692 sint
2381 1681 2394 1703 ,
2427 1641 2614 1708 majori
2663 1657 2896 1697 interere
2941 1643 3252 1711 conficitur,
3283 1655 3336 1701 et
3376 1647 3475 1701 hac
3498 1648 3566 1704 de

1979 1738 2137 1779 causa
2181 1737 2334 1782 natos
2374 1744 2443 1783 ex
2487 1731 2649 1798 priori
2677 1742 2944 1801 tamquam
2987 1734 3168 1788 hostes
3191 1775 3207 1798 ,
3239 1745 3291 1789 et
3321 1737 3569 1806 aquibus

1980 1817 2225 1872 maximis
2255 1819 2322 1873 sit
2350 1820 2534 1875 all'ecta
2567 1822 2793 1892 injuriis,
2825 1824 3077 1891 intuetur,
3106 1827 3231 1880 dum
3261 1844 3328 1883 ex
3353 1829 3566 1886 illorum

1979 1905 2085 1958 vita
2125 1908 2418 1963 sterilitatis
2460 1924 2571 1964 suae
2607 1927 2823 1967 sensum
2846 1897 3007 1984 'capit
3049 1917 3326 1986 majorem.
3357 1919 3410 1974 Si
3440 1936 3568 1975 vero

1979 1997 2087 2049 nati
2118 1997 2225 2052 sint
2249 2039 2263 2062 ,
2305 2015 2492 2054 rursus
2520 2001 2686 2056 nihilo
2723 2004 2897 2058 minus
2933 2005 3132 2060 malum
3161 2018 3261 2062 est.
3293 2008 3568 2079 Siquidem

1980 2089 2202 2145 maritus
2241 2104 2612 2160 saepenumero
2656 2096 2792 2151 bene
2835 2095 3060 2152 affectus
3097 2115 3220 2169 erga
3261 2101 3567 2157 defunctam

1981 2179 2079 2233 hos
2104 2183 2474 2250 amplectitur,
2505 2195 2559 2240 et
2591 2201 2774 2242 amore
2803 2188 2961 2242 simul
3004 2205 3067 2244 ac
3109 2191 3472 2247 misericordia
3513 2196 3567 2249 in

1979 2272 2097 2327 illos
2120 2283 2336 2344 propter
2360 2277 2642 2333 orbitatem
2668 2291 3034 2337 commovetur
3058 2301 3070 2336 :
3100 2294 3154 2339 at
3183 2285 3272 2339 illa
3301 2301 3428 2341 suos
3455 2287 3570 2342 ubi-

1978 2380 2080 2432 que
2106 2367 2343 2436 prteferri
2368 2370 2479 2423 vult
2502 2410 2518 2435 ,
2546 2386 2609 2425 ac
2649 2387 2763 2434 nec
2785 2372 3007 2428 fratrum
3049 2375 3168 2430 illos
3207 2375 3392 2432 haberi
3420 2378 3561 2441 loco,

1977 2457 2071 2512 sed
2094 2460 2422 2529 abjectorum
2453 2463 2771 2518 famulorum
2805 2483 2817 2518 :
2851 2483 2969 2536 quae
2995 2467 3174 2522 omnia
3199 2469 3416 2524 domum
3444 2484 3572 2540 pos-

1977 2559 2102 2603 sunt
2126 2551 2457 2619 subvertere,
2488 2569 2550 2609 ac
2570 2556 2726 2609 vitam
2752 2561 2945 2613 marito
2967 2559 3216 2614 acerbam
3240 2571 3293 2615 et
3318 2561 3565 2617 infestam

1978 2639 2221 2695 reddere.
2261 2641 2547 2712 Propterea
2577 2645 2642 2700 ad
2691 2648 3004 2702 servandam
3045 2650 3342 2705 castitatem
3368 2652 3568 2707 adhor-t

1979 2737 2155 2784 tamur
2181 2772 2194 2795 ,
2223 2733 2266 2786 si
2294 2733 2406 2788 fieri
2451 2737 2651 2804 possit,
2681 2747 2735 2792 et
2764 2746 2822 2792 ut
2849 2739 3009 2808 priori
3049 2741 3296 2811 conjugio
3332 2745 3568 2799 contenti

1976 2821 2094 2875 sitis
2120 2863 2132 2887 ,
2168 2832 2219 2878 et
2249 2839 2423 2895 neque
2453 2828 2628 2881 mariti
2659 2843 2851 2884 uxores
2871 2871 2886 2895 ,
2921 2846 3091 2899 neque
3125 2847 3318 2887 uxores
3348 2835 3568 2889 maritos

1975 2915 2296 2983 adsciscant,
2341 2935 2408 2974 ne
2451 2921 2669 2976 domum
2713 2937 2864 2976 suam
2894 2939 3110 2978 omnem
3155 2939 3352 2995 susque
3394 2925 3569 2997 deque

1975 3019 2205 3064 vertant.

2057 3099 2332 3172 Virginitas
2376 3105 2486 3159 sine
2522 3105 2782 3162 virtutibus
2818 3107 2937 3163 aliis
2976 3126 3077 3164 non
3119 3112 3340 3180 prodest.
3363 3143 3433 3152 —
3456 3112 3568 3168 Cur

1975 3201 2152 3246 autem
2178 3211 2298 3249 cum
2330 3193 2398 3250 de
2424 3197 2678 3252 viduitate
2717 3199 3044 3265 dissereret,
3076 3201 3237 3270 priori
3280 3203 3394 3257 solo
3431 3218 3563 3260 eon-

1976 3290 2154 3338 tentus
2183 3302 2287 3339 non
2321 3286 2450 3351 fuit,
2481 3303 2602 3342 cum
2629 3288 2798 3354 dixit,
2842 3288 3004 3344 Unius
3051 3293 3144 3346 viri
3172 3295 3344 3348 uxor?
3381 3293 3452 3350 Ut
3479 3295 3563 3349 iu-

1977 3376 2184 3446 telligas
2202 3377 2251 3431 id
2269 3379 2480 3432 viduam
2505 3395 2608 3433 non
2630 3380 2826 3446 facere,
2854 3383 2899 3436 si
2921 3383 3156 3438 secundo
3177 3385 3368 3439 marito
3390 3387 3565 3441 solum

1977 3476 2261 3538 utcumque
2293 3485 2397 3523 non
2430 3470 2614 3537 nubat,
2647 3471 2738 3525 sed
2769 3472 2813 3525 si
2846 3472 2999 3526 bouis
3027 3475 3295 3543 Opt‘l‘iblls,
3327 3476 3564 3531 elcemo-

1978 3571 2131 3628 syna,
2158 3557 2502 3628 benignitate,
2527 3569 2687 3630 atque
2709 3561 2898 3616 officiis
2919 3579 3044 3632 erga
3069 3565 3377 3634 peregrinos
3398 3567 3565 3621 abun-

1978 3651 2088 3708 det.
2108 3652 2241 3707 Nam
2261 3655 2304 3710 si
2326 3655 2626 3726 virginibus
2646 3655 2776 3709 nihil
2823 3657 3026 3726 profuit
3050 3660 3330 3730 virginitas
3349 3658 3566 3729 (Matth.

1977 3743 2068 3810 ‘23)
2101 3745 2336 3810 (tametsi
2371 3747 2541 3798 ntulto
2583 3746 2758 3810 major
2809 3755 2892 3799 est
2931 3747 3194 3802 viduitate
3239 3749 3569 3819 virginitas),

1973 3833 2066 3888 sed
2095 3849 2217 3888 cum
2247 3833 2298 3886 in
2323 3834 2656 3904 lampadibus
2686 3835 2894 3889 illarum
2927 3835 3061 3905 ignis
3087 3849 3226 3892 esset
3248 3839 3561 3903 exstinctus,

1975 3926 2263 3995 ignominia
2294 3925 2499 3981 affecta:
2531 3937 2914 3992 recesserunt,
2946 3929 3197 3997 quoniam
3225 3930 3567 4000 benignitatis

1974 4026 2029 4072 et
2055 4018 2412 4088 eleemosyna:
2442 4019 2670 4073 fructum
2701 4019 2957 4074 exhibere
3002 4021 3220 4076 minime
3250 4023 3564 4090 valuerunt,

1975 4109 2145 4164 multo
2176 4110 2343 4180 magis
2369 4109 2560 4164 viduae.
2589 4109 2750 4164 Certe
2793 4125 2913 4165 cum
2945 4111 3091 4164 illam
3125 4111 3428 4180 parabolam
3468 4129 3569 4168 au-

1975 4200 2142 4254 disset
2166 4201 2379 4263 Paulus,
2408 4209 2462 4255 et
2487 4200 2708 4255 istarum
2736 4215 2896 4260 causa
2927 4202 3158 4267 timeret,
3187 4203 3447 4272 exquisite
3471 4204 3567 4257 ad-

1975 4294 2191 4346 modum
2211 4308 2323 4346 rem
2351 4292 2637 4356 examinat,
2664 4307 2730 4347 ne
2753 4293 2887 4347 forte
2906 4303 3124 4363 prepter
3143 4295 3356 4348 unicum
3378 4297 3566 4349 matri-

1975 4385 2212 4441 monium
2241 4385 2340 4439 sibi
2362 4383 2693 4439 confidentes
2719 4384 2951 4453 reliqttas
2969 4385 3191 4439 virtutes
3215 4375 3564 4456 negligereut.

1975 4479 2261 4547 Propterea
2284 4477 2448 4542 dicit,
2478 4475 2545 4530 In
2586 4478 2818 4546 operibus
2846 4478 2988 4531 bonis
3019 4480 3355 4532 testimonium
3381 4479 3568 4534 habens

1976 4571 2062 4641 (l.
2091 4569 2219 4623 Tim.
2246 4569 2298 4624 5.
2324 4567 2447 4639 10).
2475 4567 2546 4624 Ut
2570 4569 2713 4622 enim
2735 4567 2930 4622 bonum
2953 4570 3344 4638 estvirginitas,
3363 4570 3564 4639 absque

1975 4664 2184 4719 caeteris
2226 4671 2404 4716 autem
2445 4661 2771 4716 infructuosa
2813 4660 2909 4726 fit,
2942 4669 2995 4715 et
3037 4675 3066 4714 a
3100 4660 3340 4715 conclavi
3381 4663 3566 4730 sponsi

1975 4754 2213 4811 excludit
2246 4771 2258 4806 :
2291 4754 2369 4808 sic
2397 4761 2452 4808 et
2476 4753 2704 4807 viduitas
2734 4753 2931 4806 bonum
2961 4759 3062 4816 est,
3092 4751 3186 4805 sed
3217 4752 3334 4805 sine
3362 4752 3568 4805 virtuti-

1974 4850 2075 4905 bus
2102 4849 2310 4905 cteteris
2334 4862 2467 4901 vana
2489 4862 2576 4901 res
2606 4854 2689 4901 est
2712 4855 2766 4900 et
2794 4844 3082 4914 superflua.
3114 4844 3400 4915 Propterea
3428 4844 3566 4898 Pau-

1977 4941 2061 4996 lus
2087 4940 2213 4996 dmn
2244 4939 2576 5003 cohortatur,
2607 4953 2712 4992 non
2740 4951 2978 5005 eousque
3008 4936 3176 4991 solum
3210 4935 3568 5006 progreditur,

1976 5043 2036 5087 ut
2055 5047 2161 5086 non
2182 5046 2302 5086 esse
2323 5028 2842 5100 superinducendum
2869 5028 3160 5082 secundum
3186 5030 3432 5083 maritum
3455 5045 3567 5084 sua-

1977 5125 2120 5192 deat,
2152 5123 2247 5180 sed
2273 5131 2328 5178 et
2355 5123 2458 5178 alia
2486 5123 2634 5192 plura
2665 5129 2718 5176 et
2748 5119 2948 5190 majora
2981 5120 3202 5190 requirit
3231 5135 3260 5174 a
3293 5121 3466 5175 vidua.
3501 5120 3569 5176 Et

1976 5216 2425 5290 quemadmodum
2456 5215 2528 5280 ii,
2558 5214 2646 5284 qui
2679 5213 2902 5267 militum
2923 5212 3185 5267 delectum
3215 5213 3428 5279 habent,
3451 5227 3569 5267 cor-

1977 5311 2124 5382 poris
2153 5311 2346 5364 bonam
2377 5307 2743 5362 habitudinem
2774 5306 3048 5375 requirunt
3079 5323 3091 5358 :
3125 5307 3190 5359 ita
3223 5305 3309 5360 hic
3334 5347 3349 5372 ,
3381 5307 3470 5376 qui
3500 5305 3566 5360 ad

1977 5404 2486 5463 exercitumChristi
2521 5403 2658 5460 hanc
2691 5403 2894 5474 deligit,
2917 5403 3109 5459 bonam
3147 5404 3338 5458 animae
3360 5403 3570 5458 habitu.

1979 5501 2158 5556 dinem
2181 5499 2478 5570 requisivit,
2503 5506 2559 5554 et
2583 5497 2968 5563 fortitudinem,
2993 5507 3047 5552 et
3073 5498 3123 5551 in
3146 5498 3392 5552 omnibus
3416 5498 3579 5554 bonis

1978 5593 2231 5662 operibus
2250 5590 2506 5658 studium,
2536 5590 2607 5645 ita
2637 5590 2819 5645 dicens
2845 5609 2859 5645 :
2891 5590 2952 5646 Si
2971 5590 3106 5658 ﬁlios
3125 5590 3377 5654 educavit,
3408 5591 3453 5644 si
3480 5592 3570 5644 lto-

1981 5685 2130 5754 spitio
2161 5683 2367 5754 recepit,
2396 5683 2440 5736 si
2459 5691 2748 5737 sanctorum
2781 5681 2929 5751 pedes
2959 5681 3100 5746 lavit,
3128 5679 3171 5734 si
3197 5679 3571 5735 tribulationem

1979 5775 2282 5846 patientibus
2313 5773 2706 5832 subministravit
2726 5815 2743 5846 ,
2774 5775 2816 5829 si
2845 5791 2987 5830 omne
3017 5790 3141 5846 Opus
3173 5775 3354 5830 bonum
3385 5786 3572 5831 sectam
