4020 6370
432 375 536 431 3‘27

435 503 523 542 est.
579 486 783 542 Etenim
835 485 1244 553 uutlmquodquc
1287 485 1506 538 istorum
1557 482 1753 538 nudum
1801 483 2012 551 quidem

434 593 554 633 esse
578 592 766 628 nonnon
791 574 1018 639 videtur,
1043 575 1135 628 sed
1169 576 1387 628 multam
1415 575 1466 628 in
1498 573 1674 642 seipso
1697 573 1856 626 vitam
1881 588 2013 626 cou-

438 679 586 723 l...ct.

508 761 559 813 7.
612 759 791 812 Vidua:
837 759 886 810 in
927 757 1200 810 educandis
1239 757 1406 810 liberis
1437 756 1566 810 laus.
1594 787 1665 796 —
1694 758 1769 810 Ac
1793 756 1836 810 si
1867 755 2014 808 vide-

437 860 540 915 tur,
569 853 790 919 primum
813 851 1161 912 excutiamus,
1187 849 1326 918 quod
1355 849 1443 902 ille
1470 849 1638 916 primo
1659 847 1779 901 loco
1802 848 2011 916 posuit:

438 943 498 995 Si
527 943 659 1010 ﬁlios
685 941 932 994 educavit.
965 939 1342 993 Educationem
1375 938 1518 992 enim
1550 938 1720 991 innuit
1744 953 1848 990 non
1881 935 2017 989 hanc

435 1034 750 1102 simplicem.
783 1048 939 1101 quam
967 1031 1152 1099 vulgus
1177 1041 1360 1085 censet
1381 1072 1394 1096 ,
1426 1031 1550 1083 dum
1585 1029 1721 1083 fame
1746 1030 2018 1083 confectos

437 1125 636 1180 liberos
678 1140 782 1178 non
830 1123 1186 1192 negligimus:
1223 1123 1324 1176 hoc
1366 1122 1506 1176 enim
1554 1137 1622 1175 ne
1665 1122 1774 1189 ipsa
1805 1119 2017 1188 quidem

439 1227 637 1270 natura!
680 1215 966 1269 neeossitas
1005 1228 1252 1280 umquam
1281 1211 1450 1266 omitti
1483 1212 1751 1281 permittet
1781 1227 1794 1262 :
1824 1225 1930 1280 quo
1963 1210 2020 1264 ﬁt

437 1321 498 1364 ut
525 1325 694 1378 neque
709 1308 969 1361 mandatis
989 1307 1088 1360 hac
1113 1305 1180 1359 de
1193 1321 1348 1360 causa
1380 1305 1447 1358 sit
1476 1319 1610 1374 opus
1635 1315 1685 1357 et
1718 1303 1939 1371 legibus,
1965 1313 2022 1357 ut

437 1419 587 1458 stum]
613 1402 813 1472 prolem
837 1399 1066 1454 educent
1087 1397 1260 1451 vidua:
1283 1414 1296 1461 ;
1323 1397 1413 1450 sed
1437 1395 1653 1465 justitire
1673 1412 1874 1453 curam.
1899 1395 2022 1449 edu-

436 1494 700 1548 cationem
730 1507 850 1544 cum
884 1491 1076 1560 pietate
1111 1488 1212 1543 hoc
1245 1489 1361 1543 loco
1402 1488 1646 1557 intelligit
1677 1506 1689 1540 :
1723 1488 1859 1556 quod
1892 1489 2022 1540 alio-

439 1584 564 1648 quin
587 1598 684 1646 em,
709 1598 826 1651 qua:
851 1581 950 1634 hoc
973 1591 1125 1650 pacto
1150 1595 1251 1632 nou
1278 1579 1526 1641 educant,
1553 1579 1830 1646 parricidze
1850 1579 2023 1648 potius

441 1676 566 1741 sint,
593 1690 750 1744 quam
781 1684 995 1727 matres.
1028 1673 1135 1726 Iloc
1163 1688 1267 1725 non
1295 1671 1360 1725 ad
1385 1655 1635 1725 mulieres
1659 1681 1859 1724 tantum
1887 1688 1915 1724 a
1939 1686 2024 1725 me

439 1768 634 1824 dictum
655 1778 756 1832 est,
781 1765 872 1820 sed
892 1766 1051 1820 etiam
1079 1780 1107 1817 a
1126 1763 1144 1818 ἶ
1166 1765 1330 1819 viros.
1362 1763 1630 1833 Siquidem
1653 1764 1799 1817 mulli
1826 1775 2021 1831 patres,

440 1871 496 1914 ut
523 1860 689 1912 bonus
715 1873 881 1927 equus
911 1856 1020 1910 ﬁlio
1047 1855 1343 1920 ohveniret,
1370 1865 1422 1908 et
1455 1863 1511 1908 ut
1535 1854 1678 1908 a-des
1706 1853 2021 1923 magniﬁcar,

442 1959 495 2003 et
525 1948 777 2018 przcdium
820 1947 996 2016 magni
1037 1947 1223 2014 pretii,
1256 1955 1442 2000 cuncta
1487 1944 1681 1998 faciunt
1721 1953 1875 2014 atque
1907 1961 2026 1997 nio-

444 2039 644 2094 liuutur
672 2057 684 2092 :
720 2047 777 2094 ut
805 2049 979 2091 autem
1002 2039 1178 2093 anima
1206 2039 1322 2105 ejus
1350 2036 1486 2090 bona
1517 2037 1626 2097 ﬁat,
1654 2044 1707 2089 ct
1734 2035 1875 2104 pium
1907 2049 2050 2104 pro-'

439 2135 688 2202 positum,
719 2131 912 2186 nullius
937 2131 1085 2199 pensi
1120 2128 1338 2182 habent.
1366 2128 1430 2181 Et
1450 2127 1552 2181 hoc
1581 2136 1663 2180 est
1689 2125 1827 2196 quod
1857 2136 2025 2179 totum

439 2225 696 2281 muudum
741 2224 998 2278 subvertit
1023 2263 1036 2283 ,
1068 2221 1210 2292 quod
1254 2231 1461 2275 nostros
1492 2221 1688 2275 liberos
1733 2235 1836 2272 non
1877 2235 2030 2273 cure-

441 2333 580 2380 mus,
603 2326 658 2372 et
688 2316 1084 2385 posscssionum
1112 2329 1378 2384 opumque
1407 2313 1640 2382 ipsorum
1671 2328 1850 2366 curam
1879 2327 2030 2382 gera-

440 2426 593 2472 mus,
623 2408 716 2462 sed
758 2409 996 2478 ipsorum
1039 2408 1267 2460 animam
1310 2407 1635 2475 negliganius
1657 2448 1670 2466 ,
1701 2417 1754 2459 et
1781 2415 2031 2458 extreme

442 2499 725 2554 dementia:
751 2499 952 2553 facinus
972 2498 1332 2552 admittamus.
1367 2496 1494 2551 Nam
1520 2497 1888 2566 possessiones
1913 2497 2030 2564 qui-

442 2591 566 2646 dem
594 2590 702 2645 sint
729 2591 848 2645 licet
868 2589 1048 2644 multa:
1073 2605 1136 2644 ac
1164 2598 1509 2659 sumptuosae,
1536 2589 1580 2643 si
1609 2589 1806 2659 probus
1836 2606 1940 2644 non
1967 2591 2036 2644 sit

445 2697 511 2738 ac
537 2680 828 2741 studiosus,
855 2681 944 2751 qui
969 2696 1089 2734 eum
1117 2681 1309 2734 virtute
1341 2680 1502 2750 possit
1523 2695 1614 2734 eas
1640 2679 2032 2746 administrare,

451 2788 635 2827 omnes
657 2787 776 2826 cum
811 2772 925 2842 ipso
952 2771 1198 2842 peribunt
1223 2781 1274 2825 et
1303 2781 1620 2826 evanescent
1643 2812 1658 2837 ,
1683 2787 1747 2824 ac
1769 2786 2036 2824 summum

448 2864 745 2934 possessori
768 2863 1018 2917 damnum
1039 2861 1272 2917 infereut
1300 2879 1312 2914 :
1345 2863 1422 2915 sin
1447 2871 1622 2917 autem
1654 2878 1908 2932 generosa
1929 2863 2039 2918 fuc-

455 2957 521 3009 rit
543 2965 596 3009 et
623 2956 833 3024 sapiens
856 2955 1050 3020 anima,
1083 2954 1203 3007 licet
1235 2953 1362 3007 nihil
1387 2954 1524 3006 intus
1550 2953 1617 3006 sit
1649 2954 1698 3006 in
1729 2962 2039 3021 promptua-

447 3051 542 3104 riis
588 3049 940 3110 reconditum,
981 3047 1217 3101 omnium
1257 3046 1393 3100 bona
1431 3055 1542 3100 tuto
1573 3047 1766 3115 poterit
1788 3047 2036 3100 retinere.

458 3137 592 3192 illud
626 3138 782 3208 igitur
809 3135 1155 3205 spectandum
1202 3146 1282 3190 est
1309 3176 1323 3198 ,
1358 3152 1462 3189 non
1508 3152 1612 3204 quo
1644 3145 1796 3204 pacto
1821 3145 2042 3206 argento

446 3241 501 3284 et
529 3245 659 3283 auro
683 3227 705 3296 ,“
730 3238 782 3282 et
810 3229 968 3282 rebus
997 3227 1256 3296 ejusmodi
1288 3227 1578 3295 locupletes
1607 3243 1700 3281 eos
1729 3227 2032 3292 reddamus,

447 3323 540 3377 sed
573 3338 677 3392 quo
719 3331 872 3392 pacto
913 3321 1105 3389 pietate
1147 3335 1209 3373 ac
1253 3319 1602 3390 temperantia
1628 3359 1642 3384 ,
1677 3319 2039 3388 virtutumque

449 3413 797 3484 acquisitione
823 3411 1072 3466 ditissimi
1117 3411 1352 3465 onmium
1399 3410 1524 3464 liant
1551 3427 1564 3462 :
1595 3425 1703 3480 quo
1739 3421 1892 3479 pacto
1919 3409 2041 3475 ﬁat,

455 3518 511 3560 ut
533 3505 712 3559 tnultis
743 3520 846 3556 non
877 3503 1176 3572 indigeant,
1207 3511 1263 3555 ut
1293 3517 1380 3554 res
1409 3502 1590 3555 seaculi
1622 3501 1776 3570 hujus
1806 3510 1859 3555 et
1883 3516 2048 3555 novas

455 3597 776 3666 cupiditates
807 3610 910 3647 non
954 3594 1082 3647 tanti
1121 3591 1332 3647 faciant.
1374 3593 1438 3645 Et
1471 3594 1743 3661 ingressus
1782 3608 1965 3646 cormn
1997 3601 2051 3645 et

455 3703 706 3754 egressus
737 3686 1018 3754 diligenter
1043 3693 1097 3738 et
1119 3685 1328 3736 curiose
1358 3683 1776 3736 considerandus
1799 3693 1900 3747 est,
1935 3684 2051 3751 qui-

458 3779 678 3831 buscum
705 3785 1002 3840 versentur,
1032 3776 1118 3842 qtti
1149 3773 1433 3826 familiares
1461 3773 1561 3826 illis
1588 3774 1712 3834 sint,
1743 3789 1862 3826 cum
1889 3774 2046 3826 intel—

464 3871 705 3940 ligamus,
739 3870 780 3920 si
814 3868 929 3921 lnec
955 3883 982 3918 a
1016 3867 1166 3920 nobis
1207 3867 1443 3935 neglecta
1478 3866 1689 3932 fuerint,
1725 3867 1922 3920 nullam
1953 3883 2051 3922 nos

454 3977 482 4013 a
535 3961 645 4015 Deo
691 3959 898 4012 veniam
940 3959 1330 4026 impetraturos.
1371 3957 1502 4010 Nam
1567 3958 1611 4010 si
1657 3973 1778 4011 cum
1826 3958 2052 4013 aliorum

455 4069 639 4106 curam
686 4067 789 4104 non
847 4055 1204 4118 gesserimus,
1266 4064 1438 4118 pugnat
1495 4064 1526 4102 a
1577 4049 1730 4104 nobis
1773 4050 2055 4120 exiguntur

460 4149 480 4219 (
507 4147 669 4199 Nemo
697 4145 826 4198 enim
853 4144 989 4213 quod
1013 4161 1159 4196 suum
1185 4153 1276 4207 est,
1309 4152 1526 4212 quierat,
1559 4145 1726 4212 inquit
1756 4143 2048 4213 apostolus,

457 4241 545 4291 srd
571 4241 705 4305 quod
745 4235 989 4305 ulterius)
1019 4235 1109 4304 (1.
1142 4231 1262 4288 Cor.
1300 4233 1386 4288 10.
1415 4233 1484 4287 ﬁt
1507 4234 1546 4302 ),
1580 4243 1778 4302 quanto
1817 4234 1982 4304 magis
2009 4234 2052 4288 si

461 4331 750 4384 liberorum
779 4342 960 4380 curam
1007 4341 1111 4379 non
1155 4325 1516 4395 gesserimus?
1563 4323 1748 4379 Nonne
1787 4325 1958 4394 ipsum
2003 4326 2053 4379 in

462 4422 569 4474 tuis
599 4420 802 4474 aedibus
828 4419 894 4472 ab
924 4417 1072 4471 initio
1100 4417 1374 4480 collocavi,
1409 4415 1611 4486 inquit?
1640 4431 1816 4470 nonne
1844 4426 1893 4469 te
1923 4432 2058 4484 pra:-

459 4523 730 4580 ceptorem
756 4553 771 4577 ,
803 4509 1110 4580 prarfectum
1157 4517 1210 4562 et
1248 4517 1546 4562 curatorem
1574 4507 1876 4577 etjndiccm
1902 4507 1973 4559 illi
2008 4515 2057 4560 te

472 4605 732 4675 praefeci?
761 4619 974 4658 omnem
1009 4605 1061 4656 in
1103 4603 1250 4656 illum
1287 4611 1600 4670 potestatem
1634 4603 1686 4654 in
1725 4617 1912 4655 manus
1943 4611 2058 4654 tuas

462 4698 745 4753 transtuli?
771 4699 1038 4752 Tenerum
1081 4696 1256 4750 adlmc
1280 4695 1719 4749 conformandum
1752 4710 1816 4749 ac
1855 4695 2059 4764 tingen-

466 4793 588 4846 dum
630 4790 873 4846 commisi
905 4806 917 4842 :
949 4805 1053 4858 qua
1084 4789 1233 4842 venia
1263 4789 1455 4857 dignus
1485 4788 1592 4842 eris
1630 4787 1676 4841 si
1708 4787 2055 4841 reluctantem

462 4885 610 4938 illum
645 4881 984 4953 neglexeris?
1025 4879 1161 4948 Quid
1210 4879 1352 4934 enim
1393 4879 1570 4932 dicere
1603 4878 1841 4948 poteris?
1875 4877 2058 4934 Refre-

463 4988 587 5029 natu
616 4974 882 5028 difﬁcilem
927 4983 980 5027 et
1025 4987 1272 5040 asperum
1319 4970 1467 5024 illum
1507 4969 1664 5024 esse?
1709 4970 1779 5024 At
1827 4968 1942 5022 hate
1991 4968 2059 5023 ab

463 5068 614 5122 initio
647 5065 924 5135 praevideri
967 5064 1237 5135 oportuit,
1277 5073 1331 5118 et
1375 5063 1586 5134 quando
1633 5063 1784 5116 freno
1819 5062 2058 5118 cohiberi

465 5166 697 5227 poterat,
726 5171 847 5211 cum
871 5156 1084 5224 juvenis
1112 5154 1398 5211 admodum
1430 5163 1592 5220 esset,
1625 5170 1746 5208 eum
1775 5154 2060 5224 diligenter

466 5249 707 5312 frenari,
759 5258 812 5304 et
850 5243 1028 5304 cilicio
1072 5264 1170 5302 suo
1209 5247 1356 5318 fungi
1399 5248 1672 5302 assuelicri
1700 5289 1715 5314 ,
1747 5248 2058 5313 informari,

469 5342 669 5398 morbis
695 5341 812 5410 ejus
854 5342 1048 5394 anima:
1092 5341 1386 5394 remedium
1433 5339 1696 5394 adhiberi.
1731 5340 1953 5407 Quando
1981 5339 2060 5393 fa-

469 5435 625 5488 cilior
653 5442 766 5488 erat
791 5431 1097 5502 agricolatio
1119 5470 1135 5495 ,
1167 5439 1277 5484 tum
1323 5431 1550 5485 resecari
1582 5434 1762 5501 spinas
1790 5432 2058 5499 oportuit,

471 5525 704 5595 quando,
732 5540 850 5579 cum
883 5532 1065 5577 tenera
1093 5531 1234 5575 esset
1259 5531 1409 5586 tetas,
1443 5521 1646 5576 facilius
1672 5521 2059 5586 evellebautur,

479 5631 649 5686 neque
674 5617 950 5687 passiones
977 5613 1254 5682 neglectae,
1283 5623 1336 5667 et
1362 5621 1554 5679 auctzn,
1585 5621 1892 5682 cxpugnatu
1915 5611 2059 5665 difﬁ-

480 5707 610 5760 ciles
639 5707 953 5761 evasissent.
987 5705 1188 5763 Idcirco
1203 5703 1332 5759 dicit
1361 5721 1374 5760 :
1407 5705 1570 5760 Curva
1596 5720 1628 5756 a
1656 5703 1874 5773 pueritia
1898 5701 2058 5756 cervi-

460 5811 583 5869 ,ccnt
602 5802 710 5869 ejus
737 5795 924 5869 (Eucti.
949 5799 1001 5853 7.
1027 5796 1151 5868 '25),
1183 5797 1394 5869 quando
1418 5795 1622 5853 laciiius
1641 5807 1816 5869 potest
1836 5800 2051 5860 erudiri.

1146 372 1202 425 S.
1243 370 1521 426 JOANNIS
1569 366 2044 424 CIIRYSOSTOMI
2099 365 2414 420 AlttjlllliP.
2456 362 2990 418 CONSTANTINOP.

3602 362 3710 414 32H

2132 483 2309 552 Neque
2338 498 2463 536 vero
2493 481 2724 549 przeeipit
2759 488 2962 534 tantum
2987 519 3002 542 ,
3034 478 3126 532 sed
3154 487 3206 532 et
3234 479 3344 547 ipse
3371 486 3541 534 tecmu
3572 492 3714 548 Opus,

2127 573 2444 643 aggreditur.
2469 573 2583 638 Quo
2615 569 2822 623 tandem
2853 569 3039 639 pacto?
3069 568 3169 634 Qui
3200 568 3453 620 maledicit
3482 579 3612 638 patri
3637 576 3711 622 vet

2126 671 2312 729 matri,
2345 665 2550 732 inquit,
2593 672 2750 716 morte
2793 670 2960 730 pereat
3004 659 3206 728 (Exod.
3246 659 3337 712 21.
3385 659 3443 711 Π
3469 667 3503 725 ).
3552 656 3713 713 Vides

2124 767 2374 828 quantum
2408 756 2509 809 illis
2536 756 2778 809 timorem
2823 750 3141 806 incu5serit?
3178 761 3429 820 quantam
3467 750 3710 803 formidi-

2125 865 2247 902 nem
2275 845 2569 916 objecerit?
2596 861 2752 914 quam
2783 843 2980 913 potenti
3029 842 3253 909 imperio
3300 841 3500 910 pollere
3531 849 3582 894 te
3607 855 3710 894 Y0-

2126 939 2319 993 luerit?
2356 939 2522 1006 Quam
2553 952 2650 989 nos
2678 937 2834 1005 igitur
2860 937 3258 989 excusationem
3294 931 3584 988 obtendere
3618 931 3716 1002 poi

2126 1037 2366 1097 tcrimus,
2399 1048 2518 1084 eum
2550 1031 2664 1100 ipse
2692 1029 2926 1098 quidem,
2957 1028 3000 1080 si
3033 1043 3129 1079 nos
3156 1025 3451 1078 afﬁciantur
3479 1025 3669 1094 injuria
3702 1067 3718 1090 ,

2128 1142 2194 1178 ne
2233 1126 2352 1176 \‘ilzu
2378 1122 2589 1191 quidem
2644 1129 2820 1190 parcat
2871 1119 3103 1189 ipsorum
3135 1135 3146 1170 :
3181 1132 3276 1170 nos
3321 1129 3536 1180 autem,
3565 1115 3608 1169 si
3651 1117 3723 1168 ab

2127 1217 2229 1271 illis
2255 1217 2362 1270 Deo
2393 1216 2645 1269 inferatur
2685 1212 2906 1282 injuria,
2937 1227 3004 1265 ne
3032 1225 3349 1264 succensere
3371 1208 3584 1278 quidem
3614 1208 3720 1262 illis

2127 1307 2389 1362 velimus?
2419 1307 2528 1375 Ego
2562 1321 2659 1359 nec
2686 1303 2930 1358 occidere
2957 1303 3102 1356 illum
3129 1318 3319 1356 retuso
3340 1345 3354 1367 ,
3387 1301 3474 1370 qui
3509 1311 3559 1354 te
3583 1302 3716 1355 alic-

2126 1400 2198 1452 cit
2244 1398 2430 1464 injuria
2465 1419 2476 1450 :
2511 1407 2562 1448 tu
2595 1411 2724 1449 vero
2770 1411 2835 1449 ne
2866 1394 3039 1447 verbis
3081 1393 3294 1462 quidem
3339 1395 3489 1446 illum
3518 1394 3718 1447 contri-

2129 1501 2271 1543 stare
2294 1489 2546 1558 dignaris,
2571 1487 2761 1556 inquit,
2785 1503 2812 1538 a
2836 1503 2940 1556 quo
2961 1487 3105 1556 leges
3121 1501 3252 1539 mea:
3275 1486 3556 1539 violantur.
3581 1485 3719 1539 Num

2131 1584 2245 1635 ba-c
2269 1583 2419 1636 venia
2445 1582 2636 1650 digna?
2664 1581 2824 1635 Vides
2855 1580 2990 1634 afﬁci
3022 1581 3340 1634 contumelia
3369 1578 3679 1636 Creatorem
3700 1622 3724 1656 ,_

2131 1691 2227 1728 nec
2258 1675 2550 1744 indignaris
2572 1715 2585 1737 ,
2621 1689 2793 1743 neque
2821 1682 2986 1726 terres
3011 1715 3024 1736 ,
3053 1689 3152 1727 nec
3179 1671 3548 1741 reprehendis,
3577 1687 3718 1742 pra:-

2097 1767 2311 1850 'sertim
2343 1781 2461 1820 cum
2505 1766 2763 1836 intelligas
2789 1766 2892 1819 huc
2934 1783 2964 1821 a
2995 1766 3103 1819 Deo
3146 1765 3306 1820 fuisse
3349 1765 3716 1835 prohibitum,

2131 1875 2235 1911 non
2265 1857 2405 1928 quod
2435 1857 2522 1910 ille
2552 1858 2818 1928 quidpiam
2851 1856 3153 1910 detrimenti
3188 1857 3427 1926 patiatur,
3465 1858 3554 1923 qui
3585 1872 3720 1909 con-

2134 1950 2404 2003 tumeliam
2448 1950 2652 2018 accepit
2683 1950 2895 2018 (neque
2937 1949 3078 2002 enim
3115 1948 3319 2002 Numen
3367 1949 3598 2002 iuteritui
3643 1959 3726 2002 est

2131 2039 2492 2110 obnoxium),
2533 2039 2626 2094 sed
2670 2048 2886 2108 propter
2927 2040 3154 2093 salutem
3201 2041 3398 2109 ipsius?
3439 2041 3538 2107 Qui
3579 2041 3727 2094 enim

2134 2131 2312 2200 inique
2343 2145 2402 2185 se
2430 2131 2563 2200 gerit
2607 2131 2657 2184 in
2704 2131 2869 2184 Deum
2906 2141 2959 2184 et
2998 2131 3226 2195 stolide,
3262 2132 3428 2184 multo
3459 2133 3628 2201 magis
3673 2133 3725 2184 in

2136 2209 2337 2292 patrem
2358 2239 2510 2276 suum
2534 2233 2586 2278 et
2611 2223 2660 2276 in
2691 2238 2837 2275 suam
2864 2223 3028 2292 ipsius
3051 2224 3280 2276 animam
3305 2224 3729 2278 contumeliosus

2135 2329 2186 2370 et
2216 2315 2449 2368 insolens
2477 2330 2594 2369 esse
2623 2316 2839 2382 poterit.

2207 2411 2261 2463 8.
2291 2409 2365 2462 Ne
2399 2409 2552 2478 igitur
2577 2418 3015 2472 contemnamus,
3056 2423 3177 2462 cum
3209 2409 3440 2461 sciamus
3467 2408 3578 2461 fore
3601 2450 3616 2473 ,
3665 2416 3729 2461 ut

2139 2501 2180 2554 si
2208 2516 2331 2570 erga
2364 2499 2527 2553 Deum
2561 2508 2703 2552 recte
2729 2515 2785 2551 se
2814 2500 3075 2568 gesserint
3099 2540 3113 2560 ,
3146 2501 3301 2551 etiam
3333 2499 3382 2550 in
3417 2498 3478 2551 iis
3509 2515 3626 2569 qum
3656 2499 3727 2552 ad

2141 2591 2277 2646 lutnc
2311 2593 2469 2643 \‘itanl
2505 2591 2772 2658 pertinent
2807 2591 3046 2644 celebres
3096 2591 3202 2643 sint
3241 2600 3294 2643 et
3336 2591 3584 2644 lillhll‘t‘S.
3627 2591 3734 2656 Qui

2140 2683 2280 2736 enim
2313 2683 2474 2733 vitam
2518 2697 2636 2733 eum
2682 2681 2874 2734 virtute
2905 2681 3269 2748 modestiaque
3315 2680 3577 2743 traducit,
3606 2697 3734 2734 eum

2141 2789 2327 2828 Omnes
2357 2782 2669 2828 reverentur
2713 2781 2766 2826 et
2792 2773 3010 2837 eolunt,
3055 2773 3122 2825 sit
3162 2773 3282 2824 licet
3322 2773 3556 2825 ninnium
3599 2788 3738 2842 pau-

2146 2868 2406 2936 perrimus
2429 2909 2441 2929 ,
2474 2868 2609 2918 sicut
2638 2865 2936 2934 improbum
2965 2880 3027 2918 ac
3050 2865 3392 2933 depravatum
3421 2874 3740 2919 aversantur

2145 2971 2198 3014 et
2225 2960 2349 3013 odio
2382 2969 2772 3028 prOsequtmlur
2803 2974 3008 3022 orunes,
3044 2959 3164 3010 licet
3192 2959 3380 3025 opilms
3422 2957 3600 3009 nmltis
3629 2958 3736 3008 cir-

2146 3054 2417 3106 cumlluat.
2439 3051 2618 3120 Neque
2639 3052 2808 3104 solum
2833 3049 3041 3126 caeteris
3069 3048 3370 3102 hominibus
3396 3047 3742 3102 venerandus

2148 3145 2268 3207 erit,
2300 3145 2391 3199 sed
2421 3145 2509 3197 tibi
2541 3143 2658 3211 ejus
2684 3141 2889 3212 parenti
2915 3141 3018 3196 erit
3045 3141 3240 3205 carior,
3275 3156 3391 3194 cum
3419 3147 3614 3209 pratter
3647 3155 3749 3191 na-

2149 3244 2322 3288 turam
2370 3234 2538 3288 nihilo
2580 3234 2840 3287 minorem
2875 3232 3070 3287 haheat
3115 3232 3451 3286 occasionem
3499 3231 3744 3290 amoris.

2149 3326 2317 3396 ipsam
2360 3328 2606 3380 virtutem
2639 3341 2654 3380 :
2689 3341 2859 3393 neque
2904 3340 3032 3377 vero
3075 3324 3246 3377 solum
3290 3323 3498 3387 carior,
3547 3321 3644 3376 sed
3691 3332 3748 3375 et

2151 3417 2330 3471 utilior
2361 3417 2462 3469 erit
2492 3416 2581 3470 tibi
2607 3415 2731 3469 dum
2763 3416 2923 3478 colet,
2958 3414 3085 3468 dum
3115 3415 3388 3477 inserviet,
3419 3413 3545 3467 dum
3574 3413 3624 3466 in
3654 3429 3747 3467 se-

2153 3520 2365 3564 nectute
2386 3508 2726 3563 sustentabit.
2752 3507 2822 3562 Ut
2851 3508 2992 3562 enim
3015 3507 3104 3576 qui
3127 3516 3251 3561 sunt
3282 3507 3333 3559 in
3364 3505 3531 3559 Deum
3560 3504 3748 3574 injurii

2153 3610 2207 3654 et
2238 3600 2447 3670 ingrati,
2471 3601 2628 3654 etiam
2661 3607 2910 3668 parentes
2939 3609 3292 3668 aspernantur
3320 3615 3334 3652 :
3368 3599 3437 3651 ita
3466 3597 3554 3666 qui
3586 3613 3746 3650 suum

2154 3693 2494 3746 Conditorem
2523 3692 2732 3756 colunt,
2765 3692 3031 3758 ingentem
3073 3689 3405 3759 genitoribus
3430 3690 3541 3742 suis
3569 3688 3750 3742 bono-

2157 3803 2268 3840 rem
2297 3784 2563 3840 deferunt.
2597 3784 2661 3839 Ut
2694 3785 2850 3854 igitur
2872 3794 2924 3837 ct
2946 3783 3087 3852 apud
3117 3784 3280 3837 Deum
3315 3791 3368 3836 et
3396 3781 3537 3850 apud
3570 3781 3752 3834 homi-

2158 3891 2254 3930 nes
2284 3877 2419 3930 bene
2457 3875 2641 3928 audias
2663 3914 2680 3935 ,
2711 3874 2910 3945 tibique
2941 3874 3101 3926 vitam
3137 3871 3428 3942 jucundam
3459 3871 3655 3936 facias,
3683 3885 3753 3924 ac

2157 3967 2350 4022 futuris
2379 3968 2552 4036 pmnis
2586 3966 2846 4029 libereris,
2874 3965 3019 4019 omni
3051 3965 3221 4034 ipsum
3243 3964 3418 4018 studio
3446 3963 3585 4018 cole.
3611 3962 3753 4016 Nam

2159 4074 2252 4113 eos
2281 4058 2492 4127 quidem
2525 4058 2612 4126 qui
2644 4056 2935 4111 liberorum
2965 4071 3149 4111 curam
3193 4071 3299 4110 non
3327 4058 3624 4125 gesserint,
3671 4067 3758 4109 ta-

2160 4149 2314 4202 tnelsi
2343 4148 2666 4217 cwteroquin
2699 4147 2924 4202 modesti
2953 4147 3149 4202 fuerint
3178 4156 3336 4215 atque
3366 4148 3646 4212 moderati,
3681 4149 3756 4201 ob

2161 4240 2297 4294 istud
2326 4251 2602 4311 peccatum
2636 4256 2818 4310 pinnas
2846 4241 3186 4310 gravissimas
3211 4241 3458 4306 Iuituros,
3485 4258 3550 4295 ex
3581 4241 3757 4296 veteri

2160 4333 2424 4386 constabit
2449 4332 2666 4386 historia
2691 4373 2704 4395 ,
2736 4349 2892 4402 quam
2926 4337 3176 4386 narrabo.

2237 4425 2356 4478 Heli
2385 4437 2528 4495 pater
2556 4427 2707 4479 nimis
2727 4427 3014 4497 indulgens.
3037 4456 3108 4466 —
3128 4426 3391 4482 Sacerdos
3417 4425 3516 4481 fuit
3535 4427 3760 4497 quidam

2161 4517 2298 4586 apud
2322 4517 2534 4571 Judzeos
2559 4517 2883 4587 caeteroquin
2910 4515 3206 4584 modestus,
3237 4533 3299 4573 ac
3325 4518 3484 4583 lenis,
3510 4518 3623 4572 Heli
3652 4536 3760 4573 no-

2164 4611 2324 4663 mine.
2384 4609 2517 4663 l‘luic
2560 4609 2716 4680 igitur
2762 4609 2881 4665 Heli
2920 4610 3026 4664 duo
3067 4609 3278 4664 fuerunt
3317 4611 3508 4677 liberi,
3551 4613 3640 4680 qui
3692 4612 3762 4666 ad

2161 4717 2428 4754 sunnumn
2477 4700 2832 4769 improbitatis
2878 4700 3150 4772 fastigium
3195 4712 3556 4771 pervenerant
3585 4721 3600 4755 :
3633 4701 3762 4757 illos

2164 4801 2340 4846 autem
2368 4808 2472 4846 non
2503 4793 2824 4860 reprimebat
2853 4793 2960 4859 ille,
2989 4809 3091 4847 nec
3117 4793 3432 4862 prohibebat
3455 4811 3469 4846 :
3491 4794 3601 4848 imo
3626 4809 3760 4850 vero

2165 4882 2492 4952 reprimebat
2528 4883 2620 4938 ille
2644 4884 2859 4954 quidem
2883 4925 2899 4952 ,
2942 4895 3101 4954 atque
3141 4885 3488 4954 prohibebat,
3520 4884 3616 4939 sed
3647 4900 3759 4944 non

2165 4982 2309 5028 tanta
2338 4990 2458 5029 cum
2488 4975 2760 5044 diligentia
2794 4985 2850 5031 et
2877 4977 3243 5044 vehementia,
3272 4986 3467 5046 quanta
3493 4991 3631 5047 opus
3659 4976 3769 5033 fuit

2166 5065 2242 5134 (1.
2273 5065 2401 5137 Reg.
2431 5066 2486 5119 2.
2518 5066 2630 5136 Η).
2665 5064 2796 5120 Cum
2824 5067 2967 5122 enim
3000 5068 3182 5137 ﬂagris
3210 5069 3418 5122 aedere
3443 5067 3763 5136 debuisset,

2165 5157 2324 5210 domo
2370 5165 2589 5226 paterna
2625 5157 2821 5228 ejicere
2845 5199 2859 5222 ,
2890 5174 3105 5212 onmem
3148 5159 3498 5214 correctionis
3537 5158 3763 5214 modum

2165 5249 2459 5316 adhibere,
2505 5248 2886 5304 cohortabatur
2923 5251 3097 5304 solum
3141 5260 3196 5304 et
3232 5250 3546 5305 consulebat
3575 5252 3646 5304 ita
3669 5250 3764 5306 di—

2167 5354 2326 5393 cens:
2353 5338 2454 5402 Ne,
2491 5340 2604 5407 ﬁlii,
2635 5356 2696 5394 ne
2723 5341 2794 5394 ita
2823 5341 3025 5408 faciatis
3056 5355 3074 5393 :
3102 5341 3343 5408 quoniam
3371 5357 3474 5394 non
3504 5344 3634 5393 bona
3660 5357 3766 5393 ast-

2168 5431 2315 5495 ditio,
2348 5447 2499 5500 quam
2526 5431 2680 5483 audio
2718 5431 2781 5485 de
2816 5431 2954 5484 vobis
2979 5433 3057 5500 (1.
3092 5430 3221 5502 Reg.
3243 5431 3298 5485 2.
3329 5431 3449 5501 24).
3478 5431 3617 5497 Quid
3636 5431 3764 5486 ais?

2171 5519 2338 5574 Deum
2365 5521 2556 5590 injuria
2581 5520 2876 5576 all’eccrunt
2898 5560 2914 5576 .
2945 5530 3000 5576 et
3035 5521 3172 5576 ﬁlios
3198 5523 3476 5592 appellas?
3501 5521 3768 5579 Condito-

2147 5617 2281 5664 rem
2315 5611 2624 5680 ignorarunt
2643 5653 2658 5680 ,
2685 5619 2740 5666 et
2770 5621 2824 5666 tu
2865 5613 3316 5684 propinquitatem
3347 5614 3557 5668 illorum
3585 5629 3765 5684 agno-

2168 5701 2312 5756 scis?
2352 5703 2637 5773 Propterea
2684 5703 2846 5771 dicit,
2889 5720 3011 5760 eum
3054 5723 3161 5761 non
3203 5707 3546 5767 admonuisse
3585 5706 3759 5762 illos:

2174 5795 2465 5854 admonitio
2493 5797 2635 5854 enim
2663 5809 2744 5857 cst
2781 5800 2824 5857 si
2864 5822 2970 5865 uon
3020 5813 3315 5873 utcumque
3341 5801 3622 5858 consilium
3659 5800 3762 5857 de-
