4020 6370
280 213 390 270 32⁸1

277 332 334 382 εἰ
377 327 550 381 nam!
578 327 728 397 ἔργῳ
756 328 954 399 ἀγαθῷ
981 331 1464 399 ἐπηκολούθησε.
1502 331 1718 383 Τούτων
1745 331 1854 399 γὰρ

276 425 513 476 ἕκαστον
571 423 718 476 δοκεῖ
750 423 848 492 μὲν
878 419 1016 477 εἶναι
1053 426 1203 494 ῥῆμα
1249 425 1422 494 ψιλὸν,
1459 425 1659 495 πολλὴν
1683 424 1739 476 δὲ
1799 425 1858 478 ἐν

275 513 463 584 ἐαυτῷ
491 515 703 585 συνέχει
729 513 827 586 τὴν
851 515 1016 585 ζωήν.

349 629 416 693 ζ’.
437 629 546 680 Καὶ
563 630 610 680 εί
627 627 790 690 δοκεῖ,
806 628 1042 699 πρῶτον,
1061 627 1404 700 ἐξετάσωμεν
1419 631 1445 683 ὃ
1463 629 1676 701 πρῶτον
1695 629 1858 693 αὐτὸς

269 719 524 772 τέθεικεν
547 735 559 747 ·
605 722 673 771 Εἰ
706 720 1198 788 ἐτεκνοτρόφησε.
1240 721 1456 790 Τροφὴν
1483 723 1590 792 γὰρ
1621 719 1854 773 ἐνταῦθα

308 811 427 877 ἐγει
473 809 533 861 οὐ
567 808 774 877 ταύτην
808 811 908 873 τὴν
950 811 1110 880 ψιλὴν
1141 812 1236 864 καὶ
1270 812 1421 882 παρὰ
1472 815 1581 874 τοῖς
1641 811 1856 874 πολλοῖς

270 902 658 972 νομιζομένην,
680 903 738 955 τὸ
764 903 837 973 μὴ
855 902 998 972 λιμῷ
1023 901 1412 974 φθειρομένους
1436 904 1699 974 περιιδεῖν
1727 901 1854 963 τοὺς

272 997 476 1060 παῖδας
497 1014 509 1027 ’
549 997 706 1049 τοῦτο
737 997 846 1066 γὰρ
875 997 995 1048 οὐδέ
1031 997 1166 1066 αὐτὴ
1197 997 1296 1066 τῆς
1328 998 1540 1064 φύσεως
1573 999 1604 1066 ὴ
1638 995 1852 1066 ἀνάγκη

268 1091 467 1161 ἀφίησι
509 1089 967 1160 παραμεληθῆναί
999 1106 1127 1140 ποτε
1153 1106 1166 1120 ο
1205 1090 1326 1142 ὃθεν
1349 1089 1469 1141 οὐδέ
1496 1090 1854 1159 προσταγμά-

264 1198 378 1234 των
408 1181 552 1252 ὑπὲρ
601 1181 793 1234 τούτου
835 1181 993 1250 χρεία
1032 1183 1126 1233 καὶ
1180 1180 1378 1250 νόμων,
1427 1181 1512 1233 ἵνα
1543 1181 1609 1233 τὰ
1651 1181 1851 1246 ἔκγονα

261 1275 547 1344 τρέφωσιν
574 1276 630 1326 αί
659 1275 822 1344 χῆραι
845 1290 858 1303 ·
881 1273 1015 1326 ἀλλά
1043 1274 1142 1343 τὴν
1169 1275 1266 1343 τῆς
1293 1273 1639 1342 δικαιοσύνης
1665 1275 1852 1342 ἐπιμέ-

271 1365 451 1423 λειαν,
470 1365 571 1434 τὴν
587 1366 902 1435 ἀνατροφὴν
921 1365 1020 1436 τὴν
1041 1367 1158 1435 μετ’
1183 1366 1468 1427 εὐλαϐείας
1491 1365 1725 1418 ἐνταῦθά
1748 1384 1850 1436 φη-

265 1470 384 1506 σιν·
411 1453 487 1516 ὼς
521 1453 582 1504 αἵ
609 1471 671 1522 γε
704 1454 778 1524 μὴ
811 1453 954 1506 οὕτω
976 1454 1294 1522 τρέφουσαι,
1325 1454 1672 1523 ,παιδοκτόνοι
1710 1454 1848 1524 μᾶλ-

261 1546 359 1600 λόν
391 1549 530 1600 εἰσιν
567 1547 601 1618 ἦ
637 1547 891 1617 μητέρες.
922 1546 1092 1600 Τοῦτο
1116 1547 1176 1598 οὐ
1221 1547 1359 1615 πρὸς
1385 1550 1646 1614 γυναῖκας
1676 1547 1836 1616 μόνον

262 1639 431 1708 λέγω,
465 1639 603 1692 ἀλλά
636 1639 887 1710 καὶπρὸς
912 1639 1134 1709 ἄνδρας.
1167 1640 1274 1692 Καὶ
1303 1638 1412 1708 γὰρ
1444 1639 1628 1691 πολλοὶ
1653 1639 1848 1692 πολλά-

264 1751 357 1796 κις
379 1731 491 1785 τῶν
516 1732 794 1802 πατέρων,
829 1733 978 1794 ὅπως
1011 1733 1108 1800 μὲν
1148 1732 1313 1792 ἵππος
1342 1732 1552 1798 γένοιτο
1575 1730 1735 1793 καλὸς
1770 1730 1847 1799 τῷ

264 1825 440 1890 παιδὶ,
475 1825 571 1878 καὶ
602 1825 750 1887 ὅπως
779 1823 926 1876 οἰκία
962 1823 1214 1894 λαμπρὰ,
1255 1825 1349 1875 καὶ
1376 1824 1521 1886 ὅπως
1549 1822 1846 1892 πολυτελὴς

259 1917 454 1987 ἀγρὸς.
484 1918 662 1970 πάντα
696 1916 911 1968 ποιοῦσι
951 1917 1046 1968 καὶ
1073 1915 1588 1987 πραγματεύονταιο
1614 1916 1761 1977 ὅπως
1790 1915 1846 1966 δὲ

259 2009 414 2078 αὐτῷ
465 2008 610 2079 ψυχὴ
655 2007 863 2076 γένοιτο
918 2007 1058 2075 καλὴ
1109 2007 1203 2058 καὶ
1238 2006 1558 2076 προαίρεσις
1591 2005 1841 2074 εὐσεϐὴς,

258 2099 454 2153 οὐδένα
486 2099 669 2168 ἔχουσι
715 2099 892 2166 λόγον.
937 2099 1047 2151 Καὶ
1075 2096 1233 2149 τοῦτό
1272 2101 1441 2158 ἐστιν,
1481 2095 1509 2147 ὃ
1538 2096 1634 2168 τὴν
1665 2099 1845 2149 οἰκου-

261 2189 434 2261 μένην
470 2189 620 2260 [317]
655 2189 952 2258 ἀνατρέπει
991 2189 1190 2251 πᾶσαν,
1219 2189 1298 2241 ὅτι
1327 2188 1436 2239 τῶν
1462 2187 1676 2240 οἰκείων
1702 2189 1840 2257 ἀμε-

254 2281 461 2351 λοῦμεν
493 2282 718 2345 παίδων,
755 2282 976 2333 καὶτῶν
1005 2281 1103 2351 μέν
1130 2280 1427 2350 κτημάτων
1449 2279 1628 2334 αὐτῶν
1651 2283 1840 2349 ἐπιμε-

255 2372 525 2443 λούμεθα,
557 2371 655 2442 τῆς
682 2373 734 2425 δὲ
763 2372 942 2442 ψυχῆς
969 2372 1147 2426 αὐτῶν
1179 2371 1651 2443 καταφρονοῦμεν,
1676 2371 1840 2440 ἐσχά-

253 2480 357 2533 της
403 2462 590 2524 ἀνοίας
641 2463 876 2530 πρᾶγμα
909 2460 1293 2530 ὑπομένοντες.
1326 2461 1405 2512 Ta
1439 2461 1536 2530 μὲν
1565 2459 1673 2530 γὰρ
1707 2462 1840 2530 κτή-

258 2571 410 2622 ματα
441 2551 543 2605 κᾶν
566 2551 737 2604 πολλά
830 2551 922 2604 καὶ
955 2551 1240 2623 πολυτελῆ,
1269 2550 1359 2604 τοῦ
1387 2550 1685 2622 δυναμένου
1721 2551 1839 2621 μετ’

254 2646 464 2717 ἀρετῆς
503 2646 646 2698 αὐτὰ
673 2647 976 2716 οἰκονομεῖν
1007 2647 1107 2698 οὐκ
1129 2646 1280 2708 ὄντος
1316 2646 1631 2708 σπουδαίου,
1660 2646 1838 2698 πάντα

250 2739 542 2792 ἀπολεῖται
588 2739 682 2791 καὶ
749 2739 1030 2808 οἰχήσεται
1085 2737 1200 2808 μετ’
1258 2738 1444 2802 αὐτοῦ,
1493 2741 1586 2791 καὶ
1635 2738 1839 2808 βλάϐην

251 2831 493 2902 ἐσχάτην
523 2830 733 2898 ἐνέγκοι
752 2842 788 2886 ,α
808 2829 886 2900 τῷ
919 2831 1276 2900 κεκτημένῳ·
1306 2830 1372 2883 ἂν
1395 2831 1506 2900 δὲή
1538 2830 1684 2899 ψυχὴ
1715 2846 1838 2898 γεν-

255 2921 386 2974 ναία
416 2921 643 2990 γένηται
680 2920 773 2973 καὶ
812 2920 1121 2990 φιλόσοφος,
1152 2920 1255 2973 κᾶν
1309 2921 1474 2991 μηδὲν
1513 2920 1662 2972 ἔνδον
1700 2922 1840 2973 ἀπο-

248 3013 510 3080 κείμενον
556 3007 613 3083 ᾖ,
662 3010 730 3064 τὰ
771 3011 986 3064 πάντων
1019 3011 1308 3082 δυνήσεται
1343 3012 1483 3083 μετά
1522 3013 1706 3076 ἀδείας
1740 3030 1836 3064 συ-

253 3107 430 3176 σχεῖν.
459 3106 551 3156 Δεῖ
565 3105 748 3156 τοίνυν
768 3107 1010 3165 σκοπεῖν,
1037 3105 1132 3173 οὐχ
1157 3105 1304 3168 ὅπως
1330 3105 1528 3169 αὐτοὺς
1546 3105 1836 3168 πλουσίους

249 3200 311 3249 ἐν
340 3196 593 3268 ἀργυρίῳ
619 3196 713 3248 καί⁵
734 3197 940 3268 χρυσίῳ
969 3197 1064 3250 καὶ
1083 3199 1194 3259 τοῖς
1214 3197 1476 3260 τοιούτοις
1494 3198 1834 3268 ποιήσωμεν,

248 3291 369 3343 ἀλλ’
398 3291 544 3353 ὅπως
578 3291 636 3342 ἐν
671 3289 928 3359 εὐλαϐείᾳ
955 3289 1048 3341 καὶ
1079 3289 1369 3360 φιλοσοφίᾳ
1402 3291 1496 3342 καὶ
1519 3293 1711 3360 κτήσει
1738 3291 1835 3360 τῆς

247 3385 455 3456 ἀρετῆς
497 3383 717 3436 πάντων
759 3380 988 3450 γένοιντ’
1027 3380 1094 3434 ἂν
1125 3381 1526 3452 εὐπορώτεροι’
1577 3383 1725 3443 ὅπως
1757 3383 1832 3452 μὴ

249 3477 468 3530 πολλῶν
512 3475 737 3537 δέοιντο,
775 3475 925 3536 ὅπως
973 3472 1046 3544 μὴ
1081 3473 1212 3543 περὶ
1239 3473 1310 3525 τά
1345 3473 1573 3542 βιωτικά
1610 3474 1703 3525 καὶ
1733 3474 1833 3537 τὰς

248 3568 587 3640 νεωτερικὰς
605 3566 899 3636 ἐπιθυμίας
925 3559 1058 3618 ὦσιν
1087 3566 1435 3637 ἐπτοημένοι.
1467 3569 1578 3620 Καὶ
1598 3569 1696 3631 τὰς
1723 3569 1836 3620 είσ-

245 3661 405 3724 όδους
451 3657 653 3720 αὐτῶν,
702 3661 797 3710 καὶ
827 3658 927 3720 τὰς
972 3657 1188 3722 ἐξόδους
1229 3657 1347 3727 μετ’
1393 3657 1682 3729 ἀκριϐείας
1738 3674 1836 3711 πε·

249 3747 644 3824 ριεργάζεσθαι
690 3745 818 3816 χρὴ,
857 3745 958 3809 τὰς
1009 3744 1315 3816 διατριϐὰς,
1365 3747 1467 3809 τὰς
1523 3748 1830 3814 συνουσίας,

247 3844 462 3904 εἰδότας
503 3841 586 3893 ὅτι
621 3838 823 3891 τούτων
870 3836 1289 3908 ἀμελουμένων,
1326 3839 1583 3910 οὐδεμίαν
1639 3841 1833 3912 ἕξομεν

249 3927 408 3999 παρά
434 3924 512 3994 τῷ
543 3922 663 3991 Θεῷ
715 3919 1061 3990 συγγνώμην.
1105 3921 1168 3973 Εἰ
1211 3921 1321 3993 γὰρ
1371 3924 1470 3994 τῆς
1501 3925 1610 3977 τῶν
1657 3927 1834 3980 ἄλλων

247 4006 512 4080 προνοίας
563 4000 943 4070 ἀπαιτούμεθα
973 4000 1072 4060 τάς
1106 4000 1336 4065 εὐθύνας
1367 4004 1691 4073 (Ἕκαστος
1722 4008 1832 4077 γὰρ

242 4094 331 4164 μὴ
372 4093 438 4144 τὸ
469 4087 686 4142 ἑαυτοῦ
731 4084 988 4150 ζητείτω.
1031 4085 1220 4154 φησὶν,
1264 4087 1427 4140 ἀλλὰ
1456 4089 1523 4141 τὸ
1551 4093 1658 4143 τοῦ
1685 4098 1832 4160 πλη-

248 4179 439 4238 σίον),
469 4172 620 4241 πόσῳ
669 4169 868 4240 μᾶλλον
900 4168 999 4238 τῆς
1032 4167 1140 4220 τῶν
1165 4168 1408 4234 παίδωνς
1441 4173 1514 4224 Οὐ
1548 4174 1832 4245 κατῴκισά

251 4278 358 4323 σοι,
394 4257 582 4328 φησὶν,
632 4253 794 4308 αὐτὸν
823 4251 883 4316 ἐξ
930 4250 1142 4321 ἀρχῆςς
1191 4253 1468 4323 ἐπέστησα
1498 4256 1554 4308 δέ
1590 4275 1648 4312 σε
1682 4262 1831 4334 αύτῴ

247 4340 571 4398 διδάσκαλον
597 4338 691 4390 καί⁹
711 4335 1022 4407 προστάτην
1042 4337 1136 4386 καὶ
1158 4337 1428 4405 κηδεμόνα
1453 4341 1548 4392 καὶ
1571 4343 1826 4413 ἄρχοντας

247 4427 349 4497 τὴν
375 4421 626 4489 ἐξουσίαν
654 4419 820 4472 αὐτοῦ
846 4419 1026 4471 πᾶσαν
1048 4417 1230 4487 φέρων
1246 4421 1326 4482 εἰς
1349 4420 1446 4483 τὰς
1475 4422 1573 4486 σὰς
1596 4427 1830 4499 ἐνέθηκα

248 4512 477 4582 χεῖρας;
533 4503 768 4557 Ἀπαλὸν
819 4502 949 4555 ὄντα
1002 4499 1350 4554 διαπλάττειν
1405 4506 1688 4574 ἐκέλευσα,
1736 4515 1830 4567 καὶ

250 4592 576 4666 ῥυθμίζεινο
615 4589 772 4642 ποίαν
805 4589 871 4640 ἂν
897 4585 1041 4657 ἔχοις
1078 4586 1432 4659 συγγνώμην,
1485 4596 1532 4648 εἰ
1569 4596 1829 4666 περιίδοις

241 4677 413 4733 αὐτὸν
442 4673 964 4743 ἀποσκιρτήσαντα;
993 4674 1058 4727 Τί
1086 4674 1196 4746 γὰρ
1222 4675 1289 4728 ἂν
1316 4674 1530 4743 είποις;
1579 4679 1662 4731 δτι
1705 4682 1829 4736 δυσ,

247 4759 398 4832 ήνιός
433 4758 550 4809 ἐστι
590 4756 684 4809 καὶ
732 4756 965 4826 τραχύς;
1024 4757 1162 4810 Ἀλλ’
1202 4759 1260 4824 ἐξ
1312 4761 1485 4830 ἀρχῆς
1527 4760 1631 4815 ἔδει
1657 4765 1826 4820 ταῦτα

247 4840 597 4913 προορῶντα,
642 4841 729 4892 ὅτε
761 4841 976 4911 εὐήνιος
1009 4837 1098 4912 ἦν,
1128 4845 1224 4896 καὶ
1261 4843 1457 4916 κομιδῆ
1499 4845 1634 4910 νέος,
1674 4849 1826 4918 χαλι-

243 4927 369 4980 νοῦν
404 4923 521 4995 μετ’
550 4922 857 4994 ἀκριϐείας,
892 4923 1091 4987 ἐθίζειν
1126 4925 1262 4996 πρὸς
1288 4927 1354 4979 τὰ
1379 4927 1585 4992 δέοντα,
1624 4933 1824 5003 ῥυθμξ..

242 5013 380 5077 ζειν.
423 5007 672 5072 κολάζειν
701 5007 870 5061 αὐτοῦ
907 5007 979 5060 τὰ
1014 5011 1296 5080 νοσήματα
1324 5011 1424 5081 τῆς
1451 5013 1648 5085 ψυχῆς,
1693 5018 1822 5071 Ὅτε

241 5093 584 5162 εὐκολωτέρα
615 5094 649 5161 ἡ
684 5090 937 5162 ἐργασία,
985 5091 1107 5144 τότε
1135 5093 1235 5156 va;
1263 5094 1504 5162 ἀκάνθας
1535 5100 1822 5169 ἐκτέμνειν

238 5179 370 5241 ἔδει,
389 5179 476 5230 ὅτε
507 5177 865 5248 άπαλωτέρας
890 5175 1056 5247 οὐσης
1085 5182 1184 5249 τῆς
1217 5180 1426 5248 ἡλικίας
1457 5184 1821 5255 εὐκολώτερον

236 5261 579 5324 ἀνεσπῶντο,
626 5262 720 5314 καὶ
749 5262 850 5314 οὐκ
902 5261 969 5315 ἂν
995 5263 1343 5332 ἀμελούμενα
1383 5265 1452 5318 τά
1499 5267 1668 5337 πάθη,
1725 5271 1818 5323 καὶ

237 5349 608 5420 αὐξανόμενα,
637 5350 1092 5422 δυσκατέργαστα
1116 5352 1326 5420 γέγονε.
1357 5354 1457 5407 Διά
1476 5355 1637 5410 τοῦτό
1658 5375 1816 5429 φησι,

236 5431 505 5500 Κὰμψον
539 5433 608 5486 ἐκ
656 5435 942 5500 νεότητος
979 5434 1088 5488 τὸν
1128 5435 1432 5504 τράχηλον
1473 5439 1682 5505 αὐτοῦ,
1733 5442 1820 5494 ὅτε

238 5517 589 5590 ςύκολωτέρα
614 5519 812 5586 γένοιτ’
836 5518 902 5573 ἂν
931 5521 965 5590 ή
992 5519 1356 5589 παιδαγωγία.
1395 5523 1510 5576 Οὐκ
1543 5525 1821 5580 ἐπιτάττει

301 5655 330 5686 ⁸
351 5653 467 5705 ('od.
492 5653 583 5703 758
603 5654 723 5716 μετά
743 5654 828 5704 τοῦ
851 5655 931 5703 καὶ
945 5657 1017 5718 βλ.
1044 5656 1081 5704 ἐ.
1110 5656 1330 5718 ἐνεγκεῖν.

1375 230 1442 286 ΙΝ
1486 226 1715 285 ILLUD.
1763 225 1970 282 VIDUA
2018 228 2390 286 ELICATUR.

3430 230 3534 283 5‘38

1960 328 2017 381 δέ
2070 332 2251 400 μόνον,
2293 333 2428 386 ἁλλά
2478 335 2572 387 καὶ
2631 336 2792 399 αὐτος
2844 338 3248 403 συνετρέπτεταί
3303 357 3383 392 σοι
3437 344 3533 394 τοῦ

1960 420 2146 490 ἔργου.
2193 425 2301 476 Καὶ
2346 426 2484 492 πῶς,
2527 428 2623 481 καὶ
2659 430 2767 482 τίνι
2815 430 3033 500 τρόπῳ;
3091 433 3144 481 'U
3188 433 3536 503 κακολογῶν

1959 513 2183 583 πατέρα
2204 516 2242 582 ἢ
2267 516 2507 585 μητέρα,
2541 521 2695 588 φησὶ,
2726 521 2960 586 θανάτῳ
2987 522 3335 577 τελευτάτω.
3370 523 3534 595 Ὁρᾷς

1960 604 2126 659 πόσον
2172 607 2357 670 αὐτοῖς
2406 609 2677 680 ἐπέστησε
2728 612 2926 680 φόϐον;
2970 614 3144 684 πόσην
3200 614 3534 684 ἐπετείχισεν

1956 695 2233 762 ἁγωνίαν;
2267 700 2384 762 πῶς
2409 701 2642 772 δυνατήν
2669 720 2762 754 σου
2791 703 2888 772 τὴν
2913 705 3084 776 ἀρχὴν
3117 706 3374 777 ἐποίησε;
3400 710 3534 762 Τίνα

1956 780 2050 838 οῦν
2085 787 2380 856 ἀπολογίαν
2431 792 2650 860 ἔχοιμεν
2697 793 2762 846 ἂν
2814 799 3008 860 εἰπεῖν,
3057 798 3185 850 ὅταν
3215 800 3377 859 αὐτὸς
3411 801 3528 869 μὲν,

1956 877 2173 932 ἐπειδὰν
2207 883 2371 951 ἡμεῖς
2418 882 2794 954 ὐϐριζώμεθα,
2842 888 2975 956 μηδέ
3026 890 3125 958 τῆς
3170 890 3314 960 ζωῆς
3353 891 3531 943 αὐτῶν

1957 968 2239 1040 φείδηται·
2282 974 2442 1042 ἡμεῖς
2475 974 2552 1039 δὲ,
2579 975 2937 1046 ὑϐριζομένου
2967 977 3058 1030 τοῦ
3095 979 3230 1032 Θεοῦ
3271 983 3399 1051 παρ’
3429 983 3530 1033 αὐ-

1953 1059 2082 1118 τῶν,
2141 1062 2276 1132 μηδέ
2318 1064 2647 1131 ἀγανακτεῖν
2682 1067 2866 1131 αὐτοῖς
2901 1069 3302 1138 ὐπομένωμεν;
3364 1070 3526 1137 Ἐγὼ,

1955 1154 2138 1222 φησὶν,
2179 1155 2298 1208 οὐδέ
2344 1158 2663 1210 ἀποκτεῖναι
2700 1161 3074 1231 παραιτοῦμαι
3115 1163 3206 1216 τὸν
3241 1164 3530 1233 ὑϐρίζοντὰ

1955 1257 2013 1291 σε
2034 1259 2046 1270 °
2082 1243 2144 1295 σύ
2176 1244 2231 1296 δὲ
2263 1246 2382 1298 ούδέ
2413 1249 2619 1316 ῥήματι
2651 1247 2841 1302 λυπεῖν
2876 1251 3066 1320 ἀνέχῃ,
3103 1253 3254 1320 φησί,
3284 1253 3374 1304 τὸν
3403 1253 3529 1316 τοὺς

1953 1334 2122 1403 ἐμοὺς
2171 1338 2585 1390 καταπατοῦντα
2625 1341 2840 1408 νόμους.
2900 1342 3006 1392 Καὶ
3043 1341 3144 1392 ποῦ
3177 1340 3350 1394 ταῦτα
3397 1358 3527 1409 συγο

1949 1424 2174 1497 γνώμης
2209 1428 2367 1493 ἄξια;
2415 1429 2577 1500 Ὁρᾷς
2613 1431 2776 1482 αὐτὸν
2830 1430 3123 1500 ὑϐρίζοντα
3181 1436 3258 1494 εἰς
3297 1433 3386 1484 τὶν
3438 1450 3529 1484 πε-

1950 1520 2238 1586 ποιηκότα,
2271 1521 2364 1572 καὶ
2389 1522 2449 1572 οὐ
2476 1522 2872 1592 δυσχεραίνεις,
2900 1524 3017 1574 εἰπέ
3047 1541 3157 1592 μοι,
3187 1524 3307 1576 οὐδέ
3344 1524 3527 1593 φοϐεῖς

1949 1611 2044 1663 καὶ
2079 1614 2357 1682 ἐπιτιμᾷς,
2399 1615 2492 1666 καὶ
2531 1616 2706 1668 ταῦτα
2739 1616 2915 1678 εἰδὼς,
2948 1618 3028 1668 ὅτι
3055 1618 3150 1670 καὶ
3183 1617 3339 1670 τοῦτο
3365 1617 3525 1680 αὐτὸς

1948 1704 1976 1754 ὁ
2021 1703 2154 1767 Θεὸς
2201 1705 2498 1771 ἐκώλυσεν,
2532 1709 2632 1760 οὐκ
2673 1709 2862 1779 ἐπειδὴ
2915 1709 3087 1778 βλάϐη
3125 1709 3272 1781 [⁵518]
3319 1727 3403 1772 τις
3447 1713 3527 1772 εἰς

1949 1795 2306 1866 ὑϐριζόμενον
2336 1798 2547 1866 γίνεται
2579 1799 2904 1869 (ἀνώλεθρον
2933 1801 3041 1871 γὰρ
3071 1802 3130 1854 τὸ
3162 1801 3358 1871 Θεῖον),
3407 1801 3522 1853 ἀλλ’

1947 1889 2090 1960 ὑπὲρ
2125 1891 2223 1960 τῆς
2267 1893 2476 1944 ἐκείνου
2509 1893 2819 1963 σωτηρίας;
2861 1895 2917 1944 Ὀ
2951 1894 3058 1963 γὰρ
3100 1893 3229 1964 περὶ
3268 1893 3358 1946 τὸν
3393 1892 3524 1944 Θεὸν

1946 1979 2221 2049 ἀγνώμων
2252 1983 2546 2052 γενόμενος
2598 1984 2693 2035 καὶ
2731 1983 3076 2052 ἀναίσθητος,
3111 1981 3289 2052 πολλῷ
3324 1983 3524 2052 μᾶλλον

1945 2073 2026 2135 εἰς
2073 2073 2164 2124 τὸν
2211 2075 2604 2144 γεγεννηκότα,
2665 2075 2759 2128 καὶ
2812 2077 2892 2138 εἰς
2945 2076 3043 2146 τὴν
3099 2074 3292 2128 ἑαυτοῦ
3342 2073 3523 2143 ψυχὴν

1945 2165 2347 2236 ἐμπαροινῆσαι
2381 2165 2690 2237 δυνήσεται.

2013 2261 2082 2324 η’.
2115 2257 2204 2328 Μὴ
2237 2256 2414 2318 τοίνυν
2441 2256 2753 2328 ἀμελῶμεν,
2774 2256 2973 2319 εἰδότες
3000 2257 3203 2309 ὅτιτῶν
3231 2255 3370 2309 κατὰ
3389 2256 3522 2308 Θεὸν

1942 2347 2126 2410 αὐτοῖς
2174 2343 2231 2400 εὖ
2279 2347 2657 2418 διακειμένων,
2708 2348 2800 2400 καί
2833 2348 2971 2400 κατά
3001 2347 3092 2399 τὸν
3131 2347 3372 2420 παρόντα
3409 2347 3522 2414 βίον

1941 2437 2154 2491 ἔσονται
2186 2439 2462 2510 εὐδόκιμοι
2505 2443 2601 2494 καὶ
2644 2441 2908 2513 λαμπροί.
2953 2442 3056 2492 Τὸν
3086 2439 3193 2510 γάρ
3227 2442 3395 2510 ἀρετῇ
3425 2457 3520 2490 συ-

1942 2532 2120 2596 ζώντα
2159 2533 2251 2585 καὶ
2289 2534 2560 2604 ἐπιεικείᾳ
2598 2534 2794 2597 πάντες
2831 2534 3103 2586 αἰδοῦνται
3157 2533 3250 2586 καὶ
3297 2533 3520 2602 τιμῶσι,

1940 2624 2042 2677 κᾶν
2072 2625 2326 2677 ἁπάντων
2361 2627 2686 2697 πενέστερος
2722 2621 2790 2700 ᾗ,
2837 2625 3024 2696 ὥσπερ
3046 2623 3137 2677 οὐν
3164 2625 3254 2678 τὸν
3285 2642 3418 2695 πονη
3431 2639 3518 2695 ρον

1940 2719 2033 2771 καὶ
2070 2719 2498 2790 διεστραμμένον
2529 2722 2933 2790 ἀποστρέφουσι
2962 2719 3053 2771 καὶ
3080 2717 3328 2788 μισοῦσιν
3350 2718 3520 2771 ἀπαν-

1937 2827 2050 2873 τες,
2095 2810 2196 2863 κᾶν
2243 2807 2567 2884 εὐπορίανῇ
2618 2811 2952 2880 κεκτημένος
3008 2811 3228 2879 πολλήν.
3287 2810 3362 2862 Οὐ
3407 2813 3520 2871 τοῖς

1938 2904 2118 2966 ἄλλοις
2149 2902 2204 2955 δὲ
2237 2904 2395 2972 μόνον
2421 2902 2729 2974 ἀνθρώποις
2755 2903 2908 2954 ἐσται
2933 2901 3229 2972 αἰδέσιμος,
3269 2902 3400 2954 ἀλλὰ
3428 2905 3520 2954 καὶ

1940 2993 2024 3044 σοὶ
2055 2991 2132 3062 τῷ
2167 2994 2522 3061 γεγεννηκότι
2568 2991 2965 3061 ποθεινότερος,
2997 2991 3135 3060 πλὴν
3171 2991 3272 3061 τῆς
3299 2990 3517 3059 φύσεως

1937 3083 2037 3138 οὐκ
2068 3085 2324 3138 ἐλάττονα
2358 3087 2551 3155 ἑτέραν
2595 3084 2852 3138 ὑπόθεσιν
2886 3085 3024 3155 ἔχων
3071 3083 3208 3154 πρὸς
3253 3083 3316 3136 τὸ
3344 3084 3519 3151 φιλεῖ-

1940 3175 2064 3228 σθαι
2118 3175 2217 3246 τὴν
2257 3177 2460 3246 ἀρετήν
2486 3194 2499 3208 ’
2536 3177 2598 3229 οὐ
2654 3175 3031 3244 ποθεινότερος
3069 3175 3127 3228 δέ
3165 3175 3346 3245 μόνον,
3383 3175 3519 3228 ἀλλὰ

1937 3267 2033 3320 καὶ
2077 3271 2490 3338 χρησιμώτερος
2538 3267 2686 3320 ἔσται
2744 3285 2823 3320 σοι
2858 3267 3196 3336 θεραπεύων,
3227 3268 3517 3330 δουλεύων,

1937 3358 2282 3428 γηροκομῶν.
2324 3361 2534 3430 Ὥσπερ
2558 3359 2665 3430 γὰρ
2695 3361 2891 3432 οἱπερὶ
2922 3363 3012 3412 τὸν
3046 3361 3176 3413 Θεὸν
3201 3359 3517 3430 ἀγνώμονες

1936 3449 2032 3502 καὶ
2068 3449 2177 3501 τῶν
2211 3451 2618 3519 γεγεννηκότων
2646 3452 3104 3521 καταφρονοῦσιν·
3136 3453 3306 3516 οὕτως
3336 3455 3384 3504 οἱ
3428 3453 3519 3505 τὸν

1936 3543 2277 3611 πεποιηκότα
2307 3542 2721 3613 θεραπεύοντες,
2749 3545 2806 3594 ἐν
2830 3543 2998 3614 πολλῇ
3038 3546 3132 3597 καὶ
3157 3547 3285 3609 τοὺς
3329 3561 3518 3612 γεγενσ

1937 3635 2165 3705 νηκότας
2196 3635 2378 3704 ἔχουσι
2405 3638 2468 3706 τῇ
2508 3639 2664 3707 τιμῇ.
2694 3638 2810 3688 Ἵνα
2837 3633 2929 3690 οῦν
2960 3637 3054 3690 καὶ
3088 3637 3237 3708 παρά
3264 3638 3403 3706 Θειξι,
3422 3639 3514 3689 καὶ

1935 3729 2087 3800 παρά
2115 3729 2424 3800 ἀνθρώποις
2455 3730 2738 3800 εὐδοκιμῇ,
2769 3729 2863 3781 καί
2898 3746 2980 3782 σοι
3024 3728 3123 3799 τὴν
3159 3729 3302 3798 ζωὴν
3333 3729 3517 3799 ἡδεῖαν

1935 3824 2084 3892 ποιῇ,
2118 3822 2211 3874 καὶ
2243 3821 2340 3891 τῆς
2385 3821 2685 3893 μελλούσης
2715 3823 3032 3894 ἀπαλλάττῃ
3065 3822 3360 3885 κολάσεως,
3413 3825 3517 3875 πᾶ-

1936 3929 2034 3965 σαν
2069 3911 2408 3965 ἐπιδείκνυσο
2443 3913 2569 3982 περὶ
2604 3913 2764 3966 αὐτὸν
2802 3915 2901 3982 τὴν
2937 3913 3192 3984 σπουδήν.
3227 3915 3348 3967 Ὀτι
3409 3914 3514 3985 γὰρ

1933 4004 1982 4056 οἱ
2008 4003 2114 4056 τῶν
2148 4003 2355 4056 παίδων
2399 4004 2749 4075 ἀμελοῦντες,
2773 4004 2876 4058 κᾶν
2898 4005 3066 4058 τᾶλλα
3087 3999 3221 4058 ὦσιν
3253 4006 3516 4069 ἐπιεικεῖς

1933 4097 2028 4150 καὶ
2065 4097 2298 4166 μέτριοι,
2337 4095 2424 4149 διά
2465 4096 2669 4167 ταύτην
2709 4097 2806 4166 τὴν
2836 4098 3111 4168 ἁμαρτίαν
3149 4098 3248 4166 τὴν
3277 4098 3516 4167 ἐσχάτην

1934 4189 2329 4256 ύποστήσονται
2372 4188 2546 4259 δίκην,
2602 4189 2842 4258 ἱστορίαν
2883 4189 2965 4240 σοί
3015 4206 3134 4241 τινα
3179 4188 3515 4259 διηγήσομαι

1930 4280 2188 4333 παλαιάν.

2016 4371 2216 4443 Ἱερεύς
2249 4389 2334 4435 τις
2372 4367 2440 4442 ἦν
2494 4372 2645 4442 παρά
2675 4374 2786 4435 τοῖς
2835 4372 3115 4436 Ἰουδαίοις
3154 4375 3403 4445 ἐπιεικὴς
3445 4375 3514 4430 τὰ

1931 4463 2066 4518 ἄλλα
2111 4463 2205 4515 καὶ
2253 4463 2492 4534 μέτριος,
2539 4463 2686 4515 ’Πλεῖ
2717 4462 2795 4534 τῷ
2826 4463 3069 4533 ὀνόματι.
3099 4459 3206 4516 Ἤν
3239 4461 3331 4518 οὖν
3360 4461 3513 4528 οὗτος

1944 4553 2092 4605 Ἢλεῖ
2123 4553 2216 4604 δύο
2251 4553 2444 4615 παῖδας
2479 4551 2618 4622 ἔχων
2653 4553 2731 4615 εἰς
2764 4553 2991 4622 ἔσχατον
3016 4555 3283 4625 πονηρίας
3316 4555 3512 4625 ἐληλα-

1931 4647 2121 4708 κόταςο
2140 4647 2200 4697 οὐ
2230 4648 2446 4715 κατεῖχε
2477 4645 2554 4708 δὲ,
2577 4645 2696 4697 οὐδὲ
2727 4644 2928 4697 ἐκώλυε
2946 4662 2958 4674 °
2989 4647 3187 4716 μᾶλλον
3212 4647 3268 4698 δὲ
3292 4649 3510 4716 κατεῖχε

1932 4739 2032 4807 μὲν
2064 4738 2159 4791 καὶ
2187 4736 2445 4799 ἐκώλυεν,
2475 4737 2535 4789 οὐ
2566 4737 2704 4807 μετά
2730 4737 2832 4806 τῆς
2862 4737 3244 4809 προσηκούσης
3265 4738 3320 4790 δὲ
3348 4740 3505 4808 ἀκρι-

1928 4831 2081 4894 ϐείας
2118 4830 2214 4884 καὶ
2246 4829 2627 4900 σφοδρότητος.
2671 4830 2801 4882 Δέον
2842 4832 2950 4899 γὰρ
2989 4831 3352 4901 μαστιγῶσαι.
3407 4832 3506 4900 τῆς

1926 4921 2186 4994 πατρῴας
2218 4921 2469 4976 ἐκϐαλεῖν
2502 4923 2679 4985 οἰκίας
2698 4964 2712 4984 ,
2764 4922 2941 4975 πάντα
2967 4921 3339 4986 ἐπιδείξασθαι
3365 4923 3507 4994 διορ-

1926 5013 2143 5076 θώσεως
2193 5015 2416 5084 τρόπον,
2475 5014 2708 5085 παρῄνει
2769 5015 2864 5066 καὶ
2920 5013 3270 5067 συνεϐούλευε
3321 5017 3504 5085 μόνον,

1922 5107 2066 5162 οὕτω
2097 5107 2270 5174 λέγων
2293 5123 2307 5136 ο
2346 5106 2479 5175 Μὴ,
2519 5109 2719 5171 τέκνα,
2756 5107 2842 5176 μὴ
2893 5107 3112 5160 ποιεῖτε
3159 5109 3382 5175 οὕτως·
3413 5110 3506 5163 ὅτι

1921 5201 2033 5254 οὐκ
2062 5199 2254 5270 ἀγαθὴ
2286 5201 2324 5267 ἠ
2353 5199 2528 5268 ἀκοὴ,
2556 5199 2634 5268 ἢν
2663 5200 2778 5269 ἐγὼ
2807 5202 3006 5254 ἀκούω
3033 5201 3166 5268 περί
3200 5203 3388 5267 ὑμῶν.
3438 5204 3506 5260 Τί

1921 5292 2138 5361 λέγεις;
2185 5291 2278 5345 τὸν
2308 5292 2586 5362 Δεσπότην
2623 5291 2875 5362 ὕϐρισαν,
2927 5294 3021 5345 καὶ
3072 5293 3238 5346 τέκνα
3279 5293 3502 5356 καλεῐς;

1921 5383 2200 5456 ⁴ἰυγγνόησαν
2246 5383 2339 5436 τὸν
2365 5383 2723 5455 πεποιηκότα,
2755 5386 2850 5437 καὶ
2878 5384 2942 5437 σὺ
2983 5385 3368 5454 ἐπιγινώσκεις
3403 5387 3505 5438 αὐ-

1920 5472 2031 5526 τῶν
2069 5471 2167 5544 τὴν
2201 5473 2553 5541 συγγένειαν;
2581 5476 2678 5527 Διά
2702 5475 2859 5527 τοῦτὸ
2889 5492 3075 5544 φησιν,
3109 5477 3190 5528 ὅτι
3228 5476 3328 5528 οὐκ
3356 5477 3507 5527 ἐνου-

1921 5561 2068 5617 θέτει
2114 5563 2344 5627 αὐτούς·
2389 5564 2641 5617 νουθεσία
2674 5566 2781 5636 γάρ
2824 5569 2992 5631 ἐστιν,
3021 5553 3137 5620 ὀὐκ
3180 5569 3275 5620 ἐάν
3319 5566 3506 5630 ἁπλῶς

1927 5655 2438 5728 συμϐουλεύσωμεν,
2473 5657 2586 5711 ἀλλ’
2629 5659 2722 5712 ἐὰν
2774 5659 3126 5733 σφοδρότερον
3178 5659 3273 5713 καὶ
3324 5658 3515 5735 τομῶν,
