4020 6370
516 263 627 319 32‘)

515 396 676 449 τερον
708 378 800 432 καὶ
837 378 1030 449 ὅσηνὴ
1075 376 1170 431 τοῦ
1216 376 1531 449 τραύματος
1572 376 1797 430 ἀπαιτεῖ
1827 370 2095 444 σηπεδὼν,

516 470 786 538 τοσαύτην
814 468 1185 540 ἐπαγάγωμεν
1222 468 1321 539 τὴν
1348 467 1583 539 πληγήν.
1607 466 1687 521 Ού
1712 464 1896 519 τοίνυν
1938 462 2101 534 ἀρκεῖ

513 561 577 615 τὸ
606 562 805 626 εἰπεῖν,
835 561 955 614 ούδέ
984 560 1043 614 τὸ
1072 562 1398 633 παραινέσαι
1431 560 1614 630 μόνον.
1639 558 1777 612 ἀλλά
1808 555 1904 611 καλ⁸
1926 553 2097 608 πολὺν

515 651 846 723 ἐπιτειχίσαι
891 651 974 704 δεῖ
1013 651 1103 705 τὸν
1148 650 1333 721 φόϐον,
1382 651 1522 704 ὥστε
1565 649 1664 720 τὴν
1708 648 1812 717 τῆς
1849 645 2098 715 νεότητος

514 736 809 810 περικόψαι
836 736 1129 808 ῥαθυμίαν.
1157 735 1309 790 Ἐπεὶ
1329 732 1423 789 οὖν
1441 734 1674 806 παρῄνει
1705 732 1824 803 μὲν,
1844 731 1906 783 ού
1959 745 2099 798 παρ-

515 821 634 894 ῄνει
673 821 731 874 δέ
770 821 845 886 ὼς
879 821 1011 885 ἔδει,
1048 823 1161 884 τοῖς
1182 820 1462 891 πολεμίοις
1488 819 1685 880 αὐτοὺς
1718 815 1966 880 ἐξέδωκε,
2002 813 2098 866 καὶ

515 907 695 977 μάχης
722 906 1043 976 γενομένης,
1085 905 1277 958 ἔπεσον
1307 907 1401 958 ἐπὶ
1431 904 1532 973 τῆς
1560 902 1951 974 παρατάξεως,
2000 898 2096 952 καί⁵

509 991 610 1061 τὴν
642 988 902 1057 ἀγγελίαν
926 990 1027 1047 οὐκ
1062 987 1323 1057 ἐνεγκὼν,
1355 986 1537 1040 πεσὼν
1565 984 1851 1055 συνετρίϐη
1880 983 1975 1035 καὶ
2001 982 2098 1036 αύ-

509 1075 603 1136 τδς
647 1074 740 1126 καὶ
766 1073 1059 1127 ἀπέθανεν.
1104 1072 1268 1143 Ὀρᾷς
1291 1073 1373 1125 ὅτι
1403 1071 1631 1134 δικαίως
1659 1067 1834 1133 εἷπον,
1871 1070 1953 1121 ὅτι
2000 1068 2096 1120 καὶ

510 1155 851 1211 παιδοκτόνοι
889 1158 937 1207 οἱ
976 1156 1214 1226 πατέρες
1262 1156 1419 1215 εἰσὶν,
1470 1155 1520 1207 οἱ
1568 1156 1642 1225 μὴ
1696 1151 1940 1223 σφοδρῶς
1982 1154 2095 1213 τοῖς

510 1238 688 1292 αὐτῶν
718 1239 1048 1309 κεχρημένοι
1081 1239 1236 1291 παισὶ
1267 1237 1595 1310 ῥᾳθυμοῦσι,
1645 1237 1782 1309 μηδέ
1813 1236 1911 1307 τὴν
1952 1234 2094 1289 κατά

507 1324 643 1377 Θεὸν
695 1323 1056 1386 ἀπαιτοῦντες
1105 1323 1302 1385 αὐτοὺς
1338 1322 1659 1388 εὐλάϐειαν;
1697 1320 1855 1374 Οῦτω
1901 1319 2031 1388 γοῦν
2066 1320 2093 1371 6

523 1407 674 1461 Ἠλεῖ
696 1406 1045 1470 παιδοκτόνος
1073 1407 1311 1474 ἐγένετο.
1333 1407 1394 1459 Et
1428 1406 1536 1477 γάρ
1570 1407 1620 1458 οἱ
1653 1405 1904 1475 πολέμιοι
1958 1420 2093 1457 κατ·-

511 1491 752 1561 έσφαξαν
802 1491 966 1544 αὐτοῦ
994 1492 1119 1555 τοὺς
1156 1492 1305 1554 υἱοὺς
1327 1532 1341 1555 ,
1382 1490 1518 1543 ἀλλὰ
1546 1489 1644 1559 τῆς
1675 1487 1892 1557 σφαγῆς
1938 1482 2093 1549 οὗτος

508 1574 679 1637 αἴτιος
717 1573 954 1641 ἐγένετο,
990 1573 1077 1626 διὰ
1101 1573 1201 1643 τῆς
1241 1575 1369 1647 περὶ
1403 1576 1602 1637 αὐτοὺς
1652 1571 1925 1644 ῥᾳθυμίας
1959 1573 2093 1625 ἀπο-

509 1660 710 1729 στήσας
746 1657 898 1730 [519]
920 1658 1012 1710 τοῦ
1034 1658 1169 1710 Θεοῦ
1192 1660 1290 1728 τὴν
1314 1658 1589 1729 βοήθειαν,
1614 1658 1708 1711 καὶ
1726 1659 1965 1728 γυμνοὺς
1997 1657 2092 1710 καὶ

506 1744 747 1812 ἐρήμους
768 1741 946 1806 δείξας
968 1745 1080 1805 τοῖς
1105 1738 1448 1811 βουλομένοις
1470 1741 1670 1804 αὐτοὺς
1705 1742 1935 1796 ἀνελεῖν.
1977 1741 2090 1794 Ούκ

505 1826 744 1887 ἐκείνους
767 1824 821 1877 δὲ
852 1825 1034 1895 μόνον,
1063 1824 1198 1878 ἀλλά
1221 1824 1316 1879 καὶ
1338 1824 1529 1878 ἑαυτὸν
1567 1823 1981 1895 προσαπώλεσε.

575 1920 639 1973 θ’.
660 1920 829 1973 Τοῦτο
839 1920 902 1992 δὴ
919 1920 1103 1974 πολλοὶ
1131 1920 1351 1974 καὶτῶν
1367 1920 1465 1975 νῦν
1482 1921 1736 1994 πατέρων
1755 1920 2056 1990 πάσχουσιν
2072 1938 2085 1952 ·

500 2004 562 2057 οὐ
614 2004 929 2075 βουλόμενοι
953 2004 1243 2075 μαστῖξαι,
1286 2005 1410 2058 οὐδὲ
1451 2004 1779 2075 ἐπιτιμῆσαι
1820 2006 2085 2075 ῥήμασιν,

501 2088 622 2140 οὐδὲ
651 2087 893 2158 λυπῆσαι
915 2089 1045 2151 τοὺς
1063 2086 1276 2141 ἑαυτῶν
1307 2089 1456 2150 υἱοὺς
1482 2088 1733 2151 ἀτάκτως
1762 2087 1972 2152 ζῶντας
1994 2088 2089 2140 καὶ

503 2169 857 2240 παρανόμως,
880 2170 1143 2236 πολλάκις
1159 2167 1298 2224 εἶδον
1323 2172 1416 2225 ἐπὶ
1438 2174 1549 2235 τοῖς
1571 2170 1819 2239 ἐσχάτοις
1839 2168 2086 2234 ἁλόντας,

502 2257 580 2315 εἰς
596 2254 942 2323 δικαστήριον
972 2254 1341 2325 ἀρπαγέντας,
1371 2254 1476 2306 ὑπὸ
1500 2254 1711 2324 δημίων
1741 2252 2086 2323 ἀποτμηθέν-

501 2355 621 2400 τας.
648 2336 813 2389 Ὀταν
840 2337 949 2407 γὰρ
984 2339 1047 2390 σὺ
1085 2338 1160 2408 μὴ
1189 2337 1502 2408 παιδεύσῃς,
1525 2337 1651 2390 ὅταν
1682 2338 1746 2389 σὺ
1772 2338 1847 2408 μὴ
1872 2354 2085 2409 σωφρο-

502 2422 678 2491 νίσης,
706 2422 929 2491 μιαροῖς
978 2420 1289 2493 ἀνθρώποις
1320 2422 1415 2475 καὶ
1440 2420 1858 2491 διεφθαρμένοις
1889 2420 2086 2473 σαυτὸν

502 2501 791 2573 ἀναμίξας,
819 2503 914 2557 καὶ
949 2506 1281 2576 κοινωνήσας
1315 2505 1413 2575 τῆς
1439 2503 1706 2573 πονηρίας
1741 2503 1948 2567 αὐτοῖς,
1980 2503 2086 2557 ὑπὸ

501 2594 617 2654 τοῖς
666 2595 861 2655 κοινοῖς
912 2591 1134 2659 ἄγονται
1162 2588 1348 2659 νόμοις
1376 2588 1470 2641 καί¹
1505 2586 1821 2650 κολάζονται
1865 2591 2085 2644 πάντων

500 2673 751 2743 ὁρώντων
774 2692 786 2704 ·
823 2676 916 2728 καὶ
957 2674 1092 2745 μετά
1117 2673 1215 2745 τῆς
1250 2671 1533 2741 συμφορᾶς
1570 2669 1771 2740 μείζων
1798 2673 1829 2742 ἡ
1853 2671 2082 2744 αἰσχύνη

501 2756 743 2825 γίνεται,
787 2757 1375 2812 δακτυλοδεικτούντων
1428 2756 1686 2809 ἁπάντων
1733 2755 1825 2807 τὸν
1869 2757 2084 2826 πατέρα

503 2842 639 2912 μετά
666 2844 763 2912 τὴν
798 2843 1006 2897 ἐκείνου
1038 2842 1313 2911 τελευτὴν,
1344 2841 1438 2893 καὶ
1464 2838 1665 2892 ἄϐατον
1686 2838 1833 2909 αὐτῷ
1864 2841 2082 2893 ποιούν-

498 2942 607 2978 των
649 2928 745 2997 τὴν
782 2927 1007 2997 ἀγοράν.
1042 2926 1225 2987 Ποίοις
1257 2924 1366 2995 γὰρ
1417 2922 1717 2993 ὀφθαλμοῖς
1763 2922 2081 2992 ἀντιϐλέψαι

497 3009 782 3082 δυνήσεται
811 3013 923 3072 τοῖς
971 3010 1284 3064 ἀπαντῶσιν
1320 3007 1471 3077 αὐτῷ
1519 3006 1658 3077 μετά
1692 3006 1790 3079 τὴν
1828 3008 2081 3079 τοιαύτην

496 3093 592 3147 τοῦ
625 3094 814 3158 παιδὸς
843 3093 1231 3165 ἀσχημοσύνην
1263 3092 1359 3145 καὶ
1400 3090 1724 3162 συμφοράη
1763 3092 1854 3145 Διὸ
1891 3092 2082 3163 δέομαι

499 3176 594 3230 καὶ
624 3176 887 3230 ἀντιϐολῶ
917 3178 1118 3249 πολλὴν
1163 3174 1272 3228 τῶν
1317 3175 1534 3227 οἰκείων
1582 3175 1787 3228 παίδων
1810 3176 2078 3230 ποιεῖσθαι

496 3261 595 3330 τὴν
625 3262 899 3332 πρόνοιαν,
938 3263 1032 3315 καὶ
1062 3258 1335 3329 πανταχοῦ
1358 3257 1454 3329 τὴν
1485 3260 1758 3328 σωτηρίαν
1778 3258 1961 3328 ζητεῖν
1983 3259 2081 3312 αύ-

495 3344 606 3397 τῶν
639 3345 735 3415 τῆς
764 3346 963 3415 ψυχῆς.
1000 3344 1333 3405 Διδάσκαλος
1378 3337 1427 3393 εἷ
1476 3341 1575 3410 τῆς
1619 3342 1799 3405 οἰκίας
1834 3343 2076 3415 ἀπάσης,

498 3427 591 3480 καί¹
621 3430 718 3498 τὴν
750 3433 986 3496 γυναῖκα
1010 3430 1104 3482 καὶ
1132 3429 1259 3491 τοὺς
1287 3425 1436 3490 υἱούς
1459 3443 1540 3479 σοι
1558 3428 1920 3497 παραπέμπει
1949 3445 2077 3481 συν-

497 3509 635 3580 εχῶς
664 3513 692 3564 ὁ
730 3511 880 3575 Θεός.
913 3511 1018 3564 Καὶ
1048 3512 1142 3565 νῦν
1171 3512 1270 3582 μέν
1301 3526 1466 3580 φησιν
1497 3513 1525 3563 ό
1551 3508 1762 3573 Παῦλος
1795 3510 1923 3581 περί
1966 3511 2077 3565 τῶν

497 3593 770 3660 γυναικῶν
795 3613 808 3625 ·
849 3598 914 3649 Εἰ
944 3595 1011 3648 δέ
1037 3612 1089 3647 τι
1108 3593 1446 3664 μανθάνειν
1483 3593 1773 3649 θέλουσιν
1790 3634 1804 3657 ,
1840 3597 1910 3649 ἐν
1935 3596 2079 3664 οἴκῳ

496 3676 637 3743 τοὺς
664 3677 852 3744 ἰδίους
871 3678 1096 3746 ἄνδρας
1115 3678 1584 3747 ἐπερωτάτωσαν
1599 3696 1612 3709 ·
1636 3679 1730 3732 νῦν
1751 3679 1808 3732 δὲ
1825 3679 2077 3749 περὶτῶν

496 3762 723 3824 παίδων,
749 3764 1094 3831 Ἕκτρέφετε
1119 3766 1271 3817 αὐτὰ
1294 3764 1365 3816 ἐν
1393 3763 1630 3830 παιδείᾳ
1663 3763 1762 3817 καὶ
1786 3764 2078 3831 νουθεσίᾳ

494 3844 734 3914 Κυρίου.
750 3846 988 3915 Νόμισον
1004 3847 1292 3916 ἀγάλματα
1317 3848 1496 3917 χρυσᾶ
1523 3846 1668 3916 ἐχειν
1693 3846 1785 3899 ἐπὶ
1808 3846 1907 3916 τῆς
1936 3845 2076 3899 οἰκί-

493 3943 577 3991 ας,
598 3927 667 3981 τά
687 3929 874 3981 παιδία
897 3946 909 3958 ·
934 3929 1055 3983 καθ’
1075 3931 1311 3999 ἐκάστην
1329 3931 1543 4001 ἡμέραν
1560 3928 1699 3982 αὐτὰ
1719 3927 1948 4000 ῥύθμιξε
1979 3928 2075 3982 καὶ

494 4013 819 4085 περισκόπει
871 4014 1010 4085 μετά
1057 4014 1363 4085 ἀκριϐείας,
1408 4015 1503 4067 καὶ
1552 4014 1717 4068 παντὶ
1760 4014 1948 4085 τρόπῳ
1973 4015 2073 4083 τὴν

492 4096 670 4165 ψυχὴν
699 4096 879 4150 αὐτῶν
900 4098 1240 4169 κατακόσμει
1261 4098 1354 4151 καὶ
1376 4096 1690 4151 διάπλαττε·
1721 4097 1955 4167 μίμησαι
1982 4096 2073 4150 τὸν

494 4181 762 4251 μακάριον
791 4180 930 4247 Ἰὼϐ,
958 4182 1016 4246 ὃς
1045 4183 1138 4236 καὶ
1163 4184 1303 4255 ὑπὲρ
1332 4182 1438 4235 τῶν
1471 4182 1612 4235 κατά
1633 4181 1871 4235 διάνοιαν
1889 4182 2074 4245 αὐτοῖς

494 4265 994 4336 πλημμελουμένων
1024 4267 1292 4331 δεδοικὼς,
1324 4267 1664 4338 προσέφερεν
1700 4266 1842 4336 ὑπὲρ
1892 4266 2072 4319 αὐτῶν

492 4347 704 4411 θυσίας,
762 4349 857 4402 καὶ
906 4350 1106 4421 πολλὴν
1148 4350 1327 4405 αὐτῶν
1369 4352 1606 4403 ἐποιεῖτο
1640 4349 1738 4420 τὴν
1789 4350 2066 4421 πρόνοιαν.

490 4433 745 4503 Μίμησαι
784 4435 874 4489 τὸν
938 4436 1214 4506 Ἁϐραάμ·
1259 4435 1350 4489 καὶ
1398 4435 1506 4505 γάρ
1552 4436 1759 4496 ἐκεῖνος
1794 4435 1890 4503 οὐχ
1929 4434 2071 4505 ὑπὲρ

490 4518 789 4587 χρημάτων
816 4519 909 4571 καὶ
939 4521 1233 4590 κτημάτων
1264 4517 1617 4584 ἐσπούδαζεν,
1646 4517 1759 4571 ἀλλ’
1789 4519 1928 4589 ὑπὲρ
1961 4519 2070 4573 τῶν

490 4600 647 4653 θείων
677 4602 876 4672 νόμων,
904 4603 1051 4666 ὅπως
1076 4603 1253 4656 αὐτῶν
1287 4604 1387 4674 τὴν
1416 4601 1664 4673 φυλακὴν
1687 4604 1801 4665 τοῖς
1824 4603 2068 4672 ἐκγόνοις

491 4686 629 4752 μετὰ
650 4685 933 4755 ἀκριϐείας
956 4686 1413 4757 παρακαταθοῖτο.
1433 4687 1543 4739 Καὶ
1570 4689 1836 4756 μαρτυρεῖ
1863 4685 2067 4758 ταύτην

486 4766 651 4819 αὐτοῦ
683 4768 780 4838 τὴν
806 4770 1010 4840 ἀρετὴν
1040 4773 1067 4823 6
1092 4770 1224 4832 Θεὸς
1278 4768 1422 4822 οὕτω
1464 4768 1637 4836 λέγων
1656 4785 1671 4799 ·
1705 4768 1910 4842 ’ῌδειν
1931 4770 2064 4839 γὰρ,

487 4851 575 4904 ὅτι
603 4851 892 4917 συντάξει
933 4855 1177 4923 Ἀϐραὰμ
1210 4852 1336 4919 τοῖς
1365 4853 1581 4907 παισὶν
1612 4853 1799 4907 αὐτοῦ
1837 4853 1910 4907 τὰ
1942 4856 2066 4922 κρί-

482 4951 641 5004 μιπα
678 4937 777 4990 καὶ
830 4936 905 4989 τὰ
952 4936 1335 5008 δικαιώματα.
1372 4937 1483 4990 Καὶ
1516 4938 1544 4989 6
1592 4934 1759 4988 Δαυῒδ
1780 4935 1859 5002 δὲ,
1900 4937 2064 5007 ἡνίκα

488 5019 760 5084 ἐτελεύτα,
779 5020 901 5073 ἀντὶ
926 5021 1168 5092 μεγάλης
1191 5020 1553 5090 κληρονομίας
1575 5019 1804 5081 καλέσας
1833 5019 1924 5073 τὸν
1949 5021 2064 5074 υἱὸν

485 5101 577 5156 τὸν
612 5103 825 5165 ἐαυτοῦ,
847 5104 1022 5158 ταῦτα
1041 5104 1338 5176 παρηγγύα
1368 5104 1463 5156 καὶ
1488 5101 1726 5173 συνεχῶς
1747 5102 1931 5171 ἔλεγεν
1947 5120 1959 5133 ·
1980 5104 2060 5156 ὅτι

486 5186 550 5238 Εἰ
586 5186 924 5257 βουληθείης,
963 5187 1194 5251 παιδίον,
1226 5187 1366 5240 κατά
1406 5187 1531 5250 τοῦς
1563 5186 1656 5238 τοῦ
1690 5185 1826 5239 Θεοῦ
1865 5187 2062 5257 νόμους

488 5267 607 5338 ζῇν,
630 5269 784 5321 οὐδὲν
814 5271 1129 5339 ἐμπεσεῖται
1152 5270 1260 5323 τῶν
1286 5271 1581 5340 ἀδοκήτων,
1610 5270 1746 5323 άλλά
1772 5272 1947 5325 πάντα
1979 5289 2061 5325 σοι

484 5354 625 5405 κατά
660 5352 789 5424 ῥοῦν
817 5351 935 5422 ἥξει
958 5355 1027 5408 τὰ
1063 5354 1386 5424 πράγματα,
1421 5355 1514 5406 καὶ
1543 5355 1743 5426 πολλῆς
1773 5355 2059 5428 ἀπολαύσῃ

484 5434 585 5503 τῆς
617 5436 914 5504 ἀσφαλείας
934 5453 947 5466 ⁸
992 5438 1056 5490 ἂν
1088 5438 1142 5490 δὲ
1167 5439 1381 5509 ἐκείνης
1410 5437 1648 5512 ἐκπέσῃς
1675 5440 1773 5510 τῆς
1807 5439 2058 5510 βοηθείας

486 5519 635 5571 οὐδὲν
670 5519 861 5585 όφελός
891 5537 970 5572 σοι
995 5523 1092 5592 τῆς
1121 5522 1395 5592 βασιλείας
1444 5525 1654 5595 καὶτῆς
1692 5524 1891 5595 πολλῆς
1923 5524 2047 5576 ταύ.

486 5616 583 5667 της
606 5600 908 5672 δυνάμεως.
949 5604 1133 5659 Ταῦτα
1168 5608 1259 5660 καὶ
1288 5606 1508 5662 τοιαῦτα
1535 5607 1739 5676 ἔλεγεν,
1772 5611 1820 5662 εἰ
1853 5612 1946 5665 καὶ
1978 5613 2053 5682 μὴ

485 5684 594 5743 τοῖς
624 5685 832 5754 ῥήμασι
865 5686 1091 5750 τούτοις.

1230 264 1288 320 S.
1326 263 1615 323 JOANNIS
1649 269 2139 327 CllllYSOSTOMI
2178 271 2503 334 Aﬂm.
2541 278 3091 340 CONSTANTINOP.

3676 257 3787 316 510

2274 377 2327 426 ι’.
2368 370 2556 426 Ταῦτα
2583 372 2680 426 καὶ
2707 372 3005 443 ἡμεῖς,κώ
3032 371 3255 436 ζῶντες,
3285 380 3379 427 καί
3398 372 3683 441 μέλλοντες
3694 390 3788 428 τε-

2197 454 2417 528 λευτᾷν,
2454 459 2592 530 πρὸς
2614 458 2742 522 τοὺς
2769 458 2969 524 παῖδας
2992 459 3121 522 τοὺς
3144 460 3350 513 ἑαυτῶν
3378 459 3784 531 διαλεγώμεθα,

2197 545 2289 598 καὶ
2318 545 2596 618 πείθωμεν
2622 547 2841 612 αὐτοὺς,
2877 548 2958 601 ὅτι
2990 546 3165 617 μέγας
3186 547 3436 613 πλοῦτος,
3464 550 3561 604 καὶ
3589 549 3788 620 κληρο-

2196 632 2358 701 νομία
2393 633 2754 702 ἀδιάπτωτος,
2789 634 2885 687 καὶ
2914 632 3187 704 θησαυρὸς
3211 635 3620 708 ἀνεπηρέαστος
3639 640 3668 691 6
3687 636 3787 691 τοῦ

2195 720 2332 773 Θεοῦ
2369 722 2530 790 φόϐος
2554 723 2702 777 ἐστί·
2741 724 2834 777 καὶ
2859 722 3248 793 σπουδάζωμεν
3290 724 3364 795 μὴ
3401 728 3659 796 χρήματα
3683 726 3788 779 αύ-

2198 810 2313 871 τοῖς
2342 809 2781 880 καταλιμπάνειν
2820 811 2889 864 τά
2932 809 3303 881 ἀπολλύμενα,
3338 810 3476 864 ἀλλά
3498 812 3787 866 εὐσέϐειαν

2196 895 2296 967 τὴν
2333 896 2600 967 μένουσαν
2642 899 2737 951 καὶ
2770 896 2845 968 μὴ
2883 897 3301 968 δαπανωμένην.
3350 899 3646 963 Εύσεϐείας
3680 900 3786 970 μὲν

2194 986 2302 1056 γὰρ
2329 987 2429 1039 οὐκ
2457 986 2623 1057 οὔσης
2650 989 2745 1041 καὶ
2770 987 2839 1041 τὰ
2864 988 2995 1042 ὄντα
3026 988 3319 1042 ἀπόλλυται
3348 992 3453 1061 χρή
3465 1007 3609 1059 ματα
3644 991 3784 1061 μετά

2194 1073 2454 1128 κινδύνων
2488 1077 2583 1127 καὶ
2610 1076 2708 1146 τῆς
2729 1076 2965 1147 ἐσχάτης
2987 1075 3253 1147 αἰσχύνης
3274 1094 3287 1106 ·
3313 1077 3518 1147 ταύτης
3547 1077 3605 1131 δέ
3638 1094 3785 1148 παρ-

2192 1159 2360 1232 ούσης
2389 1162 2482 1215 καὶ
2508 1163 2577 1215 τὰ
2602 1163 2701 1216 ούκ
2726 1163 2857 1217 ὄντα
2881 1164 3257 1235 προσγίνεται.
3288 1162 3418 1216 Ἐὰν
3467 1164 3783 1238 ἀναθρέψῃς

2194 1247 2347 1320 [520]
2371 1250 2434 1303 σὺ
2458 1250 2639 1314 καλῶς
2665 1250 2726 1304 τὸ
2752 1250 2981 1317 παιδίον,
3005 1251 3149 1305 οὕτω
3166 1252 3420 1315 κάκεῖνος
3441 1252 3534 1305 τὸν
3552 1253 3669 1306 υἱὸν
3686 1252 3783 1305 τὸν

2191 1336 2408 1403 ἐαυτοῦ,
2425 1338 2517 1391 καὶ
2534 1332 2688 1402 οὗτος
2704 1338 2795 1391 τον
2817 1338 2931 1391 υἱόν
2951 1357 2964 1370 ·
2989 1338 3084 1392 καὶ¹
3113 1337 3365 1411 καθάπερ
3392 1338 3551 1408 σειρά
3579 1356 3665 1403 τις
3682 1340 3782 1392 καὶ

2189 1424 2481 1478 ἀκολουθία
2515 1425 2791 1489 πολιτείας
2817 1426 3048 1497 ἀρίστης
3073 1427 3237 1497 μέχρι
3265 1427 3471 1489 παντὸς
3493 1426 3778 1496 βαδιεῖται,

2192 1510 2343 1581 παρὰ
2373 1510 2468 1563 σοῦ
2504 1510 2744 1565 λαϐοῦσα
2776 1511 2874 1584 τὴν
2901 1514 3077 1584 ἀρχὴν
3108 1514 3203 1566 καὶ
3229 1514 3329 1584 τὴν
3357 1514 3533 1585 ῥίζαν,
3558 1516 3651 1567 καὶ
3677 1514 3781 1585 τῆς

2188 1599 2298 1652 τῶν
2329 1599 2567 1667 ἐγγόνων
2596 1600 2913 1670 ἐπιμελείας
2947 1618 3030 1654 σοι
3077 1601 3320 1672 φέρουσα
3353 1602 3479 1664 τοὺς
3504 1600 3777 1673 καρπούς.

2189 1688 2251 1740 Εἰ
2288 1688 2425 1757 μετά
2451 1688 2736 1758 ἀκριϐείας
2764 1690 2812 1741 οἰ
2835 1688 3071 1758 πατέρες
3103 1690 3231 1753 τοὺς
3261 1688 3475 1742 ἑαυτῶν
3491 1689 3782 1743 ἐπαίδευον

2186 1775 2406 1837 παῖδας.
2433 1776 2494 1829 ού
2520 1776 2722 1846 νόμων,
2756 1777 2819 1829 ού
2850 1776 3218 1849 δικαστηρίων
3246 1776 3377 1840 ἔδει,
3404 1776 3466 1829 ού
3494 1777 3780 1849 τιμωριῶν

2187 1863 2281 1916 καὶ
2306 1862 2579 1916 κολάσεων
2605 1863 2700 1916 καὶ
2734 1863 2843 1916 τῶν
2868 1863 3145 1935 δημοσίων
3160 1864 3388 1933 φόνωνι.
3410 1865 3623 1931 Δικαίῳ
3638 1863 3772 1936 γάρ,

2187 1951 2344 2020 φησὶ,
2374 1952 2558 2019 νόμος
2606 1953 2678 2003 οὺ
2728 1950 2940 2005 κεῖται.
2988 1952 3207 2022 Ἐπειδὴ
3249 1952 3309 2006 δέ
3361 1952 3778 2024 καταμελοῦμεν

2184 2037 2390 2103 αὐτῶν,
2419 2038 2508 2091 διά
2541 2037 2699 2092 τοῦτο
2733 2039 2977 2109 μείζοσιν
3016 2040 3216 2103 αὐτοὺς
3245 2040 3648 2112 περιϐάλλομεν
3676 2059 3778 2094 κα-

2184 2127 2325 2190 κοῖς,
2360 2126 2457 2179 καί⁹
2488 2127 2610 2189 ταῖς
2638 2125 2747 2178 τῶν
2795 2126 3006 2196 δημίων
3042 2126 3325 2198 ἐκδίδομεν
3354 2129 3534 2198 χερσὶ,
3570 2129 3666 2181 καὶ
3694 2129 3778 2191 εἰς

2182 2213 2254 2265 τά
2287 2212 2540 2284 βάραθρα
2563 2212 2806 2284 συνεχῶς
2831 2213 3081 2284 ὼθοῦμεν
3102 2232 3117 2246 ·
3165 2214 3228 2268 ⁸0
3263 2214 3375 2286 γὰρ
3419 2215 3780 2285 περιψύχων

2182 2299 2290 2354 τὸν
2316 2300 2452 2355 υίύν
2474 2302 2579 2354 τὸν
2601 2301 2840 2363 ἑαυτοῦ,
2867 2301 3342 2372 καταδεσμεύσει
3365 2305 3437 2356 τὰ
3466 2304 3776 2373 τραύματα

2181 2388 2395 2453 αὑτοῦ,
2438 2388 2592 2460 φησί.
2620 2388 2685 2441 Τί
2718 2389 2867 2442 ἐστιν
2904 2390 2966 2441 '0
3018 2391 3368 2459 περιψύχων
3388 2406 3407 2454 ;
3441 2390 3500 2442 '0
3522 2390 3711 2454 ἐλεῶν,
3742 2393 3776 2443 6

2184 2474 2518 2537 κολακεύων,
2544 2478 2573 2529 ὁ
2602 2474 2924 2547 θεραπεύων
2950 2476 3091 2545 ὑπὲρ
3117 2476 3179 2529 τὸ
3222 2477 3442 2548 μέτρον.
3469 2477 3778 2549 Σφοδρότη-

2180 2580 2273 2628 τος
2295 2565 2404 2635 γὰρ
2422 2560 2576 2627 οὗτος
2599 2566 2695 2619 καὶ
2714 2565 3033 2635 ἐπιμελείας
3055 2564 3227 2618 δεῖται
3250 2564 3343 2619 καὶ
3361 2565 3561 2635 φόϐων.
3582 2567 3775 2621 Ταῦτα

2181 2652 2325 2722 λέγω
2343 2654 2443 2723 ούχ
2475 2653 2562 2707 ἵνα
2590 2652 2713 2706 λίαν
2738 2652 2765 2693 ιι
2796 2656 3019 2724 τραχεῖς
3044 2647 3196 2725 ὦμεν
3235 2656 3349 2718 τοῖς
3408 2656 3620 2719 παισὶν,
3650 2656 3775 2709 ἀλλ’

2185 2745 2273 2799 ἵνα
2314 2744 2390 2814 μὴ
2424 2743 2896 2814 εὐκαταφρόνητοι
2926 2742 3066 2815 πρὸς
3098 2744 3300 2807 αὐτοὺς
3328 2744 3673 2817 φαινώμεθα.
3707 2747 3777 2800 Et

2181 2832 2289 2904 γὰρ
2312 2830 2447 2902 γυνὴ
2477 2831 2568 2884 τὸν
2592 2831 2760 2902 ἄνδρα
2788 2832 3073 2901 φοϐεῖσθαι
3099 2830 3323 2900 ὀφείλει,
3355 2832 3538 2904 πολλῷ
3568 2833 3778 2904 μᾶλλον

2179 2921 2241 2974 τὸ
2271 2919 2483 2974 παιδίον
2507 2919 2596 2971 τὸν
2624 2918 2859 2991 πατέρα.
2898 2920 3011 2972 Καὶ
3047 2924 3120 2990 μὴ
3153 2937 3244 2989 μοι
3288 2920 3436 2989 λέγε,
3464 2922 3547 2975 ὅτι
3571 2922 3778 2976 ἀδύνα-

2178 3025 2269 3061 τον
2297 3007 2682 3079 περιγενέσθαι
2710 3006 2810 3077 τῆς
2827 3006 3097 3076 νεότητος.
3130 3008 3191 3060 Εἰ
3211 3007 3319 3078 γάρ
3338 3009 3512 3079 χήραν
3535 3011 3780 3077 γυναῖκα

2178 3099 2406 3153 ἀπαιτεῖ
2462 3098 2563 3169 τὴν
2620 3096 2881 3168 πρόνοιαν
2952 3096 3159 3169 ταύτην
3216 3099 3246 3150 6
3297 3096 3531 3162 Παῦλος,
3587 3099 3779 3170 πολλῷ

2183 3186 2385 3257 μᾶλλον
2414 3185 2543 3248 τοὺς
2569 3184 2772 3257 ἄνδρας
2794 3201 2809 3214 ⁸
2838 3185 2888 3237 εἰ
2923 3184 3185 3239 ἀδύνατον
3215 3182 3305 3256 ἦν,
3335 3187 3438 3239 οὐκ
3467 3185 3535 3240 ἂν
3566 3188 3773 3242 ἐπέτα-

2179 3271 2290 3338 ξεν.
2333 3272 2472 3326 Ἀλλ’
2503 3273 2537 3344 ἡ
2564 3275 2715 3325 πᾶσα
2734 3272 2971 3344 πονηρία
2993 3272 3146 3343 παρά
3178 3273 3276 3342 τὴν
3315 3273 3592 3346 ἡμετέραν
3617 3275 3771 3343 γίνεο

2174 3378 2266 3416 ται
2300 3360 2601 3433 ῥαθυμίαν,
2634 3360 2729 3414 καὶ
2768 3358 2831 3412 τὸ
2855 3362 2929 3430 μὴ
2956 3359 3016 3424 ἐξ
3039 3361 3235 3431 ἀρχῆς,
3265 3360 3404 3432 μηδὲ
3439 3362 3505 3414 ἐκ
3540 3361 3770 3433 πρώτης

2175 3450 2388 3521 ἡλικίας
2417 3451 2499 3513 εἰς
2515 3447 2801 3502 εὐλάϐειαν
2828 3449 3045 3516 ἐνάγειν
3074 3447 3292 3511 αὐτούς.
3326 3448 3465 3501 Ἀλλ’
3489 3451 3639 3514 ὅπως
3662 3452 3768 3522 μὲν

2172 3541 2274 3610 τῆς
2298 3538 2497 3605 ἔξωθεν
2520 3537 2848 3608 μετάσχοιεν
2870 3536 3231 3600 παιδεύσεως,
3251 3536 3347 3591 καὶ⁵
3372 3540 3451 3602 είς
3471 3540 3766 3609 στρατείαν

2172 3627 2474 3687 τελέσαιεν,
2502 3625 2902 3696 σπουδάζομεν,
2922 3626 3016 3679 καί
3033 3627 3295 3696 χρήματα
3320 3627 3761 3699 καταϐάλλομεν,

2174 3715 2269 3770 καὶ
2306 3714 2493 3784 φίλους
2526 3712 2811 3784 ἀξιοῦμεν,
2864 3714 2959 3767 καὶ
3005 3714 3231 3777 πολλαῖς
3264 3716 3583 3786 κεχρήμεθα
3640 3719 3767 3781 ταῖς

2173 3805 2533 3876 περιδρομαῖς
2549 3820 2561 3833 ·
2586 3804 2734 3867 ὅπως
2752 3803 2810 3857 δὲ
2832 3803 3257 3875 εύδοκιμὴσαιεν
3282 3804 3437 3876 παρά
3451 3804 3530 3875 τῷ
3547 3805 3768 3875 βασιλεῖ

2170 3894 2280 3947 τῶν
2308 3892 2581 3963 ἀγγέλων,
2603 3892 2798 3946 ούδένα
2831 3892 3137 3963 ποιούμεθα
3166 3893 3347 3962 λόγον.
3379 3895 3491 3947 Καὶ
3524 3896 3607 3959 εἰς
3631 3895 3765 3951 θεά-

2175 3998 2322 4052 ματα
2366 3981 2466 4051 μέν
2496 3979 2740 4050 συνεχῶς
2771 3979 3166 4051 συγχωροῦμεν
3190 3981 3526 4045 ἀναϐαίνειν,
3558 3984 3642 4047 εἰς
3667 3985 3766 4036 ἐκ·

2170 4068 2401 4139 κλησίαν
2438 4067 2495 4121 δὲ
2557 4069 2659 4121 οὐκ
2704 4069 3090 4139 ἀναγκάζομεν
3143 4067 3431 4121 οὐδέποτε·
3481 4068 3622 4123 ἀλλά
3654 4071 3764 4124 κᾶν

2170 4158 2318 4222 ἅπαξ
2342 4158 2374 4229 ἢ
2396 4157 2648 4228 δεύτερον
2677 4157 3057 4229 παραγένηται
3087 4158 3149 4211 τὸ
3179 4159 3412 4224 παιδίον,
3444 4160 3637 4225 ἁπλῶς
3663 4163 3762 4215 καὶ

2168 4263 2190 4298 ε
2202 4246 2288 4316 ίκῆ
2306 4246 2401 4298 καὶ
2425 4245 2602 4315 μάτην
2620 4246 2713 4297 καὶ
2735 4244 3096 4315 ψυχαγωγίας
3123 4246 3207 4299 ἐνε
3216 4263 3309 4298 κεν
3325 4245 3563 4300 ἐνταῦθα
3578 4265 3762 4318 παρα-

2167 4335 2401 4402 γίνεται.
2433 4334 2547 4387 υύκ
2576 4335 2745 4405 ἐχρῆν
2770 4335 2826 4387 δὲ
2857 4333 3031 4397 οὕτως
3052 4350 3067 4364 ·
3098 4333 3214 4388 ἀλλ’
3252 4333 3441 4407 ὥσπερ
3488 4340 3572 4402 εἰς
3609 4339 3761 4391 διδα-

2168 4426 2415 4479 σκαλεῖον
2446 4424 2756 4494 πέμποντες
2785 4423 2893 4476 τῶν
2922 4423 3262 4495 μαθημάτων
3285 4425 3630 4496 ἀπαιτοῦμεν
3659 4428 3760 4492 τάς

2166 4513 2414 4576 εὐθύνας,
2439 4512 2583 4565 οὕτω
2641 4512 2735 4564 καὶ
2765 4514 2847 4574 εἰς
2870 4511 3169 4582 ἐκκλησίαν
3192 4512 3528 4583 πέμποντες,
3551 4515 3760 4585 μᾶλλον

2162 4599 2218 4653 δὲ
2252 4601 2496 4668 ἄγοντες.
2531 4600 2606 4651 υύ
2637 4600 2746 4670 γὰρ
2772 4600 2980 4669 ἐτέροις
3018 4600 3217 4665 αὐτοὺς
3245 4602 3591 4674 ἐπιτρέπειν,
3640 4603 3757 4656 ἀλλ’

2164 4688 2362 4750 αὐτοὺς
2400 4688 2735 4757 κατέχοντας
2764 4686 3000 4740 ἐνταῦθα
3044 4687 3272 4742 εἰσιέναι
3305 4690 3496 4760 ἐχρῆν,
3532 4693 3629 4745 καὶ
3656 4691 3757 4762 τῆς

2162 4774 2397 4828 ἐνταῦθα
2450 4775 2768 4845 ἀκροάσεως
2823 4775 2916 4827 καὶ
2970 4774 3325 4839 διδασκαλίας
3378 4778 3478 4847 τὴν
3526 4780 3755 4849 μνήμην

2161 4863 2413 4917 ἀπαιτεῖν
2461 4863 2588 4918 ἔδει.
2643 4863 2798 4916 Οῦτω
2840 4862 2971 4934 γὰρ,
3027 4864 3172 4916 οῦτω
3208 4864 3355 4936 ῥᾴων
3414 4865 3630 4933 ἐγίνετο
3658 4870 3753 4922 καὶ

2162 4950 2387 5014 εύκολος
2410 4953 2542 5024 ἡμῖν
2571 4954 2605 5021 ἡ
2642 4952 2751 5005 τῶν
2779 4953 2988 5005 παίδων
3007 4952 3294 5022 διόρθωσις
3315 4970 3329 4983 ⁸
3349 4954 3399 5006 εί
3429 4954 3540 5026 γὰρ
3574 4957 3671 5009 καὶ
3692 4959 3753 5010 ἐν

2157 5042 2224 5111 τῇ
2246 5040 2394 5111 οἰκίᾳ
2424 5039 2718 5103 διαπαντὸς
2744 5039 2945 5110 ἤκουον
2979 5038 3137 5110 ὑμῶν
3175 5040 3583 5109 διαλεγομένων
3617 5047 3755 5117 περὶ

2158 5127 2476 5197 φιλοσοφίας
2500 5167 2515 5191 ,
2573 5128 2668 5181 καὶ
2708 5126 3193 5197 συμϐουλευόντων
3217 5128 3405 5192 αὐτοῖς
3432 5129 3503 5182 τά
3529 5130 3750 5198 δέοντα,

2156 5216 2252 5270 καὶ
2274 5216 2346 5269 τά
2376 5213 2609 5270 ἐνταῦθα
2634 5213 2818 5277 αὐτοῖς
2846 5215 3202 5285 προσετίθετο
3226 5218 3343 5287 μετ’
3367 5218 3621 5285 ἐκείνων,
3653 5224 3752 5276 καὶ

2153 5305 2363 5374 ταχέως
2401 5303 2467 5356 ἂν
2518 5302 2626 5355 τῶν
2665 5301 2846 5356 καλῶν
2872 5302 3083 5356 τούτων
3134 5304 3467 5374 σπερμάτων
3496 5312 3752 5374 γενναῖον

2154 5394 2285 5463 ἡμῖν
2318 5389 2659 5454 ἐπεδείξαντο
2688 5390 2921 5460 καρπόν.
2962 5390 3101 5442 Ἀλλ’
3123 5391 3277 5444 οὐδὲν
3310 5393 3517 5449 τούτων
3558 5396 3751 5450 ποιοῦ-

2156 5494 2274 5548 μεν,
2304 5477 2437 5531 ἀλλὰ
2456 5476 2710 5548 πάρεργα
2736 5479 2869 5548 ἡμῖν
2889 5476 2959 5531 τὰ
2985 5477 3261 5545 ἀναγκαῖα
3280 5498 3293 5510 υ
3309 5480 3414 5536 κᾶν
3434 5483 3749 5557 παραινέσῃ

2220 5643 2245 5709 f‘
2276 5641 2471 5709 _Omnes
2492 5655 2609 5709 mss.
2636 5645 2823 5709 φόϐων,
2849 5647 2969 5696 editi
2993 5647 3162 5709 φόνων.

2216 5705 2242 5742 ιι
2266 5702 2374 5752 Duo
2402 5717 2514 5752 mss.
2542 5702 2681 5770 λιμῷ.
