4020 6370
308 236 418 293 329
1541 227 1605 283 IN
1647 224 1868 288 ILLUD,
1909 222 2120 279 ~VIDUA
2157 220 2525 279 ELIGATL‘R.
3489 224 3596 281 330

308 367 430 405 ntus
450 390 465 414 ,
499 348 592 404 sed
620 347 990 404 vehementius
1014 352 1068 400 ct
1102 344 1308 408 acrius,
1343 350 1397 396 et
1421 341 1464 394 si
1494 348 1746 410 quantam
1777 338 1892 392 vnl-

310 443 461 498 neris
487 441 715 512 requirit
750 440 933 505 ulcus,
962 446 1164 492 tantam
1195 436 1400 506 plagam
1433 433 1752 502 inﬁigamtts.
1783 427 1900 482 Non

307 549 440 605 ergo
470 533 670 590 sufﬁcit
706 533 752 590 si
782 532 954 586 solum
984 530 1222 586 dicamus
1244 570 1258 592 ,
1291 526 1385 581 sed
1419 535 1472 580 et
1501 523 1726 578 multum
1753 522 1905 574 incu—

307 637 423 683 tere
456 627 706 682 timorem
731 633 981 695 Oportet,
1014 633 1072 677 ttt
1110 621 1404 692 juventntis
1429 617 1685 673 desidiam
1728 629 1896 669 excu-

305 717 436 772 tias.
464 716 726 786 Quoniam
755 715 915 785 igitur
943 713 1254 767 hortabatur
1283 710 1374 765 ille
1398 708 1634 779 quidem,
1666 705 1758 759 sed
1791 721 1896 758 non

304 817 365 861 ttt
387 809 624 877 oportuit
643 805 975 871 hortabatur,
995 803 1236 858 hostibus
1253 801 1372 856 illos
1392 817 1452 854 ex
1463 799 1654 869 posuit,
1674 807 1726 850 et
1744 811 1901 850 exor-

307 912 362 954 to
404 900 587 970 praelio
611 900 920 955 ceciderunt
958 900 1010 952 in
1045 898 1194 964 acie,
1237 893 1724 963 cumquenuntium
1762 891 1900 944 ferre

308 1008 416 1046 non
449 1002 664 1063 posset,
695 991 894 1046 cadens
920 997 974 1046 et
1003 991 1114 1058 ipse
1141 988 1445 1042 confractus
1477 993 1560 1038 cst
1597 993 1652 1038 et
1677 981 1896 1036 interiit.

309 1084 474 1138 Vides
501 1086 692 1140 merito
719 1084 916 1138 dictum
945 1097 973 1135 a
1001 1097 1085 1136 me
1110 1081 1290 1144 fuisse,
1316 1079 1602 1132 liberorum
1633 1090 1752 1130 esse
1779 1088 1901 1142 par-

310 1176 531 1240 ricidas,
559 1177 650 1246 qui
680 1176 1012 1245 negligentes
1039 1175 1234 1228 liberos
1263 1172 1456 1226 acriter
1487 1185 1590 1222 non
1619 1167 1896 1234 castigant,

311 1283 487 1337 neque
525 1267 594 1321 ab
626 1268 730 1322 illis
768 1267 1002 1322 debitttnt
1041 1266 1149 1319 Deo
1179 1264 1379 1320 cultum
1410 1259 1670 1330 exigunt?
1700 1258 1789 1311 Sic
1815 1255 1899 1308 ni-

311 1361 507 1414 mirum
534 1359 651 1414 Heli
677 1358 846 1413 factus
865 1371 946 1413 est
970 1356 1251 1426 parricida.
1278 1354 1426 1409 Licet
1448 1352 1590 1406 enim
1620 1348 1757 1403 ﬁlios
1781 1346 1900 1416 ejus

312 1451 494 1506 hostes
524 1451 851 1515 occiderint,
878 1450 967 1504 ille
999 1458 1174 1502 tamen
1202 1454 1388 1500 auctor
1413 1443 1576 1498 caedis
1601 1441 1694 1494 fuit
1714 1479 1728 1505 ,
1757 1436 1898 1508 quod

311 1557 407 1596 sua
434 1543 578 1596 circa
608 1541 728 1595 illos
757 1540 1074 1610 negligentia
1108 1539 1202 1592 Dei
1229 1536 1482 1591 auxilium
1508 1533 1576 1587 ab
1607 1533 1713 1586 illis
1738 1545 1896 1584 aver-

312 1636 477 1699 terit,
517 1643 572 1690 et
598 1633 768 1687 nudos
807 1647 869 1687 ac
909 1632 1150 1686 desertos
1180 1630 1244 1683 iis
1267 1668 1282 1692 ,
1314 1627 1402 1697 qui
1431 1638 1623 1680 necare
1663 1623 1895 1687 vellent,

312 1725 586 1795 objecerit.
631 1724 814 1792 Neque
849 1737 977 1778 vero
1020 1722 1195 1777 solum
1238 1719 1378 1785 illos,
1425 1717 1520 1772 sed
1569 1723 1626 1771 et
1662 1714 1898 1783 scipsum

309 1832 432 1872 cum
460 1816 565 1869 illis
591 1815 883 1870 interemit.

381 1908 435 1962 9.
471 1906 633 1960 Pater
654 1907 923 1976 indulgens
949 1902 1206 1974 parricida
1233 1909 1326 1956 est.
1369 1929 1441 1940 —
1484 1897 1714 1967 ldipsum
1755 1909 1897 1949 nunc

309 2013 522 2069 quoque
551 1997 793 2068 plurimis
823 1995 1058 2065 patribus
1084 1993 1261 2049 evenit
1289 2009 1303 2046 :
1335 1992 1459 2061 quia
1485 1989 1770 2044 verberare
1800 2001 1897 2039 no-

310 2093 544 2153 luerunt,
579 2107 678 2144 nec
701 2090 879 2144 verbis
906 2088 1187 2156 castigare,
1220 2100 1392 2154 neque
1421 2083 1735 2137 contristare
1764 2079 1898 2132 lihe-

309 2199 399 2238 ros
425 2182 727 2237 inordinate
753 2189 910 2250 atque
937 2180 1115 2249 inique
1143 2177 1400 2243 viventes,
1431 2188 1802 2244 saepenumero
1830 2173 1881 2224 in

306 2277 639 2346 gravissimis
670 2275 788 2328 illos
810 2273 1119 2329 criminibus
1143 2268 1528 2339 deprehensos,
1554 2267 1606 2319 in
1633 2265 1892 2334 judicium

308 2367 580 2437 abreptos,
608 2382 636 2420 a
658 2365 996 2421 carniﬁcibus
1015 2363 1188 2434 capite
1215 2359 1449 2414 truncari
1473 2357 1738 2412 viderunt.
1761 2354 1894 2409 Cum

308 2459 452 2511 enim
484 2466 541 2510 tu
568 2470 661 2510 cos
691 2470 796 2508 non
827 2454 1054 2523 castiges
1079 2493 1093 2518 ,
1142 2467 1261 2506 cum
1292 2459 1346 2503 tu
1393 2464 1499 2503 non
1538 2446 1775 2516 corrigas
1795 2485 1810 2510 ,
1843 2453 1898 2499 et

307 2549 585 2602 sceleratis
613 2561 676 2601 ac
706 2546 926 2616 perditis
952 2543 1256 2598 hominibus
1286 2549 1337 2596 te
1367 2541 1538 2609 ipsum
1565 2537 1893 2599 admisceas,

307 2646 364 2693 et
393 2639 444 2692 in
472 2638 799 2692 consortiqu
827 2635 1077 2705 nequitia-3
1105 2648 1227 2687 cum
1257 2631 1361 2686 illis
1399 2630 1583 2685 venias
1605 2669 1619 2694 ,
1660 2642 1726 2682 ex
1752 2641 1899 2680 com-

310 2730 567 2783 munibus
611 2729 816 2796 legihns
845 2729 897 2780 in
929 2741 1023 2781 eos
1063 2726 1264 2795 agitur,
1296 2733 1350 2777 et
1397 2723 1449 2775 in
1491 2720 1732 2776 omnium
1772 2732 1899 2772 eon-

308 2830 495 2892 spcctu
528 2821 820 2891 puniuntur
853 2836 865 2872 :
895 2823 958 2873 a'c
984 2818 1156 2885 major
1184 2830 1302 2868 cum
1335 2813 1638 2868 calamitate
1668 2810 1726 2864 ﬁt
1756 2812 1900 2879 igno-

309 2913 473 2966 minia
499 2953 514 2976 ,
546 2912 672 2964 dttm
704 2919 907 2978 patrem
953 2908 1099 2962 illum
1141 2906 1308 2976 digito
1352 2911 1651 2957 monstrant
1701 2915 1890 2954 omnes

308 3013 432 3071 post
475 3003 617 3056 illius
646 3002 848 3055 obitum
874 3041 889 3064 ,
928 3007 984 3053 et
1019 2997 1093 3052 illi
1139 2995 1238 3050 fori
1271 2995 1470 3049 aditum
1517 2992 1895 3047 intercludunt.

308 3093 516 3159 Quibus
544 3092 684 3145 enim
714 3091 883 3144 oculis
912 3089 1109 3158 poterit
1137 3094 1480 3142 occurrentes
1508 3084 1608 3139 sibi
1640 3092 1759 3148 post
1785 3093 1900 3136 tan-

310 3194 418 3238 tam
449 3182 718 3236 infamiam
747 3191 799 3236 et
818 3181 1174 3235 calamitatem
1206 3178 1297 3232 lilii
1328 3177 1609 3232 contueri?
1638 3175 1898 3242 Quocirca

309 3289 504 3344 precor
525 3283 578 3328 et
603 3273 828 3327 obsecro
859 3272 1078 3324 multam
1106 3269 1392 3324 liberorum
1420 3281 1604 3321 curam
1628 3280 1895 3335 geramus,

309 3375 367 3421 et
407 3367 600 3435 ubique
642 3364 868 3418 salutem
899 3363 1110 3416 illorum
1151 3361 1343 3414 anima:
1372 3373 1695 3428 quwramus.
1737 3356 1900 3426 Magi-

309 3468 424 3514 ster
455 3471 508 3512 et
536 3458 727 3512 doctor
764 3472 822 3511 es
849 3457 1110 3510 universa:
1138 3453 1332 3507 domus
1365 3461 1466 3505 tute
1491 3491 1504 3511 ,
1533 3450 1734 3520 tibique
1764 3465 1898 3502 uxo-

310 3565 426 3604 rem
461 3557 518 3604 et
557 3550 693 3602 ﬁlios
723 3556 975 3618 perpetuo
1014 3544 1283 3599 docendos
1312 3542 1597 3597 committit
1637 3542 1794 3594 Deus.
1836 3540 1902 3594 Et

311 3659 460 3698 nunc
498 3643 713 3712 quidem
751 3642 824 3696 ait
851 3641 1046 3694 Paulus
1075 3639 1142 3694 de
1171 3638 1426 3692 uxoribus
1458 3654 1470 3690 :
1504 3637 1564 3691 Si
1587 3636 1708 3706 quid
1735 3645 1899 3688 autem

307 3737 485 3789 volunt
512 3735 723 3800 discere,
750 3733 887 3787 domi
912 3733 1043 3784 viros
1068 3747 1186 3784 suos
1207 3732 1511 3799 interrogent
1551 3730 1625 3799 (1.
1657 3727 1774 3781 Cor.
1808 3727 1894 3780 14.

309 3828 442 3898 55);
473 3840 613 3879 nunc
638 3841 768 3879 vero
792 3824 859 3878 de
887 3824 1066 3876 liberis
1087 3862 1101 3885 ,
1132 3821 1359 3875 Educate
1389 3821 1504 3874 illos
1539 3821 1590 3874 in
1620 3819 1896 3888 disciplina

307 3929 360 3972 et
389 3919 703 3989 correptione
728 3917 932 3972 Domini
954 3921 1166 3990 (Epltes.
1196 3918 1249 3971 6.
1279 3916 1353 3988 4).
1385 3916 1600 3970 Statuas
1629 3929 1818 3968 aureas
1847 3916 1897 3966 itt

309 4010 518 4065 aedibus
550 4011 748 4066 habere
784 4020 836 4067 te
878 4014 1123 4067 existima
1169 4012 1404 4074 liberos;
1451 4009 1671 4079 singulis
1711 4007 1899 4061 diebus

307 4117 409 4156 eos
438 4102 684 4169 informa,
713 4113 768 4157 et.
791 4103 1074 4173 diligenter
1093 4101 1393 4168 considera,
1416 4102 1667 4170 omnique
1695 4101 1899 4153 ratione

309 4194 528 4248 illorum
557 4194 788 4247 animam
817 4209 1020 4248 exorna
1058 4204 1113 4248 et
1141 4195 1361 4248 institue
1394 4211 1407 4246 ε
1441 4194 1650 4246 imitare
1686 4191 1897 4245 beatum

307 4286 436 4353 Joh,
468 4287 557 4357 qui
589 4288 780 4341 timens
800 4288 868 4342 ob
890 4303 951 4342 ea
979 4304 1098 4358 qua:
1124 4287 1221 4357 ipsi
1249 4297 1424 4340 mente
1447 4295 1782 4355 peccassent,
1815 4300 1901 4338 sa-

307 4380 514 4435 criﬁcia
546 4395 642 4448 pro
672 4379 801 4452 ipsis
826 4380 1122 4448 offerebat,
1165 4396 1228 4436 ac
1261 4381 1484 4434 multum
1523 4381 1591 4436 de
1633 4379 1741 4434 illis
1785 4389 1900 4435 erat

310 4472 578 4526 sollicitus
603 4471 726 4542 (Job
779 4474 832 4527 1.
863 4473 942 4545 5).
974 4472 1183 4527 Imitare
1211 4473 1479 4526 Abraham
1515 4490 1530 4527 :
1559 4489 1682 4526 nam
1725 4481 1780 4527 et
1811 4473 1900 4527 ille

311 4564 661 4632 pecuniarum
709 4572 763 4618 et
802 4565 1200 4634 possessionum
1247 4562 1386 4617 haud
1431 4563 1699 4616 studiosus
1741 4573 1896 4629 erat,

310 4656 408 4710 sed
435 4657 737 4711 divinarum
769 4656 980 4726 legum,
1014 4663 1073 4710 ut
1099 4655 1307 4709 illarum
1337 4655 1766 4710 observationem
1805 4671 1901 4725 po-

311 4749 473 4802 steris
509 4749 620 4802 suis
646 4757 830 4803 exacte
859 4747 1278 4802 commendaret.
1304 4746 1473 4813 Quam
1502 4747 1617 4815 ejus
1652 4748 1899 4800 virtutem

313 4837 622 4893 testimonio
643 4852 740 4893 suo
759 4837 995 4892 declarat
1015 4837 1154 4890 Deus
1170 4836 1220 4890 in
1244 4835 1358 4890 haec
1377 4836 1534 4889 verba
1561 4853 1573 4888 :
1604 4836 1725 4891 Scio
1747 4837 1896 4902 enim,

312 4932 433 5001 quia
457 4931 726 4985 constituet
755 4931 1011 4984 Abraham
1037 4931 1160 4998 ﬁliis
1186 4932 1291 4985 suis
1320 4931 1522 5000 judicia
1560 4941 1606 4982 et
1635 4931 1897 5000 justi/ica-

314 5025 474 5077 tiones
497 5022 647 5093 (Gen.
688 5023 775 5078 18.
803 5023 914 5092 19).
946 5021 1109 5076 David
1137 5037 1348 5093 quoque
1368 5063 1380 5087 ,
1407 5020 1532 5076 dum
1563 5031 1859 5076 moreretur
1882 5063 1897 5088 ,

313 5128 524 5183 magna:
545 5113 858 5167 hereditatis
885 5113 1002 5167 loco
1029 5123 1216 5167 vocato
1242 5114 1352 5166 ﬁlio
1376 5128 1474 5167 suo
1506 5112 1808 5178 mandabat,
1837 5128 1901 5168 ac

313 5206 625 5273 frequenter
665 5206 876 5260 dicebat
906 5224 924 5257 -.
954 5206 1008 5260 Si
1044 5205 1280 5260 volueris
1305 5247 1319 5272 ,
1369 5206 1479 5272 ﬁli,
1511 5222 1575 5261 ex
1606 5207 1777 5276 legum
1808 5207 1901 5261 Dei

315 5297 632 5367 praescripto
657 5297 842 5352 vivere
862 5339 877 5364 ,
907 5297 1110 5351 nullum
1138 5297 1468 5365 inopinatum
1497 5298 1693 5351 malum
1724 5307 1775 5352 te
1801 5311 1900 5366 op-

316 5391 532 5459 primet,
565 5390 660 5446 sed
689 5390 867 5444 omnia
896 5405 1150 5460 proSpere
1182 5391 1274 5445 tibi
1305 5391 1614 5457 succedent,
1645 5405 1705 5445 ac
1738 5391 1900 5445 multa

315 5485 604 5538 securitate
628 5484 848 5553 potieris
881 5500 901 5537 ι
926 5485 1006 5538 sin
1033 5493 1208 5538 autem
1237 5483 1417 5538 abillo
1441 5485 1636 5538 auxilio
1664 5483 1897 5550 excidas,

317 5574 449 5627 nihil
477 5575 568 5628 tibi
593 5589 811 5645 regnum
837 5583 890 5629 et
912 5574 1070 5628 multa
1095 5572 1208 5628 haec
1232 5574 1461 5642 potentia
1491 5574 1748 5642 proderit.
1775 5574 1900 5631 litec

316 5677 368 5724 et
399 5669 520 5723 talia
548 5668 776 5736 dicebat,
800 5669 897 5724 etsi
922 5684 1025 5724 non
1049 5669 1162 5724 istis
1183 5668 1339 5738 plane
1365 5669 1559 5726 verbis.

2085 335 2171 392 10.
2209 335 2472 402 Quomodo
2503 337 2646 406 pueri
2676 336 2918 403 docendi;
2946 338 3141 407 {ructus
3169 338 3310 393 bona:
3333 350 3422 394 aut
3446 347 3596 399 mala!

2007 427 2320 482 educationis
2376 429 2693 494 liberorum;
2763 429 3067 500 negligentia
3125 441 3411 499 parentum.
3467 433 3597 488 Haec

2008 522 2166 575 etiam
2196 535 2295 575 nos
2325 530 2378 574 et
2408 521 2534 574 dum
2566 522 2824 588 vivimus,
2865 531 2920 576 et
2948 537 3067 576 cum
3101 524 3342 578 morituri
3369 540 3555 580 sumus
3591 572 3606 589 ,

2008 611 2192 665 liberis
2223 612 2420 666 nostris
2441 611 2702 679 dicamus,
2728 613 2911 684 eisque
2935 615 3348 683 persuadeamus
3374 631 3591 688 magnas

2007 715 2128 756 csse
2154 701 2363 756 divitias
2391 711 2443 756 et
2469 702 2716 757 stabilem
2745 703 3096 760 hereditatem
3123 748 3139 774 ,
3174 708 3592 780 thesaurumque

2007 795 2168 848 nullis
2192 794 2488 848 obnoxium
2516 795 2726 850 damnis
2751 798 2997 852 timorem
3031 799 3158 865 Dei;
3193 816 3255 855 ac
3284 803 3594 859 Studeamus

2006 887 2112 940 illis
2135 903 2236 940 non
2269 888 2521 956 pecunias
2547 903 2665 956 qua:
2692 898 2916 958 pereunt
2940 891 3274 960 relinquere,
3299 894 3394 950 sed
3420 897 3591 964 pieta-

2010 989 2114 1033 tem
2139 995 2256 1048 qure
2289 987 2585 1048 permanet,
2617 995 2717 1034 nec
2739 996 2988 1050 umquam
3012 983 3326 1040 absumitur.
3359 986 3414 1041 Si
3444 989 3588 1044 enim

2007 1071 2176 1139 pietas
2202 1085 2308 1122 non
2353 1069 2530 1134 adsit,
2575 1080 2799 1140 pereunt
2840 1074 3078 1140 pecunia:
3115 1089 3234 1144 qua:
3262 1087 3598 1148 suppetunt,

2007 1175 2129 1214 cum
2161 1159 2399 1228 periculo
2425 1169 2477 1213 et
2506 1161 2790 1229 ignominia
2815 1177 3020 1216 summa
3053 1183 3065 1215 :
3101 1180 3161 1220 ea
3189 1182 3316 1222 vero
3341 1169 3386 1223 si
3410 1170 3550 1225 adsit
3575 1211 3589 1235 ,

2007 1255 2165 1307 etiam
2199 1269 2259 1307 ea
2291 1270 2408 1323 quae
2438 1271 2541 1307 non
2571 1265 2896 1323 suppetunt,
2939 1259 3304 1327 acquiruntur.
3347 1261 3400 1318 Si
3440 1272 3496 1318 tu
3530 1264 3592 1317 ﬁ-

2007 1346 2134 1400 lium
2165 1357 2310 1400 ttuuu
2341 1355 2483 1401 recte
2507 1348 2817 1401 educaveris
2843 1389 2858 1413 ,
2891 1349 2961 1402 ita
2989 1365 3141 1404 suum
3173 1351 3337 1410 lilium
3370 1354 3457 1410 ille
3479 1397 3492 1418 .
3535 1365 3591 1410 et

2005 1440 2140 1493 alter
2161 1454 2312 1491 suum
2339 1455 2352 1502 ;
2377 1453 2438 1492 ac
2459 1439 2620 1492 veluti
2639 1449 2825 1492 catena
2848 1440 3088 1509 quaedam
3111 1451 3163 1496 et
3185 1445 3352 1498 series
3375 1447 3590 1514 optima:

2005 1529 2426 1584 conversationis
2451 1529 2516 1582 ad
2547 1543 2733 1583 omnes
2760 1545 2929 1599 usque
2959 1533 3254 1600 perveniet,
3288 1550 3316 1588 a
3351 1545 3400 1590 te
3429 1536 3592 1591 ducto

2005 1620 2157 1674 initio
2183 1627 2238 1674 et
2262 1619 2439 1673 radice
2458 1661 2471 1683 ,
2497 1619 2638 1672 unde
2667 1620 2760 1673 tibi
2797 1621 2865 1674 ob
2893 1633 3194 1692 susceptam
3236 1624 3464 1679 ﬁliorum
3492 1643 3590 1681 eu-

2005 1725 2117 1763 ram
2147 1710 2352 1764 fructus
2382 1719 2685 1765 nascentur.
2717 1710 2771 1764 Si
2804 1722 3052 1779 parentes
3084 1712 3277 1768 liberos
3303 1729 3430 1771 suos
3458 1715 3584 1771 dili-

2002 1812 2182 1873 genter
2209 1803 2482 1858 erudirent
2507 1844 2520 1866 ,
2563 1818 2670 1856 non
2711 1804 2913 1873 legibus
2932 1845 2948 1870 ,
2977 1821 3081 1858 non
3105 1806 3319 1874 judiciis
3347 1823 3481 1878 Opus
3507 1808 3590 1864 fo-

2003 1905 2124 1961 ret,
2155 1912 2258 1949 non
2292 1896 2466 1966 poenis
2507 1911 2569 1950 ac
2609 1897 2910 1964 suppliciis,
2943 1907 2999 1952 ct
3038 1898 3274 1954 catdibus
3319 1903 3540 1971 publicis
3573 1922 3587 1959 :

2002 1986 2263 2058 siquidem
2290 1987 2460 2050 Justo,
2492 1987 2664 2055 inquit
2689 1987 2800 2052 ille,
2834 1988 2916 2041 lca:
2940 2005 3038 2042 non
3065 2000 3136 2043 est
3162 1993 3325 2059 posita
3349 1992 3423 2064 (1.
3455 1993 3586 2048 Tim.

2005 2083 2056 2134 1.
2085 2081 2175 2151 9).
2223 2081 2486 2147 Quoniam
2517 2090 2691 2135 autem
2733 2081 2942 2136 illorum
2974 2099 3155 2137 curant
3189 2101 3292 2139 non
3318 2087 3587 2156 gerimus,

2010 2172 2212 2227 idcirco
2236 2171 2528 2240 majoribus
2571 2171 2690 2226 illos
2722 2173 2876 2228 malis
2911 2175 3261 2242 involvimtts,
3291 2186 3344 2232 ct
3369 2179 3584 2232 carniﬁ-

2001 2278 2122 2317 cum
2155 2263 2270 2316 illos
2303 2264 2547 2317 manibus
2591 2263 2834 2318 dedimus
2860 2306 2873 2328 ,
2913 2274 3071 2334 atque
3103 2267 3152 2320 in
3185 2268 3433 2324 barathra
3477 2272 3587 2325 fre-

2002 2367 2228 2428 quenter
2257 2356 2597 2425 impellimus.
2626 2356 2723 2420 Qui
2743 2358 2872 2410 enim
2897 2359 3159 2427 refrigerat
3183 2360 3366 2426 lilium,
3394 2362 3586 2431 inquit,

2004 2447 2259 2517 colligabit
2286 2450 2492 2500 vulnera
2523 2448 2629 2517 ejus
2658 2445 2846 2514 (Et-cli.
2872 2449 2958 2503 50.
2992 2453 3067 2517 7).
3101 2450 3237 2515 Quid
3266 2461 3349 2506 est
3375 2451 3472 2518 Qui
3501 2470 3586 2507 rc-

2003 2538 2254 2609 frigerat?
2283 2537 2382 2602 Qui
2413 2538 2696 2591 miseretur
2715 2579 2730 2602 ,
2764 2538 2854 2606 qui
2882 2538 3126 2593 adulatur
3148 2582 3163 2605 ,
3203 2542 3292 2611 qui
3324 2542 3592 2598 blanditur

2003 2632 2139 2682 ultra
2180 2628 2418 2681 modum.
2461 2628 2506 2680 Is
2534 2628 2675 2681 enim
2711 2629 2995 2684 severitate
3025 2645 3258 2699 curaque
3291 2631 3487 2703 indiget
3528 2650 3592 2688 ac

2005 2731 2169 2775 metu.
2204 2719 2328 2774 llaec
2364 2723 2540 2773 a‘htem
2573 2735 2676 2773 non
2717 2736 2780 2774 co
2811 2720 2950 2783 dico,
2987 2732 3044 2776 ut
3071 2722 3228 2777 nimis
3255 2726 3426 2792 aSperi
3459 2725 3592 2781 libe-

2002 2811 2076 2865 ris
2107 2813 2273 2865 simus
2297 2852 2312 2875 ,
2359 2811 2455 2866 scd
2484 2826 2549 2864 ne
2585 2811 2878 2881 despicatui
2911 2813 2978 2866 ab
3021 2813 3120 2867 illis
3171 2815 3481 2871 ltabeamur.
3533 2819 3589 2873 Si

2001 2905 2146 2958 enim
2179 2919 2312 2957 uxor
2340 2904 2508 2957 virum
2540 2919 2692 2956 suttut
2722 2913 2958 2959 metuere
2991 2905 3186 2972 debet,
3232 2909 3398 2962 multo
3425 2913 3594 2981 magis

2003 2995 2143 3049 ﬁlius
2190 3004 2414 3064 patrem.
2461 2995 2648 3064 Neque
2685 2995 2812 3049 tnihi
2862 2996 3008 3050 dicas
3037 2997 3240 3053 domari
3281 3017 3386 3055 non
3436 3018 3595 3071 posse

1999 3086 2353 3156 juventutcm.
2384 3085 2514 3140 Nam
2545 3087 2640 3141 sia
2672 3087 2895 3142 muliere
2927 3088 3083 3142 vidua
3114 3106 3296 3145 curam
3326 3092 3592 3162 ejusmodi

2003 3180 2227 3246 requirit
2252 3179 2480 3240 Paulus,
2513 3181 2678 3233 multo
2707 3181 2872 3250 magis
2903 3196 2931 3234 a
2963 3183 3089 3237 viris
3121 3201 3133 3236 :
3164 3185 3208 3237 si
3247 3183 3359 3239 ﬁeri
3393 3186 3443 3241 id
3486 3203 3592 3242 non

2004 3283 2203 3344 posset,
2237 3288 2343 3327 non
2373 3273 2710 3342 imperasset.
2747 3273 2942 3327 Verum
2973 3275 3148 3328 omnis
3179 3275 3491 3344 improbitas
3519 3294 3586 3333 ex

2005 3367 2325 3438 negligentia
2352 3378 2532 3420 nostra
2576 3368 2747 3420 oritur
2773 3407 2785 3428 ,
2833 3377 2888 3421 et
2924 3367 3065 3437 qttod
3098 3385 3201 3421 tton
3233 3383 3261 3420 a
3291 3369 3554 3441 principio
3575 3415 3590 3436 ,

2005 3474 2178 3528 neque
2201 3474 2229 3512 a
2258 3458 2508 3528 primaeva
2539 3466 2694 3511 aetate
2721 3457 2785 3510 ad
2821 3461 3070 3526 pietatem
3103 3458 3247 3526 ipsos
3273 3459 3596 3516 informave-

2003 3551 2190 3605 ritnus.
2223 3549 2328 3603 Sed
2360 3558 2416 3602 ut
2444 3548 2682 3618 profanis
2702 3547 2912 3617 quidem
2946 3547 3254 3602 imbuantur
3276 3549 3590 3620 disciplinis,

2004 3653 2058 3699 et
2082 3645 2132 3697 in
2161 3653 2458 3698 castrorum
2489 3657 2739 3696 numeros
2768 3641 3086 3711 allegantttr,
3119 3658 3335 3711 operam
3362 3643 3552 3700 damus
3572 3688 3588 3713 ,

2004 3747 2058 3792 et
2083 3737 2338 3806 pecunias
2367 3750 2730 3801 numeramus,
2769 3744 2821 3788 et
2850 3735 3054 3789 amicos
3079 3735 3421 3792 obsecramus
3447 3779 3462 3805 ,
3492 3738 3596 3794 huc

2005 3830 2127 3882 illuc
2155 3828 2462 3896 frequenter
2488 3828 2841 3881 discurrimus
2876 3845 2887 3880 :
2924 3839 2974 3881 ut
3007 3837 3185 3882 autem
3215 3831 3353 3898 apud
3375 3833 3592 3900 angelo-

2005 3937 2119 3974 runt
2153 3920 2348 3990 Regem
2383 3920 2432 3972 in
2463 3920 2855 3974 existimatione
2883 3921 2990 3973 sint
3013 3962 3028 3986 ,
3061 3937 3163 3975 non
3194 3923 3480 3978 admodum
3511 3926 3590 3979 la-

2004 4014 2276 4067 boramus.
2324 4013 2498 4082 Atque
2543 4012 2610 4066 ad
2660 4014 2962 4080 spectacula
3015 4014 3230 4082 quidem
3289 4016 3596 4086 frequenter

2003 4105 2293 4157 ascendere
2323 4105 2586 4170 sinimus,
2638 4105 2699 4156 ad
2743 4104 3025 4158 ecclesiam
3070 4115 3246 4159 autem
3295 4123 3584 4178 numquam

2006 4195 2187 4247 venire
2209 4193 2581 4262 compellimus
2614 4211 2625 4244 :
2661 4193 2752 4245 sed
2787 4194 2830 4247 si
2860 4194 3023 4248 semel
3050 4203 3143 4248 aut
3173 4196 3362 4250 iterum
3392 4214 3591 4268 puern-

2004 4286 2086 4340 lus
2113 4285 2216 4338 huc
2245 4284 2529 4350 adveniat,
2561 4294 2793 4349 temere,
2829 4284 3020 4338 frustra
3050 4296 3105 4340 et
3136 4287 3398 4342 incassum
3430 4300 3594 4360 atque

2005 4379 2164 4432 animi
2193 4393 2352 4432 causa
2393 4375 2498 4431 huc
2524 4377 2756 4430 advenit.
2804 4378 2874 4431 At
2915 4393 3019 4431 non
3065 4379 3133 4432 ita
3167 4379 3282 4434 ﬁeri
3309 4383 3545 4450 Oportuit
3575 4401 3589 4437 :

2004 4470 2096 4524 sed
2126 4468 2573 4539 quemadmodum
2605 4484 2724 4522 cum
2749 4467 2815 4524 ad
2847 4468 3059 4522 scholas
3099 4471 3358 4526 mittimus
3378 4515 3392 4538 ,
3423 4471 3591 4529 disci-

2004 4560 2267 4630 plinarum
2297 4558 2364 4613 ab
2393 4558 2498 4612 illis
2535 4558 2792 4612 rationem
2821 4559 3110 4629 exigimus,
3144 4560 3214 4614 ita
3246 4577 3366 4616 cum
3402 4563 3467 4618 ad
3499 4580 3592 4619 ee-

2005 4651 2219 4705 clesiam
2249 4649 2527 4714 mittimus,
2552 4649 2635 4703 vel
2663 4650 2838 4719 potius
2864 4650 3127 4705 ducimus.
3155 4650 3269 4707 Non
3301 4654 3441 4708 enim
3470 4655 3589 4712 aliis

2005 4757 2099 4797 eos
2129 4742 2493 4805 committere,
2528 4757 2557 4795 a
2589 4741 2740 4795 vobis
2769 4742 2958 4796 ductos
2987 4743 3088 4797 huc
3119 4753 3330 4813 oportet
3354 4746 3587 4814 intrare,

2007 4843 2061 4887 et
2087 4847 2273 4888 eorum
2302 4848 2420 4902 qnte
2451 4833 2535 4887 hic
2559 4832 2879 4898 audiverint,
2908 4843 2959 4889 et
2983 4851 3101 4903 qua:
3135 4835 3440 4903 didicerint,
3474 4855 3590 4894 me-

2007 4925 2174 4979 moria
2202 4924 2529 4994 reposcenda
2557 4934 2662 4980 est.
2696 4924 2784 4979 Sic
2813 4925 2957 4979 enim
2990 4927 3141 4981 ﬁeret
3171 4935 3228 4979 ut
3256 4942 3284 4980 a
3319 4927 3472 4987 nobis
3512 4931 3590 4985 fa-
3665 4971 3674 4976 _

2005 5018 2106 5072 cile
2134 5032 2198 5071 ac
2223 5017 2370 5071 nullo
2400 5017 2613 5086 negotio
2653 5017 2718 5071 ad
2752 5020 3026 5072 meliorem
3074 5018 3278 5089 frugem
3322 5021 3474 5077 liberi
3505 5041 3588 5079 re-

2005 5120 2343 5166 vocarentur.
2367 5111 2503 5166 Nam
2532 5111 2576 5166 si
2602 5122 2654 5166 et
2679 5111 2824 5166 domi
2862 5122 3118 5182 perpetuo
3141 5131 3239 5168 nos
3267 5114 3335 5170 de
3357 5117 3584 5185 philoso-

2006 5203 2129 5274 phia
2175 5203 2456 5273 loquentes
2496 5203 2762 5267 audirent,
2804 5212 2858 5258 et
2897 5205 3039 5274 quod
3089 5221 3221 5274 opus
3269 5207 3407 5263 facto
3450 5219 3591 5263 esset

2007 5295 2372 5360 consulentes,
2403 5305 2454 5349 et
2481 5311 2600 5348 cum
2635 5295 2736 5349 illis
2761 5296 3177 5366 adjungerentur
3201 5313 3319 5367 qua:
3347 5299 3448 5354 hoc
3475 5300 3591 5352 loco

2007 5386 2256 5441 dicuntur
2276 5428 2291 5453 ,
2323 5396 2376 5442 et
2400 5387 2792 5457 quamprimum
2823 5388 3046 5442 istorum
3077 5389 3344 5443 seminum
3377 5390 3592 5445 uberem

2007 5477 2162 5536 nobis
2197 5481 2424 5536 fructum
2453 5480 2829 5550 producerent.
2860 5482 2928 5534 At
2959 5496 3054 5536 nos
3083 5482 3213 5536 nihil
3242 5482 3429 5536 ltorutn
3455 5496 3584 5550 prae.

2007 5585 2229 5639 stamus,
2253 5574 2346 5629 scd
2372 5590 2432 5628 ea
2459 5589 2576 5644 qua:
2608 5583 2787 5628 nostra
2821 5576 3082 5629 intersunt
3108 5576 3355 5640 maxime,
3387 5576 3588 5643 perium

2009 5669 2174 5723 ctorie
2205 5683 2452 5723 curamus
2485 5687 2498 5722 :
2530 5669 2670 5738 quod
2717 5669 2758 5723 si
2791 5668 2858 5723 de
2896 5669 2976 5722 his
3006 5669 3318 5724 cohortetur
3363 5667 3551 5736 aliquis
3575 5707 3589 5729 ,

3743 6249 3986 6297 ..κῆ-
