4020 6370
434 225 531 281 331

437 351 613 406 statim
643 349 922 418 irridetur;
952 361 1109 424 atque
1138 352 1263 409 hinc
1295 356 1370 418 lit,
1403 363 1462 408 ut
1488 354 1665 407 omnia
1697 365 1893 422 susque
1919 349 2017 404 de-

434 461 538 512 que
567 446 856 508 "vertantur,
888 459 1130 515 «piosque
1153 454 1402 515 parentes
1431 462 1533 501 non
1561 445 1844 516 castigant,
1876 444 2022 515 leges

434 544 668 588 externae
696 535 974 605 Castigcnt.

507 626 593 681 Il.
628 627 708 680 An
740 642 843 680 non
877 635 928 682 te
959 627 1140 696 pudet,
1180 643 1385 699 qumso,
1417 645 1514 684 uec
1543 628 1816 684 erubescis
1840 670 1856 694 ,
1897 642 2018 682 cum

435 717 600 772 ﬁlium
630 729 775 774 tuum
797 721 958 789 judex
989 724 1138 792 punit
1158 763 1172 785 ,
1200 732 1254 776 et
1289 724 1757 793 temperantiorem
1801 721 1977 776 reddit
2002 762 2017 786 ,

432 811 571 877 quod
604 811 688 864 ille
711 813 1044 867 correctione
1075 822 1296 866 externa
1328 815 1580 884 indigeat,
1603 814 1693 883 qui
1716 821 1862 867 tanto
1885 821 2018 865 tem-

433 917 562 971 pore
591 903 640 955 in
666 905 1018 958 contubernio
1059 914 1153 958 tuo
1194 905 1365 959 vixit?
1407 921 1512 958 non
1551 915 1602 959 te
1643 903 1927 959 abscondis
1965 912 2019 957 et

431 993 707 1046 occultas?
736 996 816 1049 An
846 1011 975 1048 vero
1005 1005 1058 1048 tu
1088 997 1307 1049 omnino
1333 1038 1347 1060 ,
1377 997 1464 1050 die.
1489 1038 1502 1058 .
1532 1012 1716 1065 quaeso
1739 1035 1754 1060 ,
1779 1006 1931 1066 pater
1957 995 2016 1047 il-

431 1085 532 1139 lius
561 1086 726 1140 audes
748 1089 945 1150 vocari,
976 1092 1062 1157 qui
1094 1089 1256 1142 lilium
1282 1088 1350 1141 ita
1381 1087 1698 1156 prodideris,
1723 1102 1896 1157 neque
1918 1100 2015 1140 ne-

429 1183 663 1234 cessario
692 1181 839 1234 illum
882 1182 1130 1251 pra:sidio
1161 1181 1416 1236 umnieris
1438 1221 1454 1246 ,
1487 1180 1581 1234 sed
1611 1180 1678 1234 ab
1703 1180 1845 1232 omni
1879 1177 2015 1232 sive-

430 1274 502 1327 ris
539 1273 878 1342 improbilate
913 1275 1126 1328 vitiari?
1159 1274 1234 1327 Ac
1262 1275 1304 1328 si
1334 1273 1637 1343 quempiam
1678 1271 1892 1342 quidem
1929 1271 2012 1325 fu-

428 1369 648 1435 gitivum
683 1371 864 1425 videas
893 1371 1115 1439 puerulo
1136 1371 1316 1440 alapas
1343 1370 1744 1439 impingcntem,
1775 1369 2016 1438 indigna-

429 1463 541 1524 ris,
589 1463 873 1528 irasceris,
925 1473 978 1517 et
1021 1463 1130 1517 fera
1170 1462 1442 1518 crudelius
1489 1463 1537 1516 in
1583 1460 1772 1516 faciem
1811 1461 2015 1515 iuvolas

434 1553 540 1622 rjus
565 1596 581 1619 ,
611 1571 638 1606 a
666 1571 772 1624 quo
801 1556 1096 1623 percutitur
1127 1572 1139 1606 :
1171 1570 1292 1609 cum
1326 1570 1454 1608 vero
1479 1554 1749 1608 diabolum
1777 1553 2013 1622 quotidie

434 1645 618 1698 videas
669 1646 850 1713 alapas
897 1646 969 1699 illi
1003 1646 1296 1716 impingere
1325 1687 1340 1711 ,
1381 1645 1652 1698 daemones
1692 1643 1758 1698 ad
1798 1653 2011 1713 peccata

428 1738 694 1806 pellicere,
727 1740 949 1801 dormis,
985 1757 1162 1809 neque
1195 1740 1506 1810 indignaris,
1546 1755 1717 1808 neque
1745 1753 1813 1793 ex
1843 1737 2010 1791 faui-i-

425 1830 524 1883 bus
568 1831 876 1884 smvissima:
923 1832 1112 1885 bellua:
1159 1831 1323 1885 lilium
1370 1831 1574 1899 eripis?
1614 1829 1873 1883 Rursusa
1901 1828 2011 1881 da:-

423 1940 580 1975 tnone
609 1926 650 1976 si
682 1936 986 1993 correptum
1017 1923 1218 1988 videas,
1248 1924 1312 1978 ad
1343 1939 1529 1978 tunnes
1557 1933 1770 1977 sanctos
1799 1922 1970 1975 curris
1992 1962 2006 1984 ,

421 2026 473 2068 et
499 2031 593 2069 eos
619 2017 707 2085 qui
740 2018 1015 2070 cacumina
1047 2019 1308 2070 muntium
1336 2017 1573 2070 incolunt
1598 2017 1922 2085 interpellas,
1953 2024 2011 2067 nt

421 2106 566 2159 illum
598 2108 858 2174 ejusmodi
889 2108 1066 2162 furore
1091 2109 1317 2163 liberent
1341 2127 1353 2164 ;
1379 2125 1497 2163 cum
1528 2118 1703 2163 autem
1735 2126 1760 2160 a
1789 2120 2009 2178 peccato

400 2215 632 2268 ,διοιιιιιιςν
669 2212 894 2255 vexetur
915 2245 929 2265 ,
961 2203 1099 2270 quod
1131 2203 1376 2257 daemone
1405 2205 1592 2274 quovis
1619 2203 1860 2272 aSperius
1884 2212 1963 2256 est
1990 2242 2005 2266 ,

423 2293 549 2344 nihil
581 2304 755 2347 tamen
783 2304 833 2348 le
865 2296 1206 2348 couuum‘et?

489 2383 734 2439 Peccutor
760 2388 1070 2441 dwmoninro
1099 2387 1344 2440 miserior.
1375 2417 1448 2427 —
1470 2387 1539 2442 Λι
1563 2401 1590 2439 a
1622 2385 1866 2440 (immune
1887 2383 2008 2456 qui-

418 2477 538 2531 dem
570 2480 745 2532 vexari
773 2520 788 2540 ,
822 2479 950 2532 nihil
979 2496 1137 2548 grave
1167 2489 1249 2533 est
1277 2497 1288 2532 :
1321 2495 1492 2549 neque
1531 2479 1672 2533 enim
1713 2479 1817 2532 ullo
1845 2478 2004 2531 modo

423 2580 598 2639 potest
639 2571 960 2624 da-iuonium
1008 2572 1058 2624 in
1106 2572 1403 2642 gehennam
1451 2571 1774 2641 prazcipitetn
1814 2585 1999 2640 agere;

417 2662 512 2718 sed
553 2663 596 2717 si
640 2663 824 2715 attenti
869 2664 1036 2715 sinms
1065 2679 1126 2715 ac
1155 2662 1341 2732 vigiles
1373 2704 1386 2726 ,
1423 2661 1510 2714 ubi
1552 2678 1672 2730 cupi
1714 2661 2003 2728 gratiarum

418 2754 625 2807 actione
655 2755 1004 2808 contumelias
1036 2753 1298 2822 ejusmodi
1333 2753 1632 2812 tulerimus,
1657 2753 1814 2805 etiam
1842 2767 2002 2804 coro-

417 2859 512 2897 nas
545 2845 696 2898 nobis
729 2844 963 2914 insignes
993 2853 1047 2898 et
1078 2845 1312 2897 illustres
1345 2843 1428 2896 illa
1460 2843 1680 2896 teutalio
1719 2857 2002 2906 compara-

417 2937 522 3000 bit;
555 2953 676 2991 eum
711 2953 836 2990 vero
867 2937 955 3007 qui
989 2937 1221 3005 peceatis
1262 2937 1402 2989 vivat
1430 2935 1672 2988 addictus
1696 2974 1709 2997 ,
1753 2933 2001 3002 impossi-

415 3031 522 3086 bile
547 3039 628 3084 est
656 3045 903 3099 umquam
931 3029 1133 3082 salvum
1165 3028 1276 3081 fieri
1305 3067 1319 3090 ,
1365 3026 1456 3080 sed
1491 3027 1645 3096 plane
1676 3041 1894 3078 necesse
1921 3033 2002 3075 est

415 3133 471 3178 et
497 3122 580 3177 hic
609 3123 1022 3193 ignominiosum
1051 3137 1174 3177 esse
1200 3161 1214 3186 ,
1263 3131 1316 3175 ct
1341 3121 1651 3175 defunttum
1682 3134 1864 3172 rursus
1896 3117 2002 3172 illic

415 3215 702 3271 immortali
747 3216 1010 3286 supplicio
1051 3216 1246 3283 puniri.
1297 3213 1674 3267 Verumtamen
1723 3211 1843 3265 licet
1889 3210 2002 3264 lta-c

415 3311 680 3374 sciamus,
713 3309 940 3362 multum
981 3307 1196 3378 quidem
1227 3307 1385 3361 studii
1417 3307 1467 3359 in
1501 3321 1563 3359 ea
1602 3321 1721 3375 qua!
1745 3313 1869 3357 sunt
1897 3303 1999 3356 mi-

417 3416 545 3454 nora
576 3401 902 3454 conferimus
935 3417 946 3452 :
972 3410 1026 3453 at
1051 3415 1172 3453 enin
1201 3400 1266 3453 de
1298 3399 1589 3468 majoribus
1621 3398 1816 3467 agitur,
1843 3397 1996 3449 nolu-

417 3508 533 3545 mus
563 3492 784 3545 excitari
817 3509 829 3544 :
863 3490 1098 3562 dumque
1124 3501 1429 3562 correptum
1476 3507 1503 3543 a
1543 3492 1786 3544 dmnione
1827 3489 2002 3544 cerni-

417 3599 536 3636 mus
561 3624 574 3646 ,
616 3583 856 3652 lugemus
887 3601 900 3636 :
933 3584 1060 3636 dmn
1101 3591 1278 3638 autem
1327 3594 1636 3652 peccantem
1685 3582 1957 3636 cernimus
1983 3621 2000 3644 ,

417 3693 486 3731 ne
519 3677 842 3746 percipimus
877 3675 1092 3746 quidem
1117 3717 1132 3741 ,
1177 3691 1297 3728 cum
1343 3675 1595 3745 plangere
1625 3684 1898 3742 Oporteret
1939 3687 2002 3727 ac

415 3766 616 3822 deﬂere
647 3785 660 3820 :
695 3767 774 3820 vel
807 3769 977 3836 potius
1006 3783 1109 3820 nou
1150 3766 1350 3821 deﬂere
1377 3766 1584 3828 solum,
1629 3765 1722 3820 sed
1765 3775 1820 3820 et
1847 3765 1996 3818 cubi-

414 3862 542 3916 berc
572 3876 632 3916 ac
658 3859 949 3923 refrenare,
984 3859 1288 3924 consulere,
1317 3858 1614 3923 cohortari,
1643 3857 1886 3910 timorem
1914 3855 1998 3909 in-

413 3963 618 4016 cutere,
647 3951 1064 4022 reprehendere,
1097 3950 1240 4005 omni
1267 3949 1490 4004 medelae
1518 3963 1716 4019 genere
1755 3948 1997 4002 morbum

415 4046 562 4098 illum
587 4045 822 4111 abigere,
857 4059 917 4097 ac
947 4043 1160 4096 viduam
1194 4042 1348 4096 istam
1377 4039 1570 4095 imitari
1595 4082 1609 4104 ,
1636 4028 1702 4093 de
1728 4054 1831 4109 qua
1857 4037 1997 4092 Pan-

413 4139 495 4192 lus
519 4140 613 4204 ait,
646 4138 709 4192 Si
732 4137 868 4204 ﬁlios
893 4137 1124 4199 educavit
1148 4134 1223 4208 (l.
1249 4133 1386 4189 Tim.
1423 4135 1472 4189 5.
1503 4133 1614 4203 10).
1645 4131 1828 4203 Neque
1855 4132 1997 4186 enim

413 4231 479 4284 ad
507 4231 648 4284 illam
677 4237 877 4283 tantum
907 4269 921 4290 ,
961 4229 1055 4284 Sed
1105 4229 1170 4282 ad
1212 4242 1398 4282 omnes
1436 4242 1647 4296 quoque
1695 4242 1999 4281 sermonem

415 4325 556 4380 hunc
581 4323 800 4394 dirigit,
823 4338 1117 4391 omnesque
1155 4321 1465 4374 cohortatur
1485 4362 1497 4383 ,
1528 4321 1710 4374 dicens
1729 4361 1743 4383 ,
1776 4317 2002 4374 Educate

415 4416 549 4485 ﬁlias
576 4416 626 4468 in
653 4414 966 4483 correptione
994 4411 1202 4465 Domini
1232 4410 1448 4481 (Ep/tes.
1490 4412 1542 4464 6.
1580 4410 1657 4481 4).
1709 4409 1840 4464 Nam
1889 4410 2000 4478 pri-

416 4525 560 4562 mum
593 4507 693 4561 hoc
715 4506 929 4578 quidem
959 4514 1058 4570 est,
1089 4516 1142 4562 et
1170 4504 1456 4558 maximum
1481 4504 1701 4568 boumu,
1729 4503 1868 4573 quod
1902 4503 2002 4556 uti-

414 4617 519 4671 que
558 4603 788 4671 primuiu
827 4615 856 4653 a
888 4598 1045 4652 vidua
1075 4597 1289 4666 exegit;
1322 4595 1516 4651 deinde
1562 4605 1683 4666 post
1711 4595 1851 4650 istud
1878 4598 1950 4649 ait
1984 4613 1998 4650 :

417 4698 478 4752 Si
507 4697 726 4768 hospitio
753 4695 958 4762 recepit.
985 4692 1146 4761 Quid,
1171 4707 1374 4762 quzcso,
1404 4689 1573 4744 dicis?
1595 4693 1635 4744 Α
1665 4690 1888 4744 muliere.
1919 4692 2000 4742 vi-

415 4794 518 4846 dua
543 4791 791 4861 requiris,
823 4799 880 4842 nt
909 4786 1140 4856 hospitio
1168 4785 1423 4855 recipiat?
1463 4783 1576 4838 Non
1621 4783 1722 4838 hoc
1765 4783 1996 4846 sufficit,

417 4895 476 4938 ut
505 4884 699 4938 liberos
727 4882 961 4936 nutriat?
984 4879 1349 4948 Nequaquam,
1381 4877 1582 4946 inquit;
1612 4876 1705 4931 sed
1733 4875 1834 4930 hoc
1863 4892 1999 4945 quo-

415 4992 517 5046 que
547 4976 824 5044 adjiciatur
851 4986 1070 5028 necesse
1091 4979 1194 5036 est,
1219 4979 1273 5024 et
1293 4969 1416 5022 dum
1442 4968 1753 5022 domesticis
1783 4975 1996 5037 pra-est,

417 5069 578 5122 etiam
606 5068 901 5122 alienorum
931 5081 1113 5120 curam
1141 5071 1328 5135 gerat,
1372 5078 1435 5117 ac
1466 5063 1759 5133 peregrinis
1781 5061 1998 5115 doumm

414 5162 637 5232 aperiat.
686 5161 798 5214 Vita
839 5159 1050 5214 functus
1099 5167 1182 5213 est
1229 5157 1486 5221 maritus;
1526 5170 1740 5209 omnem
1779 5170 1998 5225 operam

415 5269 572 5324 quam
618 5251 748 5306 olim
788 5251 839 5304 iu
887 5251 1055 5312 illum.
1096 5266 1148 5304 ιιι
1196 5248 1506 5320 peregrinos
1552 5245 1818 5315 impende.
1862 5246 1999 5314 Quid

417 5362 584 5416 ergo,
612 5345 654 5398 si
685 5343 1001 5413 paupercula
1031 5342 1099 5395 sit
1123 5383 1138 5407 ,
1181 5343 1323 5396 dicet
1362 5340 1586 5408 aliquis?
1611 5338 1724 5393 Non
1773 5349 1854 5393 est
1895 5339 2000 5392 ulla

417 5436 703 5507 pauperior
727 5434 813 5488 illa
842 5433 995 5485 vidua
1023 5475 1037 5498 ,
1067 5449 1183 5502 qua:
1217 5431 1426 5484 modiCo
1466 5430 1556 5483 illo
1587 5429 1768 5483 farinae
1795 5472 1808 5493 ,
1839 5440 2000 5497 atque

417 5529 521 5582 olei
567 5527 776 5598 lecytho
805 5540 1051 5595 magumu
1083 5525 1393 5593 pmpbetam
1442 5523 1643 5577 llcliam
1671 5523 1881 5592 excepit
1919 5523 1995 5593 (5.

425 5618 550 5688 Reg.
584 5620 648 5673 Π
668 5619 707 5688 ).
741 5617 874 5673 Nam
904 5617 976 5670 illi
1006 5625 1158 5670 erant
1185 5616 1333 5670 liberi
1365 5633 1376 5673 :
1411 5615 1504 5669 sed
1545 5631 1716 5685 neque
1743 5615 1820 5669 rei
1849 5615 1999 5668 fami-

413 5707 562 5764 liaris
589 5721 817 5781 egeSIas,
853 5723 954 5766 nec
995 5707 1241 5763 violentia
1278 5706 1430 5762 famis
1453 5750 1467 5775 ,
1501 5723 1672 5781 neque
1706 5725 1852 5766 mors
1893 5712 1990 5765 im-

1217 239 1275 295 S.
1312 237 1591 296 JOANNIS
1627 232 2101 295 CllRYSOSTOMl
2141 234 2458 292 ARCHIEP.
2502 239 3035 318 COXSTANTINOP.

3616 248 3727 304 37-!

2141 352 2372 418 inineus,
2421 370 2594 426 neque
2641 357 2928 414 liberorum
2973 375 3118 423 cura,
3175 376 3272 416 uec
3319 363 3566 432 viduitas,
3623 384 3725 425 nec

2128 446 2267 498 aliud
2296 447 2580 518 quidquam
2613 449 2857 522 hospitali
2893 453 3106 509 mulieri
3132 454 3410 511 obstaculo
3440 459 3554 515 fuit.

2201 537 2286 590 12.
2317 539 2404 593 Sic
2435 539 2627 611 ubique
2657 559 2760 596 non
2790 544 3094 599 facultatum
3127 560 3398 609 mensura,
3429 549 3522 603 sed
3553 551 3724 606 animi

2125 627 2453 698 affectusque
2475 647 2717 686 mensura
2743 637 3014 704 qumritur.
3039 635 3139 702 Qui
3169 641 3534 708 magnanimus
3560 651 3641 696 est
3661 650 3722 698 et.

2126 730 2306 775 mente
2334 721 2501 787 dives,
2535 723 2657 778 licet
2688 726 2909 793 pecunia
2951 728 3020 783 sit
3043 729 3280 784 omnium
3325 733 3718 802 pauperrimus,

2123 820 2177 867 et
2203 813 2581 882 hospitalitate,
2605 825 2658 870 et
2679 817 3037 890 eleemosyua,
3053 829 3104 874 ct
3128 820 3272 875 omni
3293 822 3497 891 reliquo
3515 837 3720 894 genere

2124 901 2456 960 liberalitatis
2471 922 2658 961 omnes
2689 909 2884 978 poterit
2911 925 3168 980 superare
3197 928 3212 964 :
3241 913 3329 982 qui
3360 927 3488 967 vero
3515 928 3710 983 parcus

2121 1007 2206 1051 est
2241 1013 2305 1052 ac
2332 1009 2510 1056 mente
2544 1018 2761 1070 pauper,
2791 1013 2949 1075 atque
2974 1005 3118 1059 humi
3145 1006 3327 1076 serpit,
3359 1008 3428 1062 sit
3456 1009 3578 1064 licet
3594 1025 3720 1065 om-

2119 1089 2267 1144 nium
2312 1091 2794 1160 locupletissimus,
2843 1097 3080 1150 omnium
3130 1101 3498 1168 pauperrimus
3532 1110 3616 1157 est
3655 1111 3718 1160 et

2121 1182 2530 1251 egentissimus;
2557 1185 2756 1240 idcirco
2788 1187 2909 1241 talia
2927 1199 3116 1243 cuncta
3144 1189 3402 1246 detrectat
3421 1201 3476 1248 et
3495 1193 3710 1265 refugit.

2119 1272 2187 1327 Et
2211 1273 2654 1342 quemadmodum
2683 1277 2733 1331 iu
2761 1292 2996 1348 paupere
3012 1279 3214 1334 nullum
3234 1290 3409 1351 potest
3430 1293 3716 1354 paupertas

2117 1365 2184 1419 ad
2203 1366 2595 1439 eleemosyuam
2622 1369 3058 1440 impedimentum
3084 1371 3298 1439 afferre,
3323 1382 3541 1444 propter
3563 1389 3715 1432 men-

2117 1457 2186 1510 tis
2207 1458 2533 1526 opulentiam
2559 1476 2573 1512 :
2620 1460 2698 1514 sic
2733 1475 2832 1516 nec
2863 1461 3080 1518 divitem
3111 1473 3335 1534 possunt
3375 1480 3506 1536 opes
3523 1467 3715 1537 juraro

2116 1549 2183 1602 ad
2212 1549 2578 1606 liberalitatem
2606 1553 2960 1608 exercendam
3010 1571 3118 1625 prae
3147 1556 3308 1611 nimia
3349 1560 3543 1614 mentis
3577 1575 3713 1631 ege-

2117 1653 2274 1700 state.
2302 1644 2412 1701 Nec
2456 1646 2613 1718 longe
2658 1656 2818 1703 erunt
2857 1650 3100 1719 exempla
3145 1652 3369 1720 petenda
3411 1653 3711 1723 :siqnidem

2117 1737 2272 1790 vidua
2303 1737 2516 1793 modico
2544 1739 2726 1793 farina
2755 1740 3069 1811 prophetam
3100 1743 3309 1811 excepit
3335 1761 3347 1796 :
3381 1742 3596 1799 Acbaab
3615 1759 3716 1798 au-

2117 1838 2244 1893 tem,
2272 1830 2360 1900 qui
2391 1839 2470 1884 tot
2517 1831 2728 1886 divitias
2760 1833 3086 1902 possidebat,
3115 1835 3278 1889 etiam
3309 1835 3478 1890 aliena
3505 1851 3708 1891 concu-

2115 1921 2246 1990 pivit
2285 1922 2375 1992 (5.
2402 1922 2530 1994 Reg.
2561 1939 2608 1976 c.
2638 1924 2726 1977 l7.
2753 1932 2877 1978 etc.
2905 1924 2965 1980 21
3004 1925 3046 1996 ).
3096 1925 3169 1979 Ita
3214 1943 3316 1981 non
3361 1929 3712 1997 pecuniarum

2112 2013 2329 2077 div‘itire.
2358 2014 2450 2070 sed
2479 2016 2674 2069 mentis
2709 2015 2912 2071 divitiae
2938 2017 3241 2072 facilitatem
3274 2019 3426 2073 nobis
3451 2018 3517 2073 ad
3561 2019 3711 2074 elec-

2113 2120 2390 2177 mosynam
2423 2107 2661 2176 prmbcnt
2689 2123 2703 2160 :
2733 2107 3164 2178 quandoquidem
3215 2109 3302 2162 illa
3346 2110 3506 2165 etiam
3548 2110 3710 2165 vidua

2111 2197 2321 2253 duobus
2359 2197 2532 2252 obolis
2554 2199 2864 2253 innumeros
2889 2199 3082 2254 divites
3121 2202 3411 2270 superavit,
3445 2218 3546 2258 nec
3575 2219 3710 2273 pau-

2111 2299 2290 2359 pertas
2315 2288 2748 2359 impedimentum
2775 2291 2970 2362 objccit
2992 2291 3140 2361 (an.
3162 2293 3252 2348 9.1.
3271 2293 3428 2365 2-4).
3463 2294 3572 2350 Ιιιιο
3594 2297 3713 2351 lure

2113 2381 2224 2451 ipsa
2258 2391 2546 2450 paupertas
2590 2383 2985 2456 elecmosynam
3034 2385 3288 2454 majorem
3331 2387 3536 2442 cchcit:
3565 2389 3710 2457 quod

2113 2473 2295 2543 utique
2343 2473 2536 2530 Paulus
2584 2475 2667 2529 bis
2694 2476 2871 2531 verbis
2910 2479 3223 2548 expressit:
3268 2480 3525 2534 Altissima
3573 2498 3711 2550 plm-

2113 2575 2281 2636 γονίας
2302 2566 2573 2620 abundarit
2593 2568 2644 2620 in
2673 2568 2875 2622 diritias
2905 2571 3248 2639 simplicitatis
3272 2587 3444 2624 eorum
3467 2573 3486 2642 (
3506 2571 3559 2626 2.
3582 2573 3708 2627 Cor.

2111 2661 2165 2712 8.
2190 2655 2270 2728 2).
2293 2657 2404 2712 Non
2423 2660 2563 2712 enim
2588 2657 2688 2714 hoc
2703 2659 3147 2715 consideramlmn
3167 2671 3247 2716 est
3264 2663 3396 2718 duos
3415 2663 3557 2718 illam
3575 2664 3712 2718 obo-

2111 2748 2190 2802 los
2218 2763 2486 2819 erogasse,
2537 2749 2630 2805 sed
2660 2751 2801 2821 quod
2829 2769 2950 2806 cum
3002 2752 3100 2807 ltus
3151 2754 3296 2809 solos
3326 2754 3566 2820 haberet,
3600 2757 3710 2812 illis

2110 2840 2328 2896 minime
2375 2843 2694 2911 pepercerit,
2727 2842 2820 2898 sed
2851 2852 3012 2898 totam
3031 2844 3379 2900 substantiam
3407 2862 3554 2903 suam
3575 2865 3709 2904 cou-

2111 2932 2310 3000 tulerit,
2360 2933 2579 2990 laudare
2621 2935 2764 2989 illam
2793 2945 3005 3005 Oportet
3045 2953 3107 2992 ac
3157 2939 3359 2993 mirari.
3401 2939 3514 2996 Non
3545 2941 3712 3012 igitur

2108 3025 2318 3093 upibus,
2348 3024 2445 3081 sed
2487 3026 2652 3080 animi
2692 3027 2967 3082 alacritate
2999 3029 3151 3084 nobis
3194 3039 3276 3084 est
3301 3045 3456 3100 Opus,
3488 3033 3706 3102 quando

2107 3117 2404 3187 excipiendi
2435 3128 2558 3173 sunt
2588 3117 2843 3188 hospites.
2873 3119 3002 3174 Nam
3033 3122 3482 3189 quemadmodum
3509 3124 3552 3178 si
3584 3123 3707 3180 lucc

2107 3209 2268 3273 adsit,
2298 3208 2427 3263 nihil
2452 3225 2645 3264 nocere
2673 3219 2846 3280 potest
2878 3222 3161 3280 paupertas
3191 3230 3204 3265 :
3237 3213 3312 3268 sic
3336 3214 3379 3268 si
3404 3212 3514 3270 luce
3537 3216 3704 3282 absit,

2109 3301 2239 3355 nihil
2270 3300 2508 3370 proderit
2532 3302 2825 3373 opulentia.
2857 3304 2992 3370 Quid
3025 3305 3102 3358 ais
3128 3305 3152 3357 ’ἐ
3179 3305 3373 3359 Curam
3405 3305 3698 3362 liberorum

2107 3398 2244 3468 gerit
2269 3398 2445 3461 vidua,
2473 3408 2528 3453 et
2558 3398 2756 3452 idcirco
2783 3399 3091 3468 peregrinos
3134 3398 3314 3455 fovere
3341 3415 3448 3454 non
3479 3411 3653 3472 potest
3678 3401 3707 3455 τ

2111 3489 2220 3543 lmo
2245 3505 2372 3544 vero
2391 3489 2526 3545 banc
2550 3490 2791 3545 eamdem
2816 3491 2885 3545 ob
2908 3505 3123 3545 causam
3147 3491 3353 3546 facilius
3378 3492 3427 3546 id
3447 3504 3708 3563 praestare

2109 3580 2322 3650 poterit,
2353 3595 2472 3635 cum
2502 3583 2552 3634 in
2579 3581 2908 3635 consortium
2956 3580 3254 3636 ofliciorum
3281 3583 3703 3640 exbibendorum

2111 3673 2246 3727 lilios
2278 3673 2450 3743 poscit
2474 3671 2798 3738 adsciscere,
2830 3671 2918 3742 qui
2949 3671 3106 3725 simul
3132 3671 3339 3742 juvent,
3369 3683 3565 3728 etcum
3612 3676 3703 3729 illa

2109 3766 2419 3835 praclarum
2446 3764 2576 3820 illud
2605 3779 2740 3832 Opus
2763 3773 3140 3833 exsequantur.
3185 3765 3365 3835 Itaque
3394 3781 3496 3820 non
3527 3768 3704 3837 impe-

2106 3857 2422 3921 dimentum,
2455 3854 2549 3911 sed
2580 3855 2834 3909 auxilium
2875 3853 3249 3924 hospitalitatis
3275 3858 3376 3910 erit
3417 3857 3703 3912 multitudo

2108 3947 2414 4012 liberorum,
2443 3958 2497 4002 et
2513 3949 2798 4003 multorum
2822 3964 3010 4002 manus
3030 3948 3179 4018 operi
3200 3949 3429 4004 admota:
3454 3966 3703 4022 magnam

2106 4040 2330 4094 all'crent
2371 4039 2671 4094 ministerio
2701 4039 3027 4096 facilitatem.
3059 4039 3180 4095 Noli
3203 4043 3344 4095 enim
3386 4042 3513 4096 mihi
3556 4058 3705 4098 sum-

2109 4139 2350 4202 ptuosam
2379 4146 2618 4186 mensam
2647 4147 3068 4187 commemorare
3089 4133 3163 4187 :si
3193 4135 3530 4203 peregrinum
3561 4145 3705 4190 teeto

2107 4227 2396 4294 exceperit,
2441 4225 2626 4295 siqua:
2653 4227 3006 4295 suppetebant
3031 4230 3358 4296 apposuerit,
3387 4229 3431 4282 si
3471 4230 3696 4284 nmltam

2109 4314 2492 4371 humanitatem
2536 4325 2590 4371 et
2642 4319 2948 4372 comitatem
2993 4317 3330 4386 exhibuerit,
3392 4321 3702 4376 mercedem

2107 4423 2322 4462 omnem
2367 4407 2743 4478 hospitalitatis
2783 4409 3094 4478 promeruit.
3125 4409 3256 4465 Nam
3287 4410 3329 4464 si
3361 4413 3509 4465 solus
3547 4428 3704 4482 aqua:

2107 4498 2308 4569 frigidze
2329 4500 2464 4553 calix
2485 4515 2703 4569 regumu
2726 4500 2975 4554 ca-lorum
2988 4501 3228 4554 eonciliat
3255 4500 3468 4575 (.llatth.
3486 4503 3570 4559 10.
3587 4505 3700 4570 62),

2107 4607 2204 4645 suo
2235 4600 2374 4644 tecto
2396 4591 2663 4660 excipere,
2699 4606 2894 4645 mensm
2929 4592 3237 4662 participem
3270 4595 3590 4657 adsciscere.
3635 4612 3703 4651 ac

2109 4684 2348 4752 reficere,
2375 4695 2651 4756 quantum,
2693 4699 2894 4754 qmeso,
2939 4683 3166 4740 fruetum
3209 4687 3416 4754 pariet?
3455 4689 3535 4743 Ac
3554 4689 3698 4753 vide,

2107 4792 2262 4845 quam
2295 4785 2541 4830 accurate
2564 4793 2673 4830 rem
2694 4776 2888 4830 Paulus
2909 4789 3157 4846 exponat.
3183 4778 3298 4832 Non
3326 4779 3468 4834 enim
3495 4781 3702 4849 simpli-

2105 4871 2237 4924 citer
2265 4869 2366 4924 hoc
2391 4871 2509 4924 loco
2523 4869 2937 4938 hospitalitatem
2963 4870 3150 4940 exigit,
3183 4871 3275 4925 sed
3297 4887 3415 4926 eam
3435 4889 3557 4942 qua:
3574 4890 3698 4928 cum

2105 4962 2269 5016 animi
2319 4961 2754 5032 promptitndine,
2805 4959 3006 5016 fervida
3053 4973 3252 5029 tuente,
3296 4973 3457 5034 atque
3487 4965 3699 5020 ardenti

2104 5055 2294 5109 ali'ectu
2321 5053 2620 5108 exhibetur.
2659 5053 2794 5107 Cum
2824 5053 2965 5107 enim
2995 5054 3238 5119 dixisset,
3271 5055 3333 5108 Si
3359 5055 3579 5124 hospitio
3618 5073 3704 5108 at-

2105 5149 2257 5217 cepit,
2285 5145 2498 5215 adjecit,
2523 5145 2585 5200 Si
2605 5155 2894 5199 sanctorum
2921 5147 3070 5216 pedes
3094 5146 3236 5200 lavit.
3260 5145 3374 5201 Non
3401 5148 3546 5202 illam
3571 5162 3697 5202 cum

2106 5239 2242 5294 fastu
2282 5238 2560 5293 sedentem
2597 5247 2810 5306 oportet
2848 5238 3160 5308 obsequium
3196 5253 3320 5308 erga
3351 5237 3696 5308 peregrinum

2104 5331 2309 5385 ancillis
2356 5329 2700 5395 demandare,
2747 5329 2842 5385 sed
2869 5331 3198 5400 ipsamoperi
3244 5343 3461 5384 manum
3507 5333 3701 5385 admo-

2105 5443 2249 5486 vere.
2284 5426 2618 5496 fructumque
2658 5425 2755 5480 sibi
2810 5425 3067 5494 arripere,
3120 5439 3218 5478 nec
3257 5425 3347 5477 ulli
3374 5425 3696 5494 pneclarum

2104 5521 2253 5574 illum
2287 5521 2596 5574 tlesaurum
2645 5519 2856 5573 cedere.
2910 5517 3014 5572 Sed
3044 5519 3132 5587 qui
3167 5519 3277 5571 fieri
3305 5519 3498 5587 poterit
3527 5519 3693 5583 istud,

2103 5612 2246 5665 dicet
2268 5611 2457 5679 aliquis
2485 5609 2507 5663 ?
2541 5611 2586 5665 si
2617 5611 2758 5664 enim
2789 5611 2857 5664 sit
2887 5609 3078 5663 nobilis
3107 5621 3158 5664 et
3189 5609 3433 5674 illustris,
3457 5625 3521 5664 ac
3539 5612 3694 5666 cele-

2104 5706 2233 5772 bris,
2279 5714 2330 5760 et
2349 5704 2508 5760 claris
2535 5713 2648 5761 orta
2677 5703 2989 5775 majoribus,
3013 5721 3078 5758 an
3106 5705 3217 5776 ipsa
3240 5706 3503 5777 peregrini
3526 5704 3690 5777 pedes
