4020 6370
273 270 377 327 551

265 403 350 452 ⁶τις
370 391 502 465 περί
528 395 752 465 τούτων,
785 400 957 470 γέλως
980 403 1210 470 εὐθέως·
1236 409 1327 461 καὶ
1351 409 1437 463 διὰ
1471 411 1628 465 τοῦτο
1656 414 1723 465 τά
1744 414 1855 468 άνω

266 478 419 533 κάτω
457 483 777 557 γεγένηται,
803 492 897 544 καὶ
919 491 1012 557 οὓς
1038 496 1098 546 οὐ
1134 497 1485 553 παιδεύουσιν
1507 502 1555 553 οἰ
1590 505 1785 570 γονεῖς,
1802 506 1850 557 οἱ

264 563 464 629 ἔξωθεν
504 574 823 630 παιδεύουσι
855 578 1032 650 νόμοι.

323 660 414 708 ια’.
434 658 547 712 Οὐκ
560 663 792 737 αἰσχύνῃ
806 668 901 720 καὶ
917 669 1197 740 ἐρυθριᾷς,
1217 674 1336 727 εἰπέ
1355 692 1464 744 μοι,
1480 677 1609 730 ὅταν
1626 679 1716 731 τὸν
1736 680 1849 733 υἱὸν

260 738 351 793 τὸν
378 741 473 795 σὺν
511 746 539 797 6
564 746 826 823 δικαστὴς
852 738 1064 828 κολάσῃή
1083 738 1178 812 καὶ
1212 738 1657 836 σωφρονέστερον
1687 769 1848 838 ποιή-

260 847 349 902 σῃ,
389 837 485 888 καὶ
511 838 611 910 τῆς
637 840 837 907 ἔξωθεν
862 849 1067 913 ἐκεῖνος
1099 851 1288 921 δέηται
1320 855 1682 926 διορθώσεως,
1715 837 1848 912 τοσ-

256 923 420 977 οῦτον
482 926 629 1004 [521]
665 935 722 1000 ἐξ
757 938 933 1009 ἀρχῆς
986 958 1067 994 σοι
1101 923 1432 1015 συνοικήσας
1471 949 1701 1019 χρόνον;
1742 952 1845 1005 οὐκ

253 1013 575 1094 ἐγκαλύπτῃ
604 1026 699 1076 καὶ
728 1029 1001 1103 καταδύῃ;
1034 1033 1253 1105 Τολμᾷς
1282 1013 1338 1089 δέ
1370 1013 1532 1107 ὅλως,
1570 1013 1696 1093 εἰπέ
1727 1059 1840 1111 μοι,

250 1108 438 1181 πατὴρ
466 1110 546 1165 ἐτι
578 1116 884 1186 καλεῖσθαι,
916 1121 1062 1177 οὕτω
1087 1127 1316 1197 προδοὺς
1345 1128 1439 1183 τὸν
1463 1130 1599 1195 υίὸν,
1619 1108 1840 1203 καὶ-τὴν

247 1197 560 1267 ἀναγκαίαν
591 1207 690 1261 οὐκ
720 1211 1051 1281 εἰσενεγκὼν
1082 1218 1233 1289 αὐτῷ
1261 1223 1435 1293 φορὰν
1460 1263 1474 1286 ,
1516 1224 1651 1278 ἀλλά
1684 1197 1839 1297 περι-

249 1283 372 1338 ιδὼν
390 1288 496 1342 ὐπὸ
519 1292 699 1365 πάσης
723 1296 1092 1373 διαφθαρέντα
1113 1283 1309 1369 κακίας
1325 1283 1345 1373 ξ
1367 1283 1484 1363 Κᾶν
1515 1312 1615 1382 μὲν
1640 1283 1837 1385 δραπέ-

240 1392 342 1448 την
376 1381 498 1434 τινὰ
518 1382 633 1456 ἴδῃς
660 1398 685 1426 α
716 1390 1016 1458 ῥαπίζοντα
1045 1395 1106 1449 τὸ
1134 1399 1366 1465 παιδίον,
1397 1381 1723 1471 ἀγανακτεῖς
1740 1409 1835 1460 καὶ

238 1470 440 1545 ὀργίζῃ
467 1477 559 1530 καὶ
580 1478 976 1553 δυσχεραίνεις,
1004 1488 1195 1561 θηρίου
1228 1494 1606 1568 χαλεπώτερον
1632 1501 1833 1572 ἐπιπη-

236 1561 412 1631 δήσας
439 1570 502 1639 τῇ
526 1569 618 1622 τοῦ
641 1578 815 1645 τυπτή
827 1593 1019 1643 σαντος
1049 1582 1170 1652 ὄψει
1195 1602 1207 1614 ·
1240 1586 1331 1639 τὸν
1355 1588 1412 1641 δὲ
1440 1588 1687 1644 διάϐολον
1704 1594 1827 1646 καθ’

234 1653 474 1727 ἑκάστην
502 1661 715 1732 ἡμέραν
741 1667 882 1737 ὁρῶν
905 1672 1070 1724 αὐτὸν
1109 1675 1433 1746 ραπίζοντα,
1465 1681 1723 1753 δαίμονας
1748 1688 1829 1749 εἰς

232 1745 614 1820 ἁμαρτήματα
646 1756 964 1825 ἐνάγοντας,
1001 1745 1291 1832 καθεύδεις
1342 1773 1438 1825 καὶ
1475 1745 1577 1827 οὐκ
1616 1745 1824 1843 ἀγοιναζ

230 1840 403 1901 κτεῖς,
441 1842 561 1894 οὐδὲ
592 1844 926 1919 ἐξαρπάζεις
959 1854 1054 1908 τοῦ
1085 1858 1474 1927 χαλεπωτάτου
1502 1840 1693 1937 θηρίου
1728 1869 1822 1921 τὸν

228 1931 377 1996 υἰόν;
415 1934 587 1993 Πάλιν
618 1940 684 1993 ἂν
718 1943 816 2012 μὲν
845 1946 950 2001 ὐπὸ
1001 1950 1257 2021 δαίμονος
1309 1931 1626 2029 ἐνεργῆται,
1682 1963 1820 2033 πρὸς

225 2024 438 2091 πάντας
464 2031 590 2094 τοὺς
616 2035 807 2102 ἁγίους
845 2040 1078 2111 τρέχεις,
1108 2046 1202 2098 καὶ
1242 2048 1367 2112 τοὺς
1405 2050 1464 2103 ἐν
1502 2053 1623 2116 ταῖς
1656 2070 1819 2127 κορυ-

223 2118 353 2183 φαῖς
390 2120 498 2175 τῶν
528 2123 700 2194 ὀρέων
732 2131 988 2201 ἐνοχλεῖς,
1041 2134 1183 2189 ὥστε
1244 2140 1409 2195 αὐτὸν
1458 2142 1560 2213 τῆς
1613 2118 1817 2214 μανίας

219 2206 531 2273 ἀπαλλάξαι
565 2214 785 2287 ἐκείνης
806 2234 818 2245 ·
844 2221 1121 2292 ἁμαρτίας
1143 2225 1221 2287 δὲ,
1259 2227 1292 2299 ἢ
1334 2206 1536 2293 παντὸς
1560 2206 1816 2302 δαίμονός

218 2293 338 2347 ἐστι
367 2298 749 2376 χαλεπωτέρα,
777 2311 1021 2382 συνεχῶς
1053 2315 1402 2389 ἐνοχλούσης,
1450 2322 1607 2376 οὐδὲν
1646 2324 1811 2379 πλέον

215 2399 395 2448 ποιεῖς
420 2404 436 2452 ;

286 2474 400 2526 Καὶ
452 2477 513 2530 τὸ
555 2480 655 2550 μέν
691 2486 847 2556 παρά
908 2488 1164 2560 δαίμονος
1197 2494 1530 2565 ἐνοχλεῖσθαι
1571 2501 1807 2569 χαλεπὸν

210 2563 401 2618 οὐδέν·
437 2571 499 2622 οὐ
548 2574 656 2647 γάρ
702 2578 783 2641 εἰς
815 2580 1042 2661 γέενναν
1095 2563 1353 2656 ἐμϐαλεῖν
1410 2591 1473 2643 τὸ
1529 2563 1805 2663 δαιμόνιον

208 2654 437 2713 δύναται
465 2665 706 2732 πάντως,
744 2670 860 2725 ἀλλ’
909 2674 1005 2728 ἐὰν
1053 2679 1337 2751 νήφωμεν,
1372 2685 1465 2737 καὶ
1501 2690 1805 2760 στεφάνους

206 2747 344 2818 ἡμῖν
369 2754 397 2805 6
432 2761 741 2829 πειρασμὸς
771 2758 926 2829 οὗτος
954 2747 1408 2844 οἴσει-λαμπροὺς
1440 2780 1534 2831 καὶ
1568 2747 1800 2853 περιφα;

205 2844 342 2904 νεῖς,
356 2844 485 2900 ὅταν
502 2851 842 2925 εὐχαρίστως
856 2860 1111 2931 φέρωμεν
1124 2865 1221 2929 τὰς
1233 2869 1488 2936 τοιαύτας
1508 2874 1614 2943 ἐπη
1625 2893 1681 2945 ρε
1692 2876 1795 2940 ίας·

200 2932 294 2984 τὸν
325 2934 381 2988 δὲ
412 2938 658 3013 ἁμαρτίᾳ
706 2945 953 3008 συζῶντα
999 2951 1284 3025 ἀμήχανον
1328 2960 1568 3032 σωθῆναί
1619 2982 1748 3019 ποτε
1780 3008 1792 3032 ,

199 3024 321 3078 ἀλλ’
356 3030 570 3103 ἀνάγκη
605 3037 825 3103 πάντως
857 3044 952 3094 καὶ
972 3024 1204 3100 ἐνταῦθα
1236 3024 1600 3110 ἐπονείδίστον
1627 3024 1789 3125 εἶναι,

198 3118 295 3170 καὶΙ
321 3120 625 3178 ἀπελθόντα
660 3130 778 3181 ἐκεῖ
808 3134 1055 3190 ἀθάνατα
1080 3139 1244 3194 πάλιν
1263 3144 1612 3211 κολάζεσθαι.
1648 3153 1789 3206 Ἀλλ’

195 3209 346 3279 ὅμως
375 3213 550 3269 ταῦτα
574 3219 797 3285 εἰδότες,
816 3226 954 3298 ὑπὲρ
987 3229 1088 3297 μὲν
1116 3232 1225 3285 τῶν
1255 3235 1555 3293 ἐλαττόνων
1586 3244 1788 3316 πολλὴν

197 3304 499 3377 ποιούμεθα
524 3315 780 3387 σπουδὴν,
798 3320 939 3392 ὑπὲρ
958 3324 1013 3376 δὲ
1036 3325 1143 3378 τῶν
1174 3328 1438 3398 μειζόνων
1454 3336 1573 3389 οὐδέ
1603 3338 1787 3394 διανα-

195 3399 389 3468 στῆναι
447 3401 788 3476 βουλόμεθα·
829 3416 923 3467 καί
982 3417 1327 3488 δαιμονῶντα
1388 3427 1488 3495 μὲν
1547 3433 1785 3500 ὁρῶντες

191 3489 524 3564 θρηνοῦμεν,
572 3500 960 3573 ἁμαρτάνοντα
993 3508 1048 3560 δὲ
1085 3513 1320 3582 ὁρῶντες
1358 3489 1478 3572 οὐδὲ
1528 3489 1783 3578 αίσθανόί

191 3581 353 3648 μεθα·
381 3584 503 3637 δέον
531 3588 653 3641 τότε
690 3581 1133 3653 κατακόπτεσθαι
1173 3605 1265 3657 καὶ
1304 3606 1613 3678 ὀδύρεσθαι,
1648 3615 1782 3683 μᾶλ-

187 3670 277 3723 λον
309 3672 366 3726 δὲ
415 3677 516 3730 οὐκ
579 3679 856 3752 ὀδύρεσθαι
888 3687 1067 3757 μόνον,
1093 3692 1229 3747 ἀλλὰ
1264 3698 1357 3748 καὶ
1400 3701 1653 3772 κατέχειν
1685 3708 1778 3759 καὶ

185 3765 461 3831 χαλινοῦν,
524 3773 937 3843 συμϐουλεύειν,
990 3789 1298 3853 παραινεῖν,
1345 3791 1551 3858 φοϐεῖν.
1596 3798 1776 3851 ἐπιτι-

186 3855 316 3921 μᾷν,
350 3861 514 3912 παντὶ
537 3863 721 3933 τρόπῳ
752 3866 1047 3938 θεραπείας
1072 3873 1169 3944 τὴν
1192 3878 1503 3948 ἀρρωστίαν
1534 3885 1775 3940 ἀπελαύ-

180 3960 295 3996 νειν
329 3947 566 4020 ἐκείνην,
603 3955 695 4006 καὶ
729 3956 828 4027 τὴν
874 3961 1049 4029 χήραν
1076 3967 1363 4034 μιμεῖσθαι
1395 3972 1616 4043 ταύτην,
1644 3982 1773 4050 περὶ

184 4027 210 4049 τ
285 4038 297 4050 .
332 4040 377 4050 --
424 4038 470 4050 -ι
501 4041 512 4050 ι

180 4027 247 4104 ἧς
274 4038 304 4089 6
332 4038 546 4104 Παῦλος
604 4060 791 4113 φησιν·
828 4027 903 4102 Εί
931 4027 1494 4125 έτελίνάρόφησεν.

177 4124 317 4194 πρὸς
348 4127 566 4203 ἐκείνην
601 4133 781 4202 μόνον,
815 4136 950 4190 ἀλλά
986 4140 1081 4192 καὶ
1112 4143 1247 4214 πρὸς
1290 4124 1538 4213 ἅπαντας
1576 4124 1767 4208 τοῦτον

172 4218 452 4273 ἀποτείνει
512 4224 603 4277 τὸν
657 4226 847 4295 λόγον,
903 4232 996 4285 καὶ
1053 4237 1187 4289 πᾶσι
1244 4247 1510 4311 παραινεῖ
1569 4245 1763 4316 λέγων,

185 4306 537 4377 Ἐκτρέςςετε
565 4314 637 4367 τὰ
656 4317 865 4372 παιδία
884 4320 954 4373 ἐν
974 4327 1261 4393 νουθεσίᾳ
1279 4306 1517 4396 κιτρίου.
1541 4306 1763 4406 Πρώτου

169 4394 280 4467 γάρ
314 4397 587 4455 τοῦτοκαὶ
623 4404 879 4474 μέγιστόν
926 4412 1042 4465 ἐστι
1072 4412 1178 4465 τῶν
1219 4394 1460 4484 ἀγαθών·
1500 4394 1638 4495 ὃπέρ
1667 4423 1760 4480 οὖν

166 4486 264 4538 καὶ
307 4490 461 4560 παρὰ
490 4491 590 4561 τῆς
632 4496 810 4564 χήρας
855 4499 1075 4570 πρῶτον
1131 4503 1434 4576 ἀπῄτησεν·
1467 4486 1760 4584 εἶτα-μετά

162 4573 326 4629 τοῦτό
360 4594 549 4645 φησιν,
585 4585 655 4635 Εἰ
681 4583 1108 4657 ἐξενοδόχησε.
1145 4573 1440 4664 ΤΞ-λέγεις,
1474 4602 1596 4653 εἰπέ
1620 4573 1712 4673 μοι
1740 4624 1754 4669 ;

160 4666 343 4737 χήραν
402 4675 639 4738 γυναῖκα
676 4676 983 4748 ξενοδοχίαν
1024 4681 1313 4750 ἀπαιτεῖς;
1359 4687 1417 4739 οὐ
1448 4689 1557 4761 γὰρ
1595 4666 1759 4764 ἀρκεῖ

156 4754 217 4805 τὸ
252 4753 455 4827 θρέψαι
489 4760 707 4825 παιδία;
740 4764 895 4834 Οὐχὶ,
929 4769 1117 4837 φησίν·
1156 4772 1295 4825 ἀλλά
1330 4774 1410 4828 δεῖ
1461 4753 1557 4831 καὶ
1596 4753 1753 4835 τοῦτο

155 4847 473 4912 προσεῖναι,
503 4849 597 4900 καὶ
649 4852 785 4919 μετὰ
813 4853 912 4923 τὴν
958 4855 1067 4909 τῶν
1118 4861 1338 4914 οἰκείων
1377 4868 1748 4938 προστασίαν,

152 4932 252 4984 καὶ
294 4931 404 4984 τῶν
438 4934 735 5008 ἀλλοτρίων
768 4940 913 5011 ἔχειν
956 4947 1215 5014 πρόνοιαν
1253 4952 1380 5022 χρὴ,
1419 4931 1512 5007 καὶ
1540 4957 1639 5027 τὴν
1668 4931 1749 5012 οἰξ

150 5022 285 5074 κίαν
315 5022 527 5089 ἀνοῖξαι
570 5030 687 5091 τοῖς
735 5029 925 5095 ξένοις.
966 5035 1237 5105 Ἀπῆλθεν
1289 5041 1317 5092 6
1353 5042 1516 5113 ἀνήρ·
1563 5048 1746 5101 πᾶσαν

146 5110 250 5178 τὴν
280 5111 410 5181 περὶ
446 5112 653 5168 ἐκεῖνον
672 5120 908 5190 σπουδὴν
934 5125 1058 5194 περὶ
1078 5128 1203 5190 τοὺς
1226 5128 1412 5193 ξένους
1440 5132 1741 5192 ἀνάλωσον.

147 5195 213 5248 Τί
234 5192 359 5261 οὖν,
386 5203 573 5271 φησὶν,
604 5207 652 5256 εἰ
689 5207 857 5277 πένης
889 5210 972 5280 εἴη
998 5192 1017 5275 ςν
1060 5212 1177 5267 Οὐκ
1226 5215 1373 5270 ἔστιν
1406 5220 1624 5292 ἐκείνης
1642 5226 1744 5293 τῆς

146 5285 332 5355 χήρας
366 5291 666 5362 πενεστέρα
695 5295 797 5364 τῆς
848 5298 907 5348 ἐν
956 5298 1171 5371 ἀλεύρῳ
1215 5305 1397 5376 μικρῷ
1428 5310 1521 5361 καὶ
1559 5285 1739 5365 έλαίου

144 5374 340 5446 κυάθῳ
356 5377 448 5429 τὸν
470 5380 643 5448 μέγαν
666 5387 952 5457 προφήτην
988 5374 1396 5465 ὑποδεξαμένης
1412 5397 1503 5450 τὸν
1532 5399 1735 5455 Ἠλίαν.

142 5460 258 5514 Καὶ
298 5462 408 5535 γάρ
437 5466 533 5518 καὶ
568 5470 685 5521 ἐκεῖ
714 5472 902 5525 παιδία
941 5477 1144 5547 παρῆν·
1169 5460 1283 5533 ἀλλ’
1316 5460 1439 5537 οὐτε
1470 5488 1503 5557 ή
1540 5489 1738 5551 σπάνις

141 5548 255 5602 τῶν
299 5550 513 5616 ὄντων,
564 5554 690 5608 οὐτε
742 5561 775 5629 ἡ
843 5561 937 5614 τοῦ
966 5563 1126 5634 λιμοῦ
1180 5548 1651 5639 τυραννὶςίούτε

142 5640 600 5713 προσδοκώμενος
630 5648 879 5716 θάνατος,
912 5654 1009 5724 οὐχ
1032 5658 1063 5725 ή
1088 5657 1197 5712 τῶν
1227 5661 1455 5718 παιδίων
1486 5670 1730 5736 φροντὶς,

202 5769 233 5801 ⁸
255 5770 373 5822 L'od.
398 5771 488 5821 748
506 5784 645 5824 recte
670 5779 787 5840 ῐδῃς,
814 5779 932 5829 Ειίἀ.
964 5785 1106 5846 εἷδῃς.

444 5862 718 5929 ΡΑτιιοι.
762 5868 879 5934 Gn.
922 5870 1022 5935 LI.

1415 296 1480 350 IN
1517 299 1743 370 ILLUD,
1776 304 2000 364 ‘VIDUA
2042 313 2408 377 ELIGATUR.

3434 326 3540 382 552

1957 417 2109 488 οὐχή
2143 422 2363 491 χηρεία,
2405 425 2506 479 οὐκ
2552 426 2679 481 ἄλλο
2724 430 2876 484 οὐδὲν
2933 433 3151 504 ἐγένετο
3200 438 3428 512 κώλυμα
3471 446 3539 517 τῇ

1958 506 2221 579 φιλοξένῳ
2247 513 2491 577 γυναικί.

2023 635 2109 705 ιβ’.
2134 638 2287 693 Οὕτω
2316 644 2593 715 πανταχοῦ
2622 648 2682 700 οὐ
2716 650 2891 723 μέτρα
2922 653 3134 719 οὐσίας,
3167 655 3306 711 ἀλλὰ
3363 657 3540 730 μίτρα

1950 726 2191 795 διανοίας
2208 729 2473 805 ζητεῖται.
2504 740 2561 792 ὐ
2584 742 2959 816 μεγαλόψυχος
2972 751 3067 800 καὶ
3081 750 3146 819 τῇ
3164 726 3374 820 διανοία
3387 726 3535 823 [ὅέέ]

1950 819 2229 889 πλούσιος,
2248 825 2352 880 κᾶν
2370 828 2627 883 ἁπάντων
2653 834 2957 905 ἀνθρώπων
2984 838 3307 911 πενέστερος
3332 819 3537 912 ἐν-χρήί

1951 927 2117 979 μασιν
2145 910 2201 986 ᾖ,
2231 918 2440 984 πάντας
2478 922 2782 996 ὑπερϐῆναι
2808 928 3095 1000 δυνήσεται
3134 910 3227 985 καῖ
3258 910 3533 1003 φιλοξενίᾲ

1948 1004 2043 1056 καὶ
2067 1006 2430 1083 ἐλεημοσύνη,
2466 1019 2559 1071 καὶ
2587 1022 2651 1090 τῇ
2701 1020 2860 1092 λοιπῇ
2895 1024 3043 1097 πάσῃ
3069 1024 3438 1098 φιλοφροσύνῃ
3457 1043 3469 1058 ·
3502 1028 3532 1079 6

1948 1098 2271 1168 μικρολόγος
2329 1108 2422 1159 καὶ
2483 1112 2700 1180 πτωχὸς
2754 1112 2851 1183 τὴν
2909 1113 3168 1181 διάνοιαν,
3222 1118 3316 1169 καὶ
3353 1117 3529 1188 χαμαὶ

1942 1185 2149 1256 ἕρπων,
2182 1192 2284 1247 κᾶν
2335 1197 2590 1252 ἁπάντων
2644 1202 3019 1276 εὐπορώτερος
3062 1200 3119 1279 ᾗ.
3160 1207 3375 1260 πάντων
3407 1206 3527 1259 ἐστὶ

1941 1282 2283 1354 πτωχότερος
2318 1289 2413 1341 καὶ
2448 1292 2819 1365 ἀπορώτερος·
2857 1295 2945 1349 διὰ
2972 1295 3131 1349 τοῦτο
3157 1296 3292 1367 πρὸς
3321 1296 3392 1351 τὰ
3410 1314 3523 1350 τοι-

1938 1370 2078 1423 αῦτα
2106 1373 2320 1430 ἅπαντα
2349 1379 2500 1432 ὀκνεῖ
2533 1383 2628 1435 καί
2660 1384 2969 1439 ἀναδύεται.
3011 1386 3124 1440 Καὶ
3152 1385 3339 1460 ὥσπερ
3370 1388 3523 1441 οὐδὲν

1935 1462 2027 1515 ἐπὶ
2055 1466 2147 1519 τοῦ
2174 1468 2403 1540 πένητος
2459 1476 2491 1545 ή
2545 1476 2706 1530 πενία
2747 1478 2946 1546 γένοιτ’
2985 1479 3051 1533 ἂν
3111 1480 3337 1551 κώλυμα
3382 1480 3519 1553 πρὸς

1935 1553 2306 1633 ἐλεημοσύνην
2340 1564 2430 1617 διά
2468 1565 2560 1619 τὸν
2611 1568 2711 1639 τῆς
2750 1569 2991 1634 διανοίας
3040 1570 3288 1625 πλοῦτον·
3345 1571 3519 1636 οὔτως

1930 1648 2085 1701 οὐδὲν
2108 1653 2201 1705 ἐπὶ
2233 1653 2329 1707 τοῦ
2366 1658 2724 1726 πλουτοῦντος
2766 1665 2798 1733 ἡ
2825 1664 3054 1735 εὐπορία
3087 1665 3403 1736 συμπρᾶξαι
3428 1667 3518 1720 δυ-

1930 1740 2151 1810 νήσεται
2183 1746 2318 1816 πρὸς
2338 1749 2435 1819 τὴν
2462 1751 2863 1827 φιλοφροσύνην
2900 1756 2987 1809 διὰ
3013 1757 3113 1828 τὴν
3143 1762 3242 1829 τῆς
3278 1759 3515 1821 διανοίας

1927 1833 2140 1887 πενίαν.
2191 1839 2301 1892 Καὶ
2333 1842 2401 1894 τὰ
2448 1846 2871 1918 παραδείγματα
2915 1851 3165 1919 ἐγγύθεν·
3201 1854 3234 1923 ἡ
3277 1854 3374 1922 μὲν
3405 1852 3512 1923 γάρ

1923 1925 2069 1994 χήρα
2096 1928 2189 1979 καὶ
2216 1930 2273 1984 ἐν
2312 1932 2527 2005 ἀλεύρῳ
2563 1938 2745 2010 μικρῷ
2777 1939 2867 1992 τὸν
2898 1943 3184 2012 προφήτην
3216 1943 3452 2008 ἐδέξατο·
3482 1943 3511 1993 6

1920 2015 1977 2068 δέ
2018 2018 2223 2089 Ἀχαὰὸ
2257 2024 2514 2079 τοσοῦτον
2560 2032 2899 2101 κεκτημένος
2950 2033 3201 2098 πλοῦτον,
3256 2036 3349 2087 καὶ
3401 2034 3511 2087 τῶν

1919 2108 2215 2183 ἀλλοτρίων
2262 2116 2632 2190 ἐπεθύμησεν.
2666 2122 2858 2187 Οὕτως
2892 2126 2992 2178 οὐκ
3039 2125 3155 2179 ἔστι
3206 2126 3509 2198 χρημάτων

1919 2199 2171 2266 πλοῦτος,
2226 2206 2362 2261 ἀλλὰ
2422 2208 2651 2275 πλοῦτος
2707 2213 2948 2277 διανοίας
2996 2216 3025 2267 6
3072 2218 3330 2287 παρέχων
3374 2218 3508 2287 ήμῖν

1916 2292 2167 2348 εὐκολίαν
2216 2300 2343 2370 περὶ
2401 2301 2501 2373 τὴν
2560 2304 2954 2377 ἐλεημοσύνην·
2995 2309 3120 2362 ἐπεὶ
3158 2310 3317 2380 καὶῆ
3362 2312 3505 2381 χήρα

1914 2384 2098 2457 ἐκείνη
2127 2388 2215 2442 διά
2236 2391 2330 2444 δύο
2353 2394 2514 2463 μόνον
2540 2396 2742 2451 ὀϐολῶν
2768 2399 2995 2470 μυρίους
3022 2401 3308 2465 πλουσίους
3335 2403 3505 2474 ὑπερ·

1912 2478 2189 2548 ηκόντισε,
2208 2484 2303 2536 καὶ
2333 2486 2434 2539 οὐκ
2452 2488 2671 2555 ἐγένετο
2704 2490 2933 2563 κώλυμα
2957 2496 2989 2566 ἡ
3023 2498 3202 2550 πενία.
3225 2497 3373 2571 Αὕτη
3400 2501 3501 2569 μὲν

1908 2565 2002 2623 οῦν
2039 2574 2071 2642 ή
2095 2575 2254 2628 πενία
2276 2579 2498 2647 μείζονα
2515 2582 2614 2653 τὴν
2632 2565 3001 2658 ἐλεημοσύνην
3026 2591 3342 2663 εἰργάσατο·
3360 2565 3498 2666 δπερ

1907 2655 2002 2711 οὖν
2036 2662 2131 2713 καὶ
2160 2664 2188 2715 ὁ
2210 2663 2424 2731 Παῦλός
2456 2687 2641 2741 φησιν,
2684 2672 2747 2727 Ἠ
2782 2677 2932 2731 κατὰ
2957 2655 3203 2748 -βάάοτυς
3235 2655 3496 2753 πτωχεία

1905 2750 2355 2819 ἐπερίσσευσεν
2403 2764 2491 2827 εἰς
2534 2764 2642 2816 τὸν
2685 2767 2957 2823 πλοῦτον
3001 2771 3113 2841 τῆς
3151 2750 3495 2845 ἁπλότητος

1901 2841 2123 2899 αὐτῶν.
2151 2847 2225 2899 Οὐ
2242 2849 2349 2920 γὰρ
2372 2851 2530 2906 τοῦτο
2555 2856 2659 2926 χρὴ
2691 2864 2936 2925 σκοπεῖν,
2966 2864 3047 2916 ὅτι
3074 2866 3168 2919 δύο
3195 2841 3491 2925 κατέϐαλεν

1899 2931 2138 3000 ὀϐολοὺς,
2160 2936 2275 2991 ἀλλ’
2293 2941 2374 2994 ὅτι
2398 2945 2590 3007 μόνους
2611 2947 2733 3019 ἔχου
2743 2967 2809 3002 σα
2829 2959 3073 3019 τούτους,
3096 2959 3195 3013 οὐκ
3213 2963 3485 3030 ἐφείσατο,

1898 3022 2323 3102 ἀλλ’όλόκληρον
2352 3036 2449 3105 τὴν
2471 3039 2661 3094 οὐσίαν
2700 3045 3011 3115 εἰσήνεγκε,
3047 3022 3347 3122 θαυμάξειν
3383 3022 3485 3110 ab;

1895 3116 1994 3187 τὴν
2026 3121 2130 3192 χρὴ
2162 3124 2257 3176 καὶ
2288 3131 2612 3195 στεφανοῦν.
2648 3136 2723 3186 υύ
2755 3137 2935 3191 τοίνυν
2978 3116 3314 3214 περιουσίας,
3350 3150 3484 3205 ἀλλά

1893 3200 2202 3273 προθυμίας
2219 3209 2349 3278 ἡμῖν
2371 3210 2465 3276 δεῖ,
2485 3215 2613 3269 ὅταν
2637 3218 3025 3293 ὑποδεχώμεθα
3049 3200 3252 3294 ξένους.
3275 3233 3482 3310 ’Ὥσπερ

1893 3283 1997 3310 ..1η
2057 3287 2218 3310 -.η’-η
2245 3308 2256 3310 μ
2302 3309 2312 3310 κ
2455 3296 2465 3309 ο
2658 3302 2725 3310 .-.
2822 3304 2861 3310 --
2901 3306 2952 3310 __

1891 3283 1999 3354 γὰρ
2056 3287 2257 3361 ταύτης
2293 3296 2575 3368 παρούσης
2619 3302 2769 3355 οὐδὲν
2803 3283 3013 3374 ’βλάϐος
3060 3283 3258 3378 γένοιὲ

1890 3376 2099 3441 πενίας,
2144 3379 2318 3447 οὕτως
2357 3386 2603 3460 ἀπούσης
2654 3392 2805 3446 οὐδὲν
2839 3396 3030 3466 ὄφελος
3068 3403 3264 3469 γένοιτ’
3302 3408 3368 3462 ἂν
3420 3413 3478 3479 ἐξ

1887 3467 2168 3537 εὐπορίας.
2204 3474 2269 3526 Τί
2320 3476 2533 3546 λέγεις;
2587 3483 2822 3540 Παιδίων
2848 3467 3193 3561 ἐπιμελεῖται
3248 3501 3279 3570 ἡ
3332 3467 3476 3575 χήρα

1886 3561 1979 3613 καὶ
2007 3562 2096 3616 διὰ
2114 3565 2274 3620 τοῦτο
2307 3572 2407 3625 οὐκ
2446 3573 2510 3628 ἂν
2535 3576 2751 3631 δύναιτο
2795 3581 3117 3653 θεραπεύειν
3156 3583 3368 3659 ξένουςς
3396 3596 3477 3649 Δι’

1882 3653 2017 3707 αὐτὸ
2059 3657 2159 3726 μὲν
2204 3656 2296 3714 οὖν
2326 3662 2487 3717 τοῦτο
2530 3669 2897 3744 εὐκολώτερον
2946 3677 3104 3732 τοῦτο
3153 3680 3470 3753 ἐργάσεται,

1882 3749 2172 3813 κοινωνοὺς
2203 3750 2401 3822 ἔχουσα
2437 3757 2533 3829 τῆς
2564 3757 2861 3832 θεραπείας
2882 3768 3007 3831 τοὺς
3030 3772 3196 3836 υἰούς,
3226 3791 3471 3832 συναντι-

1879 3835 2321 3913 λαμϐανομένους
2354 3848 2447 3902 καὶ
2472 3857 2979 3927 συνεφαπτομένους
3000 3862 3137 3934 αὐτῇ
3179 3866 3275 3935 τῆς
3297 3869 3465 3940 καλῆς

1879 3930 2081 4003 ταύτης
2127 3942 2531 4009 πραγματείας.
2586 3946 2748 4000 Ὥστε
2782 3951 2841 4001 οὐ
2877 3930 3140 4025 κώλυμα,
3174 3930 3309 4013 ἀλλά
3336 3930 3465 4034 βοή-

1877 4021 1995 4077 θεια
2018 4025 2115 4097 τῆς
2142 4027 2445 4097 φιλοξενίας
2477 4035 2628 4089 ἕσται
2654 4037 2761 4091 τῶν
2796 4041 2999 4097 παίδων
3028 4047 3089 4098 τὸ
3124 4048 3345 4121 πλῆθος,
3370 4056 3464 4107 καὶ

1874 4114 1906 4183 ἡ
1938 4114 2256 4189 πολυχειρία
2297 4120 2497 4195 πολλὴν
2523 4130 2589 4198 τῇ
2623 4127 2872 4202 διακονίᾳ
2914 4135 3139 4205 παρέξει
3168 4114 3267 4212 τήν
3300 4114 3457 4197 εὐκο-

1871 4202 2013 4258 λίαν.
2036 4209 2128 4280 Μὴ
2163 4213 2271 4283 γάρ
2308 4231 2398 4283 μοι
2433 4217 2699 4291 πολυτελῆ
2747 4202 3027 4293 τράπεζαν
3055 4202 3238 4304 εἴπῃς·
3273 4232 3341 4288 ἂν
3378 4238 3459 4300 εἰς

1867 4297 1967 4366 τὴν
1997 4301 2175 4354 οἰκίαν
2198 4304 2417 4377 δέξηται
2445 4309 2537 4363 τὸν
2563 4310 2733 4380 ξένον,
2764 4315 2831 4368 ἂν
2855 4319 2923 4372 τὰ
2951 4320 3080 4375 ὄντα
3107 4297 3350 4400 παραϐῇ.
3387 4297 3454 4384 ἂν

1867 4389 2071 4462 πολλὴν
2108 4394 2441 4468 ἐπιδείξηται
2490 4401 2588 4473 τήν
2641 4405 3057 4483 φιλοφροσύνην,
3119 4389 3451 4488 άῆρτίσται

1862 4482 1963 4552 τῆς
2023 4482 2325 4558 ξενοδοχίας
2363 4492 2390 4544 6
2429 4495 2640 4564 καρπὸς
2690 4497 2860 4585 άπας.
2914 4504 3124 4579 Εἰγάρ
3190 4482 3450 4585 ποτήριον

1859 4572 2069 4647 ψυχροῦ
2134 4580 2296 4650 μόνον
2350 4580 2627 4653 βασιλείαν
2669 4584 2915 4663 ούρανῶν
2954 4572 3222 4668 προξενεῖ,
3267 4572 3448 4659 τδικαὶ

1858 4666 2168 4735 ὁμωρόφιον
2198 4671 2443 4743 ποιῆσαι,
2469 4677 2564 4729 καὶ
2595 4681 2872 4754 τραπέζης
2896 4666 3168 4755 κοινωνὸν,
3198 4692 3292 4746 καὶ
3319 4694 3451 4748 ἀνα-

1858 4755 2085 4821 παῦσαι,
2118 4758 2286 4815 πόσον
2339 4762 2477 4819 οἴσει
2511 4766 2603 4822 τὸν
2630 4773 2863 4843 καρπὸν,
2900 4776 3021 4831 εἰπέ
3069 4797 3197 4850 μοις
3244 4783 3442 4839 Σκόπει

1854 4846 1916 4919 δή
1948 4866 2038 4919 μοι
2071 4852 2283 4907 Παύλου
2313 4854 2414 4928 τὴν
2455 4859 2770 4929 ἀκρίϐειαν.
2807 4865 2883 4917 υύ
2914 4868 3022 4940 γὰρ
3056 4846 3244 4935 ἀπλῶς
3292 4873 3440 4940 ξενο-

1851 4938 2033 5011 δοχίαν
2055 4944 2290 4999 ἐνταῦθα
2339 4949 2582 5016 ἀπαιτεῖ,
2611 4953 2747 5009 ἀλλά
2781 4957 2880 5028 τήν
2942 4938 3083 5031 μετά
3132 4938 3440 5038 προθυμίας

1849 5034 1944 5086 καὶ
1973 5033 2204 5109 ζεούσης
2228 5039 2406 5110 ψυχῆς
2428 5044 2523 5096 καὶ
2549 5044 2788 5113 διανοίας
2827 5049 3056 5122 θερμῆς.
3082 5033 3269 5111 Εἰπὼν
3304 5033 3434 5131 γὰρ,

1842 5124 1913 5177 Εἰ
1937 5125 2406 5199 ἐξενοδόχησεν,
2435 5135 2741 5205 ἐπήγαγεν,
2771 5142 2843 5193 Εἰ
2886 5142 3073 5212 ἁγίων
3097 5146 3290 5215 πόδας
3315 5124 3436 5204 ἔνι-

1846 5219 1984 5283 ψεν.
2022 5220 2097 5273 Οὐ
2153 5220 2532 5293 θεραπαινίσιν
2588 5231 2907 5301 ἐπιτρέπειν
2939 5236 3044 5307 χρὴ
3093 5239 3265 5310 αὐτὴν
3299 5245 3433 5311 μετά

1842 5310 2013 5377 τύφου
2044 5313 2364 5386 καθημένην
2388 5318 2482 5371 τοῦ
2522 5319 2674 5385 ξένου
2710 5323 2809 5394 τὴν
2849 5325 3166 5397 θεραπείαν,
3192 5310 3309 5385 ἀλλ⁴
3336 5337 3431 5387 αὐ-

1827 5403 2071 5473 ’τουργὸν
2096 5407 2368 5473 γενέσθαι,
2404 5412 2498 5464 καὶ
2522 5414 2612 5467 τὸν
2642 5417 2853 5486 καρπὸν
2884 5420 3172 5490 ἁρπάζειν,
3205 5426 3298 5479 καὶ
3323 5443 3427 5496 μ·ιί-⁵

1838 5494 1951 5549 δενὶ
1975 5503 2324 5570 παραχωρεῖν
2344 5501 2439 5555 τοῦ
2461 5504 2625 5558 καλοῦ
2647 5508 2837 5561 τούτου
2860 5510 3157 5585 θησαυροῦ.
3185 5515 3289 5569 Καὶ
3306 5517 3424 5581 πῶς

1838 5589 1997 5642 τοῦτο
2024 5590 2223 5659 γένοιτ’
2246 5591 2335 5658 ἂν,
2402 5598 2603 5666 φησίν;
2661 5601 2709 5652 εἰ
2762 5602 2871 5673 γάρ
2934 5605 3162 5676 εὐγενὴς
3210 5607 3293 5677 εἴη
3330 5611 3421 5661 καὶ

1836 5679 2143 5749 περιφανὴς
2171 5681 2265 5734 καὶ
2303 5683 2529 5755 λαμπρά
2572 5691 2665 5742 καὶ
2715 5692 2986 5765 ἐπίσημος
3020 5698 3084 5749 ἐκ
3115 5697 3415 5768 προγόνων,

1838 5770 1974 5840 αὐτὴ
2004 5767 2095 5823 τοῦ
2131 5768 2283 5845 [525]
2317 5773 2465 5840 ξένου
2503 5777 2644 5849 νίψει
2678 5785 2804 5849 τοὺς
2826 5786 2992 5851 πόδας
3018 5805 3032 5854 ;
3058 5789 3152 5842 καὶ
3180 5787 3297 5853 πῶς
3314 5790 3418 5851 οὐκ

2940 5925 3016 5987 21
