4020 6370
531 288 636 346 355

530 405 792 475 αἰσχρόν;
841 399 1081 472 Αἰσχρδν
1123 400 1221 472 μὲν
1247 395 1342 454 οῦν
1372 400 1434 452 16
1464 401 1542 472 μὴ
1562 401 1797 462 νίπτειν,
1831 399 2110 470 ἄνθρωπε.

530 497 651 552 Κάν
679 495 789 566 γὰρ
815 494 1074 565 μυριάκις
1114 493 1284 563 αὐτῆς
1314 493 1416 563 τὴν
1448 493 1729 562 εὐγένειαν
1773 493 1986 566 ὲπάρῃς
2017 492 2113 544 καὶ

528 588 628 658 τὴν
657 585 1035 658 περιφάνειαν,
1075 587 1166 639 καὶ
1208 587 1310 658 τὴν
1360 585 1745 657 λαμπρότητα,
1803 586 1901 656 τῆς
1942 585 2114 654 αὐτῆς

531 681 749 751 μετέχει
779 680 858 749 τῷ
912 679 1224 751 νιπτομένῳ
1257 679 1492 749 φύσεως,
1523 679 1618 733 καὶ
1650 679 1934 744 σύνδουλός
1995 680 2112 732 ἐστι

525 769 620 822 τοῦ
649 769 1081 840 θεραπευομένου
1109 771 1204 824 καὶ
1230 771 1508 842 ὁμότιμος.

600 869 689 929 ιγ’.
708 861 990 932 Ἐννόησον
1003 863 1088 926 τίς
1102 861 1210 916 τῶν
1225 861 1484 932 μαθητῶν
1500 863 1626 925 τοὺς
1642 862 1807 926 πόδας
1829 863 1974 933 ένιψε
1985 901 1999 925 ,
2017 861 2113 915 καὶ

529 953 736 1006 παῦσαί
763 971 852 1023 μοι
888 953 1018 1024 περὶ
1069 954 1350 1022 εὐγενείας
1386 953 1786 1026 διαλεγόμενος.
1842 955 1900 1007 '0
1933 954 2111 1017 κοινὸς

527 1044 625 1114 τῆς
653 1045 980 1115 οἰκουμένης
1011 1045 1309 1115 Δεσπότης,
1342 1047 1371 1098 6
1421 1045 1532 1098 τῶν
1559 1045 1806 1114 ἀγγέλων
1856 1044 2109 1115 βασιλεὺς

526 1140 622 1191 καὶ
652 1138 801 1207 ἐνιψε
852 1139 948 1191 καὶ
1003 1137 1209 1190 λέντιον
1242 1136 1632 1207 περιεζώσατο,
1685 1137 1780 1189 καὶ
1826 1136 1950 1206 οὐχὶ
2000 1135 2109 1188 τῶν

529 1229 788 1300 μαθητῶν
815 1231 997 1300 μόνον,
1027 1229 1162 1282 ἀλλά
1186 1230 1280 1283 καὶ
1311 1228 1476 1284 αὐτοῦ
1508 1228 1601 1282 τοῦ
1630 1229 1907 1300 προδότου.
1956 1224 2109 1292 Εἶδες

526 1325 688 1376 πόσον
722 1323 783 1376 τὸ
832 1323 996 1395 μέσον
1030 1322 1124 1376 τοῦ
1154 1323 1432 1386 νίπτοντος
1464 1322 1560 1375 καὶ
1595 1323 1703 1374 τῶν
1732 1320 2104 1390 νιπτομένων;

539 1417 678 1469 Ἀλλ’
701 1419 849 1488 ὅμως
876 1417 937 1470 16
965 1416 1130 1486 μέσον
1171 1417 1316 1470 ἆπαν
1343 1415 1502 1468 τοῦτο
1542 1414 1767 1486 κατέϐη,
1801 1415 1895 1468 καὶ
1937 1416 1966 1468 6
2008 1417 2108 1466 Δε-

527 1507 728 1577 σπότης
760 1508 850 1559 τὸν
876 1506 1062 1560 δοῦλον
1098 1506 1301 1571 ἔνιψεν,
1329 1507 1416 1560 ἵνα
1445 1508 1477 1577 ἡ
1512 1505 1674 1576 δούλη
1702 1507 1792 1560 τὸν
1823 1505 2106 1559 σύνδουλον

528 1601 602 1670 μὴ
635 1599 1047 1669 ἐπαισχύνηται.
1075 1600 1173 1654 Διά
1217 1601 1374 1655 τοῦτο
1420 1601 1518 1654 καὶ
1564 1600 1658 1654 τοῦ
1707 1599 1985 1672 προδότου,
2016 1600 2105 1654 ἴνα

527 1693 601 1764 μὴ
636 1691 833 1762 μέλλῃς
866 1693 1065 1758 λέγειν,
1096 1695 1179 1747 ὄτι
1211 1693 1434 1765 εὐτελὴς
1462 1697 1554 1747 καὶ
1584 1694 2054 1765 εὐκαταφρόνητος
2077 1697 2106 1746 6

526 1783 732 1854 μέλλων
764 1783 1056 1838 ἀπολαύειν
1075 1785 1175 1856 τῆς
1197 1785 1509 1858 θεραπείας.
1540 1787 1603 1838 Εἰ
1627 1785 1735 1856 γὰρ
1762 1788 1854 1840 καὶ
1881 1785 2106 1856 εὐτελὴς

523 1873 617 1925 καὶ
659 1873 1163 1946 εὐκαταφρόνητος,
1213 1874 1330 1928 ἀλλ’
1372 1873 1523 1928 οὐπω
1571 1876 1714 1930 κατά
1764 1877 1854 1930 τὸν
1904 1875 2106 1929 Ἰούδαν

521 1966 685 2032 ἐστὶν,
714 1965 835 2020 οὐδέ
877 1967 1103 2021 τοιαῦτά
1135 1985 1218 2020 σοι
1256 1966 1526 2038 διέθηκεν,
1561 1965 1649 2022 οἷα
1689 1969 1781 2024 τὸν
1827 1969 2106 2040 Δεσπότην

521 2060 746 2121 ἐκεῖνος,
779 2059 916 2129 μετά
956 2058 1054 2123 τὰς
1094 2058 1300 2130 μυρίας
1344 2059 1661 2130 εὐεργεσίας
1689 2062 1782 2114 ἐπὶ
1813 2061 2105 2133 προδοσίαν

519 2152 709 2208 ἐλθών.
729 2154 866 2206 Ἀλλ’
893 2155 1042 2224 ὅμως
1089 2154 1304 2207 ἅπαντα
1348 2153 1523 2208 ταῦτα
1561 2153 1823 2226 προειδὼς
1855 2155 2034 2225 ἔνιψεν
2053 2168 2102 2222 ι,

520 2247 652 2317 ἡμῖν
689 2246 883 2316 νόμους
913 2246 1098 2309 τιθεὶς,
1131 2247 1216 2300 ῖνα
1259 2245 1362 2299 κᾶν
1393 2246 1648 2300 ἀπάντων
1671 2241 1821 2317 ὦμεν
1849 2247 2108 2319 ὑψηλότε-

522 2350 625 2405 ροι,
663 2334 764 2386 κᾶν
799 2334 1054 2387 ἁπάντων
1100 2333 1468 2404 λαμπρότεροι
1501 2335 1596 2387 καὶ
1629 2336 2104 2407 περιφανέστεροι,

521 2427 623 2478 κᾶν
647 2426 899 2480 ἁπάντων
919 2425 1134 2495 χείρους
1158 2427 1207 2478 οἰ
1233 2423 1518 2495 μέλλοντες
1540 2426 1675 2497 πρὸς
1697 2429 1844 2498 ἡμᾶς
1872 2429 2107 2496 κατάγε-

522 2517 664 2579 σθαι,
706 2517 780 2588 μὴ
813 2515 901 2569 διὰ
929 2516 1087 2569 τοῦτο
1113 2516 1291 2569 αὐτῶν
1329 2515 1620 2586 φεύγωμεν
1650 2519 1750 2588 τὴν
1784 2518 2104 2588 θεραπείαν,

525 2609 658 2678 μηδὲ
696 2609 792 2679 τὴν
826 2607 1099 2661 εὐτέλειαν
1132 2606 1606 2678 ἐπαισχυνώμεθα.
1638 2609 1710 2662 Σὺ
1740 2610 1819 2673 δὲ,
1848 2605 1894 2664 ὦ
1922 2611 2104 2680 γύναι,

521 2702 617 2754 ἐὰν
662 2701 764 2772 μέν
813 2717 936 2754 τινα
982 2700 1095 2772 ἴδῃς
1147 2701 1204 2752 ἐν
1256 2702 1368 2763 τοῖς
1396 2700 1670 2770 βιωτικοῖς
1696 2717 1777 2754 σοι
1807 2700 2107 2772 βοηθοῦντα

521 2792 863 2866 πράγμασιν,
913 2790 946 2861 ἦ
998 2792 1056 2844 ἐν
1103 2789 1434 2862 δικαστηρίῳ
1481 2791 1922 2862 συμπράττοντα,
1967 2791 1999 2864 ἢ
2047 2794 2106 2845 ἐν

519 2884 663 2954 ἄλλῳ
707 2884 814 2936 τινὶ
860 2881 1106 2954 τοιούτῳ,
1140 2883 1236 2936 καὶ¹
1281 2883 1545 2953 ἀπαντᾷς,
1589 2884 1685 2936 καὶ
1724 2882 1861 2954 μετὰ
1903 2883 2106 2953 πολλῆς

519 2979 649 3050 δέχῃ
677 2978 774 3048 τῆς
805 2977 1038 3040 εὐνοίας,
1073 2979 1168 3030 καὶ
1209 2979 1398 3047 χεῖρας
1442 2975 1776 3044 καταφιλεῖς,
1809 2975 1903 3029 καὶ
1935 2975 2107 3046 ἀργύ-

523 3087 636 3142 ριον
679 3069 1053 3132 καταϐάλλεις,
1086 3068 1182 3122 καὶ
1217 3069 1287 3122 τὰ
1319 3069 1427 3122 τῶν
1461 3067 1861 3139 θεραπαινίδων
1891 3070 2066 3132 ποιεῖς
2088 3084 2102 3098 ·

518 3157 584 3210 ἂν
612 3156 669 3209 δὲ
695 3155 784 3210 τὺν
811 3156 1042 3227 Χριστὸν
1070 3154 1378 3208 εἰσελθόντα
1401 3155 1514 3226 ἴδῃς
1534 3154 1582 3219 b,
1610 3156 1787 3218 ὀκνεῖς
1810 3153 1907 3207 καὶ
1939 3171 2108 3208 κατα-

518 3247 618 3317 δύῃ
651 3244 787 3317 πρὸς
808 3245 908 3316 τὴν
942 3242 1107 3298 αὐτοῦ
1151 3243 1484 3313 θεραπείαν;
1535 3242 1598 3294 Εἰ
1641 3242 1716 3314 μὴ
1745 3241 1820 3306 ὼς
1844 3242 1936 3296 τὸν
1972 3243 2108 3313 Χριο

522 3333 646 3386 στὸν
677 3333 810 3404 δέχῃ
840 3333 930 3386 τὸν
960 3333 1129 3398 ξένον,
1169 3332 1243 3402 μὴ
1273 3330 1399 3403 δέξῃ
1420 3347 1431 3359 ·
1462 3332 1512 3383 εἰ
1539 3330 1596 3382 δὲ
1623 3330 1699 3394 ώς
1739 3331 1830 3384 τὸν
1873 3329 2108 3402 Χριστὸν

520 3421 670 3494 δέχῃ,
713 3421 788 3491 μὴ
819 3420 1186 3490 ἐπαισχυνθῇς
1213 3419 1305 3472 τοῦ
1331 3419 1564 3490 Χριστοῦ
1596 3419 1745 3489 νίψαι
1768 3419 1893 3482 τοὺς
1916 3419 2104 3483 πόδας.

520 3513 634 3581 Οὐχ
669 3513 800 3582 ὁρᾷς
845 3513 999 3564 πόσοι
1031 3511 1139 3564 τῶν
1169 3509 1625 3582 ἐπηρεαζομένων
1662 3513 1743 3574 εἰς
1775 3510 2108 3584 ἀνδριάντων

523 3601 832 3670 κατέφυγον
865 3601 1070 3666 πόδας;
1121 3600 1316 3654 Καίτοι
1343 3615 1406 3668 γε
1434 3599 1758 3672 ἀναίσθητος
1785 3601 1818 3671 ή
1860 3600 1982 3672 ὐλη,
2015 3601 2111 3654 καὶ

522 3691 727 3761 ἄψυχος
776 3693 804 3744 6
845 3691 1077 3762 χαλκός’
1124 3689 1238 3744 ἀλλ’
1266 3691 1414 3760 ὅμως
1457 3691 1645 3762 ἐπειδὴ
1682 3690 1946 3760 βασιλέων
1971 3691 2110 3746 εἰσὶν

524 3780 752 3842 εἰκόνες,
778 3777 1183 3850 προσεδόκησάν
1209 3795 1329 3830 τινα
1359 3777 1760 3849 καρπώσασθαι
1806 3779 1959 3851 παρά
1999 3779 2109 3834 τῶν

524 3867 699 3921 ποδῶν
727 3867 947 3920 ἐκείνων
974 3865 1260 3934 ὠφέλειαν.
1291 3866 1361 3918 Σὺ
1389 3865 1446 3918 δέ
1483 3865 1583 3919 οὐκ
1613 3867 1972 3938 ἀναισθήτους
2007 3867 2109 3920 πό-

522 3961 638 4021 δας,
666 3960 786 4012 οὐδὲ
813 3959 1018 4031 ἄψυχον
1045 3958 1198 4027 ὕλην,
1223 3957 1336 4012 ἀλλ’
1363 3957 1550 4028 ,εἰκόνα
1589 3957 1734 4012 ἔνδον
1763 3959 1992 4030 ἔχουσαν
2017 3961 2110 4015 16v

525 4053 747 4122 βασιλέα
771 4053 1049 4124 Θεωροῦσα
1077 4056 1212 4126 πρὸς
1243 4056 1302 4107 σὲ
1327 4054 1622 4119 εἰσιοῦσαν,
1645 4055 1705 4107 οὐ
1731 4055 2108 4127 προστρέχεις,

523 4145 644 4197 εἰπέ
673 4162 786 4215 μοι,
816 4146 909 4197 καὶ
946 4146 1070 4210 τοὺς
1112 4147 1276 4210 πόδας
1318 4147 1590 4216 κατέχεις,
1621 4147 1716 4200 καὶ
1749 4147 1912 4200 παντὶ
1945 4147 2108 4219 θερα-

525 4239 668 4311 πεύῃ
696 4239 883 4310 τρόπῳ
904 4256 918 4303 ;
943 4238 1047 4292 Καὶ
1073 4240 1175 4292 ποῦ
1197 4239 1369 4294 ταῦτα
1393 4240 1724 4312 συγγνώμης
1746 4241 1902 4307 άξια;
1937 4241 2111 4310 πόσης

524 4329 581 4381 δὲ
612 4330 710 4380 οὐκ
737 4328 801 4383 ἂν
829 4330 915 4398 εἴη
948 4330 1102 4382 τοῦτο
1124 4329 1416 4401 αἰσχύνηςξ
1465 4330 1750 4400 Ἐννόησον
1775 4331 1880 4383 τίνι
1921 4346 2112 4384 κοινω-

526 4418 634 4479 νεῖς
677 4416 1002 4486 φυσωμένη,
1049 4417 1144 4468 καὶ
1193 4417 1330 4488 πρὸς
1379 4415 1696 4480 ἀλαζονείαν
1746 4417 2108 4489 ἐπαιρομένη,

526 4505 621 4557 καὶ
665 4503 758 4557 τοῦ
791 4503 939 4570 ξένου
973 4504 1070 4576 τὴν
1104 4505 1400 4577 θεραπείαν
1445 4507 1830 4578 αἰσχυνομένη.
1861 4506 1952 4577 Τῷ
1999 4505 2113 4559 δια·

527 4591 978 4662 δόλῳιδηλονότι·
1020 4593 1228 4646 ἐκείνου
1275 4593 1383 4665 γὰρ
1413 4595 1446 4664 ἡ
1479 4594 1828 4666 ὑπερηφανία
1873 4594 2107 4664 νόσημα.

529 4680 626 4734 Ἂν
649 4677 706 4733 δὲ
727 4679 1101 4752 προσδράμῃς,
1126 4682 1375 4752 ἐννόησον
1394 4682 1515 4734 τίνα
1541 4681 1814 4753 μιμῇ.Τδν
1834 4681 2112 4753 Δεσπότην

525 4767 617 4822 τὸν
648 4768 759 4834 σὸν,
795 4770 889 4822 καὶ
919 4769 978 4821 16
1005 4770 1099 4823 τοῦ
1130 4768 1366 4840 Χριστοῦ
1408 4774 1580 4833 ποιεῖς
1626 4769 1804 4841 ἔργον.
1837 4768 1971 4823 Ποία
2002 4767 2112 4822 τοί·

528 4874 622 4912 νυν
659 4857 912 4928 αἰσχύνη,
946 4857 981 4928 ἢ
1020 4860 1170 4911 ποῖον
1206 4858 1405 4920 όνειδος
1433 4858 1510 4929 τῷ
1538 4859 1785 4932 Δεσπότῃ
1810 4859 2111 4922 κοινωνεῖν,

529 4946 651 4998 εἰπέ
704 4962 793 5014 μοι
817 4961 831 5009 ;
863 4943 1099 5016 Αἰσχύνη
1135 4945 1234 5016 μὲν
1259 4942 1351 4999 οῦν
1376 4945 1438 4998 16
1463 4944 1636 4998 ταῦτα
1664 4945 2109 5016 ἐπαισχύνεσθαι,

533 5031 624 5090 καὶ
658 5032 899 5102 νομίζειν
933 5033 1132 5096 ὄνειδος
1158 5029 1317 5094 εἶναι,
1346 5034 1481 5104 ὅπερ
1511 5032 1762 5103 ἐποίησεν
1795 5035 1825 5086 6
1847 5033 2108 5104 Χριστόςτ

549 5119 743 5185 ,ιεγάλα
786 5119 1040 5174 δύνανται
1086 5120 1246 5184 πόδες
1288 5121 1457 5188 ἁγίων
1487 5123 1566 5182 εἰς
1602 5120 1780 5174 οἰκίαν
1818 5119 2104 5183 εἰσιόντες·

538 5205 662 5260 αὐτὸ
693 5207 753 5258 τὸ
781 5206 974 5276 ἔδαφος
999 5207 1307 5276 ἁγιάζουσι,
1336 5208 1605 5278 θησαυρὸν
1634 5205 1844 5278 μυρίων
1864 5207 2114 5274 εἰσάγου-

534 5310 618 5346 σιν
651 5292 890 5362 ἀγαθῶν,
924 5295 1086 5365 φύσιν
1124 5297 1530 5366 πεπηρωμένην
1568 5293 1924 5365 διορθοῦνται,
1953 5293 2113 5366 λιμὸν

530 5382 740 5449 λύουσι,
768 5384 970 5454 πολλὴν
999 5387 1276 5454 εἰσάγουσι
1317 5384 1469 5456 [5‘34]
1507 5384 1607 5455 τὴν
1633 5385 1916 5454 εὐπορίαν.
1949 5383 2111 5440 Οὕτω

533 5471 629 5524 καὶ
652 5473 700 5526 οἱ
726 5471 883 5535 πόδες
911 5471 1002 5525 τοῦ
1039 5474 1216 5527 Ἠλίου
1239 5476 1317 5536 εἰς
1344 5473 1444 5544 τὴν
1471 5473 1649 5527 οἰκίαν
1676 5473 1774 5544 τῆς
1801 5474 1974 5545 χήρας
1999 5475 2115 5526 εἰσ-

595 5647 624 5678 ⁸
647 5645 756 5696 Duo
778 5660 892 5696 mss.
922 5648 1118 5698 ἔνιπτεν.
1187 5671 1208 5681 ν

600 5708 738 5772 δΑΗιο
757 5717 810 5757 οι
835 5722 980 5770 supra
996 5711 1102 5772 ίδῃς
1125 5711 1266 5760 dedit
1285 5711 1394 5761 cod.
1418 5711 1525 5761 748.
1554 5713 1752 5762 Editum
1779 5711 1938 5762 fuerat
1966 5715 2105 5771 ἴδοις,

537 5765 690 5817 Savil.
715 5773 764 5818 in
788 5765 940 5833 marg.
972 5765 1116 5834 εἰδῇς.
1142 5775 1298 5836 Supra
1322 5773 1474 5850 etiam
1501 5775 1625 5839 εἰδῇς
1657 5776 1938 5847 ιοεοδςιιμς.
1970 5765 2108 5825 Ευιτξ

1252 301 1310 356 S.
1349 297 1634 357 JOANNIS
1666 295 2163 355 CIIRTSOS'I‘OMI
2201 291 2518 347 AR'CIIIE‘P.
2562 286 3116 346 CONSTANTINOP.

3692 284 3797 342 σοι

2217 396 2463 463 ελθόντες
2485 400 2669 454 καινόν
2695 417 2816 453 τινα
2849 400 2942 452 καὶ
2967 394 3266 472 παράδοξον
3285 397 3572 471 εὐετηρίας
3597 399 3802 454 ἐπεδεί-

2215 487 2373 554 ξαντο
2401 489 2909 560 τρόπον.¹Ἀρουραν
2939 489 3036 558 τὴν
3069 487 3247 542 οἰκίαν
3278 490 3379 559 τῆς
3415 489 3591 560 χήρας
3616 487 3802 558 ἐποίη-

2218 592 2298 638 σε,
2341 577 2435 629 καὶ
2461 577 2559 647 τὴν
2595 577 2781 647 ὑδρίαν
2811 577 3010 631 ἆλωνα.
3041 577 3238 638 Καινός
3259 593 3343 638 τις
3369 577 3569 646 τρόπος
3599 577 3804 646 σπόρου

2216 665 2310 719 καὶ
2335 665 2549 736 ἀμητοῦ
2579 666 2787 734 ἐγίνετο
2807 665 2928 718 τότε
2947 683 2958 694 ·
2984 664 3236 734 ἔσπειρεν
3267 663 3346 726 εἰς
3377 664 3438 715 τὸ
3463 662 3554 715 τοῦ
3587 663 3802 716 δικαίου

2217 756 2411 826 στόμα,
2451 756 2544 810 καὶ
2567 756 2635 808 τὰ
2669 754 3079 824 καταδληθέντα
3115 751 3254 823 μετὰ
3285 751 3489 821 πολλῆς
3510 752 3608 822 τῆς
3635 752 3802 821 ἀφθο-

2215 843 2334 906 νίας
2370 845 2438 896 ἐκ
2480 843 2580 913 τῆς
2614 843 2799 915 ὑδρίας
2829 843 3102 913 ἐθέριζεν-
3140 841 3393 914 ἔσπειρεν
3429 840 3677 912 ἄλευρον,
3704 841 3804 893 καὶ

2214 931 2459 1004 ὲθέριζεν
2482 933 2709 1002 ἄλευρον
2731 949 2744 962 ·
2773 932 2872 984 οὐκ
2895 930 3085 1003 ἐδεήθη
3119 929 3280 1000 βοῶν,
3313 929 3408 983 καὶ
3438 928 3684 996 ζεύγους,
3707 929 3804 982 καὶ

2214 1020 2467 1090 ἀρότρου,
2503 1021 2595 1073 καὶ
2632 1019 2886 1082 αὐλακος,
2919 1019 3038 1072 οὐδέ
3072 1017 3227 1071 ὑετοῦ
3251 1019 3344 1071 καὶ
3372 1017 3536 1088 ἀέρος
3561 1017 3654 1070 καὶ
3680 1017 3808 1087 δρε-

2213 1110 2413 1179 πάνης,
2455 1111 2575 1163 οὐδὲ
2624 1109 2826 1173 ἅλωνος
2877 1109 2972 1162 καὶ
3012 1107 3364 1178 δραγμάτων,
3412 1107 3534 1160 οὐδέ
3583 1107 3807 1176 ἀνέμων

2211 1198 2598 1270 διακρινόντων
2626 1197 2730 1250 ἀπὸ
2763 1199 2856 1250 τοῦ
2889 1195 3104 1266 καρποῦ
3144 1195 3212 1248 τὰ
3250 1194 3449 1266 ἄχυρα,
3474 1193 3594 1246 οὐδὲ
3627 1193 3806 1264 μύλης

2211 1285 2506 1356 τριδούσης
2527 1301 2538 1314 ·
2573 1285 2710 1340 ἀλλά
2760 1288 2817 1338 ἐν
2854 1287 2956 1355 μιᾷ
2985 1283 3175 1354 καιροῦ
3211 1285 3350 1352 ῥοπῇ
3392 1281 3597 1334 τούτων
3626 1281 3805 1334 ἀπάν-

2208 1391 2317 1426 των
2342 1373 2402 1425 τὸ
2428 1374 2579 1434 τέλος
2619 1367 2778 1444 εὗρεν
2807 1375 2896 1426 ἐπὶ
2926 1373 3024 1443 τῆς
3056 1371 3244 1442 ὑδρίας
3266 1387 3279 1401 ·
3312 1370 3407 1422 καὶ
3453 1369 3548 1424 δύο
3585 1369 3797 1438 πηγὰς,

2209 1461 2309 1531 τὴν
2355 1462 2452 1531 μὲν
2499 1461 2752 1533 ἀλεύρου,
2783 1461 2880 1533 τὴν
2907 1461 2963 1513 δὲ
2994 1460 3173 1513 ἐλαίου
3221 1457 3487 1530 διηνεκῶς
3528 1457 3732 1528 ἀνῆκεν
3757 1459 3796 1528 ἠ

2208 1547 2302 1602 τοῦ
2335 1550 2614 1621 προφήτου
2645 1551 2818 1619 φωνή.

2285 1637 2368 1693 ιδ’.
2395 1637 2632 1692 Τοιαῦτα
2653 1637 2759 1691 τῶν
2787 1637 2957 1706 ἀγίων
2985 1636 3052 1690 τὰ
3077 1636 3247 1707 δῶρα,
3279 1637 3374 1688 καὶ
3394 1634 3672 1704 δαψίλειαν
3696 1631 3801 1687 καὶ

2208 1729 2459 1787 εὐκολίαν
2487 1728 2599 1800 ἔχει
2628 1729 2852 1801 πολλήν.
2880 1730 2961 1782 Τά
2987 1730 3084 1799 μὲν
3108 1729 3216 1800 γάρ
3258 1713 3363 1781 ἀπὸ
3399 1728 3498 1798 τῆς
3533 1729 3635 1796 γῆς
3671 1726 3802 1797 δρε-

2209 1826 2421 1895 πόμενα
2448 1824 2778 1886 δαπανᾶται,
2813 1822 3017 1874 ἐκεῖναι
3047 1821 3103 1874 δὲ
3144 1821 3200 1873 αἰ
3230 1821 3403 1892 πηγαὶ
3435 1819 3802 1888 ἀντλούμεναι

2208 1916 2532 1988 καθημέραν
2561 1915 2660 1968 οὐκ
2689 1912 3057 1983 ἐκενώθησαν,
3091 1911 3208 1965 ἀλλ’
3235 1907 3303 1982 ἦν
3332 1909 3632 1974 ἰσοστάσιος
3657 1911 3806 1980 πρὸς

2206 2008 2307 2080 τὴν
2336 2006 2635 2061 ἐκκένωσιν
2669 2004 2770 2073 τῆς
2806 2002 3070 2075 ἐπιρροῆς
3097 2003 3129 2072 ἡ
3160 2001 3328 2072 μάχη.
3359 2000 3593 2053 Τοιαῦτα
3637 2000 3806 2070 χαρί-

2208 2104 2391 2168 ζονται
2435 2100 2593 2162 πόδες
2641 2097 2831 2166 ἁγίων,
2867 2096 3067 2168 μᾶλλον
3109 2095 3165 2148 δὲ
3216 2095 3310 2147 καὶ
3353 2092 3531 2164 πολλῷ
3574 2093 3809 2147 πλείονα

2207 2195 2411 2249 τούτων
2431 2212 2443 2223 ·
2474 2193 2567 2246 καὶ
2595 2196 2644 2245 εἰ
2673 2191 2748 2262 μὴ
2787 2190 2995 2262 μακρὸν
3018 2189 3236 2243 ἐποίουν
3268 2187 3361 2242 16v
3391 2187 3567 2256 λόγον,
3593 2186 3808 2250 πολλὰς

2207 2281 2274 2336 ἂν
2333 2281 2810 2352 ἀπηριθμησάμην
2856 2278 3108 2340 τοιαύτας
3163 2277 3392 2349 δωρεάς.
3429 2276 3566 2328 Ἀλλ’
3603 2276 3813 2348 ὥσπερ

2208 2374 2508 2446 τιμώμενοι
2535 2372 2761 2428 τοιαῦτα
2804 2371 3031 2443 φέρουσι
3063 2371 3232 2442 δῶρα,
3262 2369 3434 2433 οὕτως
3459 2367 3810 2439 ἀτιμαζόμε-

2210 2486 2292 2522 νοι
2323 2467 2569 2539 μεγάλην
2595 2465 2864 2534 ἐπάγουσι
2891 2465 3114 2518 κόλασιν
3141 2465 3236 2516 καὶ
3266 2462 3378 2534 πῦρ
3402 2463 3811 2534 ἀπαραίτητον.

2210 2561 2384 2616 Πόθεν
2431 2559 2591 2613 τοῦτο
2635 2557 2830 2628 δῆλον;
2882 2559 3148 2609 ’Ἄκουσον
3198 2555 3364 2608 αὐτοῦ
3414 2555 3508 2607 τοῦ
3566 2554 3819 2626 Χριστοῦ

2209 2649 2460 2719 λέγοντος
2485 2650 2598 2710 τοῖς
2629 2646 2900 2717 μαθηταῖς
2921 2661 2934 2675 ·
2971 2647 3074 2710 Εἰς
3105 2643 3186 2710 ἦν
3219 2643 3296 2696 ἂν
3326 2643 3506 2696 πόλιν
3531 2643 3569 2710 ἢ
3603 2644 3819 2696 οὶκίαν

2208 2737 2541 2804 εἰσέλθητε,
2581 2733 2920 2804 ἐρωτήσατε
2967 2734 3059 2797 τίς
3100 2732 3266 2796 ἄξιός
3309 2731 3480 2783 ἐστιν
3520 2730 3590 2782 ἐν
3620 2730 3811 2799 αὐτῇ,

2210 2824 2386 2879 κάκεῖ
2414 2824 2678 2894 μείνατε,
2724 2821 2824 2875 καὶ
2865 2822 3275 2890 εἰσερχόμενοι
3320 2818 3544 2887 λέγετε·
3577 2819 3818 2887 Εἰρήνη

2211 2910 2286 2981 τῇ
2307 2912 2465 2979 οἰκίᾳ
2485 2910 2824 2978 ταύτῃ.”1να
2856 2909 2965 2979 γὰρ
2989 2907 3063 2979 μὴ
3091 2907 3280 2977 λέγῃς,
3313 2907 3548 2959 Δαπανῶ
3574 2908 3640 2959 τὰ
3669 2909 3820 2977 χρή-

2215 3017 2382 3070 ματα,
2422 2999 2699 3053 ἀναλίσκω
2738 2997 2838 3068 τὴν
2881 2997 3091 3058 οὐσίαν,
3126 2993 3406 3067 τράπεζαν
3444 2993 3826 3065 παρατιθεῖσα

2209 3088 2323 3150 τοῖς
2353 3085 2543 3152 ξένοις,
2575 3085 2740 3138 αὐτὸν
2775 3084 3040 3156 πρότερον
3063 3082 3153 3136 τὸν
3191 3083 3426 3136 εἰσιόντα
3454 3085 3823 3152 τταρσιιτκευεὶ⁴
3895 3107 3904 3116 -

2213 3177 2295 3241 ζει
2319 3191 2401 3227 σοι
2428 3174 2650 3244 κομίσαι
2686 3172 2831 3238 ξένια
2865 3173 2959 3226 καὶ
2987 3170 3135 3241 δῶρα
3180 3173 3358 3224 πᾶσαν
3406 3170 3824 3240 ὐπερδαίνοντῖι⁵

2212 3262 2550 3335 περιουσίαν.
2595 3263 2729 3314 Ποῖα
2769 3261 2832 3330 δὴ
2881 3258 3088 3324 ταῦτα;
3122 3258 3235 3328 Τῆς
3273 3261 3493 3330 εἰρήνης
3515 3258 3612 3328 τὴν
3638 3277 3826 3331 χορη-

2209 3350 2356 3420 γίαν.
2393 3349 2612 3421 Ταύτης
2652 3347 2760 3419 γὰρ
2791 3349 2904 3401 ἴσον
2940 3346 3298 3418 οὐδέν.’ορᾷς
3332 3347 3451 3416 μεθ’
3485 3348 3614 3415 ὅσης
3643 3350 3828 3400 εὐπο-

2215 3439 2337 3511 ρίας
2385 3439 2416 3492 6
2459 3437 2613 3504 ἅγιος
2651 3437 2960 3507 εἰσέρχεται
3007 3437 3088 3497 εἰς
3136 3435 3236 3506 τὴν
3287 3434 3492 3500 οἰκίαν;
3535 3435 3608 3487 Τὸ
3657 3437 3830 3506 ῥῆμα

2211 3525 2373 3579 τοῦτο
2411 3525 2565 3595 ψιλὸν
2618 3524 2718 3595 μέν
2767 3525 2906 3588 ἐστι,
2941 3523 3152 3594 μυρίων
3167 3523 3238 3582 ,δὲ
3270 3522 3490 3591 ἀγαθῶν
3523 3523 3828 3588 ὑπόθεσις.

2212 3615 2278 3667 Τί
2303 3613 2410 3683 γὰρ
2447 3612 2853 3683 ἀσφαλέστερον
2880 3610 3058 3674 οἰκίας
3092 3610 3290 3679 γένοιτ’
3321 3612 3388 3663 ἂν
3418 3612 3640 3681 εἰρήνης
3679 3614 3825 3665 ἀπο-

2210 3701 2518 3772 λαυούσης;
2555 3702 2795 3772 Εἰρήνην
2830 3699 2886 3752 δὲ
2919 3700 3244 3770 ἐπεύχονται
3274 3701 3324 3752 οί
3353 3701 3495 3767 ἆγιοι
3527 3703 3636 3763 τοῖς
3679 3702 3834 3753 ὐπο-

2211 3795 2549 3866 δεχομένοις,
2583 3792 2644 3845 οὐ
2681 3792 2780 3862 τὴν
2826 3791 2963 3862 πρὸς
3003 3791 3268 3862 ἀλλήλους
3309 3793 3490 3862 μόνον,
3525 3792 3665 3844 ἀλλὰ
3725 3795 3836 3846 καὶ

2214 3885 2313 3955 τὴν
2356 3883 2494 3956 πρὸς
2541 3885 2690 3954 ἡμᾶς
2745 3881 2961 3946 αὐτούς.
2994 3882 3261 3942 Πολλάκις
3300 3882 3434 3948 γοῦν
3477 3881 3725 3951 πόλεμον
3768 3885 3836 3934 ἐν

2213 3979 2328 4039 τοῖς
2374 3975 2654 4045 λογισμοῖς
2701 3973 2918 4043 ἔχομεν,
2947 3973 3041 4026 καὶ
3081 3972 3307 4043 μηδενὸς
3341 3970 3690 4042 ἐνοχλοῦντος
3729 3990 3842 4024 τα-

2219 4062 2564 4136 ραττόμεθα,
2608 4061 2701 4114 καὶ
2751 4060 3039 4130 ἐπιθυμίαι
3090 4059 3325 4130 πονηραὶ
3384 4059 3623 4129 συνεχῶς
3677 4062 3841 4129 ἡμῖν

2216 4151 2624 4204 ἐπανίστανται.
2657 4150 2766 4203 Καὶ
2795 4149 2998 4219 ταύτην
3031 4145 3124 4202 οῦν
3156 4147 3509 4202 καταστέλλει
3550 4147 3652 4218 τὴν
3721 4149 3843 4218 μά-

2217 4257 2320 4312 χην
2358 4241 2534 4293 ἐκεῖνο
2579 4240 2685 4292 τῶν
2735 4239 2905 4307 ἁγίων
2949 4239 3011 4291 16
3057 4238 3229 4309 ῥῆμα,
3270 4238 3364 4290 καὶ
3407 4236 3608 4306 πολλὴν
3666 4238 3846 4290 ἔνδον

2219 4330 2365 4382 ποιεῖ
2391 4325 2834 4398 γαλήνην.⁹ομοῦ
2870 4345 2926 4380 τε
2960 4325 3068 4397 γὰρ
3111 4327 3318 4388 ἐκεῖνος
3363 4324 3696 4394 ἐφθέγξατο,
3733 4327 3847 4378 καὶ

2219 4418 2371 4470 πᾶσα
2433 4415 2731 4486 ἐνθύμησις
2792 4414 3074 4486 διαδολικὴ
3145 4414 3239 4467 καὶ
3297 4413 3559 4482 λογισμὸς
3607 4415 3850 4477 ἄτοπος

2218 4503 2615 4576 ἐδραπέτευσεν
2647 4507 2711 4557 ἐκ
2735 4504 2833 4575 τῆς
2863 4502 3138 4574 ἡμετέρας
3158 4502 3338 4572 ψυχῆς
3357 4519 3371 4532 ο
3410 4500 3552 4554 ῶστε
3588 4502 3852 4571 μείζονα.

2218 4591 2519 4662 λαμϐάνεις
2567 4591 2600 4662 ἢ
2649 4591 2827 4653 δίδως.
2889 4590 3018 4645 Κᾶν
3067 4590 3186 4659 μὲν
3230 4589 3556 4654 δέξωνται,
3600 4593 3803 4660 φησῖν
3831 4632 3850 4654 ,

2216 4679 2393 4751 ὑμᾶς,
2422 4680 2640 4735 ἐλθέτω
2671 4682 2709 4749 ἡ
2733 4681 2938 4748 εἰρήνη
2968 4680 3331 4743 ἑπάὐτούςο
3361 4679 3474 4732 ἐὰν
3499 4678 3569 4731 δὲ
3601 4684 3706 4747 μή
3736 4679 3856 4732 δέ-

2220 4769 2437 4832 ξωνται
2459 4808 2475 4834 ,
2521 4767 2872 4833 ἐκτινάξατε
2927 4766 3036 4820 τὸν
3085 4767 3399 4836 κονιορτὸν
3444 4765 3564 4820 τῶν
3609 4767 3860 4821 ποδῶν

2219 4856 2406 4926 ὑμῶν.
2437 4856 2638 4926 Ἀμὴν,
2675 4857 2834 4926 ,λέγω
2877 4856 3040 4926 ὑμῖν,
3087 4857 3483 4925 ἀνεκτότερον
3519 4855 3714 4910 ἔσται
3766 4857 3859 4927 τῇ

2219 4945 2498 5014 Σοδόμων
2512 4945 2617 4999 καὶ
2646 4945 2955 5013 Γομόρρας
2975 4945 3045 4997 ἐν
3083 4943 3160 5014 τῇ
3190 4946 3379 5013 ἡμέρᾳ
3409 4944 3642 5012 ἐκείνῃ,
3679 4947 3730 5015 ἣ
3773 4945 3864 5017 τῇ

2219 5034 2395 5087 πόλει
2423 5033 2831 5104 ὲκείνῃ.⁹ορᾷς
2863 5034 2946 5085 ὅτι
2985 5032 3378 5104 ἀτιμαζόμενοι
3428 5032 3585 5095 πόδες
3646 5036 3868 5103 ἁγίων

2221 5121 2389 5175 πόσον
2411 5122 2676 5190 ἐπάγουσι
2703 5121 2850 5190 πῦρ;
2881 5119 2982 5173 Διὰ
3019 5121 3178 5174 τοῦτο
3224 5121 3436 5174 κελεύει
3481 5121 3722 5176 νίπτειν
3759 5127 3873 5178 αὖ·

2219 5211 2370 5278 τούς,
2397 5209 2486 5264 ἵνα
2524 5209 2949 5280 θεραπευόμενοι
2998 5208 3201 5280 πολλὴν
3250 5211 3384 5280 ἡμῖν
3437 5209 3872 5284 προξενήσωσι

2220 5301 2376 5375 παρά
2405 5298 2484 5370 τῷ
2506 5298 2626 5372 Θεῷ
2645 5298 2746 5369 τὴν
2778 5299 3124 5372 παρρησίανο
3154 5299 3290 5370 όμοῦ
3319 5298 3378 5352 δὲ
3406 5299 3501 5353 καὶ
3528 5302 3739 5355 ἐκεῖνο
3769 5303 3878 5357 διὰ

2220 5391 2426 5462 ταύτης
2475 5391 2628 5460 ἡμᾶς
2673 5389 2919 5442 παιδεύει
2942 5389 3047 5458 τῆς
3075 5387 3475 5460 παραινέσεως,
3505 5386 3574 5440 τά
3597 5389 3733 5459 τῆς
3769 5411 3876 5460 φι-

2221 5477 2465 5544 λοξενίας
2507 5478 2646 5550 ἔργα
2694 5476 2846 5548 [525]
2891 5477 2958 5529 δι’
3000 5476 3210 5531 ἑαυτῶν
3257 5475 3476 5529 ἅπαντα
3523 5477 3870 5533 ἐπιτελεῖν.

2223 5567 2481 5639 Μίμησαι
2517 5567 2610 5620 τὸν
2647 5565 2919 5635 Ἀϐραὰμ,
2971 5562 3130 5632 γενοῦ
3172 5563 3421 5636 θυγάτηρ
3471 5563 3750 5630 ἐκείνου,
3811 5570 3869 5632 ε;

2221 5656 2569 5728 τριακοσίους
2611 5655 2743 5708 δέκα
2789 5653 2883 5708 καὶ
2916 5651 3061 5706 ὀκτὼ
3094 5653 3235 5723 ἔχων
3279 5653 3605 5720 οἰκογενεῖς,
3677 5657 3864 5723 sufﬁt;

2227 5744 2367 5816 μετά
2417 5745 2518 5816 τῆς
2573 5743 2832 5813 γυναικός
2883 5742 3195 5814 διενείματο
3241 5741 3341 5805 τῆς
3387 5741 3735 5821 φιλοξενίας
3775 5749 3880 5804 τὸν
