  <div class='ocr_page' id='page_1' title='image "/cluster/home/n/w/nwhite01/storage/ocr_20150623/51/nnc1.0046978275/332.png"; bbox 0 0 4020 6370; ppageno 0'>
   <div class='ocr_carea' id='block_1_1' title="bbox 254 251 364 311">
    <p class='ocr_par' dir='ltr' id='par_1_1' title="bbox 254 251 364 311">
     <span class='ocr_line' id='line_1_1' title="bbox 254 251 364 311; baseline 0.018 -1"><span class='ocrx_word' id='word_1_1' title='bbox 254 251 364 311; x_wconf 73' lang='lat'><strong>353</strong></span> 
     </span>
    </p>
   </div>
   <div class='ocr_carea' id='block_1_2' title="bbox 257 365 1849 454">
    <p class='ocr_par' dir='ltr' id='par_1_2' title="bbox 257 365 1849 454">
     <span class='ocr_line' id='line_1_2' title="bbox 257 365 1849 454; baseline 0.016 -34"><span class='ocrx_word' id='word_1_2' title='bbox 257 365 498 424; x_wconf 73' lang='lat' dir='ltr'><strong>lavabit?</strong></span> <span class='ocrx_word' id='word_1_3' title='bbox 526 377 705 422; x_wconf 84' lang='lat' dir='ltr'><strong>nonne</strong></span> <span class='ocrx_word' id='word_1_4' title='bbox 740 367 841 425; x_wconf 92' lang='lat' dir='ltr'><strong>hoc</strong></span> <span class='ocrx_word' id='word_1_5' title='bbox 877 376 1031 443; x_wconf 87' lang='lat' dir='ltr'><strong>turpe</strong></span> <span class='ocrx_word' id='word_1_6' title='bbox 1074 376 1231 436; x_wconf 81' lang='lat' dir='ltr'><strong>fuerit</strong></span> <span class='ocrx_word' id='word_1_7' title='bbox 1254 376 1283 436; x_wconf 73' lang='grc'><strong>7</strong></span> <span class='ocrx_word' id='word_1_8' title='bbox 1304 382 1483 454; x_wconf 82' lang='lat' dir='ltr'><strong>Turpe</strong></span> <span class='ocrx_word' id='word_1_9' title='bbox 1525 400 1654 442; x_wconf 85' lang='lat' dir='ltr'><strong>sane</strong></span> <span class='ocrx_word' id='word_1_10' title='bbox 1693 387 1849 445; x_wconf 88' lang='lat' dir='ltr'><strong>fuerit</strong></span> 
     </span>
    </p>
   </div>
   <div class='ocr_carea' id='block_1_3' title="bbox 261 457 1848 536">
    <p class='ocr_par' dir='ltr' id='par_1_3' title="bbox 261 457 1848 536">
     <span class='ocr_line' id='line_1_3' title="bbox 261 457 1848 536; baseline 0.016 -25"><span class='ocrx_word' id='word_1_11' title='bbox 261 458 304 511; x_wconf 97' lang='lat' dir='ltr'><strong>si</strong></span> <span class='ocrx_word' id='word_1_12' title='bbox 336 473 444 512; x_wconf 92' lang='lat' dir='ltr'><strong>non</strong></span> <span class='ocrx_word' id='word_1_13' title='bbox 474 457 635 526; x_wconf 87' lang='lat' dir='ltr'><strong>lavet,</strong></span> <span class='ocrx_word' id='word_1_14' title='bbox 661 476 731 515; x_wconf 81' lang='grc' dir='ltr'><strong>ῐηι</strong></span> <span class='ocrx_word' id='word_1_15' title='bbox 754 461 937 519; x_wconf 90' lang='lat' dir='ltr'><strong>homo.</strong></span> <span class='ocrx_word' id='word_1_16' title='bbox 968 466 1320 534; x_wconf 65' lang='lat' dir='ltr'><strong>Quantu’mvis</strong></span> <span class='ocrx_word' id='word_1_17' title='bbox 1348 475 1489 529; x_wconf 90' lang='lat' dir='ltr'><strong>enim</strong></span> <span class='ocrx_word' id='word_1_18' title='bbox 1521 478 1848 536; x_wconf 75' lang='lat' dir='ltr'><strong>nobilitatem</strong></span> 
     </span>
    </p>
   </div>
   <div class='ocr_carea' id='block_1_4' title="bbox 255 548 1849 641">
    <p class='ocr_par' dir='ltr' id='par_1_4' title="bbox 255 548 1849 641">
     <span class='ocr_line' id='line_1_4' title="bbox 255 548 1849 641; baseline 0.016 -40"><span class='ocrx_word' id='word_1_19' title='bbox 255 548 423 616; x_wconf 79' lang='lat' dir='ltr'><strong>ipsius</strong></span> <span class='ocrx_word' id='word_1_20' title='bbox 471 550 520 602; x_wconf 94' lang='lat' dir='ltr'><strong>in</strong></span> <span class='ocrx_word' id='word_1_21' title='bbox 551 552 739 606; x_wconf 77' lang='lat' dir='ltr'><strong>etelum</strong></span> <span class='ocrx_word' id='word_1_22' title='bbox 770 554 981 622; x_wconf 82' lang='lat' dir='ltr'><strong>efferas,</strong></span> <span class='ocrx_word' id='word_1_23' title='bbox 1037 569 1091 612; x_wconf 88' lang='lat' dir='ltr'><strong>et</strong></span> <span class='ocrx_word' id='word_1_24' title='bbox 1117 559 1412 617; x_wconf 73' lang='lat' dir='ltr'><strong>claritatem</strong></span> <span class='ocrx_word' id='word_1_25' title='bbox 1440 568 1652 635; x_wconf 82' lang='lat' dir='ltr'><strong>generis</strong></span> <span class='ocrx_word' id='word_1_26' title='bbox 1690 580 1849 641; x_wconf 87' lang='lat' dir='ltr'><strong>atque</strong></span> 
     </span>
    </p>
   </div>
   <div class='ocr_carea' id='block_1_5' title="bbox 251 639 1847 719">
    <p class='ocr_par' dir='ltr' id='par_1_5' title="bbox 251 639 1847 719">
     <span class='ocr_line' id='line_1_5' title="bbox 251 639 1847 719; baseline 0.017 -29"><span class='ocrx_word' id='word_1_27' title='bbox 251 639 616 706; x_wconf 89' lang='lat' dir='ltr'><strong>splendorem,</strong></span> <span class='ocrx_word' id='word_1_28' title='bbox 671 644 910 712; x_wconf 83' lang='lat' dir='ltr'><strong>ejusdem</strong></span> <span class='ocrx_word' id='word_1_29' title='bbox 957 650 1222 719; x_wconf 75' lang='lat' dir='ltr'><strong>particeps</strong></span> <span class='ocrx_word' id='word_1_30' title='bbox 1268 664 1350 708; x_wconf 88' lang='lat' dir='ltr'><strong>est</strong></span> <span class='ocrx_word' id='word_1_31' title='bbox 1392 665 1592 713; x_wconf 70' lang='lat' dir='ltr'><strong>natura:</strong></span> <span class='ocrx_word' id='word_1_32' title='bbox 1625 674 1746 715; x_wconf 91' lang='lat' dir='ltr'><strong>cum</strong></span> <span class='ocrx_word' id='word_1_33' title='bbox 1776 676 1847 717; x_wconf 87' lang='lat' dir='ltr'><strong>eo</strong></span> 
     </span>
    </p>
   </div>
   <div class='ocr_carea' id='block_1_6' title="bbox 250 729 1843 821">
    <p class='ocr_par' dir='ltr' id='par_1_6' title="bbox 250 729 1843 821">
     <span class='ocr_line' id='line_1_6' title="bbox 250 729 1843 821; baseline 0.018 -41"><span class='ocrx_word' id='word_1_34' title='bbox 250 729 339 797; x_wconf 89' lang='lat' dir='ltr'><strong>qui</strong></span> <span class='ocrx_word' id='word_1_35' title='bbox 378 731 630 798; x_wconf 80' lang='lat' dir='ltr'><strong>abluitur,</strong></span> <span class='ocrx_word' id='word_1_36' title='bbox 655 744 708 786; x_wconf 91' lang='lat' dir='ltr'><strong>et</strong></span> <span class='ocrx_word' id='word_1_37' title='bbox 757 751 1015 792; x_wconf 89' lang='lat' dir='ltr'><strong>conserva</strong></span> <span class='ocrx_word' id='word_1_38' title='bbox 1046 742 1187 796; x_wconf 91' lang='lat' dir='ltr'><strong>illius</strong></span> <span class='ocrx_word' id='word_1_39' title='bbox 1214 755 1317 812; x_wconf 91' lang='lat' dir='ltr'><strong>est,</strong></span> <span class='ocrx_word' id='word_1_40' title='bbox 1343 754 1396 801; x_wconf 91' lang='lat' dir='ltr'><strong>et</strong></span> <span class='ocrx_word' id='word_1_41' title='bbox 1420 747 1623 805; x_wconf 86' lang='lat' dir='ltr'><strong>honore</strong></span> <span class='ocrx_word' id='word_1_42' title='bbox 1650 767 1747 821; x_wconf 90' lang='lat' dir='ltr'><strong>par</strong></span> <span class='ocrx_word' id='word_1_43' title='bbox 1771 753 1843 808; x_wconf 87' lang='lat' dir='ltr'><strong>illi</strong></span> 
     </span>
    </p>
   </div>
   <div class='ocr_carea' id='block_1_7' title="bbox 250 820 960 897">
    <p class='ocr_par' dir='ltr' id='par_1_7' title="bbox 250 820 960 897">
     <span class='ocr_line' id='line_1_7' title="bbox 250 820 960 897; baseline 0.014 -26"><span class='ocrx_word' id='word_1_44' title='bbox 250 820 334 873; x_wconf 90' lang='lat' dir='ltr'><strong>cui</strong></span> <span class='ocrx_word' id='word_1_45' title='bbox 364 820 604 875; x_wconf 79' lang='lat' dir='ltr'><strong>defertur</strong></span> <span class='ocrx_word' id='word_1_46' title='bbox 626 826 960 897; x_wconf 90' lang='lat' dir='ltr'><strong>obsequium.</strong></span> 
     </span>
    </p>
   </div>
   <div class='ocr_carea' id='block_1_8' title="bbox 320 911 1842 993">
    <p class='ocr_par' dir='ltr' id='par_1_8' title="bbox 320 911 1842 993">
     <span class='ocr_line' id='line_1_8' title="bbox 320 911 1842 993; baseline 0.018 -30"><span class='ocrx_word' id='word_1_47' title='bbox 320 911 407 963; x_wconf 78' lang='grc'><strong>15.</strong></span> <span class='ocrx_word' id='word_1_48' title='bbox 442 912 747 984; x_wconf 74' lang='lat' dir='ltr'><strong>Exemplum</strong></span> <span class='ocrx_word' id='word_1_49' title='bbox 785 919 973 974; x_wconf 85' lang='lat' dir='ltr'><strong>Christi</strong></span> <span class='ocrx_word' id='word_1_50' title='bbox 993 924 1145 991; x_wconf 86' lang='lat' dir='ltr'><strong>pedes</strong></span> <span class='ocrx_word' id='word_1_51' title='bbox 1166 925 1382 982; x_wconf 77' lang='lat' dir='ltr'><strong>levantis</strong></span> <span class='ocrx_word' id='word_1_52' title='bbox 1402 947 1420 993; x_wconf 90' lang='lat'><em>;</em></span> <span class='ocrx_word' id='word_1_53' title='bbox 1442 931 1570 985; x_wconf 91' lang='lat' dir='ltr'><strong>bona</strong></span> <span class='ocrx_word' id='word_1_54' title='bbox 1587 950 1651 987; x_wconf 82' lang='lat' dir='ltr'><strong>ea:</strong></span> <span class='ocrx_word' id='word_1_55' title='bbox 1675 952 1842 991; x_wconf 86' lang='lat' dir='ltr'><strong>susce-</strong></span> 
     </span>
    </p>
   </div>
   <div class='ocr_carea' id='block_1_9' title="bbox 247 1003 1839 1096">
    <p class='ocr_par' dir='ltr' id='par_1_9' title="bbox 247 1003 1839 1096">
     <span class='ocr_line' id='line_1_9' title="bbox 247 1003 1839 1096; baseline 0.019 -45"><span class='ocrx_word' id='word_1_56' title='bbox 247 1003 420 1071; x_wconf 80' lang='lat' dir='ltr'><strong>ptione</strong></span> <span class='ocrx_word' id='word_1_57' title='bbox 432 1009 809 1077; x_wconf 83' lang='lat' dir='ltr'><strong>peregrinorum</strong></span> <span class='ocrx_word' id='word_1_58' title='bbox 830 1016 1088 1068; x_wconf 78' lang='lat' dir='ltr'><strong>manantia</strong></span> <span class='ocrx_word' id='word_1_59' title='bbox 1100 1033 1120 1081; x_wconf 89' lang='lat'><strong><em>;</em></strong></span> <span class='ocrx_word' id='word_1_60' title='bbox 1132 1020 1413 1089; x_wconf 74' lang='lat' dir='ltr'><strong>exemplum</strong></span> <span class='ocrx_word' id='word_1_61' title='bbox 1432 1023 1839 1096; x_wconf 69' lang='lat' dir='ltr'><strong>viduw.-—Cogi-</strong></span> 
     </span>
    </p>
   </div>
   <div class='ocr_carea' id='block_1_10' title="bbox 246 1095 1838 1178">
    <p class='ocr_par' dir='ltr' id='par_1_10' title="bbox 246 1095 1838 1178">
     <span class='ocr_line' id='line_1_10' title="bbox 246 1095 1838 1178; baseline 0.019 -35"><span class='ocrx_word' id='word_1_62' title='bbox 246 1100 295 1144; x_wconf 90' lang='lat' dir='ltr'><strong>ta</strong></span> <span class='ocrx_word' id='word_1_63' title='bbox 313 1095 436 1162; x_wconf 85' lang='lat' dir='ltr'><strong>quis</strong></span> <span class='ocrx_word' id='word_1_64' title='bbox 449 1107 564 1150; x_wconf 86' lang='lat' dir='ltr'><strong>erat</strong></span> <span class='ocrx_word' id='word_1_65' title='bbox 580 1099 668 1152; x_wconf 89' lang='lat' dir='ltr'><strong>ille</strong></span> <span class='ocrx_word' id='word_1_66' title='bbox 686 1102 775 1169; x_wconf 88' lang='lat' dir='ltr'><strong>qui</strong></span> <span class='ocrx_word' id='word_1_67' title='bbox 793 1102 1169 1173; x_wconf 91' lang='lat' dir='ltr'><strong>discipulorum</strong></span> <span class='ocrx_word' id='word_1_68' title='bbox 1190 1110 1351 1178; x_wconf 84' lang='lat' dir='ltr'><strong>pedes</strong></span> <span class='ocrx_word' id='word_1_69' title='bbox 1369 1111 1512 1178; x_wconf 90' lang='lat' dir='ltr'><strong>lavit,</strong></span> <span class='ocrx_word' id='word_1_70' title='bbox 1528 1130 1589 1169; x_wconf 88' lang='lat' dir='ltr'><strong>ac</strong></span> <span class='ocrx_word' id='word_1_71' title='bbox 1604 1116 1670 1170; x_wconf 89' lang='lat' dir='ltr'><strong>de</strong></span> <span class='ocrx_word' id='word_1_72' title='bbox 1688 1095 1838 1172; x_wconf 82' lang='lat' dir='ltr'><strong>nobi-</strong></span> 
     </span>
    </p>
   </div>
   <div class='ocr_carea' id='block_1_11' title="bbox 242 1184 1832 1265">
    <p class='ocr_par' dir='ltr' id='par_1_11' title="bbox 242 1184 1832 1265">
     <span class='ocr_line' id='line_1_11' title="bbox 242 1184 1832 1265; baseline 0.019 -30"><span class='ocrx_word' id='word_1_73' title='bbox 242 1184 392 1239; x_wconf 83' lang='lat' dir='ltr'><strong>litate</strong></span> <span class='ocrx_word' id='word_1_74' title='bbox 432 1189 593 1243; x_wconf 87' lang='lat' dir='ltr'><strong>verba</strong></span> <span class='ocrx_word' id='word_1_75' title='bbox 632 1192 806 1248; x_wconf 87' lang='lat' dir='ltr'><strong>facere</strong></span> <span class='ocrx_word' id='word_1_76' title='bbox 833 1195 1035 1251; x_wconf 90' lang='lat' dir='ltr'><strong>desine.</strong></span> <span class='ocrx_word' id='word_1_77' title='bbox 1063 1197 1372 1258; x_wconf 89' lang='lat' dir='ltr'><strong>Communis</strong></span> <span class='ocrx_word' id='word_1_78' title='bbox 1397 1206 1543 1259; x_wconf 90' lang='lat' dir='ltr'><strong>orbis</strong></span> <span class='ocrx_word' id='word_1_79' title='bbox 1574 1217 1832 1265; x_wconf 88' lang='lat' dir='ltr'><strong>terrarum</strong></span> 
     </span>
    </p>
   </div>
   <div class='ocr_carea' id='block_1_12' title="bbox 243 1275 1836 1369">
    <p class='ocr_par' dir='ltr' id='par_1_12' title="bbox 243 1275 1836 1369">
     <span class='ocr_line' id='line_1_12' title="bbox 243 1275 1836 1369; baseline 0.018 -42"><span class='ocrx_word' id='word_1_80' title='bbox 243 1275 521 1344; x_wconf 81' lang='lat' dir='ltr'><strong>Dominus,</strong></span> <span class='ocrx_word' id='word_1_81' title='bbox 554 1279 665 1335; x_wconf 83' lang='lat' dir='ltr'><strong>Rex</strong></span> <span class='ocrx_word' id='word_1_82' title='bbox 689 1285 999 1353; x_wconf 79' lang='lat' dir='ltr'><strong>angelorum</strong></span> <span class='ocrx_word' id='word_1_83' title='bbox 1017 1298 1072 1343; x_wconf 91' lang='lat' dir='ltr'><strong>et</strong></span> <span class='ocrx_word' id='word_1_84' title='bbox 1096 1290 1242 1359; x_wconf 86' lang='lat' dir='ltr'><strong>lavit,</strong></span> <span class='ocrx_word' id='word_1_85' title='bbox 1260 1302 1315 1347; x_wconf 92' lang='lat' dir='ltr'><strong>et</strong></span> <span class='ocrx_word' id='word_1_86' title='bbox 1342 1294 1506 1349; x_wconf 92' lang='lat' dir='ltr'><strong>linteo</strong></span> <span class='ocrx_word' id='word_1_87' title='bbox 1533 1314 1591 1353; x_wconf 90' lang='lat' dir='ltr'><strong>se</strong></span> <span class='ocrx_word' id='word_1_88' title='bbox 1613 1300 1836 1369; x_wconf 76' lang='lat' dir='ltr'><strong>praecin-</strong></span> 
     </span>
    </p>
   </div>
   <div class='ocr_carea' id='block_1_13' title="bbox 239 1367 1832 1460">
    <p class='ocr_par' dir='ltr' id='par_1_13' title="bbox 239 1367 1832 1460">
     <span class='ocr_line' id='line_1_13' title="bbox 239 1367 1832 1460; baseline 0.018 -42"><span class='ocrx_word' id='word_1_89' title='bbox 239 1367 336 1431; x_wconf 89' lang='lat' dir='ltr'><strong>xit,</strong></span> <span class='ocrx_word' id='word_1_90' title='bbox 357 1384 459 1423; x_wconf 91' lang='lat' dir='ltr'><strong>nec</strong></span> <span class='ocrx_word' id='word_1_91' title='bbox 488 1371 870 1441; x_wconf 84' lang='lat' dir='ltr'><strong>discipulorum</strong></span> <span class='ocrx_word' id='word_1_92' title='bbox 901 1387 1125 1441; x_wconf 80' lang='lat' dir='ltr'><strong>tantum.</strong></span> <span class='ocrx_word' id='word_1_93' title='bbox 1151 1382 1244 1436; x_wconf 91' lang='lat' dir='ltr'><strong>sed</strong></span> <span class='ocrx_word' id='word_1_94' title='bbox 1267 1392 1321 1438; x_wconf 90' lang='lat' dir='ltr'><strong>et</strong></span> <span class='ocrx_word' id='word_1_95' title='bbox 1353 1386 1639 1454; x_wconf 90' lang='lat' dir='ltr'><strong>proditoris</strong></span> <span class='ocrx_word' id='word_1_96' title='bbox 1663 1391 1832 1460; x_wconf 88' lang='lat' dir='ltr'><strong>ipsius</strong></span> 
     </span>
    </p>
   </div>
   <div class='ocr_carea' id='block_1_14' title="bbox 237 1458 1830 1553">
    <p class='ocr_par' dir='ltr' id='par_1_14' title="bbox 237 1458 1830 1553">
     <span class='ocr_line' id='line_1_14' title="bbox 237 1458 1830 1553; baseline 0.019 -45"><span class='ocrx_word' id='word_1_97' title='bbox 237 1458 256 1525; x_wconf 93' lang='lat'><strong>(</strong></span> <span class='ocrx_word' id='word_1_98' title='bbox 282 1458 477 1513; x_wconf 83' lang='lat' dir='ltr'><strong>Joann.</strong></span> <span class='ocrx_word' id='word_1_99' title='bbox 524 1463 611 1516; x_wconf 76' lang='grc'><strong>15.</strong></span> <span class='ocrx_word' id='word_1_100' title='bbox 659 1465 713 1518; x_wconf 75' lang='grc'><strong>4.</strong></span> <span class='ocrx_word' id='word_1_101' title='bbox 742 1483 849 1535; x_wconf 88' lang='lat' dir='ltr'><strong>sqq.</strong></span> <span class='ocrx_word' id='word_1_102' title='bbox 872 1467 913 1537; x_wconf 94' lang='lat'><strong>).</strong></span> <span class='ocrx_word' id='word_1_103' title='bbox 941 1470 1099 1526; x_wconf 85' lang='lat' dir='ltr'><strong>Vides</strong></span> <span class='ocrx_word' id='word_1_104' title='bbox 1126 1484 1382 1543; x_wconf 90' lang='lat' dir='ltr'><strong>quantum</strong></span> <span class='ocrx_word' id='word_1_105' title='bbox 1426 1478 1566 1549; x_wconf 74' lang='lat' dir='ltr'><strong>inter</strong></span> <span class='ocrx_word' id='word_1_106' title='bbox 1589 1458 1709 1537; x_wconf 84' lang='lat' dir='ltr'><strong>eum</strong></span> <span class='ocrx_word' id='word_1_107' title='bbox 1741 1485 1830 1553; x_wconf 88' lang='lat' dir='ltr'><strong>qui</strong></span> 
     </span>
    </p>
   </div>
   <div class='ocr_carea' id='block_1_15' title="bbox 238 1548 1828 1628">
    <p class='ocr_par' dir='ltr' id='par_1_15' title="bbox 238 1548 1828 1628">
     <span class='ocr_line' id='line_1_15' title="bbox 238 1548 1828 1628; baseline 0.018 -28"><span class='ocrx_word' id='word_1_108' title='bbox 238 1548 472 1615; x_wconf 84' lang='lat' dir='ltr'><strong>lavabat,</strong></span> <span class='ocrx_word' id='word_1_109' title='bbox 505 1563 558 1607; x_wconf 92' lang='lat' dir='ltr'><strong>et</strong></span> <span class='ocrx_word' id='word_1_110' title='bbox 601 1570 696 1611; x_wconf 88' lang='lat' dir='ltr'><strong>eos</strong></span> <span class='ocrx_word' id='word_1_111' title='bbox 716 1560 804 1627; x_wconf 90' lang='lat' dir='ltr'><strong>qui</strong></span> <span class='ocrx_word' id='word_1_112' title='bbox 828 1560 1145 1618; x_wconf 83' lang='lat' dir='ltr'><strong>lavabantur</strong></span> <span class='ocrx_word' id='word_1_113' title='bbox 1171 1575 1317 1621; x_wconf 85' lang='lat' dir='ltr'><strong>esset</strong></span> <span class='ocrx_word' id='word_1_114' title='bbox 1338 1548 1708 1628; x_wconf 71' lang='lat' dir='ltr'><strong>intervallum?</strong></span> <span class='ocrx_word' id='word_1_115' title='bbox 1735 1579 1828 1628; x_wconf 85' lang='lat' dir='ltr'><strong>At-</strong></span> 
     </span>
    </p>
   </div>
   <div class='ocr_carea' id='block_1_16' title="bbox 234 1646 1828 1725">
    <p class='ocr_par' dir='ltr' id='par_1_16' title="bbox 234 1646 1828 1725">
     <span class='ocr_line' id='line_1_16' title="bbox 234 1646 1828 1725; baseline 0.018 -33"><span class='ocrx_word' id='word_1_116' title='bbox 234 1649 416 1696; x_wconf 89' lang='lat' dir='ltr'><strong>tamen</strong></span> <span class='ocrx_word' id='word_1_117' title='bbox 468 1653 578 1697; x_wconf 91' lang='lat' dir='ltr'><strong>toto</strong></span> <span class='ocrx_word' id='word_1_118' title='bbox 612 1646 711 1702; x_wconf 89' lang='lat' dir='ltr'><strong>hoc</strong></span> <span class='ocrx_word' id='word_1_119' title='bbox 752 1648 1033 1707; x_wconf 90' lang='lat' dir='ltr'><strong>intervallo</strong></span> <span class='ocrx_word' id='word_1_120' title='bbox 1073 1670 1134 1709; x_wconf 92' lang='lat' dir='ltr'><strong>se</strong></span> <span class='ocrx_word' id='word_1_121' title='bbox 1178 1656 1413 1725; x_wconf 87' lang='lat' dir='ltr'><strong>demisit,</strong></span> <span class='ocrx_word' id='word_1_122' title='bbox 1467 1672 1522 1715; x_wconf 92' lang='lat' dir='ltr'><strong>et</strong></span> <span class='ocrx_word' id='word_1_123' title='bbox 1572 1663 1828 1721; x_wconf 88' lang='lat' dir='ltr'><strong>Dominus</strong></span> 
     </span>
    </p>
   </div>
   <div class='ocr_carea' id='block_1_17' title="bbox 232 1734 1824 1811">
    <p class='ocr_par' dir='ltr' id='par_1_17' title="bbox 232 1734 1824 1811">
     <span class='ocr_line' id='line_1_17' title="bbox 232 1734 1824 1811; baseline 0.02 -31"><span class='ocrx_word' id='word_1_124' title='bbox 232 1743 448 1785; x_wconf 82' lang='lat' dir='ltr'><strong>servum</strong></span> <span class='ocrx_word' id='word_1_125' title='bbox 482 1734 629 1799; x_wconf 87' lang='lat' dir='ltr'><strong>lavit,</strong></span> <span class='ocrx_word' id='word_1_126' title='bbox 658 1747 713 1792; x_wconf 93' lang='lat' dir='ltr'><strong>ut</strong></span> <span class='ocrx_word' id='word_1_127' title='bbox 738 1754 893 1796; x_wconf 90' lang='lat' dir='ltr'><strong>serva</strong></span> <span class='ocrx_word' id='word_1_128' title='bbox 919 1758 1237 1802; x_wconf 90' lang='lat' dir='ltr'><strong>conservum</strong></span> <span class='ocrx_word' id='word_1_129' title='bbox 1265 1764 1371 1803; x_wconf 90' lang='lat' dir='ltr'><strong>non</strong></span> <span class='ocrx_word' id='word_1_130' title='bbox 1401 1753 1703 1811; x_wconf 82' lang='lat' dir='ltr'><strong>erubescat.</strong></span> <span class='ocrx_word' id='word_1_131' title='bbox 1737 1758 1824 1811; x_wconf 90' lang='lat' dir='ltr'><strong>ld-</strong></span> 
     </span>
    </p>
   </div>
   <div class='ocr_carea' id='block_1_18' title="bbox 228 1821 1824 1909">
    <p class='ocr_par' dir='ltr' id='par_1_18' title="bbox 228 1821 1824 1909">
     <span class='ocr_line' id='line_1_18' title="bbox 228 1821 1824 1909; baseline 0.02 -38"><span class='ocrx_word' id='word_1_132' title='bbox 228 1821 376 1874; x_wconf 82' lang='lat' dir='ltr'><strong>circo</strong></span> <span class='ocrx_word' id='word_1_133' title='bbox 391 1824 551 1878; x_wconf 89' lang='lat' dir='ltr'><strong>etiam</strong></span> <span class='ocrx_word' id='word_1_134' title='bbox 580 1828 886 1898; x_wconf 89' lang='lat' dir='ltr'><strong>proditoris,</strong></span> <span class='ocrx_word' id='word_1_135' title='bbox 914 1849 980 1888; x_wconf 91' lang='lat' dir='ltr'><strong>ne</strong></span> <span class='ocrx_word' id='word_1_136' title='bbox 1010 1835 1144 1890; x_wconf 87' lang='lat' dir='ltr'><strong>forte</strong></span> <span class='ocrx_word' id='word_1_137' title='bbox 1163 1837 1345 1893; x_wconf 87' lang='lat' dir='ltr'><strong>dicere</strong></span> <span class='ocrx_word' id='word_1_138' title='bbox 1369 1856 1553 1909; x_wconf 84' lang='lat' dir='ltr'><strong>posses</strong></span> <span class='ocrx_word' id='word_1_139' title='bbox 1580 1846 1738 1901; x_wconf 87' lang='lat' dir='ltr'><strong>vilem</strong></span> <span class='ocrx_word' id='word_1_140' title='bbox 1768 1857 1824 1903; x_wconf 91' lang='lat' dir='ltr'><strong>et</strong></span> 
     </span>
    </p>
   </div>
   <div class='ocr_carea' id='block_1_19' title="bbox 224 1910 1823 2005">
    <p class='ocr_par' dir='ltr' id='par_1_19' title="bbox 224 1910 1823 2005">
     <span class='ocr_line' id='line_1_19' title="bbox 224 1910 1823 2005; baseline 0.02 -44"><span class='ocrx_word' id='word_1_141' title='bbox 224 1910 495 1977; x_wconf 87' lang='lat' dir='ltr'><strong>abjectum</strong></span> <span class='ocrx_word' id='word_1_142' title='bbox 526 1931 646 1971; x_wconf 90' lang='lat' dir='ltr'><strong>esse</strong></span> <span class='ocrx_word' id='word_1_143' title='bbox 689 1918 858 1984; x_wconf 90' lang='lat' dir='ltr'><strong>illum,</strong></span> <span class='ocrx_word' id='word_1_144' title='bbox 892 1924 975 1977; x_wconf 92' lang='lat' dir='ltr'><strong>cui</strong></span> <span class='ocrx_word' id='word_1_145' title='bbox 1001 1926 1177 1981; x_wconf 91' lang='lat' dir='ltr'><strong>cultus</strong></span> <span class='ocrx_word' id='word_1_146' title='bbox 1202 1939 1343 1984; x_wconf 90' lang='lat' dir='ltr'><strong>esset</strong></span> <span class='ocrx_word' id='word_1_147' title='bbox 1388 1932 1475 1987; x_wconf 91' lang='lat' dir='ltr'><strong>ille</strong></span> <span class='ocrx_word' id='word_1_148' title='bbox 1519 1942 1681 2005; x_wconf 87' lang='lat' dir='ltr'><strong>atque</strong></span> <span class='ocrx_word' id='word_1_149' title='bbox 1725 1939 1823 1992; x_wconf 87' lang='lat' dir='ltr'><strong>ob-</strong></span> 
     </span>
    </p>
   </div>
   <div class='ocr_carea' id='block_1_20' title="bbox 222 2004 1818 2085">
    <p class='ocr_par' dir='ltr' id='par_1_20' title="bbox 222 2004 1818 2085">
     <span class='ocr_line' id='line_1_20' title="bbox 222 2004 1818 2085; baseline 0.021 -32"><span class='ocrx_word' id='word_1_150' title='bbox 222 2004 471 2071; x_wconf 89' lang='lat' dir='ltr'><strong>sequium</strong></span> <span class='ocrx_word' id='word_1_151' title='bbox 501 2006 869 2067; x_wconf 86' lang='lat' dir='ltr'><strong>deferendum.</strong></span> <span class='ocrx_word' id='word_1_152' title='bbox 920 2015 1069 2071; x_wconf 84' lang='lat' dir='ltr'><strong>Licet</strong></span> <span class='ocrx_word' id='word_1_153' title='bbox 1096 2020 1239 2073; x_wconf 91' lang='lat' dir='ltr'><strong>enim</strong></span> <span class='ocrx_word' id='word_1_154' title='bbox 1279 2029 1332 2076; x_wconf 89' lang='lat' dir='ltr'><strong>et</strong></span> <span class='ocrx_word' id='word_1_155' title='bbox 1360 2025 1479 2079; x_wconf 86' lang='lat' dir='ltr'><strong>vilis</strong></span> <span class='ocrx_word' id='word_1_156' title='bbox 1507 2004 1672 2083; x_wconf 12' lang='lat' dir='ltr'><strong>sitiet</strong></span> <span class='ocrx_word' id='word_1_157' title='bbox 1717 2030 1818 2085; x_wconf 89' lang='lat' dir='ltr'><strong>ab-</strong></span> 
     </span>
    </p>
   </div>
   <div class='ocr_carea' id='block_1_21' title="bbox 218 2092 1815 2179">
    <p class='ocr_par' dir='ltr' id='par_1_21' title="bbox 218 2092 1815 2179">
     <span class='ocr_line' id='line_1_21' title="bbox 218 2092 1815 2179; baseline 0.019 -35"><span class='ocrx_word' id='word_1_158' title='bbox 218 2092 416 2161; x_wconf 88' lang='lat' dir='ltr'><strong>jectus,</strong></span> <span class='ocrx_word' id='word_1_159' title='bbox 439 2097 674 2152; x_wconf 91' lang='lat' dir='ltr'><strong>nondum</strong></span> <span class='ocrx_word' id='word_1_160' title='bbox 700 2110 876 2157; x_wconf 89' lang='lat' dir='ltr'><strong>tamen</strong></span> <span class='ocrx_word' id='word_1_161' title='bbox 901 2104 1051 2161; x_wconf 78' lang='lat' dir='ltr'><strong>Juda:</strong></span> <span class='ocrx_word' id='word_1_162' title='bbox 1080 2108 1270 2165; x_wconf 89' lang='lat' dir='ltr'><strong>similis</strong></span> <span class='ocrx_word' id='word_1_163' title='bbox 1289 2122 1390 2179; x_wconf 88' lang='lat' dir='ltr'><strong>est,</strong></span> <span class='ocrx_word' id='word_1_164' title='bbox 1415 2130 1513 2170; x_wconf 88' lang='lat' dir='ltr'><strong>nec</strong></span> <span class='ocrx_word' id='word_1_165' title='bbox 1532 2117 1585 2171; x_wconf 93' lang='lat' dir='ltr'><strong>in</strong></span> <span class='ocrx_word' id='word_1_166' title='bbox 1612 2127 1663 2173; x_wconf 91' lang='lat' dir='ltr'><strong>te</strong></span> <span class='ocrx_word' id='word_1_167' title='bbox 1692 2121 1815 2175; x_wconf 88' lang='lat' dir='ltr'><strong>talia</strong></span> 
     </span>
    </p>
   </div>
   <div class='ocr_carea' id='block_1_22' title="bbox 219 2192 1811 2278">
    <p class='ocr_par' dir='ltr' id='par_1_22' title="bbox 219 2192 1811 2278">
     <span class='ocr_line' id='line_1_22' title="bbox 219 2192 1811 2278; baseline 0.02 -43"><span class='ocrx_word' id='word_1_168' title='bbox 219 2192 568 2253; x_wconf 88' lang='lat' dir='ltr'><strong>perpetravit,</strong></span> <span class='ocrx_word' id='word_1_169' title='bbox 600 2192 776 2259; x_wconf 85' lang='lat' dir='ltr'><strong>qualia</strong></span> <span class='ocrx_word' id='word_1_170' title='bbox 827 2196 879 2248; x_wconf 90' lang='lat' dir='ltr'><strong>in</strong></span> <span class='ocrx_word' id='word_1_171' title='bbox 912 2197 1191 2255; x_wconf 87' lang='lat' dir='ltr'><strong>Dominum</strong></span> <span class='ocrx_word' id='word_1_172' title='bbox 1218 2203 1327 2269; x_wconf 91' lang='lat' dir='ltr'><strong>ille,</strong></span> <span class='ocrx_word' id='word_1_173' title='bbox 1355 2207 1442 2274; x_wconf 91' lang='lat' dir='ltr'><strong>qui</strong></span> <span class='ocrx_word' id='word_1_174' title='bbox 1472 2212 1705 2278; x_wconf 88' lang='lat' dir='ltr'><strong>acceptis</strong></span> <span class='ocrx_word' id='word_1_175' title='bbox 1726 2212 1811 2266; x_wconf 91' lang='lat' dir='ltr'><strong>in-</strong></span> 
     </span>
    </p>
   </div>
   <div class='ocr_carea' id='block_1_23' title="bbox 217 2279 1810 2358">
    <p class='ocr_par' dir='ltr' id='par_1_23' title="bbox 217 2279 1810 2358">
     <span class='ocr_line' id='line_1_23' title="bbox 217 2279 1810 2358; baseline 0.02 -32"><span class='ocrx_word' id='word_1_176' title='bbox 217 2279 460 2331; x_wconf 87' lang='lat' dir='ltr'><strong>numeris</strong></span> <span class='ocrx_word' id='word_1_177' title='bbox 490 2280 763 2339; x_wconf 87' lang='lat' dir='ltr'><strong>beneliciis</strong></span> <span class='ocrx_word' id='word_1_178' title='bbox 791 2286 856 2339; x_wconf 88' lang='lat' dir='ltr'><strong>ad</strong></span> <span class='ocrx_word' id='word_1_179' title='bbox 884 2290 1234 2356; x_wconf 86' lang='lat' dir='ltr'><strong>proditionem</strong></span> <span class='ocrx_word' id='word_1_180' title='bbox 1264 2298 1425 2350; x_wconf 87' lang='lat' dir='ltr'><strong>venit.</strong></span> <span class='ocrx_word' id='word_1_181' title='bbox 1454 2300 1701 2357; x_wconf 85' lang='lat' dir='ltr'><strong>Attamen</strong></span> <span class='ocrx_word' id='word_1_182' title='bbox 1729 2304 1810 2358; x_wconf 87' lang='lat' dir='ltr'><strong>his</strong></span> 
     </span>
    </p>
   </div>
   <div class='ocr_carea' id='block_1_24' title="bbox 214 2370 1808 2461">
    <p class='ocr_par' dir='ltr' id='par_1_24' title="bbox 214 2370 1808 2461">
     <span class='ocr_line' id='line_1_24' title="bbox 214 2370 1808 2461; baseline 0.021 -45"><span class='ocrx_word' id='word_1_183' title='bbox 214 2370 467 2424; x_wconf 88' lang='lat' dir='ltr'><strong>omnibus</strong></span> <span class='ocrx_word' id='word_1_184' title='bbox 492 2376 728 2441; x_wconf 76' lang='lat' dir='ltr'><strong>pnevisis</strong></span> <span class='ocrx_word' id='word_1_185' title='bbox 757 2379 904 2443; x_wconf 86' lang='lat' dir='ltr'><strong>lavit,</strong></span> <span class='ocrx_word' id='word_1_186' title='bbox 937 2397 999 2436; x_wconf 87' lang='lat' dir='ltr'><strong>ac</strong></span> <span class='ocrx_word' id='word_1_187' title='bbox 1028 2386 1184 2439; x_wconf 91' lang='lat' dir='ltr'><strong>nobis</strong></span> <span class='ocrx_word' id='word_1_188' title='bbox 1213 2388 1381 2458; x_wconf 81' lang='lat' dir='ltr'><strong>legem</strong></span> <span class='ocrx_word' id='word_1_189' title='bbox 1426 2396 1721 2461; x_wconf 88' lang='lat' dir='ltr'><strong>constituit,</strong></span> <span class='ocrx_word' id='word_1_190' title='bbox 1752 2408 1808 2451; x_wconf 92' lang='lat' dir='ltr'><strong>ut</strong></span> 
     </span>
    </p>
   </div>
   <div class='ocr_carea' id='block_1_25' title="bbox 213 2458 1807 2548">
    <p class='ocr_par' dir='ltr' id='par_1_25' title="bbox 213 2458 1807 2548">
     <span class='ocr_line' id='line_1_25' title="bbox 213 2458 1807 2548; baseline 0.021 -37"><span class='ocrx_word' id='word_1_191' title='bbox 213 2458 341 2514; x_wconf 89' lang='lat' dir='ltr'><strong>licet</strong></span> <span class='ocrx_word' id='word_1_192' title='bbox 406 2465 747 2525; x_wconf 85' lang='lat' dir='ltr'><strong>sublimiores</strong></span> <span class='ocrx_word' id='word_1_193' title='bbox 802 2476 1050 2530; x_wconf 85' lang='lat' dir='ltr'><strong>omnibus</strong></span> <span class='ocrx_word' id='word_1_194' title='bbox 1122 2480 1311 2548; x_wconf 91' lang='lat' dir='ltr'><strong>simus,</strong></span> <span class='ocrx_word' id='word_1_195' title='bbox 1366 2484 1489 2539; x_wconf 90' lang='lat' dir='ltr'><strong>licet</strong></span> <span class='ocrx_word' id='word_1_196' title='bbox 1556 2490 1807 2544; x_wconf 75' lang='lat' dir='ltr'><strong>ottinihus</strong></span> 
     </span>
    </p>
   </div>
   <div class='ocr_carea' id='block_1_26' title="bbox 214 2554 1805 2635">
    <p class='ocr_par' dir='ltr' id='par_1_26' title="bbox 214 2554 1805 2635">
     <span class='ocr_line' id='line_1_26' title="bbox 214 2554 1805 2635; baseline 0.021 -32"><span class='ocrx_word' id='word_1_197' title='bbox 214 2554 476 2611; x_wconf 88' lang='lat' dir='ltr'><strong>clariores</strong></span> <span class='ocrx_word' id='word_1_198' title='bbox 504 2569 557 2611; x_wconf 91' lang='lat' dir='ltr'><strong>et</strong></span> <span class='ocrx_word' id='word_1_199' title='bbox 610 2562 924 2619; x_wconf 89' lang='lat' dir='ltr'><strong>illustriores</strong></span> <span class='ocrx_word' id='word_1_200' title='bbox 979 2570 1185 2631; x_wconf 84' lang='lat' dir='ltr'><strong>simus,</strong></span> <span class='ocrx_word' id='word_1_201' title='bbox 1244 2574 1368 2629; x_wconf 85' lang='lat' dir='ltr'><strong>licet</strong></span> <span class='ocrx_word' id='word_1_202' title='bbox 1429 2580 1676 2634; x_wconf 90' lang='lat' dir='ltr'><strong>omnibus</strong></span> <span class='ocrx_word' id='word_1_203' title='bbox 1704 2582 1805 2635; x_wconf 89' lang='lat' dir='ltr'><strong>in-&#39;</strong></span> 
     </span>
    </p>
   </div>
   <div class='ocr_carea' id='block_1_27' title="bbox 212 2641 1800 2737">
    <p class='ocr_par' dir='ltr' id='par_1_27' title="bbox 212 2641 1800 2737">
     <span class='ocr_line' id='line_1_27' title="bbox 212 2641 1800 2737; baseline 0.021 -42"><span class='ocrx_word' id='word_1_204' title='bbox 212 2641 442 2701; x_wconf 88' lang='lat' dir='ltr'><strong>feriores</strong></span> <span class='ocrx_word' id='word_1_205' title='bbox 473 2652 576 2704; x_wconf 91' lang='lat' dir='ltr'><strong>sint</strong></span> <span class='ocrx_word' id='word_1_206' title='bbox 622 2655 711 2722; x_wconf 89' lang='lat' dir='ltr'><strong>qui</strong></span> <span class='ocrx_word' id='word_1_207' title='bbox 764 2657 903 2725; x_wconf 91' lang='lat' dir='ltr'><strong>apud</strong></span> <span class='ocrx_word' id='word_1_208' title='bbox 952 2675 1050 2715; x_wconf 90' lang='lat' dir='ltr'><strong>nos</strong></span> <span class='ocrx_word' id='word_1_209' title='bbox 1088 2662 1403 2721; x_wconf 88' lang='lat' dir='ltr'><strong>diversaturi</strong></span> <span class='ocrx_word' id='word_1_210' title='bbox 1440 2684 1583 2737; x_wconf 89' lang='lat' dir='ltr'><strong>sunt,</strong></span> <span class='ocrx_word' id='word_1_211' title='bbox 1619 2690 1684 2728; x_wconf 88' lang='lat' dir='ltr'><strong>ne</strong></span> <span class='ocrx_word' id='word_1_212' title='bbox 1717 2676 1800 2729; x_wconf 92' lang='lat' dir='ltr'><strong>id-</strong></span> 
     </span>
    </p>
   </div>
   <div class='ocr_carea' id='block_1_28' title="bbox 206 2735 1799 2827">
    <p class='ocr_par' dir='ltr' id='par_1_28' title="bbox 206 2735 1799 2827">
     <span class='ocr_line' id='line_1_28' title="bbox 206 2735 1799 2827; baseline 0.022 -41"><span class='ocrx_word' id='word_1_213' title='bbox 206 2735 354 2791; x_wconf 87' lang='lat' dir='ltr'><strong>circo</strong></span> <span class='ocrx_word' id='word_1_214' title='bbox 384 2738 489 2793; x_wconf 91' lang='lat' dir='ltr'><strong>illis</strong></span> <span class='ocrx_word' id='word_1_215' title='bbox 542 2742 801 2801; x_wconf 87' lang='lat' dir='ltr'><strong>inservire</strong></span> <span class='ocrx_word' id='word_1_216' title='bbox 842 2764 1150 2806; x_wconf 89' lang='lat' dir='ltr'><strong>recusemus</strong></span> <span class='ocrx_word' id='word_1_217' title='bbox 1174 2796 1189 2819; x_wconf 96' lang='lat'><strong>,</strong></span> <span class='ocrx_word' id='word_1_218' title='bbox 1256 2773 1429 2827; x_wconf 91' lang='lat' dir='ltr'><strong>neque</strong></span> <span class='ocrx_word' id='word_1_219' title='bbox 1461 2762 1673 2817; x_wconf 89' lang='lat' dir='ltr'><strong>vilitatis</strong></span> <span class='ocrx_word' id='word_1_220' title='bbox 1700 2776 1799 2823; x_wconf 88' lang='lat' dir='ltr'><strong>nos</strong></span> 
     </span>
    </p>
   </div>
   <div class='ocr_carea' id='block_1_29' title="bbox 205 2828 1795 2913">
    <p class='ocr_par' dir='ltr' id='par_1_29' title="bbox 205 2828 1795 2913">
     <span class='ocr_line' id='line_1_29' title="bbox 205 2828 1795 2913; baseline 0.021 -35"><span class='ocrx_word' id='word_1_221' title='bbox 205 2828 428 2895; x_wconf 86' lang='lat' dir='ltr'><strong>pudeat.</strong></span> <span class='ocrx_word' id='word_1_222' title='bbox 456 2836 523 2885; x_wconf 84' lang='lat' dir='ltr'><strong>At</strong></span> <span class='ocrx_word' id='word_1_223' title='bbox 552 2844 630 2901; x_wconf 92' lang='lat' dir='ltr'><strong>tu,</strong></span> <span class='ocrx_word' id='word_1_224' title='bbox 662 2839 875 2905; x_wconf 88' lang='lat' dir='ltr'><strong>mulier,</strong></span> <span class='ocrx_word' id='word_1_225' title='bbox 920 2830 963 2895; x_wconf 91' lang='lat' dir='ltr'><strong>si</strong></span> <span class='ocrx_word' id='word_1_226' title='bbox 991 2848 1293 2913; x_wconf 86' lang='lat' dir='ltr'><strong>quempiam</strong></span> <span class='ocrx_word' id='word_1_227' title='bbox 1319 2851 1517 2906; x_wconf 83' lang='lat' dir='ltr'><strong>videris</strong></span> <span class='ocrx_word' id='word_1_228' title='bbox 1546 2855 1595 2907; x_wconf 92' lang='lat' dir='ltr'><strong>in</strong></span> <span class='ocrx_word' id='word_1_229' title='bbox 1628 2870 1795 2911; x_wconf 72' lang='lat' dir='ltr'><strong>saecu—</strong></span> 
     </span>
    </p>
   </div>
   <div class='ocr_carea' id='block_1_30' title="bbox 202 2920 1796 3011">
    <p class='ocr_par' dir='ltr' id='par_1_30' title="bbox 202 2920 1796 3011">
     <span class='ocr_line' id='line_1_30' title="bbox 202 2920 1796 3011; baseline 0.02 -38"><span class='ocrx_word' id='word_1_230' title='bbox 202 2920 407 2978; x_wconf 83' lang='lat' dir='ltr'><strong>laribus</strong></span> <span class='ocrx_word' id='word_1_231' title='bbox 439 2926 529 2980; x_wconf 83' lang='lat' dir='ltr'><strong>tibi</strong></span> <span class='ocrx_word' id='word_1_232' title='bbox 560 2932 783 2999; x_wconf 79' lang='lat' dir='ltr'><strong>negotiis</strong></span> <span class='ocrx_word' id='word_1_233' title='bbox 807 2949 961 3003; x_wconf 87' lang='lat' dir='ltr'><strong>opem</strong></span> <span class='ocrx_word' id='word_1_234' title='bbox 983 2936 1143 3005; x_wconf 78' lang='lat' dir='ltr'><strong>ferre,</strong></span> <span class='ocrx_word' id='word_1_235' title='bbox 1169 2941 1247 2994; x_wconf 85' lang='lat' dir='ltr'><strong>vel</strong></span> <span class='ocrx_word' id='word_1_236' title='bbox 1278 2943 1329 2996; x_wconf 91' lang='lat' dir='ltr'><strong>in</strong></span> <span class='ocrx_word' id='word_1_237' title='bbox 1352 2943 1552 3011; x_wconf 90' lang='lat' dir='ltr'><strong>judicio</strong></span> <span class='ocrx_word' id='word_1_238' title='bbox 1577 2964 1796 3004; x_wconf 88' lang='lat' dir='ltr'><strong>succur-</strong></span> 
     </span>
    </p>
   </div>
   <div class='ocr_carea' id='block_1_31' title="bbox 198 3017 1791 3103">
    <p class='ocr_par' dir='ltr' id='par_1_31' title="bbox 198 3017 1791 3103">
     <span class='ocr_line' id='line_1_31' title="bbox 198 3017 1791 3103; baseline 0.02 -38"><span class='ocrx_word' id='word_1_239' title='bbox 198 3027 341 3079; x_wconf 82' lang='lat' dir='ltr'><strong>rere,</strong></span> <span class='ocrx_word' id='word_1_240' title='bbox 374 3017 458 3072; x_wconf 86' lang='lat' dir='ltr'><strong>vel</strong></span> <span class='ocrx_word' id='word_1_241' title='bbox 504 3019 554 3071; x_wconf 93' lang='lat' dir='ltr'><strong>in</strong></span> <span class='ocrx_word' id='word_1_242' title='bbox 599 3022 702 3075; x_wconf 84' lang='lat' dir='ltr'><strong>alia</strong></span> <span class='ocrx_word' id='word_1_243' title='bbox 738 3027 984 3094; x_wconf 90' lang='lat' dir='ltr'><strong>quapiam</strong></span> <span class='ocrx_word' id='word_1_244' title='bbox 1039 3045 1096 3084; x_wconf 93' lang='lat' dir='ltr'><strong>re</strong></span> <span class='ocrx_word' id='word_1_245' title='bbox 1140 3033 1322 3099; x_wconf 83' lang='lat' dir='ltr'><strong>simili,</strong></span> <span class='ocrx_word' id='word_1_246' title='bbox 1369 3045 1424 3089; x_wconf 90' lang='lat' dir='ltr'><strong>et</strong></span> <span class='ocrx_word' id='word_1_247' title='bbox 1447 3040 1702 3103; x_wconf 86' lang='lat' dir='ltr'><strong>occurris,</strong></span> <span class='ocrx_word' id='word_1_248' title='bbox 1737 3053 1791 3097; x_wconf 89' lang='lat' dir='ltr'><strong>et</strong></span> 
     </span>
    </p>
   </div>
   <div class='ocr_carea' id='block_1_32' title="bbox 196 3108 1784 3201">
    <p class='ocr_par' dir='ltr' id='par_1_32' title="bbox 196 3108 1784 3201">
     <span class='ocr_line' id='line_1_32' title="bbox 196 3108 1784 3201; baseline 0.02 -44"><span class='ocrx_word' id='word_1_249' title='bbox 196 3108 363 3160; x_wconf 87' lang='lat' dir='ltr'><strong>multa</strong></span> <span class='ocrx_word' id='word_1_250' title='bbox 397 3124 520 3163; x_wconf 90' lang='lat' dir='ltr'><strong>cum</strong></span> <span class='ocrx_word' id='word_1_251' title='bbox 543 3112 911 3172; x_wconf 87' lang='lat' dir='ltr'><strong>benevolentia</strong></span> <span class='ocrx_word' id='word_1_252' title='bbox 942 3124 1188 3192; x_wconf 88' lang='lat' dir='ltr'><strong>suscipis,</strong></span> <span class='ocrx_word' id='word_1_253' title='bbox 1223 3142 1410 3182; x_wconf 85' lang='lat' dir='ltr'><strong>manus</strong></span> <span class='ocrx_word' id='word_1_254' title='bbox 1437 3128 1784 3201; x_wconf 90' lang='lat' dir='ltr'><strong>deoscularis,</strong></span> 
     </span>
    </p>
   </div>
   <div class='ocr_carea' id='block_1_33' title="bbox 195 3200 1787 3280">
    <p class='ocr_par' dir='ltr' id='par_1_33' title="bbox 195 3200 1787 3280">
     <span class='ocr_line' id='line_1_33' title="bbox 195 3200 1787 3280; baseline 0.021 -32"><span class='ocrx_word' id='word_1_255' title='bbox 195 3200 455 3266; x_wconf 85' lang='lat' dir='ltr'><strong>pecunias</strong></span> <span class='ocrx_word' id='word_1_256' title='bbox 504 3219 714 3275; x_wconf 81' lang='lat' dir='ltr'><strong>erogas,</strong></span> <span class='ocrx_word' id='word_1_257' title='bbox 745 3220 799 3264; x_wconf 91' lang='lat' dir='ltr'><strong>et</strong></span> <span class='ocrx_word' id='word_1_258' title='bbox 838 3214 1149 3269; x_wconf 84' lang='lat' dir='ltr'><strong>ancillarum</strong></span> <span class='ocrx_word' id='word_1_259' title='bbox 1194 3234 1412 3274; x_wconf 90' lang='lat' dir='ltr'><strong>munera</strong></span> <span class='ocrx_word' id='word_1_260' title='bbox 1445 3222 1562 3277; x_wconf 89' lang='lat' dir='ltr'><strong>obis</strong></span> <span class='ocrx_word' id='word_1_261' title='bbox 1590 3241 1605 3279; x_wconf 90' lang='lat'><strong>:</strong></span> <span class='ocrx_word' id='word_1_262' title='bbox 1633 3224 1787 3280; x_wconf 90' lang='lat' dir='ltr'><strong>Chri-</strong></span> 
     </span>
    </p>
   </div>
   <div class='ocr_carea' id='block_1_34' title="bbox 192 3297 1784 3382">
    <p class='ocr_par' dir='ltr' id='par_1_34' title="bbox 192 3297 1784 3382">
     <span class='ocr_line' id='line_1_34' title="bbox 192 3297 1784 3382; baseline 0.02 -41"><span class='ocrx_word' id='word_1_263' title='bbox 192 3298 336 3344; x_wconf 88' lang='lat' dir='ltr'><strong>stum</strong></span> <span class='ocrx_word' id='word_1_264' title='bbox 364 3301 544 3348; x_wconf 88' lang='lat' dir='ltr'><strong>autem</strong></span> <span class='ocrx_word' id='word_1_265' title='bbox 574 3297 928 3358; x_wconf 89' lang='lat' dir='ltr'><strong>introeuntem</strong></span> <span class='ocrx_word' id='word_1_266' title='bbox 969 3307 1011 3360; x_wconf 90' lang='lat' dir='ltr'><strong>si</strong></span> <span class='ocrx_word' id='word_1_267' title='bbox 1036 3308 1235 3367; x_wconf 85' lang='lat' dir='ltr'><strong>videas.</strong></span> <span class='ocrx_word' id='word_1_268' title='bbox 1268 3312 1559 3382; x_wconf 87' lang='lat' dir='ltr'><strong>pigritaris,</strong></span> <span class='ocrx_word' id='word_1_269' title='bbox 1589 3326 1643 3370; x_wconf 89' lang='lat' dir='ltr'><strong>et</strong></span> <span class='ocrx_word' id='word_1_270' title='bbox 1669 3319 1784 3372; x_wconf 85' lang='lat' dir='ltr'><strong>cul-</strong></span> 
     </span>
    </p>
   </div>
   <div class='ocr_carea' id='block_1_35' title="bbox 191 3390 1778 3465">
    <p class='ocr_par' dir='ltr' id='par_1_35' title="bbox 191 3390 1778 3465">
     <span class='ocr_line' id='line_1_35' title="bbox 191 3390 1778 3465; baseline 0.02 -32"><span class='ocrx_word' id='word_1_271' title='bbox 191 3392 301 3436; x_wconf 88' lang='lat' dir='ltr'><strong>tum</strong></span> <span class='ocrx_word' id='word_1_272' title='bbox 335 3402 397 3439; x_wconf 91' lang='lat' dir='ltr'><strong>ac</strong></span> <span class='ocrx_word' id='word_1_273' title='bbox 438 3390 787 3447; x_wconf 88' lang='lat' dir='ltr'><strong>ministerium</strong></span> <span class='ocrx_word' id='word_1_274' title='bbox 833 3397 907 3451; x_wconf 90' lang='lat' dir='ltr'><strong>illi</strong></span> <span class='ocrx_word' id='word_1_275' title='bbox 935 3400 1190 3456; x_wconf 86' lang='lat' dir='ltr'><strong>exhibere</strong></span> <span class='ocrx_word' id='word_1_276' title='bbox 1222 3402 1487 3460; x_wconf 89' lang='lat' dir='ltr'><strong>detrectas</strong></span> <span class='ocrx_word' id='word_1_277' title='bbox 1513 3408 1534 3460; x_wconf 89' lang='lat'><strong>?</strong></span> <span class='ocrx_word' id='word_1_278' title='bbox 1564 3408 1617 3463; x_wconf 93' lang='lat' dir='ltr'><strong>Si</strong></span> <span class='ocrx_word' id='word_1_279' title='bbox 1672 3426 1778 3465; x_wconf 91' lang='lat' dir='ltr'><strong>non</strong></span> 
     </span>
    </p>
   </div>
   <div class='ocr_carea' id='block_1_36' title="bbox 187 3476 1776 3569">
    <p class='ocr_par' dir='ltr' id='par_1_36' title="bbox 187 3476 1776 3569">
     <span class='ocr_line' id='line_1_36' title="bbox 187 3476 1776 3569; baseline 0.019 -42"><span class='ocrx_word' id='word_1_280' title='bbox 187 3484 244 3528; x_wconf 93' lang='lat' dir='ltr'><strong>ut</strong></span> <span class='ocrx_word' id='word_1_281' title='bbox 270 3476 542 3533; x_wconf 69' lang='lat' dir='ltr'><strong>Christum</strong></span> <span class='ocrx_word' id='word_1_282' title='bbox 592 3486 818 3555; x_wconf 89' lang='lat' dir='ltr'><strong>suscipis</strong></span> <span class='ocrx_word' id='word_1_283' title='bbox 859 3492 1217 3559; x_wconf 81' lang='lat' dir='ltr'><strong>peregrinum,</strong></span> <span class='ocrx_word' id='word_1_284' title='bbox 1259 3511 1326 3550; x_wconf 89' lang='lat' dir='ltr'><strong>ne</strong></span> <span class='ocrx_word' id='word_1_285' title='bbox 1367 3500 1625 3569; x_wconf 86' lang='lat' dir='ltr'><strong>suscipias</strong></span> <span class='ocrx_word' id='word_1_286' title='bbox 1654 3518 1668 3554; x_wconf 89' lang='lat'><strong>:</strong></span> <span class='ocrx_word' id='word_1_287' title='bbox 1693 3504 1776 3557; x_wconf 91' lang='lat' dir='ltr'><strong>sin</strong></span> 
     </span>
    </p>
   </div>
   <div class='ocr_carea' id='block_1_37' title="bbox 183 3571 1771 3663">
    <p class='ocr_par' dir='ltr' id='par_1_37' title="bbox 183 3571 1771 3663">
     <span class='ocr_line' id='line_1_37' title="bbox 183 3571 1771 3663; baseline 0.024 -46"><span class='ocrx_word' id='word_1_288' title='bbox 183 3577 365 3621; x_wconf 88' lang='lat' dir='ltr'><strong>autem</strong></span> <span class='ocrx_word' id='word_1_289' title='bbox 400 3579 455 3624; x_wconf 91' lang='lat' dir='ltr'><strong>ut</strong></span> <span class='ocrx_word' id='word_1_290' title='bbox 485 3571 754 3630; x_wconf 73' lang='lat' dir='ltr'><strong>Christum</strong></span> <span class='ocrx_word' id='word_1_291' title='bbox 773 3581 1017 3650; x_wconf 89' lang='lat' dir='ltr'><strong>suscipis,</strong></span> <span class='ocrx_word' id='word_1_292' title='bbox 1053 3584 1228 3641; x_wconf 89' lang='lat' dir='ltr'><strong>lavare</strong></span> <span class='ocrx_word' id='word_1_293' title='bbox 1253 3587 1451 3645; x_wconf 88' lang='lat' dir='ltr'><strong>Christi</strong></span> <span class='ocrx_word' id='word_1_294' title='bbox 1479 3593 1637 3663; x_wconf 90' lang='lat' dir='ltr'><strong>pedes</strong></span> <span class='ocrx_word' id='word_1_295' title='bbox 1666 3615 1771 3656; x_wconf 91' lang='lat' dir='ltr'><strong>non</strong></span> 
     </span>
    </p>
   </div>
   <div class='ocr_carea' id='block_1_38' title="bbox 181 3661 1772 3760">
    <p class='ocr_par' dir='ltr' id='par_1_38' title="bbox 181 3661 1772 3760">
     <span class='ocr_line' id='line_1_38' title="bbox 181 3661 1772 3760; baseline 0.025 -50"><span class='ocrx_word' id='word_1_296' title='bbox 181 3661 491 3717; x_wconf 86' lang='lat' dir='ltr'><strong>erubescas.</strong></span> <span class='ocrx_word' id='word_1_297' title='bbox 528 3666 717 3724; x_wconf 89' lang='lat' dir='ltr'><strong>Nonne</strong></span> <span class='ocrx_word' id='word_1_298' title='bbox 756 3672 924 3738; x_wconf 88' lang='lat' dir='ltr'><strong>vides,</strong></span> <span class='ocrx_word' id='word_1_299' title='bbox 975 3691 1133 3745; x_wconf 90' lang='lat' dir='ltr'><strong>quam</strong></span> <span class='ocrx_word' id='word_1_300' title='bbox 1160 3682 1311 3737; x_wconf 92' lang='lat' dir='ltr'><strong>multi</strong></span> <span class='ocrx_word' id='word_1_301' title='bbox 1337 3699 1543 3756; x_wconf 84' lang='lat' dir='ltr'><strong>eorum,</strong></span> <span class='ocrx_word' id='word_1_302' title='bbox 1576 3693 1663 3760; x_wconf 91' lang='lat' dir='ltr'><strong>qui</strong></span> <span class='ocrx_word' id='word_1_303' title='bbox 1686 3694 1772 3748; x_wconf 89' lang='lat' dir='ltr'><strong>in-</strong></span> 
     </span>
    </p>
   </div>
   <div class='ocr_carea' id='block_1_39' title="bbox 175 3748 1770 3851">
    <p class='ocr_par' dir='ltr' id='par_1_39' title="bbox 175 3748 1770 3851">
     <span class='ocr_line' id='line_1_39' title="bbox 175 3748 1770 3851; baseline 0.026 -53"><span class='ocrx_word' id='word_1_304' title='bbox 175 3748 333 3815; x_wconf 87' lang='lat' dir='ltr'><strong>juriis</strong></span> <span class='ocrx_word' id='word_1_305' title='bbox 368 3751 695 3823; x_wconf 78' lang='lat' dir='ltr'><strong>afficiuntur,</strong></span> <span class='ocrx_word' id='word_1_306' title='bbox 745 3762 812 3816; x_wconf 90' lang='lat' dir='ltr'><strong>ad</strong></span> <span class='ocrx_word' id='word_1_307' title='bbox 862 3775 1156 3825; x_wconf 87' lang='lat' dir='ltr'><strong>statuarum</strong></span> <span class='ocrx_word' id='word_1_308' title='bbox 1204 3773 1365 3841; x_wconf 89' lang='lat' dir='ltr'><strong>pedes</strong></span> <span class='ocrx_word' id='word_1_309' title='bbox 1418 3748 1770 3851; x_wconf 74' lang='lat' dir='ltr'><strong>confugiant?</strong></span> 
     </span>
    </p>
   </div>
   <div class='ocr_carea' id='block_1_40' title="bbox 178 3840 1858 3932">
    <p class='ocr_par' dir='ltr' id='par_1_40' title="bbox 178 3840 1858 3932">
     <span class='ocr_line' id='line_1_40' title="bbox 178 3840 1858 3932; baseline 0.026 -39"><span class='ocrx_word' id='word_1_310' title='bbox 178 3840 415 3898; x_wconf 82' lang='lat' dir='ltr'><strong>Tametsi</strong></span> <span class='ocrx_word' id='word_1_311' title='bbox 445 3852 664 3904; x_wconf 86' lang='lat' dir='ltr'><strong>materia</strong></span> <span class='ocrx_word' id='word_1_312' title='bbox 682 3863 765 3907; x_wconf 91' lang='lat' dir='ltr'><strong>est</strong></span> <span class='ocrx_word' id='word_1_313' title='bbox 792 3870 953 3913; x_wconf 89' lang='lat' dir='ltr'><strong>sensu</strong></span> <span class='ocrx_word' id='word_1_314' title='bbox 980 3860 1253 3929; x_wconf 90' lang='lat' dir='ltr'><strong>destituta,</strong></span> <span class='ocrx_word' id='word_1_315' title='bbox 1283 3876 1335 3923; x_wconf 92' lang='lat' dir='ltr'><strong>et</strong></span> <span class='ocrx_word' id='word_1_316' title='bbox 1356 3885 1431 3925; x_wconf 73' lang='lat' dir='ltr'><strong>aes</strong></span> <span class='ocrx_word' id='word_1_317' title='bbox 1457 3873 1649 3929; x_wconf 74' lang='lat' dir='ltr'><strong>anima:</strong></span> <span class='ocrx_word' id='word_1_318' title='bbox 1673 3892 1767 3932; x_wconf 91' lang='lat' dir='ltr'><strong>ex-</strong></span> <span class='ocrx_word' id='word_1_319' title='bbox 1849 3908 1858 3917; x_wconf 98' lang='lat'><strong><em>-</em></strong></span> 
     </span>
    </p>
   </div>
   <div class='ocr_carea' id='block_1_41' title="bbox 175 3941 1761 4038">
    <p class='ocr_par' dir='ltr' id='par_1_41' title="bbox 175 3941 1761 4038">
     <span class='ocr_line' id='line_1_41' title="bbox 175 3941 1761 4038; baseline 0.024 -51"><span class='ocrx_word' id='word_1_320' title='bbox 175 3949 300 4001; x_wconf 91' lang='lat' dir='ltr'><strong>pers</strong></span> <span class='ocrx_word' id='word_1_321' title='bbox 329 3954 341 3990; x_wconf 90' lang='lat'><strong>:</strong></span> <span class='ocrx_word' id='word_1_322' title='bbox 370 3941 464 3994; x_wconf 90' lang='lat' dir='ltr'><strong>sed</strong></span> <span class='ocrx_word' id='word_1_323' title='bbox 494 3946 745 4011; x_wconf 91' lang='lat' dir='ltr'><strong>quoniam</strong></span> <span class='ocrx_word' id='word_1_324' title='bbox 769 3949 1151 4019; x_wconf 87' lang='lat' dir='ltr'><strong>lmperatorum</strong></span> <span class='ocrx_word' id='word_1_325' title='bbox 1198 3970 1322 4015; x_wconf 90' lang='lat' dir='ltr'><strong>sunt</strong></span> <span class='ocrx_word' id='word_1_326' title='bbox 1350 3962 1455 4018; x_wconf 74' lang='lat' dir='ltr'><strong>illae</strong></span> <span class='ocrx_word' id='word_1_327' title='bbox 1482 3965 1761 4038; x_wconf 78' lang='lat' dir='ltr'><strong>imagines,</strong></span> 
     </span>
    </p>
   </div>
   <div class='ocr_carea' id='block_1_42' title="bbox 168 4026 1759 4121">
    <p class='ocr_par' dir='ltr' id='par_1_42' title="bbox 168 4026 1759 4121">
     <span class='ocr_line' id='line_1_42' title="bbox 168 4026 1759 4121; baseline 0.025 -45"><span class='ocrx_word' id='word_1_328' title='bbox 168 4026 405 4096; x_wconf 87' lang='lat' dir='ltr'><strong>aliquam</strong></span> <span class='ocrx_word' id='word_1_329' title='bbox 460 4046 517 4084; x_wconf 89' lang='lat' dir='ltr'><strong>se</strong></span> <span class='ocrx_word' id='word_1_330' title='bbox 544 4048 575 4087; x_wconf 89' lang='lat' dir='ltr'><strong>a</strong></span> <span class='ocrx_word' id='word_1_331' title='bbox 616 4036 835 4103; x_wconf 88' lang='lat' dir='ltr'><strong>pedibus</strong></span> <span class='ocrx_word' id='word_1_332' title='bbox 864 4042 969 4097; x_wconf 93' lang='lat' dir='ltr'><strong>illis</strong></span> <span class='ocrx_word' id='word_1_333' title='bbox 992 4060 1146 4114; x_wconf 92' lang='lat' dir='ltr'><strong>opem</strong></span> <span class='ocrx_word' id='word_1_334' title='bbox 1190 4049 1564 4121; x_wconf 91' lang='lat' dir='ltr'><strong>impetraturos</strong></span> <span class='ocrx_word' id='word_1_335' title='bbox 1590 4026 1759 4114; x_wconf 64' lang='lat' dir='ltr'><strong>confi-</strong></span> 
     </span>
    </p>
   </div>
   <div class='ocr_carea' id='block_1_43' title="bbox 166 4118 1759 4223">
    <p class='ocr_par' dir='ltr' id='par_1_43' title="bbox 166 4118 1759 4223">
     <span class='ocr_line' id='line_1_43' title="bbox 166 4118 1759 4223; baseline 0.024 -54"><span class='ocrx_word' id='word_1_336' title='bbox 166 4118 324 4172; x_wconf 88' lang='lat' dir='ltr'><strong>dunt.</strong></span> <span class='ocrx_word' id='word_1_337' title='bbox 380 4123 449 4174; x_wconf 74' lang='lat' dir='ltr'><strong>At</strong></span> <span class='ocrx_word' id='word_1_338' title='bbox 496 4135 547 4178; x_wconf 91' lang='lat' dir='ltr'><strong>tu</strong></span> <span class='ocrx_word' id='word_1_339' title='bbox 577 4144 694 4195; x_wconf 83' lang='lat' dir='ltr'><strong>quae</strong></span> <span class='ocrx_word' id='word_1_340' title='bbox 734 4147 838 4186; x_wconf 91' lang='lat' dir='ltr'><strong>non</strong></span> <span class='ocrx_word' id='word_1_341' title='bbox 866 4150 1023 4191; x_wconf 88' lang='lat' dir='ltr'><strong>sensu</strong></span> <span class='ocrx_word' id='word_1_342' title='bbox 1064 4154 1306 4197; x_wconf 88' lang='lat' dir='ltr'><strong>carentes</strong></span> <span class='ocrx_word' id='word_1_343' title='bbox 1354 4148 1535 4215; x_wconf 87' lang='lat' dir='ltr'><strong>pedes,</strong></span> <span class='ocrx_word' id='word_1_344' title='bbox 1588 4168 1759 4223; x_wconf 89' lang='lat' dir='ltr'><strong>neque</strong></span> 
     </span>
    </p>
   </div>
   <div class='ocr_carea' id='block_1_44' title="bbox 165 4212 1757 4312">
    <p class='ocr_par' dir='ltr' id='par_1_44' title="bbox 165 4212 1757 4312">
     <span class='ocr_line' id='line_1_44' title="bbox 165 4212 1757 4312; baseline 0.026 -53"><span class='ocrx_word' id='word_1_345' title='bbox 165 4212 447 4267; x_wconf 86' lang='lat' dir='ltr'><strong>materiam</strong></span> <span class='ocrx_word' id='word_1_346' title='bbox 473 4231 742 4285; x_wconf 87' lang='lat' dir='ltr'><strong>expertem</strong></span> <span class='ocrx_word' id='word_1_347' title='bbox 760 4227 968 4290; x_wconf 72' lang='lat' dir='ltr'><strong>animm,</strong></span> <span class='ocrx_word' id='word_1_348' title='bbox 986 4232 1076 4282; x_wconf 89' lang='lat' dir='ltr'><strong>sed</strong></span> <span class='ocrx_word' id='word_1_349' title='bbox 1093 4232 1373 4302; x_wconf 82' lang='lat' dir='ltr'><strong>imaginem</strong></span> <span class='ocrx_word' id='word_1_350' title='bbox 1391 4239 1529 4294; x_wconf 90' lang='lat' dir='ltr'><strong>intus</strong></span> <span class='ocrx_word' id='word_1_351' title='bbox 1544 4245 1681 4312; x_wconf 89' lang='lat' dir='ltr'><strong>apud</strong></span> <span class='ocrx_word' id='word_1_352' title='bbox 1698 4261 1757 4300; x_wconf 86' lang='lat' dir='ltr'><strong>se</strong></span> 
     </span>
    </p>
   </div>
   <div class='ocr_carea' id='block_1_45' title="bbox 166 4302 1751 4394">
    <p class='ocr_par' dir='ltr' id='par_1_45' title="bbox 166 4302 1751 4394">
     <span class='ocr_line' id='line_1_45' title="bbox 166 4302 1751 4394; baseline 0.023 -41"><span class='ocrx_word' id='word_1_353' title='bbox 166 4302 367 4372; x_wconf 72' lang='lat' dir='ltr'><strong>Regem</strong></span> <span class='ocrx_word' id='word_1_354' title='bbox 396 4319 690 4374; x_wconf 79' lang='lat' dir='ltr'><strong>gestantem</strong></span> <span class='ocrx_word' id='word_1_355' title='bbox 740 4315 958 4372; x_wconf 89' lang='lat' dir='ltr'><strong>domum</strong></span> <span class='ocrx_word' id='word_1_356' title='bbox 988 4330 1126 4375; x_wconf 92' lang='lat' dir='ltr'><strong>tuam</strong></span> <span class='ocrx_word' id='word_1_357' title='bbox 1154 4326 1352 4394; x_wconf 75' lang='lat' dir='ltr'><strong>ingredi</strong></span> <span class='ocrx_word' id='word_1_358' title='bbox 1416 4331 1614 4393; x_wconf 85' lang='lat' dir='ltr'><strong>videas.</strong></span> <span class='ocrx_word' id='word_1_359' title='bbox 1648 4353 1751 4391; x_wconf 89' lang='lat' dir='ltr'><strong>non</strong></span> 
     </span>
    </p>
   </div>
   <div class='ocr_carea' id='block_1_46' title="bbox 158 4398 1748 4492">
    <p class='ocr_par' dir='ltr' id='par_1_46' title="bbox 158 4398 1748 4492">
     <span class='ocr_line' id='line_1_46' title="bbox 158 4398 1748 4492; baseline 0.023 -46"><span class='ocrx_word' id='word_1_360' title='bbox 158 4398 421 4462; x_wconf 87' lang='lat' dir='ltr'><strong>accurris,</strong></span> <span class='ocrx_word' id='word_1_361' title='bbox 455 4416 656 4469; x_wconf 49' lang='lat' dir='ltr'><strong>quaeso,</strong></span> <span class='ocrx_word' id='word_1_362' title='bbox 702 4423 799 4459; x_wconf 86' lang='lat' dir='ltr'><strong>nec</strong></span> <span class='ocrx_word' id='word_1_363' title='bbox 826 4410 987 4475; x_wconf 87' lang='lat' dir='ltr'><strong>pedes</strong></span> <span class='ocrx_word' id='word_1_364' title='bbox 1014 4415 1368 4483; x_wconf 90' lang='lat' dir='ltr'><strong>amplecteris,</strong></span> <span class='ocrx_word' id='word_1_365' title='bbox 1415 4432 1572 4492; x_wconf 88' lang='lat' dir='ltr'><strong>atque</strong></span> <span class='ocrx_word' id='word_1_366' title='bbox 1605 4430 1748 4482; x_wconf 91' lang='lat' dir='ltr'><strong>omni</strong></span> 
     </span>
    </p>
   </div>
   <div class='ocr_carea' id='block_1_47' title="bbox 156 4486 1748 4583">
    <p class='ocr_par' dir='ltr' id='par_1_47' title="bbox 156 4486 1748 4583">
     <span class='ocr_line' id='line_1_47' title="bbox 156 4486 1748 4583; baseline 0.022 -45"><span class='ocrx_word' id='word_1_367' title='bbox 156 4486 369 4542; x_wconf 77' lang='lat' dir='ltr'><strong>ratione</strong></span> <span class='ocrx_word' id='word_1_368' title='bbox 385 4492 518 4544; x_wconf 88' lang='lat' dir='ltr'><strong>colis</strong></span> <span class='ocrx_word' id='word_1_369' title='bbox 543 4493 565 4545; x_wconf 86' lang='lat'><strong>?</strong></span> <span class='ocrx_word' id='word_1_370' title='bbox 593 4498 723 4559; x_wconf 84' lang='lat' dir='ltr'><strong>Quis</strong></span> <span class='ocrx_word' id='word_1_371' title='bbox 755 4503 854 4553; x_wconf 88' lang='lat' dir='ltr'><strong>hoc</strong></span> <span class='ocrx_word' id='word_1_372' title='bbox 886 4501 1085 4556; x_wconf 81' lang='lat' dir='ltr'><strong>facinus</strong></span> <span class='ocrx_word' id='word_1_373' title='bbox 1111 4509 1257 4560; x_wconf 78' lang='lat' dir='ltr'><strong>venia</strong></span> <span class='ocrx_word' id='word_1_374' title='bbox 1279 4510 1748 4583; x_wconf 84' lang='lat' dir='ltr'><strong>diguumjudicel?</strong></span> 
     </span>
    </p>
   </div>
   <div class='ocr_carea' id='block_1_48' title="bbox 152 4580 1743 4670">
    <p class='ocr_par' dir='ltr' id='par_1_48' title="bbox 152 4580 1743 4670">
     <span class='ocr_line' id='line_1_48' title="bbox 152 4580 1743 4670; baseline 0.022 -39"><span class='ocrx_word' id='word_1_375' title='bbox 152 4580 271 4647; x_wconf 64' lang='lat' dir='ltr'><strong>quis</strong></span> <span class='ocrx_word' id='word_1_376' title='bbox 315 4598 420 4654; x_wconf 85' lang='lat' dir='ltr'><strong>non</strong></span> <span class='ocrx_word' id='word_1_377' title='bbox 477 4588 653 4652; x_wconf 84' lang='lat' dir='ltr'><strong>potius</strong></span> <span class='ocrx_word' id='word_1_378' title='bbox 704 4595 845 4645; x_wconf 89' lang='lat' dir='ltr'><strong>omni</strong></span> <span class='ocrx_word' id='word_1_379' title='bbox 900 4596 1235 4662; x_wconf 87' lang='lat' dir='ltr'><strong>plectendum</strong></span> <span class='ocrx_word' id='word_1_380' title='bbox 1280 4602 1583 4670; x_wconf 65' lang='lat' dir='ltr'><strong>ignominiae</strong></span> <span class='ocrx_word' id='word_1_381' title='bbox 1622 4623 1743 4665; x_wconf 87' lang='lat' dir='ltr'><strong>nota</strong></span> 
     </span>
    </p>
   </div>
   <div class='ocr_carea' id='block_1_49' title="bbox 151 4675 1745 4759">
    <p class='ocr_par' dir='ltr' id='par_1_49' title="bbox 151 4675 1745 4759">
     <span class='ocr_line' id='line_1_49' title="bbox 151 4675 1745 4759; baseline 0.023 -38"><span class='ocrx_word' id='word_1_382' title='bbox 151 4675 634 4745; x_wconf 85' lang='lat' dir='ltr'><strong>censeat?Cogita</strong></span> <span class='ocrx_word' id='word_1_383' title='bbox 690 4684 772 4735; x_wconf 87' lang='lat' dir='ltr'><strong>cui</strong></span> <span class='ocrx_word' id='word_1_384' title='bbox 820 4690 1180 4745; x_wconf 89' lang='lat' dir='ltr'><strong>communices</strong></span> <span class='ocrx_word' id='word_1_385' title='bbox 1208 4732 1223 4759; x_wconf 95' lang='lat'><strong>,</strong></span> <span class='ocrx_word' id='word_1_386' title='bbox 1274 4694 1397 4748; x_wconf 92' lang='lat' dir='ltr'><strong>dum</strong></span> <span class='ocrx_word' id='word_1_387' title='bbox 1445 4699 1644 4755; x_wconf 88' lang='lat' dir='ltr'><strong>inﬂaris</strong></span> <span class='ocrx_word' id='word_1_388' title='bbox 1690 4714 1745 4759; x_wconf 84' lang='lat' dir='ltr'><strong>et</strong></span> 
     </span>
    </p>
   </div>
   <div class='ocr_carea' id='block_1_50' title="bbox 149 4768 1741 4857">
    <p class='ocr_par' dir='ltr' id='par_1_50' title="bbox 149 4768 1741 4857">
     <span class='ocr_line' id='line_1_50' title="bbox 149 4768 1741 4857; baseline 0.026 -47"><span class='ocrx_word' id='word_1_389' title='bbox 149 4773 467 4830; x_wconf 72' lang='lat' dir='ltr'><strong>arroganter</strong></span> <span class='ocrx_word' id='word_1_390' title='bbox 492 4768 716 4837; x_wconf 79' lang='lat' dir='ltr'><strong>elferris,</strong></span> <span class='ocrx_word' id='word_1_391' title='bbox 748 4784 909 4843; x_wconf 89' lang='lat' dir='ltr'><strong>atque</strong></span> <span class='ocrx_word' id='word_1_392' title='bbox 939 4778 1196 4838; x_wconf 90' lang='lat' dir='ltr'><strong>inservire</strong></span> <span class='ocrx_word' id='word_1_393' title='bbox 1224 4790 1502 4857; x_wconf 85' lang='lat' dir='ltr'><strong>peregrino</strong></span> <span class='ocrx_word' id='word_1_394' title='bbox 1521 4795 1741 4851; x_wconf 86' lang='lat' dir='ltr'><strong>erubes-</strong></span> 
     </span>
    </p>
   </div>
   <div class='ocr_carea' id='block_1_51' title="bbox 150 4854 1738 4940">
    <p class='ocr_par' dir='ltr' id='par_1_51' title="bbox 150 4854 1738 4940">
     <span class='ocr_line' id='line_1_51' title="bbox 150 4854 1738 4940; baseline 0.023 -36"><span class='ocrx_word' id='word_1_395' title='bbox 150 4854 243 4907; x_wconf 80' lang='lat' dir='ltr'><strong>t-is.</strong></span> <span class='ocrx_word' id='word_1_396' title='bbox 280 4855 432 4911; x_wconf 82' lang='lat' dir='ltr'><strong>Haud</strong></span> <span class='ocrx_word' id='word_1_397' title='bbox 463 4859 683 4916; x_wconf 87' lang='lat' dir='ltr'><strong>dubium</strong></span> <span class='ocrx_word' id='word_1_398' title='bbox 715 4866 841 4933; x_wconf 93' lang='lat' dir='ltr'><strong>quin</strong></span> <span class='ocrx_word' id='word_1_399' title='bbox 870 4868 1083 4926; x_wconf 83' lang='lat' dir='ltr'><strong>diabolo</strong></span> <span class='ocrx_word' id='word_1_400' title='bbox 1112 4892 1125 4927; x_wconf 90' lang='lat'>:</span> <span class='ocrx_word' id='word_1_401' title='bbox 1152 4876 1291 4932; x_wconf 90' lang='lat' dir='ltr'><strong>illius</strong></span> <span class='ocrx_word' id='word_1_402' title='bbox 1331 4854 1472 4935; x_wconf 77' lang='lat' dir='ltr'><strong>enim</strong></span> <span class='ocrx_word' id='word_1_403' title='bbox 1519 4887 1738 4940; x_wconf 89' lang='lat' dir='ltr'><strong>morbus</strong></span> 
     </span>
    </p>
   </div>
   <div class='ocr_carea' id='block_1_52' title="bbox 146 4950 1738 5043">
    <p class='ocr_par' dir='ltr' id='par_1_52' title="bbox 146 4950 1738 5043">
     <span class='ocr_line' id='line_1_52' title="bbox 146 4950 1738 5043; baseline 0.023 -47"><span class='ocrx_word' id='word_1_404' title='bbox 146 4954 225 4998; x_wconf 84' lang='lat' dir='ltr'><strong>est</strong></span> <span class='ocrx_word' id='word_1_405' title='bbox 254 4950 530 5017; x_wconf 85' lang='lat' dir='ltr'><strong>superbia.</strong></span> <span class='ocrx_word' id='word_1_406' title='bbox 589 4953 681 5008; x_wconf 85' lang='lat' dir='ltr'><strong>Sm</strong></span> <span class='ocrx_word' id='word_1_407' title='bbox 723 4969 899 5012; x_wconf 90' lang='lat' dir='ltr'><strong>autem</strong></span> <span class='ocrx_word' id='word_1_408' title='bbox 928 4977 1196 5029; x_wconf 88' lang='lat' dir='ltr'><strong>accurras,</strong></span> <span class='ocrx_word' id='word_1_409' title='bbox 1226 4972 1395 5038; x_wconf 87' lang='lat' dir='ltr'><strong>cogita</strong></span> <span class='ocrx_word' id='word_1_410' title='bbox 1428 4988 1583 5043; x_wconf 88' lang='lat' dir='ltr'><strong>quem</strong></span> <span class='ocrx_word' id='word_1_411' title='bbox 1619 4978 1738 5031; x_wconf 86' lang='lat' dir='ltr'><strong>imi-</strong></span> 
     </span>
    </p>
   </div>
   <div class='ocr_carea' id='block_1_53' title="bbox 140 5040 1734 5137">
    <p class='ocr_par' dir='ltr' id='par_1_53' title="bbox 140 5040 1734 5137">
     <span class='ocr_line' id='line_1_53' title="bbox 140 5040 1734 5137; baseline 0.021 -45"><span class='ocrx_word' id='word_1_412' title='bbox 140 5040 297 5095; x_wconf 83' lang='lat' dir='ltr'><strong>teris.</strong></span> <span class='ocrx_word' id='word_1_413' title='bbox 347 5041 628 5099; x_wconf 88' lang='lat' dir='ltr'><strong>Dominnm</strong></span> <span class='ocrx_word' id='word_1_414' title='bbox 658 5058 828 5116; x_wconf 88' lang='lat' dir='ltr'><strong>tuum,</strong></span> <span class='ocrx_word' id='word_1_415' title='bbox 860 5062 913 5107; x_wconf 91' lang='lat' dir='ltr'><strong>et</strong></span> <span class='ocrx_word' id='word_1_416' title='bbox 953 5071 1086 5124; x_wconf 91' lang='lat' dir='ltr'><strong>opus</strong></span> <span class='ocrx_word' id='word_1_417' title='bbox 1107 5058 1302 5117; x_wconf 89' lang='lat' dir='ltr'><strong>Christi</strong></span> <span class='ocrx_word' id='word_1_418' title='bbox 1343 5040 1573 5133; x_wconf 80' lang='lat' dir='ltr'><strong>perficis.</strong></span> <span class='ocrx_word' id='word_1_419' title='bbox 1606 5070 1734 5137; x_wconf 85' lang='lat' dir='ltr'><strong>Quis</strong></span> 
     </span>
    </p>
   </div>
   <div class='ocr_carea' id='block_1_54' title="bbox 133 5133 1727 5217">
    <p class='ocr_par' dir='ltr' id='par_1_54' title="bbox 133 5133 1727 5217">
     <span class='ocr_line' id='line_1_54' title="bbox 133 5133 1727 5217; baseline 0.024 -38"><span class='ocrx_word' id='word_1_420' title='bbox 133 5145 269 5198; x_wconf 81' lang='lat' dir='ltr'><strong>ergo</strong></span> <span class='ocrx_word' id='word_1_421' title='bbox 296 5133 489 5200; x_wconf 85' lang='lat' dir='ltr'><strong>pudor,</strong></span> <span class='ocrx_word' id='word_1_422' title='bbox 517 5152 636 5205; x_wconf 70' lang='lat' dir='ltr'><strong>quae</strong></span> <span class='ocrx_word' id='word_1_423' title='bbox 663 5141 965 5209; x_wconf 82' lang='lat' dir='ltr'><strong>ignominia.</strong></span> <span class='ocrx_word' id='word_1_424' title='bbox 993 5162 1191 5216; x_wconf 67' lang='lat' dir='ltr'><strong>quaeso.</strong></span> <span class='ocrx_word' id='word_1_425' title='bbox 1217 5153 1329 5208; x_wconf 80' lang='lat' dir='ltr'><strong>fieri</strong></span> <span class='ocrx_word' id='word_1_426' title='bbox 1375 5156 1570 5213; x_wconf 89' lang='lat' dir='ltr'><strong>Christi</strong></span> <span class='ocrx_word' id='word_1_427' title='bbox 1598 5178 1727 5217; x_wconf 85' lang='lat' dir='ltr'><strong>cou-</strong></span> 
     </span>
    </p>
   </div>
   <div class='ocr_carea' id='block_1_55' title="bbox 133 5228 1724 5322">
    <p class='ocr_par' dir='ltr' id='par_1_55' title="bbox 133 5228 1724 5322">
     <span class='ocr_line' id='line_1_55' title="bbox 133 5228 1724 5322; baseline 0.026 -53"><span class='ocrx_word' id='word_1_428' title='bbox 133 5233 336 5280; x_wconf 83' lang='lat' dir='ltr'><strong>sorlem</strong></span> <span class='ocrx_word' id='word_1_429' title='bbox 359 5229 383 5278; x_wconf 90' lang='lat'><strong>?</strong></span> <span class='ocrx_word' id='word_1_430' title='bbox 414 5228 525 5282; x_wconf 92' lang='lat' dir='ltr'><strong>lmo</strong></span> <span class='ocrx_word' id='word_1_431' title='bbox 569 5247 697 5287; x_wconf 85' lang='lat' dir='ltr'><strong>vero</strong></span> <span class='ocrx_word' id='word_1_432' title='bbox 723 5235 891 5303; x_wconf 90' lang='lat' dir='ltr'><strong>pudor</strong></span> <span class='ocrx_word' id='word_1_433' title='bbox 923 5248 1023 5301; x_wconf 90' lang='lat' dir='ltr'><strong>est,</strong></span> <span class='ocrx_word' id='word_1_434' title='bbox 1062 5244 1105 5295; x_wconf 90' lang='lat' dir='ltr'><strong>si</strong></span> <span class='ocrx_word' id='word_1_435' title='bbox 1138 5244 1358 5300; x_wconf 89' lang='lat' dir='ltr'><strong>istorum</strong></span> <span class='ocrx_word' id='word_1_436' title='bbox 1388 5266 1485 5305; x_wconf 89' lang='lat' dir='ltr'><strong>nos</strong></span> <span class='ocrx_word' id='word_1_437' title='bbox 1512 5255 1724 5322; x_wconf 89' lang='lat' dir='ltr'><strong>pudeat,</strong></span> 
     </span>
    </p>
   </div>
   <div class='ocr_carea' id='block_1_56' title="bbox 1491 265 2467 341">
    <p class='ocr_par' dir='ltr' id='par_1_56' title="bbox 1491 265 2467 341">
     <span class='ocr_line' id='line_1_56' title="bbox 1491 265 2467 341; baseline 0.018 -22"><span class='ocrx_word' id='word_1_438' title='bbox 1491 265 1556 321; x_wconf 80' lang='lat' dir='ltr'><strong>lN</strong></span> <span class='ocrx_word' id='word_1_439' title='bbox 1596 268 1819 341; x_wconf 88' lang='lat' dir='ltr'><strong>ILLUD,</strong></span> <span class='ocrx_word' id='word_1_440' title='bbox 1864 274 2069 331; x_wconf 60' lang='lat' dir='ltr'><strong>vmua</strong></span> <span class='ocrx_word' id='word_1_441' title='bbox 2102 277 2467 341; x_wconf 67' lang='lat' dir='ltr'><strong>summa.</strong></span> 
     </span>
    </p>
   </div>
   <div class='ocr_carea' id='block_1_57' title="bbox 3437 290 3541 348">
    <p class='ocr_par' dir='ltr' id='par_1_57' title="bbox 3437 290 3541 348">
     <span class='ocr_line' id='line_1_57' title="bbox 3437 290 3541 348; baseline 0.048 -5"><span class='ocrx_word' id='word_1_442' title='bbox 3437 290 3541 348; x_wconf 59' lang='lat'><strong>551</strong></span> 
     </span>
    </p>
   </div>
   <div class='ocr_carea' id='block_1_58' title="bbox 1959 392 3545 472">
    <p class='ocr_par' dir='ltr' id='par_1_58' title="bbox 1959 392 3545 472">
     <span class='ocr_line' id='line_1_58' title="bbox 1959 392 3545 472; baseline 0.011 -26"><span class='ocrx_word' id='word_1_443' title='bbox 1959 407 2173 462; x_wconf 84' lang='lat' dir='ltr'><strong>quoque</strong></span> <span class='ocrx_word' id='word_1_444' title='bbox 2199 392 2360 462; x_wconf 86' lang='lat' dir='ltr'><strong>pedes</strong></span> <span class='ocrx_word' id='word_1_445' title='bbox 2412 393 2577 449; x_wconf 60' lang='lat' dir='ltr'><strong>Helia:</strong></span> <span class='ocrx_word' id='word_1_446' title='bbox 2615 394 2786 451; x_wconf 68' lang='lat' dir='ltr'><strong>vidua:</strong></span> <span class='ocrx_word' id='word_1_447' title='bbox 2816 397 3032 455; x_wconf 91' lang='lat' dir='ltr'><strong>domum</strong></span> <span class='ocrx_word' id='word_1_448' title='bbox 3071 399 3298 472; x_wconf 84' lang='lat' dir='ltr'><strong>ingressi</strong></span> <span class='ocrx_word' id='word_1_449' title='bbox 3344 420 3545 464; x_wconf 87' lang='lat' dir='ltr'><strong>novum</strong></span> 
     </span>
    </p>
   </div>
   <div class='ocr_carea' id='block_1_59' title="bbox 1955 484 3541 552">
    <p class='ocr_par' dir='ltr' id='par_1_59' title="bbox 1955 484 3541 552">
     <span class='ocr_line' id='line_1_59' title="bbox 1955 484 3541 552; baseline 0.01 -15"><span class='ocrx_word' id='word_1_450' title='bbox 1955 484 2238 552; x_wconf 91' lang='lat' dir='ltr'><strong>quemdam</strong></span> <span class='ocrx_word' id='word_1_451' title='bbox 2265 494 2318 539; x_wconf 90' lang='lat' dir='ltr'><strong>et</strong></span> <span class='ocrx_word' id='word_1_452' title='bbox 2359 486 2725 542; x_wconf 89' lang='lat' dir='ltr'><strong>admirabilem</strong></span> <span class='ocrx_word' id='word_1_453' title='bbox 2767 487 3026 546; x_wconf 86' lang='lat' dir='ltr'><strong>ubertatis</strong></span> <span class='ocrx_word' id='word_1_454' title='bbox 3067 507 3293 549; x_wconf 68' lang='lat' dir='ltr'><strong>annonae</strong></span> <span class='ocrx_word' id='word_1_455' title='bbox 3324 498 3541 552; x_wconf 90' lang='lat' dir='ltr'><strong>modum</strong></span> 
     </span>
    </p>
   </div>
   <div class='ocr_carea' id='block_1_60' title="bbox 1954 574 3544 657">
    <p class='ocr_par' dir='ltr' id='par_1_60' title="bbox 1954 574 3544 657">
     <span class='ocr_line' id='line_1_60' title="bbox 1954 574 3544 657; baseline 0.01 -29"><span class='ocrx_word' id='word_1_456' title='bbox 1954 574 2247 629; x_wconf 90' lang='lat' dir='ltr'><strong>intulerunt</strong></span> <span class='ocrx_word' id='word_1_457' title='bbox 2272 575 2360 646; x_wconf 82' lang='lat'><strong>(5.</strong></span> <span class='ocrx_word' id='word_1_458' title='bbox 2390 575 2515 647; x_wconf 82' lang='lat' dir='ltr'><strong>Reg.</strong></span> <span class='ocrx_word' id='word_1_459' title='bbox 2538 579 2604 633; x_wconf 85' lang='lat' dir='ltr'><strong>l7</strong></span> <span class='ocrx_word' id='word_1_460' title='bbox 2691 580 2875 637; x_wconf 75' lang='lat' dir='ltr'><strong>Vidute</strong></span> <span class='ocrx_word' id='word_1_461' title='bbox 2894 582 3110 637; x_wconf 89' lang='lat' dir='ltr'><strong>domum</strong></span> <span class='ocrx_word' id='word_1_462' title='bbox 3139 585 3190 639; x_wconf 92' lang='lat' dir='ltr'><strong>in</strong></span> <span class='ocrx_word' id='word_1_463' title='bbox 3214 601 3397 657; x_wconf 82' lang='lat' dir='ltr'><strong>agrum</strong></span> <span class='ocrx_word' id='word_1_464' title='bbox 3419 604 3544 644; x_wconf 84' lang='lat' dir='ltr'><strong>con-</strong></span> 
     </span>
    </p>
   </div>
   <div class='ocr_carea' id='block_1_61' title="bbox 1950 666 3536 745">
    <p class='ocr_par' dir='ltr' id='par_1_61' title="bbox 1950 666 3536 745">
     <span class='ocr_line' id='line_1_61' title="bbox 1950 666 3536 745; baseline 0.01 -26"><span class='ocrx_word' id='word_1_465' title='bbox 1950 666 2132 731; x_wconf 85' lang='lat' dir='ltr'><strong>vertit,</strong></span> <span class='ocrx_word' id='word_1_466' title='bbox 2169 676 2225 722; x_wconf 89' lang='lat' dir='ltr'><strong>et</strong></span> <span class='ocrx_word' id='word_1_467' title='bbox 2266 667 2506 737; x_wconf 87' lang='lat' dir='ltr'><strong>hydriam</strong></span> <span class='ocrx_word' id='word_1_468' title='bbox 2553 669 2606 723; x_wconf 92' lang='lat' dir='ltr'><strong>in</strong></span> <span class='ocrx_word' id='word_1_469' title='bbox 2651 686 2852 727; x_wconf 91' lang='lat' dir='ltr'><strong>aream.</strong></span> <span class='ocrx_word' id='word_1_470' title='bbox 2898 673 3105 729; x_wconf 87' lang='lat' dir='ltr'><strong>Novum</strong></span> <span class='ocrx_word' id='word_1_471' title='bbox 3141 678 3406 745; x_wconf 87' lang='lat' dir='ltr'><strong>quoddam</strong></span> <span class='ocrx_word' id='word_1_472' title='bbox 3448 694 3536 734; x_wconf 87' lang='lat' dir='ltr'><strong>se-</strong></span> 
     </span>
    </p>
   </div>
   <div class='ocr_carea' id='block_1_62' title="bbox 1950 758 3536 838">
    <p class='ocr_par' dir='ltr' id='par_1_62' title="bbox 1950 758 3536 838">
     <span class='ocr_line' id='line_1_62' title="bbox 1950 758 3536 838; baseline 0.009 -27"><span class='ocrx_word' id='word_1_473' title='bbox 1950 758 2143 812; x_wconf 86' lang='lat' dir='ltr'><strong>mentis</strong></span> <span class='ocrx_word' id='word_1_474' title='bbox 2194 773 2258 813; x_wconf 88' lang='lat' dir='ltr'><strong>ac</strong></span> <span class='ocrx_word' id='word_1_475' title='bbox 2296 761 2485 814; x_wconf 89' lang='lat' dir='ltr'><strong>messis</strong></span> <span class='ocrx_word' id='word_1_476' title='bbox 2535 776 2700 829; x_wconf 78' lang='lat' dir='ltr'><strong>genus</strong></span> <span class='ocrx_word' id='word_1_477' title='bbox 2733 770 2858 816; x_wconf 91' lang='lat' dir='ltr'><strong>tunc</strong></span> <span class='ocrx_word' id='word_1_478' title='bbox 2893 767 3177 834; x_wconf 89' lang='lat' dir='ltr'><strong>apparuit:</strong></span> <span class='ocrx_word' id='word_1_479' title='bbox 3208 768 3258 821; x_wconf 91' lang='lat' dir='ltr'><strong>in</strong></span> <span class='ocrx_word' id='word_1_480' title='bbox 3308 784 3369 824; x_wconf 92' lang='lat' dir='ltr'><strong>os</strong></span> <span class='ocrx_word' id='word_1_481' title='bbox 3405 769 3536 838; x_wconf 87' lang='lat' dir='ltr'><strong>justi</strong></span> 
     </span>
    </p>
   </div>
   <div class='ocr_carea' id='block_1_63' title="bbox 1947 850 3535 921">
    <p class='ocr_par' dir='ltr' id='par_1_63' title="bbox 1947 850 3535 921">
     <span class='ocr_line' id='line_1_63' title="bbox 1947 850 3535 921; baseline 0.011 -20"><span class='ocrx_word' id='word_1_482' title='bbox 1947 862 2131 904; x_wconf 91' lang='lat' dir='ltr'><strong>semen</strong></span> <span class='ocrx_word' id='word_1_483' title='bbox 2150 850 2403 917; x_wconf 88' lang='lat' dir='ltr'><strong>jactabat,</strong></span> <span class='ocrx_word' id='word_1_484' title='bbox 2433 863 2619 921; x_wconf 86' lang='lat' dir='ltr'><strong>etquae</strong></span> <span class='ocrx_word' id='word_1_485' title='bbox 2650 862 2761 907; x_wconf 87' lang='lat' dir='ltr'><strong>sata</strong></span> <span class='ocrx_word' id='word_1_486' title='bbox 2786 854 2993 911; x_wconf 81' lang='lat' dir='ltr'><strong>fuerant</strong></span> <span class='ocrx_word' id='word_1_487' title='bbox 3030 859 3193 912; x_wconf 90' lang='lat' dir='ltr'><strong>multa</strong></span> <span class='ocrx_word' id='word_1_488' title='bbox 3228 875 3347 914; x_wconf 88' lang='lat' dir='ltr'><strong>cum</strong></span> <span class='ocrx_word' id='word_1_489' title='bbox 3372 863 3535 918; x_wconf 88' lang='lat' dir='ltr'><strong>uber-</strong></span> 
     </span>
    </p>
   </div>
   <div class='ocr_carea' id='block_1_64' title="bbox 1947 942 3530 1014">
    <p class='ocr_par' dir='ltr' id='par_1_64' title="bbox 1947 942 3530 1014">
     <span class='ocr_line' id='line_1_64' title="bbox 1947 942 3530 1014; baseline 0.01 -22"><span class='ocrx_word' id='word_1_490' title='bbox 1947 947 2052 994; x_wconf 87' lang='lat' dir='ltr'><strong>tate</strong></span> <span class='ocrx_word' id='word_1_491' title='bbox 2076 957 2140 995; x_wconf 87' lang='lat' dir='ltr'><strong>ex</strong></span> <span class='ocrx_word' id='word_1_492' title='bbox 2165 942 2349 1013; x_wconf 83' lang='lat' dir='ltr'><strong>hydria</strong></span> <span class='ocrx_word' id='word_1_493' title='bbox 2371 945 2633 999; x_wconf 88' lang='lat' dir='ltr'><strong>metebat:</strong></span> <span class='ocrx_word' id='word_1_494' title='bbox 2654 947 2947 1003; x_wconf 89' lang='lat' dir='ltr'><strong>seminabat</strong></span> <span class='ocrx_word' id='word_1_495' title='bbox 2973 949 3215 1014; x_wconf 90' lang='lat' dir='ltr'><strong>farinam,</strong></span> <span class='ocrx_word' id='word_1_496' title='bbox 3240 962 3293 1006; x_wconf 93' lang='lat' dir='ltr'><strong>et</strong></span> <span class='ocrx_word' id='word_1_497' title='bbox 3310 953 3530 1008; x_wconf 88' lang='lat' dir='ltr'><strong>farinam</strong></span> 
     </span>
    </p>
   </div>
   <div class='ocr_carea' id='block_1_65' title="bbox 1944 1033 3530 1112">
    <p class='ocr_par' dir='ltr' id='par_1_65' title="bbox 1944 1033 3530 1112">
     <span class='ocr_line' id='line_1_65' title="bbox 1944 1033 3530 1112; baseline 0.011 -29"><span class='ocrx_word' id='word_1_498' title='bbox 1944 1033 2203 1097; x_wconf 90' lang='lat' dir='ltr'><strong>metebat;</strong></span> <span class='ocrx_word' id='word_1_499' title='bbox 2239 1050 2342 1088; x_wconf 92' lang='lat' dir='ltr'><strong>non</strong></span> <span class='ocrx_word' id='word_1_500' title='bbox 2374 1035 2595 1106; x_wconf 88' lang='lat' dir='ltr'><strong>indiguit</strong></span> <span class='ocrx_word' id='word_1_501' title='bbox 2645 1038 2835 1103; x_wconf 89' lang='lat' dir='ltr'><strong>bobus,</strong></span> <span class='ocrx_word' id='word_1_502' title='bbox 2869 1048 2923 1093; x_wconf 91' lang='lat' dir='ltr'><strong>et</strong></span> <span class='ocrx_word' id='word_1_503' title='bbox 2960 1040 3108 1110; x_wconf 88' lang='lat' dir='ltr'><strong>jugo,</strong></span> <span class='ocrx_word' id='word_1_504' title='bbox 3137 1052 3193 1096; x_wconf 93' lang='lat' dir='ltr'><strong>et</strong></span> <span class='ocrx_word' id='word_1_505' title='bbox 3234 1055 3434 1112; x_wconf 88' lang='lat' dir='ltr'><strong>aratro,</strong></span> <span class='ocrx_word' id='word_1_506' title='bbox 3475 1058 3530 1101; x_wconf 91' lang='lat' dir='ltr'><strong>et</strong></span> 
     </span>
    </p>
   </div>
   <div class='ocr_carea' id='block_1_66' title="bbox 1942 1124 3529 1197">
    <p class='ocr_par' dir='ltr' id='par_1_66' title="bbox 1942 1124 3529 1197">
     <span class='ocr_line' id='line_1_66' title="bbox 1942 1124 3529 1197; baseline 0.011 -22"><span class='ocrx_word' id='word_1_507' title='bbox 1942 1124 2112 1190; x_wconf 90' lang='lat' dir='ltr'><strong>sulco,</strong></span> <span class='ocrx_word' id='word_1_508' title='bbox 2141 1141 2238 1179; x_wconf 91' lang='lat' dir='ltr'><strong>nec</strong></span> <span class='ocrx_word' id='word_1_509' title='bbox 2266 1127 2437 1196; x_wconf 88' lang='lat' dir='ltr'><strong>pluvia</strong></span> <span class='ocrx_word' id='word_1_510' title='bbox 2460 1136 2515 1182; x_wconf 93' lang='lat' dir='ltr'><strong>et</strong></span> <span class='ocrx_word' id='word_1_511' title='bbox 2541 1144 2665 1183; x_wconf 88' lang='lat' dir='ltr'><strong>aere</strong></span> <span class='ocrx_word' id='word_1_512' title='bbox 2693 1146 2754 1184; x_wconf 92' lang='lat' dir='ltr'><strong>ac</strong></span> <span class='ocrx_word' id='word_1_513' title='bbox 2804 1129 2955 1197; x_wconf 78' lang='lat' dir='ltr'><strong>falce,</strong></span> <span class='ocrx_word' id='word_1_514' title='bbox 3001 1149 3099 1187; x_wconf 88' lang='lat' dir='ltr'><strong>nee</strong></span> <span class='ocrx_word' id='word_1_515' title='bbox 3121 1149 3243 1189; x_wconf 79' lang='lat' dir='ltr'><strong>area</strong></span> <span class='ocrx_word' id='word_1_516' title='bbox 3274 1145 3327 1190; x_wconf 93' lang='lat' dir='ltr'><strong>et</strong></span> <span class='ocrx_word' id='word_1_517' title='bbox 3353 1140 3529 1192; x_wconf 86' lang='lat' dir='ltr'><strong>mani-</strong></span> 
     </span>
    </p>
   </div>
   <div class='ocr_carea' id='block_1_67' title="bbox 1941 1216 3523 1298">
    <p class='ocr_par' dir='ltr' id='par_1_67' title="bbox 1941 1216 3523 1298">
     <span class='ocr_line' id='line_1_67' title="bbox 1941 1216 3523 1298; baseline 0.011 -30"><span class='ocrx_word' id='word_1_518' title='bbox 1941 1216 2097 1285; x_wconf 81' lang='lat' dir='ltr'><strong>pulis,</strong></span> <span class='ocrx_word' id='word_1_519' title='bbox 2130 1234 2302 1288; x_wconf 87' lang='lat' dir='ltr'><strong>neque</strong></span> <span class='ocrx_word' id='word_1_520' title='bbox 2327 1222 2519 1285; x_wconf 80' lang='lat' dir='ltr'><strong>ventis,</strong></span> <span class='ocrx_word' id='word_1_521' title='bbox 2550 1223 2637 1291; x_wconf 87' lang='lat' dir='ltr'><strong>qui</strong></span> <span class='ocrx_word' id='word_1_522' title='bbox 2662 1223 2840 1291; x_wconf 86' lang='lat' dir='ltr'><strong>paleas</strong></span> <span class='ocrx_word' id='word_1_523' title='bbox 2877 1240 2904 1277; x_wconf 88' lang='lat' dir='ltr'><strong>a</strong></span> <span class='ocrx_word' id='word_1_524' title='bbox 2927 1228 3106 1294; x_wconf 85' lang='lat' dir='ltr'><strong>granis</strong></span> <span class='ocrx_word' id='word_1_525' title='bbox 3135 1228 3523 1298; x_wconf 81' lang='lat' dir='ltr'><strong>discernerent,</strong></span> 
     </span>
    </p>
   </div>
   <div class='ocr_carea' id='block_1_68' title="bbox 1938 1311 3524 1387">
    <p class='ocr_par' dir='ltr' id='par_1_68' title="bbox 1938 1311 3524 1387">
     <span class='ocr_line' id='line_1_68' title="bbox 1938 1311 3524 1387; baseline 0.011 -27"><span class='ocrx_word' id='word_1_526' title='bbox 1938 1323 2111 1377; x_wconf 89' lang='lat' dir='ltr'><strong>neque</strong></span> <span class='ocrx_word' id='word_1_527' title='bbox 2152 1311 2313 1375; x_wconf 89' lang='lat' dir='ltr'><strong>mola,</strong></span> <span class='ocrx_word' id='word_1_528' title='bbox 2365 1327 2485 1381; x_wconf 68' lang='lat' dir='ltr'><strong>quae</strong></span> <span class='ocrx_word' id='word_1_529' title='bbox 2541 1321 2784 1369; x_wconf 90' lang='lat' dir='ltr'><strong>tereret:</strong></span> <span class='ocrx_word' id='word_1_530' title='bbox 2818 1316 2912 1369; x_wconf 90' lang='lat' dir='ltr'><strong>sed</strong></span> <span class='ocrx_word' id='word_1_531' title='bbox 2954 1333 3058 1369; x_wconf 93' lang='lat' dir='ltr'><strong>uno</strong></span> <span class='ocrx_word' id='word_1_532' title='bbox 3103 1321 3356 1387; x_wconf 86' lang='lat' dir='ltr'><strong>temporis</strong></span> <span class='ocrx_word' id='word_1_533' title='bbox 3407 1337 3524 1377; x_wconf 81' lang='lat' dir='ltr'><strong>mo-</strong></span> 
     </span>
    </p>
   </div>
   <div class='ocr_carea' id='block_1_69' title="bbox 1938 1402 3523 1473">
    <p class='ocr_par' dir='ltr' id='par_1_69' title="bbox 1938 1402 3523 1473">
     <span class='ocr_line' id='line_1_69' title="bbox 1938 1402 3523 1473; baseline 0.011 -20"><span class='ocrx_word' id='word_1_534' title='bbox 1938 1409 2121 1454; x_wconf 91' lang='lat' dir='ltr'><strong>mento</strong></span> <span class='ocrx_word' id='word_1_535' title='bbox 2152 1402 2201 1455; x_wconf 90' lang='lat' dir='ltr'><strong>in</strong></span> <span class='ocrx_word' id='word_1_536' title='bbox 2236 1402 2424 1473; x_wconf 83' lang='lat' dir='ltr'><strong>hydria</strong></span> <span class='ocrx_word' id='word_1_537' title='bbox 2474 1404 2632 1460; x_wconf 88' lang='lat' dir='ltr'><strong>linem</strong></span> <span class='ocrx_word' id='word_1_538' title='bbox 2660 1407 2898 1461; x_wconf 88' lang='lat' dir='ltr'><strong>omnium</strong></span> <span class='ocrx_word' id='word_1_539' title='bbox 2945 1409 3167 1464; x_wconf 91' lang='lat' dir='ltr'><strong>istorum</strong></span> <span class='ocrx_word' id='word_1_540' title='bbox 3200 1413 3437 1469; x_wconf 87' lang='lat' dir='ltr'><strong>invenit:</strong></span> <span class='ocrx_word' id='word_1_541' title='bbox 3461 1431 3523 1471; x_wconf 89' lang='lat' dir='ltr'><strong>ac</strong></span> 
     </span>
    </p>
   </div>
   <div class='ocr_carea' id='block_1_70' title="bbox 1934 1490 3522 1577">
    <p class='ocr_par' dir='ltr' id='par_1_70' title="bbox 1934 1490 3522 1577">
     <span class='ocr_line' id='line_1_70' title="bbox 1934 1490 3522 1577; baseline 0.011 -32"><span class='ocrx_word' id='word_1_542' title='bbox 1934 1490 2067 1546; x_wconf 91' lang='lat' dir='ltr'><strong>duos</strong></span> <span class='ocrx_word' id='word_1_543' title='bbox 2098 1492 2287 1558; x_wconf 84' lang='lat' dir='ltr'><strong>fontes,</strong></span> <span class='ocrx_word' id='word_1_544' title='bbox 2316 1511 2479 1551; x_wconf 90' lang='lat' dir='ltr'><strong>unum</strong></span> <span class='ocrx_word' id='word_1_545' title='bbox 2509 1496 2716 1565; x_wconf 76' lang='lat' dir='ltr'><strong>farinze,</strong></span> <span class='ocrx_word' id='word_1_546' title='bbox 2741 1501 2963 1556; x_wconf 89' lang='lat' dir='ltr'><strong>alterum</strong></span> <span class='ocrx_word' id='word_1_547' title='bbox 2994 1504 3097 1558; x_wconf 91' lang='lat' dir='ltr'><strong>olei</strong></span> <span class='ocrx_word' id='word_1_548' title='bbox 3119 1520 3225 1559; x_wconf 92' lang='lat' dir='ltr'><strong>vox</strong></span> <span class='ocrx_word' id='word_1_549' title='bbox 3247 1505 3522 1577; x_wconf 80' lang='lat' dir='ltr'><strong>prophetze</strong></span> 
     </span>
    </p>
   </div>
   <div class='ocr_carea' id='block_1_71' title="bbox 1933 1585 2429 1650">
    <p class='ocr_par' dir='ltr' id='par_1_71' title="bbox 1933 1585 2429 1650">
     <span class='ocr_line' id='line_1_71' title="bbox 1933 1585 2429 1650; baseline 0.012 -15"><span class='ocrx_word' id='word_1_550' title='bbox 1933 1597 2198 1650; x_wconf 87' lang='lat' dir='ltr'><strong>perennes</strong></span> <span class='ocrx_word' id='word_1_551' title='bbox 2225 1585 2429 1641; x_wconf 70' lang='lat' dir='ltr'><strong>effudit.</strong></span> 
     </span>
    </p>
   </div>
   <div class='ocr_carea' id='block_1_72' title="bbox 2003 1673 3518 1767">
    <p class='ocr_par' dir='ltr' id='par_1_72' title="bbox 2003 1673 3518 1767">
     <span class='ocr_line' id='line_1_72' title="bbox 2003 1673 3518 1767; baseline 0.013 -40"><span class='ocrx_word' id='word_1_552' title='bbox 2003 1673 2088 1727; x_wconf 72' lang='grc'><strong>14.</strong></span> <span class='ocrx_word' id='word_1_553' title='bbox 2119 1674 2263 1729; x_wconf 89' lang='lat' dir='ltr'><strong>Talia</strong></span> <span class='ocrx_word' id='word_1_554' title='bbox 2300 1686 2424 1731; x_wconf 92' lang='lat' dir='ltr'><strong>sunt</strong></span> <span class='ocrx_word' id='word_1_555' title='bbox 2465 1678 2604 1733; x_wconf 88' lang='lat' dir='ltr'><strong>dona</strong></span> <span class='ocrx_word' id='word_1_556' title='bbox 2650 1691 2979 1748; x_wconf 89' lang='lat' dir='ltr'><strong>sanctorum,</strong></span> <span class='ocrx_word' id='word_1_557' title='bbox 3040 1695 3095 1739; x_wconf 90' lang='lat' dir='ltr'><strong>et</strong></span> <span class='ocrx_word' id='word_1_558' title='bbox 3123 1685 3417 1767; x_wconf 83' lang='lat' dir='ltr'><strong>ubertatem</strong></span> <span class='ocrx_word' id='word_1_559' title='bbox 3466 1698 3518 1748; x_wconf 90' lang='lat' dir='ltr'><strong>et</strong></span> 
     </span>
    </p>
   </div>
   <div class='ocr_carea' id='block_1_73' title="bbox 1928 1764 3515 1851">
    <p class='ocr_par' dir='ltr' id='par_1_73' title="bbox 1928 1764 3515 1851">
     <span class='ocr_line' id='line_1_73' title="bbox 1928 1764 3515 1851; baseline 0.014 -35"><span class='ocrx_word' id='word_1_560' title='bbox 1928 1764 2232 1822; x_wconf 85' lang='lat' dir='ltr'><strong>facilitatem</strong></span> <span class='ocrx_word' id='word_1_561' title='bbox 2255 1769 2523 1840; x_wconf 88' lang='lat' dir='ltr'><strong>ingentem</strong></span> <span class='ocrx_word' id='word_1_562' title='bbox 2547 1776 2598 1829; x_wconf 92' lang='lat' dir='ltr'><strong>in</strong></span> <span class='ocrx_word' id='word_1_563' title='bbox 2625 1790 2684 1832; x_wconf 90' lang='lat' dir='ltr'><strong>se</strong></span> <span class='ocrx_word' id='word_1_564' title='bbox 2704 1778 2999 1834; x_wconf 91' lang='lat' dir='ltr'><strong>continent.</strong></span> <span class='ocrx_word' id='word_1_565' title='bbox 3036 1778 3168 1834; x_wconf 89' lang='lat' dir='ltr'><strong>Nam</strong></span> <span class='ocrx_word' id='word_1_566' title='bbox 3190 1764 3252 1835; x_wconf 82' lang='lat' dir='ltr'><strong>ea</strong></span> <span class='ocrx_word' id='word_1_567' title='bbox 3278 1782 3515 1851; x_wconf 90' lang='lat' dir='ltr'><strong>quidem,</strong></span> 
     </span>
    </p>
   </div>
   <div class='ocr_carea' id='block_1_74' title="bbox 1925 1858 3514 1933">
    <p class='ocr_par' dir='ltr' id='par_1_74' title="bbox 1925 1858 3514 1933">
     <span class='ocr_line' id='line_1_74' title="bbox 1925 1858 3514 1933; baseline 0.013 -24"><span class='ocrx_word' id='word_1_568' title='bbox 1925 1872 2044 1924; x_wconf 73' lang='lat' dir='ltr'><strong>qua:</strong></span> <span class='ocrx_word' id='word_1_569' title='bbox 2063 1858 2467 1930; x_wconf 89' lang='lat' dir='ltr'><strong>decerpunture</strong></span> <span class='ocrx_word' id='word_1_570' title='bbox 2500 1874 2659 1933; x_wconf 89' lang='lat' dir='ltr'><strong>terra,</strong></span> <span class='ocrx_word' id='word_1_571' title='bbox 2688 1882 3110 1926; x_wconf 89' lang='lat' dir='ltr'><strong>consumuntur:</strong></span> <span class='ocrx_word' id='word_1_572' title='bbox 3135 1881 3193 1927; x_wconf 88' lang='lat' dir='ltr'><strong>at</strong></span> <span class='ocrx_word' id='word_1_573' title='bbox 3219 1873 3295 1928; x_wconf 90' lang='lat' dir='ltr'><strong>illi</strong></span> <span class='ocrx_word' id='word_1_574' title='bbox 3339 1873 3514 1930; x_wconf 79' lang='lat' dir='ltr'><strong>fontes</strong></span> 
     </span>
    </p>
   </div>
   <div class='ocr_carea' id='block_1_75' title="bbox 1926 1948 3510 2033">
    <p class='ocr_par' dir='ltr' id='par_1_75' title="bbox 1926 1948 3510 2033">
     <span class='ocr_line' id='line_1_75' title="bbox 1926 1948 3510 2033; baseline 0.013 -31"><span class='ocrx_word' id='word_1_575' title='bbox 1926 1948 2098 2006; x_wconf 90' lang='lat' dir='ltr'><strong>hausti</strong></span> <span class='ocrx_word' id='word_1_576' title='bbox 2142 1956 2399 2023; x_wconf 91' lang='lat' dir='ltr'><strong>quotidie,</strong></span> <span class='ocrx_word' id='word_1_577' title='bbox 2446 1974 2554 2012; x_wconf 93' lang='lat' dir='ltr'><strong>non</strong></span> <span class='ocrx_word' id='word_1_578' title='bbox 2583 1961 3065 2027; x_wconf 83' lang='lat' dir='ltr'><strong>exhauriebantur,</strong></span> <span class='ocrx_word' id='word_1_579' title='bbox 3096 1965 3189 2019; x_wconf 81' lang='lat' dir='ltr'><strong>sed</strong></span> <span class='ocrx_word' id='word_1_580' title='bbox 3228 1981 3349 2021; x_wconf 89' lang='lat' dir='ltr'><strong>cum</strong></span> <span class='ocrx_word' id='word_1_581' title='bbox 3382 1968 3510 2033; x_wconf 89' lang='lat' dir='ltr'><strong>illis,</strong></span> 
     </span>
    </p>
   </div>
   <div class='ocr_carea' id='block_1_76' title="bbox 1922 2044 3515 2132">
    <p class='ocr_par' dir='ltr' id='par_1_76' title="bbox 1922 2044 3515 2132">
     <span class='ocr_line' id='line_1_76' title="bbox 1922 2044 3515 2132; baseline 0.015 -37"><span class='ocrx_word' id='word_1_582' title='bbox 1922 2044 2009 2113; x_wconf 91' lang='lat' dir='ltr'><strong>qui</strong></span> <span class='ocrx_word' id='word_1_583' title='bbox 2056 2049 2416 2117; x_wconf 88' lang='lat' dir='ltr'><strong>evacuabant,</strong></span> <span class='ocrx_word' id='word_1_584' title='bbox 2462 2054 2574 2122; x_wconf 89' lang='lat' dir='ltr'><strong>pari</strong></span> <span class='ocrx_word' id='word_1_585' title='bbox 2619 2070 2872 2111; x_wconf 87' lang='lat' dir='ltr'><strong>successu</strong></span> <span class='ocrx_word' id='word_1_586' title='bbox 2918 2060 3186 2130; x_wconf 84' lang='lat' dir='ltr'><strong>scaturigo</strong></span> <span class='ocrx_word' id='word_1_587' title='bbox 3224 2063 3515 2132; x_wconf 83' lang='lat' dir='ltr'><strong>pugnabat.</strong></span> 
     </span>
    </p>
   </div>
   <div class='ocr_carea' id='block_1_77' title="bbox 1920 2135 3506 2223">
    <p class='ocr_par' dir='ltr' id='par_1_77' title="bbox 1920 2135 3506 2223">
     <span class='ocr_line' id='line_1_77' title="bbox 1920 2135 3506 2223; baseline 0.01 -32"><span class='ocrx_word' id='word_1_588' title='bbox 1920 2135 2064 2191; x_wconf 89' lang='lat' dir='ltr'><strong>Talia</strong></span> <span class='ocrx_word' id='word_1_589' title='bbox 2094 2148 2238 2206; x_wconf 92' lang='lat' dir='ltr'><strong>sunt,</strong></span> <span class='ocrx_word' id='word_1_590' title='bbox 2266 2157 2386 2211; x_wconf 79' lang='lat' dir='ltr'><strong>qu:e</strong></span> <span class='ocrx_word' id='word_1_591' title='bbox 2427 2157 2732 2200; x_wconf 88' lang='lat' dir='ltr'><strong>sanctorum</strong></span> <span class='ocrx_word' id='word_1_592' title='bbox 2764 2148 2927 2217; x_wconf 86' lang='lat' dir='ltr'><strong>pedes</strong></span> <span class='ocrx_word' id='word_1_593' title='bbox 2967 2150 3277 2220; x_wconf 86' lang='lat' dir='ltr'><strong>largiuntur,</strong></span> <span class='ocrx_word' id='word_1_594' title='bbox 3299 2154 3382 2209; x_wconf 91' lang='lat' dir='ltr'><strong>vel</strong></span> <span class='ocrx_word' id='word_1_595' title='bbox 3410 2169 3506 2223; x_wconf 77' lang='lat' dir='ltr'><strong>po-</strong></span> 
     </span>
    </p>
   </div>
   <div class='ocr_carea' id='block_1_78' title="bbox 1920 2228 3494 2311">
    <p class='ocr_par' dir='ltr' id='par_1_78' title="bbox 1920 2228 3494 2311">
     <span class='ocr_line' id='line_1_78' title="bbox 1920 2228 3494 2311; baseline 0.011 -31"><span class='ocrx_word' id='word_1_596' title='bbox 1920 2228 2024 2283; x_wconf 91' lang='lat' dir='ltr'><strong>tius</strong></span> <span class='ocrx_word' id='word_1_597' title='bbox 2055 2230 2141 2285; x_wconf 88' lang='lat' dir='ltr'><strong>his</strong></span> <span class='ocrx_word' id='word_1_598' title='bbox 2167 2233 2333 2288; x_wconf 89' lang='lat' dir='ltr'><strong>multo</strong></span> <span class='ocrx_word' id='word_1_599' title='bbox 2361 2235 2507 2304; x_wconf 88' lang='lat' dir='ltr'><strong>plura</strong></span> <span class='ocrx_word' id='word_1_600' title='bbox 2533 2254 2546 2290; x_wconf 89' lang='lat'><strong>:</strong></span> <span class='ocrx_word' id='word_1_601' title='bbox 2577 2252 2640 2293; x_wconf 91' lang='lat' dir='ltr'><strong>ac</strong></span> <span class='ocrx_word' id='word_1_602' title='bbox 2670 2239 2770 2293; x_wconf 90' lang='lat' dir='ltr'><strong>nisi</strong></span> <span class='ocrx_word' id='word_1_603' title='bbox 2816 2241 2969 2295; x_wconf 85' lang='lat' dir='ltr'><strong>fieret</strong></span> <span class='ocrx_word' id='word_1_604' title='bbox 3021 2243 3277 2311; x_wconf 81' lang='lat' dir='ltr'><strong>prolixior</strong></span> <span class='ocrx_word' id='word_1_605' title='bbox 3304 2247 3494 2310; x_wconf 89' lang='lat' dir='ltr'><strong>oratio,</strong></span> 
     </span>
    </p>
   </div>
   <div class='ocr_carea' id='block_1_79' title="bbox 1916 2321 3501 2404">
    <p class='ocr_par' dir='ltr' id='par_1_79' title="bbox 1916 2321 3501 2404">
     <span class='ocr_line' id='line_1_79' title="bbox 1916 2321 3501 2404; baseline 0.013 -32"><span class='ocrx_word' id='word_1_606' title='bbox 1916 2321 2079 2374; x_wconf 91' lang='lat' dir='ltr'><strong>multa</strong></span> <span class='ocrx_word' id='word_1_607' title='bbox 2124 2323 2388 2392; x_wconf 85' lang='lat' dir='ltr'><strong>ejusmodi</strong></span> <span class='ocrx_word' id='word_1_608' title='bbox 2432 2326 2573 2384; x_wconf 90' lang='lat' dir='ltr'><strong>dona</strong></span> <span class='ocrx_word' id='word_1_609' title='bbox 2604 2332 2933 2386; x_wconf 91' lang='lat' dir='ltr'><strong>numerando</strong></span> <span class='ocrx_word' id='word_1_610' title='bbox 2976 2348 3368 2404; x_wconf 88' lang='lat' dir='ltr'><strong>percenserem.</strong></span> <span class='ocrx_word' id='word_1_611' title='bbox 3398 2337 3501 2393; x_wconf 88' lang='lat' dir='ltr'><strong>Sed</strong></span> 
     </span>
    </p>
   </div>
   <div class='ocr_carea' id='block_1_80' title="bbox 1911 2414 3502 2493">
    <p class='ocr_par' dir='ltr' id='par_1_80' title="bbox 1911 2414 3502 2493">
     <span class='ocr_line' id='line_1_80' title="bbox 1911 2414 3502 2493; baseline 0.014 -32"><span class='ocrx_word' id='word_1_612' title='bbox 1911 2414 2360 2478; x_wconf 81' lang='lat' dir='ltr'><strong>quemadmodum</strong></span> <span class='ocrx_word' id='word_1_613' title='bbox 2411 2418 2446 2472; x_wconf 92' lang='lat' dir='ltr'><strong>ii</strong></span> <span class='ocrx_word' id='word_1_614' title='bbox 2483 2420 2574 2489; x_wconf 90' lang='lat' dir='ltr'><strong>qui</strong></span> <span class='ocrx_word' id='word_1_615' title='bbox 2645 2421 2902 2478; x_wconf 91' lang='lat' dir='ltr'><strong>honorem</strong></span> <span class='ocrx_word' id='word_1_616' title='bbox 2930 2423 3037 2477; x_wconf 91' lang='lat' dir='ltr'><strong>illis</strong></span> <span class='ocrx_word' id='word_1_617' title='bbox 3061 2424 3328 2493; x_wconf 85' lang='lat' dir='ltr'><strong>deferunt,</strong></span> <span class='ocrx_word' id='word_1_618' title='bbox 3377 2428 3502 2484; x_wconf 77' lang='lat' dir='ltr'><strong>talia</strong></span> 
     </span>
    </p>
   </div>
   <div class='ocr_carea' id='block_1_81' title="bbox 1909 2503 3494 2590">
    <p class='ocr_par' dir='ltr' id='par_1_81' title="bbox 1909 2503 3494 2590">
     <span class='ocr_line' id='line_1_81' title="bbox 1909 2503 3494 2590; baseline 0.013 -34"><span class='ocrx_word' id='word_1_619' title='bbox 1909 2503 2045 2559; x_wconf 86' lang='lat' dir='ltr'><strong>dona</strong></span> <span class='ocrx_word' id='word_1_620' title='bbox 2075 2521 2475 2578; x_wconf 88' lang='lat' dir='ltr'><strong>consequuntur</strong></span> <span class='ocrx_word' id='word_1_621' title='bbox 2506 2530 2519 2565; x_wconf 91' lang='lat'><strong>:</strong></span> <span class='ocrx_word' id='word_1_622' title='bbox 2550 2513 2621 2567; x_wconf 88' lang='lat' dir='ltr'><strong>ita</strong></span> <span class='ocrx_word' id='word_1_623' title='bbox 2650 2516 2739 2585; x_wconf 92' lang='lat' dir='ltr'><strong>qui</strong></span> <span class='ocrx_word' id='word_1_624' title='bbox 2761 2516 3079 2586; x_wconf 87' lang='lat' dir='ltr'><strong>despiciunt,</strong></span> <span class='ocrx_word' id='word_1_625' title='bbox 3124 2535 3371 2590; x_wconf 83' lang='lat' dir='ltr'><strong>magnum</strong></span> <span class='ocrx_word' id='word_1_626' title='bbox 3393 2522 3494 2576; x_wconf 92' lang='lat' dir='ltr'><strong>sibi</strong></span> 
     </span>
    </p>
   </div>
   <div class='ocr_carea' id='block_1_82' title="bbox 1906 2582 3496 2674">
    <p class='ocr_par' dir='ltr' id='par_1_82' title="bbox 1906 2582 3496 2674">
     <span class='ocr_line' id='line_1_82' title="bbox 1906 2582 3496 2674; baseline 0.014 -28"><span class='ocrx_word' id='word_1_627' title='bbox 1906 2582 2222 2663; x_wconf 86' lang='lat' dir='ltr'><strong>Supplicium</strong></span> <span class='ocrx_word' id='word_1_628' title='bbox 2250 2609 2304 2652; x_wconf 87' lang='lat' dir='ltr'><strong>et</strong></span> <span class='ocrx_word' id='word_1_629' title='bbox 2344 2582 2700 2658; x_wconf 82' lang='lat' dir='ltr'><strong>inevitabilem</strong></span> <span class='ocrx_word' id='word_1_630' title='bbox 2735 2582 2908 2674; x_wconf 75' lang='lat' dir='ltr'><strong>ignem</strong></span> <span class='ocrx_word' id='word_1_631' title='bbox 2939 2619 3238 2664; x_wconf 87' lang='lat' dir='ltr'><strong>accersunt.</strong></span> <span class='ocrx_word' id='word_1_632' title='bbox 3265 2610 3416 2666; x_wconf 91' lang='lat' dir='ltr'><strong>Unde</strong></span> <span class='ocrx_word' id='word_1_633' title='bbox 3442 2612 3496 2668; x_wconf 85' lang='lat' dir='ltr'><strong>id</strong></span> 
     </span>
    </p>
   </div>
   <div class='ocr_carea' id='block_1_83' title="bbox 1905 2688 3493 2771">
    <p class='ocr_par' dir='ltr' id='par_1_83' title="bbox 1905 2688 3493 2771">
     <span class='ocr_line' id='line_1_83' title="bbox 1905 2688 3493 2771; baseline 0.015 -34"><span class='ocrx_word' id='word_1_634' title='bbox 1905 2688 2318 2745; x_wconf 82' lang='lat' dir='ltr'><strong>eonstat?Audi</strong></span> <span class='ocrx_word' id='word_1_635' title='bbox 2357 2691 2627 2748; x_wconf 88' lang='lat' dir='ltr'><strong>Christum</strong></span> <span class='ocrx_word' id='word_1_636' title='bbox 2674 2696 2846 2765; x_wconf 91' lang='lat' dir='ltr'><strong>ipsum</strong></span> <span class='ocrx_word' id='word_1_637' title='bbox 2884 2698 3152 2754; x_wconf 89' lang='lat' dir='ltr'><strong>dicentem</strong></span> <span class='ocrx_word' id='word_1_638' title='bbox 3179 2701 3493 2771; x_wconf 87' lang='lat' dir='ltr'><strong>discipulis:</strong></span> 
     </span>
    </p>
   </div>
   <div class='ocr_carea' id='block_1_84' title="bbox 1903 2777 3493 2860">
    <p class='ocr_par' dir='ltr' id='par_1_84' title="bbox 1903 2777 3493 2860">
     <span class='ocr_line' id='line_1_84' title="bbox 1903 2777 3493 2860; baseline 0.012 -29"><span class='ocrx_word' id='word_1_639' title='bbox 1903 2777 1967 2832; x_wconf 83' lang='lat' dir='ltr'><strong>In</strong></span> <span class='ocrx_word' id='word_1_640' title='bbox 1995 2797 2359 2854; x_wconf 83' lang='lat' dir='ltr'><strong>quamcumque</strong></span> <span class='ocrx_word' id='word_1_641' title='bbox 2386 2787 2654 2850; x_wconf 84' lang='lat' dir='ltr'><strong>civitatem,</strong></span> <span class='ocrx_word' id='word_1_642' title='bbox 2696 2799 2782 2842; x_wconf 89' lang='lat' dir='ltr'><strong>aut</strong></span> <span class='ocrx_word' id='word_1_643' title='bbox 2815 2791 3019 2845; x_wconf 86' lang='lat' dir='ltr'><strong>domum</strong></span> <span class='ocrx_word' id='word_1_644' title='bbox 3064 2794 3384 2860; x_wconf 82' lang='lat' dir='ltr'><strong>intrareritis,</strong></span> <span class='ocrx_word' id='word_1_645' title='bbox 3414 2797 3493 2851; x_wconf 85' lang='lat' dir='ltr'><strong>in-</strong></span> 
     </span>
    </p>
   </div>
   <div class='ocr_carea' id='block_1_85' title="bbox 1900 2876 3491 2949">
    <p class='ocr_par' dir='ltr' id='par_1_85' title="bbox 1900 2876 3491 2949">
     <span class='ocr_line' id='line_1_85' title="bbox 1900 2876 3491 2949; baseline 0.014 -27"><span class='ocrx_word' id='word_1_646' title='bbox 1900 2880 2147 2941; x_wconf 76' lang='lat' dir='ltr'><strong>terrogate</strong></span> <span class='ocrx_word' id='word_1_647' title='bbox 2166 2876 2276 2944; x_wconf 85' lang='lat' dir='ltr'><strong>quis</strong></span> <span class='ocrx_word' id='word_1_648' title='bbox 2293 2877 2344 2929; x_wconf 87' lang='lat' dir='ltr'><strong>in</strong></span> <span class='ocrx_word' id='word_1_649' title='bbox 2370 2894 2431 2931; x_wconf 90' lang='lat' dir='ltr'><strong>ea</strong></span> <span class='ocrx_word' id='word_1_650' title='bbox 2451 2879 2635 2949; x_wconf 82' lang='lat' dir='ltr'><strong>dignus</strong></span> <span class='ocrx_word' id='word_1_651' title='bbox 2662 2882 2746 2946; x_wconf 84' lang='lat' dir='ltr'><strong>sit,</strong></span> <span class='ocrx_word' id='word_1_652' title='bbox 2773 2892 2819 2935; x_wconf 88' lang='lat' dir='ltr'><strong>et</strong></span> <span class='ocrx_word' id='word_1_653' title='bbox 2844 2883 2911 2935; x_wconf 87' lang='lat' dir='ltr'><strong>ibi</strong></span> <span class='ocrx_word' id='word_1_654' title='bbox 2928 2896 3140 2948; x_wconf 82' lang='lat' dir='ltr'><strong>manete,</strong></span> <span class='ocrx_word' id='word_1_655' title='bbox 3173 2898 3220 2940; x_wconf 81' lang='lat' dir='ltr'><strong>et</strong></span> <span class='ocrx_word' id='word_1_656' title='bbox 3246 2888 3491 2944; x_wconf 80' lang='lat' dir='ltr'><strong>intrantes</strong></span> 
     </span>
    </p>
   </div>
   <div class='ocr_carea' id='block_1_86' title="bbox 1897 2963 3485 3046">
    <p class='ocr_par' dir='ltr' id='par_1_86' title="bbox 1897 2963 3485 3046">
     <span class='ocr_line' id='line_1_86' title="bbox 1897 2963 3485 3046; baseline 0.014 -32"><span class='ocrx_word' id='word_1_657' title='bbox 1897 2963 2061 3029; x_wconf 79' lang='lat' dir='ltr'><strong>dicite,</strong></span> <span class='ocrx_word' id='word_1_658' title='bbox 2091 2965 2207 3019; x_wconf 72' lang='lat' dir='ltr'><strong>Pax</strong></span> <span class='ocrx_word' id='word_1_659' title='bbox 2231 2968 2345 3021; x_wconf 81' lang='lat' dir='ltr'><strong>huic</strong></span> <span class='ocrx_word' id='word_1_660' title='bbox 2361 2970 2532 3024; x_wconf 86' lang='lat' dir='ltr'><strong>domui</strong></span> <span class='ocrx_word' id='word_1_661' title='bbox 2553 2973 2571 3040; x_wconf 94' lang='lat'><strong>(</strong></span> <span class='ocrx_word' id='word_1_662' title='bbox 2582 2972 2769 3027; x_wconf 74' lang='lat' dir='ltr'><strong>Manli.</strong></span> <span class='ocrx_word' id='word_1_663' title='bbox 2793 2974 2880 3029; x_wconf 77' lang='grc'><strong>10.</strong></span> <span class='ocrx_word' id='word_1_664' title='bbox 2906 2977 2927 3030; x_wconf 80' lang='grc'><strong>1</strong></span> <span class='ocrx_word' id='word_1_665' title='bbox 2946 2978 2992 3030; x_wconf 93' lang='lat' dir='ltr'><strong>l.</strong></span> <span class='ocrx_word' id='word_1_666' title='bbox 3006 2981 3026 3030; x_wconf 83' lang='lat'><strong>1</strong></span> <span class='ocrx_word' id='word_1_667' title='bbox 3039 2977 3116 3046; x_wconf 77' lang='lat'><strong>2).</strong></span> <span class='ocrx_word' id='word_1_668' title='bbox 3128 2977 3195 3033; x_wconf 90' lang='lat' dir='ltr'><strong>Ut</strong></span> <span class='ocrx_word' id='word_1_669' title='bbox 3218 2981 3359 3034; x_wconf 84' lang='lat' dir='ltr'><strong>enim</strong></span> <span class='ocrx_word' id='word_1_670' title='bbox 3378 2998 3485 3037; x_wconf 91' lang='lat' dir='ltr'><strong>non</strong></span> 
     </span>
    </p>
   </div>
   <div class='ocr_carea' id='block_1_87' title="bbox 1892 3053 3485 3142">
    <p class='ocr_par' dir='ltr' id='par_1_87' title="bbox 1892 3053 3485 3142">
     <span class='ocr_line' id='line_1_87' title="bbox 1892 3053 3485 3142; baseline 0.014 -37"><span class='ocrx_word' id='word_1_671' title='bbox 1892 3053 2058 3120; x_wconf 83' lang='lat' dir='ltr'><strong>dicas,</strong></span> <span class='ocrx_word' id='word_1_672' title='bbox 2087 3056 2345 3113; x_wconf 75' lang='lat' dir='ltr'><strong>Pecunias</strong></span> <span class='ocrx_word' id='word_1_673' title='bbox 2379 3062 2644 3131; x_wconf 80' lang='lat' dir='ltr'><strong>expende,</strong></span> <span class='ocrx_word' id='word_1_674' title='bbox 2675 3064 2951 3121; x_wconf 87' lang='lat' dir='ltr'><strong>facultates</strong></span> <span class='ocrx_word' id='word_1_675' title='bbox 2981 3082 3219 3135; x_wconf 81' lang='lat' dir='ltr'><strong>assumo,</strong></span> <span class='ocrx_word' id='word_1_676' title='bbox 3246 3070 3371 3125; x_wconf 93' lang='lat' dir='ltr'><strong>dum</strong></span> <span class='ocrx_word' id='word_1_677' title='bbox 3393 3088 3485 3142; x_wconf 77' lang='lat' dir='ltr'><strong>pe-</strong></span> 
     </span>
    </p>
   </div>
   <div class='ocr_carea' id='block_1_88' title="bbox 1892 3148 3480 3231">
    <p class='ocr_par' dir='ltr' id='par_1_88' title="bbox 1892 3148 3480 3231">
     <span class='ocr_line' id='line_1_88' title="bbox 1892 3148 3480 3231; baseline 0.011 -34"><span class='ocrx_word' id='word_1_678' title='bbox 1892 3148 2118 3215; x_wconf 80' lang='lat' dir='ltr'><strong>regrinis</strong></span> <span class='ocrx_word' id='word_1_679' title='bbox 2148 3164 2387 3205; x_wconf 85' lang='lat' dir='ltr'><strong>mensam</strong></span> <span class='ocrx_word' id='word_1_680' title='bbox 2419 3168 2649 3222; x_wconf 85' lang='lat' dir='ltr'><strong>appono,</strong></span> <span class='ocrx_word' id='word_1_681' title='bbox 2682 3155 2845 3211; x_wconf 83' lang='lat' dir='ltr'><strong>efficit</strong></span> <span class='ocrx_word' id='word_1_682' title='bbox 2876 3169 2931 3211; x_wconf 91' lang='lat' dir='ltr'><strong>ut</strong></span> <span class='ocrx_word' id='word_1_683' title='bbox 2977 3159 3065 3214; x_wconf 77' lang='lat' dir='ltr'><strong>ille</strong></span> <span class='ocrx_word' id='word_1_684' title='bbox 3096 3161 3230 3230; x_wconf 92' lang='lat' dir='ltr'><strong>ipse,</strong></span> <span class='ocrx_word' id='word_1_685' title='bbox 3258 3164 3350 3231; x_wconf 90' lang='lat' dir='ltr'><strong>qui</strong></span> <span class='ocrx_word' id='word_1_686' title='bbox 3379 3165 3480 3218; x_wconf 86' lang='lat' dir='ltr'><strong>do-</strong></span> 
     </span>
    </p>
   </div>
   <div class='ocr_carea' id='block_1_89' title="bbox 1891 3239 3480 3327">
    <p class='ocr_par' dir='ltr' id='par_1_89' title="bbox 1891 3239 3480 3327">
     <span class='ocr_line' id='line_1_89' title="bbox 1891 3239 3480 3327; baseline 0.016 -39"><span class='ocrx_word' id='word_1_687' title='bbox 1891 3252 2033 3291; x_wconf 89' lang='lat' dir='ltr'><strong>mum</strong></span> <span class='ocrx_word' id='word_1_688' title='bbox 2079 3239 2262 3308; x_wconf 91' lang='lat' dir='ltr'><strong>intrat,</strong></span> <span class='ocrx_word' id='word_1_689' title='bbox 2312 3246 2458 3313; x_wconf 90' lang='lat' dir='ltr'><strong>prior</strong></span> <span class='ocrx_word' id='word_1_690' title='bbox 2491 3245 2584 3301; x_wconf 91' lang='lat' dir='ltr'><strong>tibi</strong></span> <span class='ocrx_word' id='word_1_691' title='bbox 2634 3248 2773 3302; x_wconf 90' lang='lat' dir='ltr'><strong>dona</strong></span> <span class='ocrx_word' id='word_1_692' title='bbox 2827 3249 3105 3320; x_wconf 88' lang='lat' dir='ltr'><strong>hospitalia</strong></span> <span class='ocrx_word' id='word_1_693' title='bbox 3154 3270 3480 3327; x_wconf 77' lang='lat' dir='ltr'><strong>muneraque</strong></span> 
     </span>
    </p>
   </div>
   <div class='ocr_carea' id='block_1_90' title="bbox 1888 3328 3473 3416">
    <p class='ocr_par' dir='ltr' id='par_1_90' title="bbox 1888 3328 3473 3416">
     <span class='ocr_line' id='line_1_90' title="bbox 1888 3328 3473 3416; baseline 0.015 -34"><span class='ocrx_word' id='word_1_694' title='bbox 1888 3328 2162 3400; x_wconf 82' lang='lat' dir='ltr'><strong>largiatur,</strong></span> <span class='ocrx_word' id='word_1_695' title='bbox 2204 3351 2322 3404; x_wconf 75' lang='lat' dir='ltr'><strong>qua:</strong></span> <span class='ocrx_word' id='word_1_696' title='bbox 2347 3336 2557 3392; x_wconf 87' lang='lat' dir='ltr'><strong>divitias</strong></span> <span class='ocrx_word' id='word_1_697' title='bbox 2593 3355 2783 3395; x_wconf 92' lang='lat' dir='ltr'><strong>omnes</strong></span> <span class='ocrx_word' id='word_1_698' title='bbox 2826 3355 3173 3413; x_wconf 86' lang='lat' dir='ltr'><strong>exsuperant.</strong></span> <span class='ocrx_word' id='word_1_699' title='bbox 3221 3347 3473 3416; x_wconf 81' lang='lat' dir='ltr'><strong>Qtuenam</strong></span> 
     </span>
    </p>
   </div>
   <div class='ocr_carea' id='block_1_91' title="bbox 1884 3422 3473 3510">
    <p class='ocr_par' dir='ltr' id='par_1_91' title="bbox 1884 3422 3473 3510">
     <span class='ocr_line' id='line_1_91' title="bbox 1884 3422 3473 3510; baseline 0.013 -35"><span class='ocrx_word' id='word_1_700' title='bbox 1884 3422 1970 3476; x_wconf 85' lang='lat' dir='ltr'><strong>illa</strong></span> <span class='ocrx_word' id='word_1_701' title='bbox 1999 3438 2156 3492; x_wconf 94' lang='lat' dir='ltr'><strong>porro</strong></span> <span class='ocrx_word' id='word_1_702' title='bbox 2177 3437 2299 3480; x_wconf 91' lang='lat' dir='ltr'><strong>sunt</strong></span> <span class='ocrx_word' id='word_1_703' title='bbox 2319 3427 2341 3479; x_wconf 88' lang='lat'><strong>?</strong></span> <span class='ocrx_word' id='word_1_704' title='bbox 2364 3429 2513 3483; x_wconf 92' lang='lat' dir='ltr'><strong>Pacis</strong></span> <span class='ocrx_word' id='word_1_705' title='bbox 2539 3430 2859 3501; x_wconf 85' lang='lat' dir='ltr'><strong>largitatem.</strong></span> <span class='ocrx_word' id='word_1_706' title='bbox 2883 3435 3023 3491; x_wconf 87' lang='lat' dir='ltr'><strong>Nihil</strong></span> <span class='ocrx_word' id='word_1_707' title='bbox 3044 3436 3185 3491; x_wconf 90' lang='lat' dir='ltr'><strong>enim</strong></span> <span class='ocrx_word' id='word_1_708' title='bbox 3202 3451 3305 3505; x_wconf 91' lang='lat' dir='ltr'><strong>est,</strong></span> <span class='ocrx_word' id='word_1_709' title='bbox 3330 3442 3473 3510; x_wconf 91' lang='lat' dir='ltr'><strong>quod</strong></span> 
     </span>
    </p>
   </div>
   <div class='ocr_carea' id='block_1_92' title="bbox 1880 3516 3469 3599">
    <p class='ocr_par' dir='ltr' id='par_1_92' title="bbox 1880 3516 3469 3599">
     <span class='ocr_line' id='line_1_92' title="bbox 1880 3516 3469 3599; baseline 0.011 -33"><span class='ocrx_word' id='word_1_710' title='bbox 1880 3529 1999 3567; x_wconf 90' lang='lat' dir='ltr'><strong>cum</strong></span> <span class='ocrx_word' id='word_1_711' title='bbox 2034 3516 2117 3569; x_wconf 92' lang='lat' dir='ltr'><strong>illa</strong></span> <span class='ocrx_word' id='word_1_712' title='bbox 2150 3517 2378 3572; x_wconf 89' lang='lat' dir='ltr'><strong>conferri</strong></span> <span class='ocrx_word' id='word_1_713' title='bbox 2414 3523 2597 3589; x_wconf 85' lang='lat' dir='ltr'><strong>possit.</strong></span> <span class='ocrx_word' id='word_1_714' title='bbox 2626 3523 2781 3578; x_wconf 82' lang='lat' dir='ltr'><strong>Vides</strong></span> <span class='ocrx_word' id='word_1_715' title='bbox 2811 3535 3003 3595; x_wconf 87' lang='lat' dir='ltr'><strong>quanta</strong></span> <span class='ocrx_word' id='word_1_716' title='bbox 3037 3543 3155 3583; x_wconf 91' lang='lat' dir='ltr'><strong>enm</strong></span> <span class='ocrx_word' id='word_1_717' title='bbox 3188 3545 3347 3599; x_wconf 89' lang='lat' dir='ltr'><strong>opum</strong></span> <span class='ocrx_word' id='word_1_718' title='bbox 3387 3529 3469 3583; x_wconf 88' lang='lat' dir='ltr'><strong>af-</strong></span> 
     </span>
    </p>
   </div>
   <div class='ocr_carea' id='block_1_93' title="bbox 1879 3603 3463 3691">
    <p class='ocr_par' dir='ltr' id='par_1_93' title="bbox 1879 3603 3463 3691">
     <span class='ocr_line' id='line_1_93' title="bbox 1879 3603 3463 3691; baseline 0.013 -35"><span class='ocrx_word' id='word_1_719' title='bbox 1879 3603 2093 3660; x_wconf 86' lang='lat' dir='ltr'><strong>fluentia</strong></span> <span class='ocrx_word' id='word_1_720' title='bbox 2133 3620 2350 3664; x_wconf 89' lang='lat' dir='ltr'><strong>sanctus</strong></span> <span class='ocrx_word' id='word_1_721' title='bbox 2365 3610 2580 3666; x_wconf 91' lang='lat' dir='ltr'><strong>domum</strong></span> <span class='ocrx_word' id='word_1_722' title='bbox 2602 3614 2868 3670; x_wconf 88' lang='lat' dir='ltr'><strong>introeat?</strong></span> <span class='ocrx_word' id='word_1_723' title='bbox 2891 3616 3001 3673; x_wconf 84' lang='lat' dir='ltr'><strong>lloc</strong></span> <span class='ocrx_word' id='word_1_724' title='bbox 3017 3621 3234 3674; x_wconf 89' lang='lat' dir='ltr'><strong>verbmn</strong></span> <span class='ocrx_word' id='word_1_725' title='bbox 3249 3621 3463 3691; x_wconf 88' lang='lat' dir='ltr'><strong>quidem</strong></span> 
     </span>
    </p>
   </div>
   <div class='ocr_carea' id='block_1_94' title="bbox 1876 3697 3462 3780">
    <p class='ocr_par' dir='ltr' id='par_1_94' title="bbox 1876 3697 3462 3780">
     <span class='ocr_line' id='line_1_94' title="bbox 1876 3697 3462 3780; baseline 0.012 -31"><span class='ocrx_word' id='word_1_726' title='bbox 1876 3697 2073 3751; x_wconf 88' lang='lat' dir='ltr'><strong>nudum</strong></span> <span class='ocrx_word' id='word_1_727' title='bbox 2098 3709 2199 3763; x_wconf 84' lang='lat' dir='ltr'><strong>est,</strong></span> <span class='ocrx_word' id='word_1_728' title='bbox 2235 3710 2288 3754; x_wconf 90' lang='lat' dir='ltr'><strong>at</strong></span> <span class='ocrx_word' id='word_1_729' title='bbox 2316 3701 2642 3758; x_wconf 87' lang='lat' dir='ltr'><strong>inlinitorum</strong></span> <span class='ocrx_word' id='word_1_730' title='bbox 2678 3706 2939 3762; x_wconf 89' lang='lat' dir='ltr'><strong>bonorum</strong></span> <span class='ocrx_word' id='word_1_731' title='bbox 2965 3720 3048 3764; x_wconf 91' lang='lat' dir='ltr'><strong>est</strong></span> <span class='ocrx_word' id='word_1_732' title='bbox 3071 3714 3301 3767; x_wconf 69' lang='lat' dir='ltr'><strong>occznsio.</strong></span> <span class='ocrx_word' id='word_1_733' title='bbox 3327 3712 3462 3780; x_wconf 84' lang='lat' dir='ltr'><strong>Quid</strong></span> 
     </span>
    </p>
   </div>
   <div class='ocr_carea' id='block_1_95' title="bbox 1871 3789 3462 3872">
    <p class='ocr_par' dir='ltr' id='par_1_95' title="bbox 1871 3789 3462 3872">
     <span class='ocr_line' id='line_1_95' title="bbox 1871 3789 3462 3872; baseline 0.01 -30"><span class='ocrx_word' id='word_1_734' title='bbox 1871 3789 2012 3842; x_wconf 91' lang='lat' dir='ltr'><strong>enim</strong></span> <span class='ocrx_word' id='word_1_735' title='bbox 2040 3805 2101 3844; x_wconf 89' lang='lat' dir='ltr'><strong>ea</strong></span> <span class='ocrx_word' id='word_1_736' title='bbox 2120 3792 2279 3846; x_wconf 91' lang='lat' dir='ltr'><strong>domo</strong></span> <span class='ocrx_word' id='word_1_737' title='bbox 2301 3794 2463 3847; x_wconf 91' lang='lat' dir='ltr'><strong>tutius</strong></span> <span class='ocrx_word' id='word_1_738' title='bbox 2489 3798 2708 3865; x_wconf 89' lang='lat' dir='ltr'><strong>reperiri</strong></span> <span class='ocrx_word' id='word_1_739' title='bbox 2730 3801 2911 3868; x_wconf 88' lang='lat' dir='ltr'><strong>possit,</strong></span> <span class='ocrx_word' id='word_1_740' title='bbox 2929 3817 3047 3869; x_wconf 59' lang='lat' dir='ltr'><strong>quae</strong></span> <span class='ocrx_word' id='word_1_741' title='bbox 3068 3818 3196 3872; x_wconf 89' lang='lat' dir='ltr'><strong>pace</strong></span> <span class='ocrx_word' id='word_1_742' title='bbox 3223 3804 3462 3859; x_wconf 75' lang='lat' dir='ltr'><strong>fruatur?</strong></span> 
     </span>
    </p>
   </div>
   <div class='ocr_carea' id='block_1_96' title="bbox 1870 3883 3460 3966">
    <p class='ocr_par' dir='ltr' id='par_1_96' title="bbox 1870 3883 3460 3966">
     <span class='ocr_line' id='line_1_96' title="bbox 1870 3883 3460 3966; baseline 0.008 -27"><span class='ocrx_word' id='word_1_743' title='bbox 1870 3883 2036 3939; x_wconf 87' lang='lat' dir='ltr'><strong>Porro</strong></span> <span class='ocrx_word' id='word_1_744' title='bbox 2052 3884 2154 3940; x_wconf 91' lang='lat' dir='ltr'><strong>illis</strong></span> <span class='ocrx_word' id='word_1_745' title='bbox 2170 3903 2197 3939; x_wconf 89' lang='lat' dir='ltr'><strong>a</strong></span> <span class='ocrx_word' id='word_1_746' title='bbox 2216 3886 2405 3956; x_wconf 85' lang='lat' dir='ltr'><strong>quibus</strong></span> <span class='ocrx_word' id='word_1_747' title='bbox 2425 3890 2945 3961; x_wconf 83' lang='lat' dir='ltr'><strong>excipiuntur,sancti</strong></span> <span class='ocrx_word' id='word_1_748' title='bbox 2961 3911 3141 3964; x_wconf 88' lang='lat' dir='ltr'><strong>pacem</strong></span> <span class='ocrx_word' id='word_1_749' title='bbox 3159 3909 3460 3966; x_wconf 83' lang='lat' dir='ltr'><strong>precantur,</strong></span> 
     </span>
    </p>
   </div>
   <div class='ocr_carea' id='block_1_97' title="bbox 1869 3978 3458 4057">
    <p class='ocr_par' dir='ltr' id='par_1_97' title="bbox 1869 3978 3458 4057">
     <span class='ocr_line' id='line_1_97' title="bbox 1869 3978 3458 4057; baseline 0.009 -28"><span class='ocrx_word' id='word_1_750' title='bbox 1869 3992 1971 4029; x_wconf 91' lang='lat' dir='ltr'><strong>non</strong></span> <span class='ocrx_word' id='word_1_751' title='bbox 1981 3993 2101 4030; x_wconf 90' lang='lat' dir='ltr'><strong>cum</strong></span> <span class='ocrx_word' id='word_1_752' title='bbox 2118 3978 2342 4034; x_wconf 89' lang='lat' dir='ltr'><strong>invicem</strong></span> <span class='ocrx_word' id='word_1_753' title='bbox 2361 3984 2680 4045; x_wconf 88' lang='lat' dir='ltr'><strong>tantum,sed</strong></span> <span class='ocrx_word' id='word_1_754' title='bbox 2695 3999 2813 4038; x_wconf 89' lang='lat' dir='ltr'><strong>cum</strong></span> <span class='ocrx_word' id='word_1_755' title='bbox 2829 3986 2983 4039; x_wconf 91' lang='lat' dir='ltr'><strong>nobis</strong></span> <span class='ocrx_word' id='word_1_756' title='bbox 2998 3988 3303 4057; x_wconf 72' lang='lat' dir='ltr'><strong>ipsis.S;rpe</strong></span> <span class='ocrx_word' id='word_1_757' title='bbox 3317 4007 3458 4044; x_wconf 88' lang='lat' dir='ltr'><strong>nam-</strong></span> 
     </span>
    </p>
   </div>
   <div class='ocr_carea' id='block_1_98' title="bbox 1864 4069 3454 4145">
    <p class='ocr_par' dir='ltr' id='par_1_98' title="bbox 1864 4069 3454 4145">
     <span class='ocr_line' id='line_1_98' title="bbox 1864 4069 3454 4145; baseline 0.009 -24"><span class='ocrx_word' id='word_1_758' title='bbox 1864 4084 1968 4138; x_wconf 90' lang='lat' dir='ltr'><strong>que</strong></span> <span class='ocrx_word' id='word_1_759' title='bbox 1990 4069 2068 4136; x_wconf 86' lang='lat' dir='ltr'><strong>lit,</strong></span> <span class='ocrx_word' id='word_1_760' title='bbox 2097 4080 2151 4124; x_wconf 91' lang='lat' dir='ltr'><strong>ut</strong></span> <span class='ocrx_word' id='word_1_761' title='bbox 2176 4087 2403 4141; x_wconf 86' lang='lat' dir='ltr'><strong>pugnam</strong></span> <span class='ocrx_word' id='word_1_762' title='bbox 2426 4075 2475 4127; x_wconf 93' lang='lat' dir='ltr'><strong>in</strong></span> <span class='ocrx_word' id='word_1_763' title='bbox 2496 4076 2692 4130; x_wconf 91' lang='lat' dir='ltr'><strong>nostris</strong></span> <span class='ocrx_word' id='word_1_764' title='bbox 2707 4078 3113 4145; x_wconf 86' lang='lat' dir='ltr'><strong>cogitationibus</strong></span> <span class='ocrx_word' id='word_1_765' title='bbox 3136 4081 3454 4145; x_wconf 88' lang='lat' dir='ltr'><strong>sentiamus,</strong></span> 
     </span>
    </p>
   </div>
   <div class='ocr_carea' id='block_1_99' title="bbox 1863 4162 3446 4240">
    <p class='ocr_par' dir='ltr' id='par_1_99' title="bbox 1863 4162 3446 4240">
     <span class='ocr_line' id='line_1_99' title="bbox 1863 4162 3446 4240; baseline 0.01 -28"><span class='ocrx_word' id='word_1_766' title='bbox 1863 4169 1916 4213; x_wconf 91' lang='lat' dir='ltr'><strong>et</strong></span> <span class='ocrx_word' id='word_1_767' title='bbox 1938 4162 2152 4216; x_wconf 90' lang='lat' dir='ltr'><strong>nemine</strong></span> <span class='ocrx_word' id='word_1_768' title='bbox 2179 4163 2861 4235; x_wconf 90' lang='lat' dir='ltr'><strong>iuterpellanteturbemur,</strong></span> <span class='ocrx_word' id='word_1_769' title='bbox 2886 4171 3218 4240; x_wconf 77' lang='lat' dir='ltr'><strong>atqueiunns</strong></span> <span class='ocrx_word' id='word_1_770' title='bbox 3232 4173 3446 4228; x_wconf 86' lang='lat' dir='ltr'><strong>assidue</strong></span> 
     </span>
    </p>
   </div>
   <div class='ocr_carea' id='block_1_100' title="bbox 1862 4254 3446 4335">
    <p class='ocr_par' dir='ltr' id='par_1_100' title="bbox 1862 4254 3446 4335">
     <span class='ocr_line' id='line_1_100' title="bbox 1862 4254 3446 4335; baseline 0.01 -32"><span class='ocrx_word' id='word_1_771' title='bbox 1862 4267 2037 4319; x_wconf 80' lang='lat' dir='ltr'><strong>pravae</strong></span> <span class='ocrx_word' id='word_1_772' title='bbox 2067 4254 2382 4322; x_wconf 87' lang='lat' dir='ltr'><strong>cupiditates</strong></span> <span class='ocrx_word' id='word_1_773' title='bbox 2410 4257 2705 4326; x_wconf 88' lang='lat' dir='ltr'><strong>insurgant.</strong></span> <span class='ocrx_word' id='word_1_774' title='bbox 2740 4260 2802 4312; x_wconf 76' lang='lat' dir='ltr'><strong>Et</strong></span> <span class='ocrx_word' id='word_1_775' title='bbox 2847 4260 2986 4315; x_wconf 89' lang='lat' dir='ltr'><strong>hanc</strong></span> <span class='ocrx_word' id='word_1_776' title='bbox 3035 4261 3193 4332; x_wconf 85' lang='lat' dir='ltr'><strong>igitur</strong></span> <span class='ocrx_word' id='word_1_777' title='bbox 3219 4278 3446 4335; x_wconf 80' lang='lat' dir='ltr'><strong>pugnam</strong></span> 
     </span>
    </p>
   </div>
   <div class='ocr_carea' id='block_1_101' title="bbox 1859 4344 3443 4417">
    <p class='ocr_par' dir='ltr' id='par_1_101' title="bbox 1859 4344 3443 4417">
     <span class='ocr_line' id='line_1_101' title="bbox 1859 4344 3443 4417; baseline 0.013 -22"><span class='ocrx_word' id='word_1_778' title='bbox 1859 4344 2078 4397; x_wconf 89' lang='lat' dir='ltr'><strong>verbum</strong></span> <span class='ocrx_word' id='word_1_779' title='bbox 2108 4346 2237 4399; x_wconf 92' lang='lat' dir='ltr'><strong>illud</strong></span> <span class='ocrx_word' id='word_1_780' title='bbox 2266 4359 2572 4402; x_wconf 90' lang='lat' dir='ltr'><strong>sanctorum</strong></span> <span class='ocrx_word' id='word_1_781' title='bbox 2600 4350 2770 4417; x_wconf 84' lang='lat' dir='ltr'><strong>sedat,</strong></span> <span class='ocrx_word' id='word_1_782' title='bbox 2800 4368 2862 4407; x_wconf 90' lang='lat' dir='ltr'><strong>ac</strong></span> <span class='ocrx_word' id='word_1_783' title='bbox 2891 4355 3113 4410; x_wconf 88' lang='lat' dir='ltr'><strong>multam</strong></span> <span class='ocrx_word' id='word_1_784' title='bbox 3146 4358 3286 4413; x_wconf 92' lang='lat' dir='ltr'><strong>intus</strong></span> <span class='ocrx_word' id='word_1_785' title='bbox 3310 4371 3443 4414; x_wconf 88' lang='lat' dir='ltr'><strong>trau-</strong></span> 
     </span>
    </p>
   </div>
   <div class='ocr_carea' id='block_1_102' title="bbox 1856 4436 3442 4516">
    <p class='ocr_par' dir='ltr' id='par_1_102' title="bbox 1856 4436 3442 4516">
     <span class='ocr_line' id='line_1_102' title="bbox 1856 4436 3442 4516; baseline 0.011 -30"><span class='ocrx_word' id='word_1_786' title='bbox 1856 4436 2167 4503; x_wconf 88' lang='lat' dir='ltr'><strong>quillitalem</strong></span> <span class='ocrx_word' id='word_1_787' title='bbox 2196 4448 2364 4491; x_wconf 88' lang='lat' dir='ltr'><strong>creat.</strong></span> <span class='ocrx_word' id='word_1_788' title='bbox 2396 4439 2527 4494; x_wconf 90' lang='lat' dir='ltr'><strong>Nam</strong></span> <span class='ocrx_word' id='word_1_789' title='bbox 2568 4443 2724 4496; x_wconf 89' lang='lat' dir='ltr'><strong>simul</strong></span> <span class='ocrx_word' id='word_1_790' title='bbox 2754 4453 2915 4514; x_wconf 87' lang='lat' dir='ltr'><strong>atque</strong></span> <span class='ocrx_word' id='word_1_791' title='bbox 2947 4447 3194 4516; x_wconf 88' lang='lat' dir='ltr'><strong>loquutus</strong></span> <span class='ocrx_word' id='word_1_792' title='bbox 3219 4458 3303 4505; x_wconf 90' lang='lat' dir='ltr'><strong>est</strong></span> <span class='ocrx_word' id='word_1_793' title='bbox 3332 4453 3442 4513; x_wconf 80' lang='lat' dir='ltr'><strong>ille,</strong></span> 
     </span>
    </p>
   </div>
   <div class='ocr_carea' id='block_1_103' title="bbox 1852 4526 3443 4605">
    <p class='ocr_par' dir='ltr' id='par_1_103' title="bbox 1852 4526 3443 4605">
     <span class='ocr_line' id='line_1_103' title="bbox 1852 4526 3443 4605; baseline 0.015 -28"><span class='ocrx_word' id='word_1_794' title='bbox 1852 4526 2114 4581; x_wconf 88' lang='lat' dir='ltr'><strong>diabolica</strong></span> <span class='ocrx_word' id='word_1_795' title='bbox 2144 4538 2333 4583; x_wconf 91' lang='lat' dir='ltr'><strong>cuncta</strong></span> <span class='ocrx_word' id='word_1_796' title='bbox 2361 4532 2633 4601; x_wconf 87' lang='lat' dir='ltr'><strong>cogitatio,</strong></span> <span class='ocrx_word' id='word_1_797' title='bbox 2689 4550 3017 4605; x_wconf 85' lang='lat' dir='ltr'><strong>pravumque</strong></span> <span class='ocrx_word' id='word_1_798' title='bbox 3062 4540 3344 4595; x_wconf 88' lang='lat' dir='ltr'><strong>consilium</strong></span> <span class='ocrx_word' id='word_1_799' title='bbox 3378 4558 3443 4602; x_wconf 76' lang='lat' dir='ltr'><strong>ex</strong></span> 
     </span>
    </p>
   </div>
   <div class='ocr_carea' id='block_1_104' title="bbox 1849 4620 3439 4703">
    <p class='ocr_par' dir='ltr' id='par_1_104' title="bbox 1849 4620 3439 4703">
     <span class='ocr_line' id='line_1_104' title="bbox 1849 4620 3439 4703; baseline 0.011 -32"><span class='ocrx_word' id='word_1_800' title='bbox 1849 4620 2029 4673; x_wconf 88' lang='lat' dir='ltr'><strong>animo</strong></span> <span class='ocrx_word' id='word_1_801' title='bbox 2080 4631 2263 4674; x_wconf 91' lang='lat' dir='ltr'><strong>nostro</strong></span> <span class='ocrx_word' id='word_1_802' title='bbox 2292 4624 2739 4696; x_wconf 77' lang='lat' dir='ltr'><strong>exsulatzitaque</strong></span> <span class='ocrx_word' id='word_1_803' title='bbox 2791 4628 2990 4697; x_wconf 90' lang='lat' dir='ltr'><strong>majora</strong></span> <span class='ocrx_word' id='word_1_804' title='bbox 3042 4630 3233 4700; x_wconf 87' lang='lat' dir='ltr'><strong>recipis</strong></span> <span class='ocrx_word' id='word_1_805' title='bbox 3277 4649 3439 4703; x_wconf 90' lang='lat' dir='ltr'><strong>quam</strong></span> 
     </span>
    </p>
   </div>
   <div class='ocr_carea' id='block_1_105' title="bbox 1851 4712 3436 4793">
    <p class='ocr_par' dir='ltr' id='par_1_105' title="bbox 1851 4712 3436 4793">
     <span class='ocr_line' id='line_1_105' title="bbox 1851 4712 3436 4793; baseline 0.01 -29"><span class='ocrx_word' id='word_1_806' title='bbox 1851 4712 2113 4782; x_wconf 87' lang='lat' dir='ltr'><strong>largiaris.</strong></span> <span class='ocrx_word' id='word_1_807' title='bbox 2146 4713 2277 4768; x_wconf 83' lang='lat' dir='ltr'><strong>Etsi</strong></span> <span class='ocrx_word' id='word_1_808' title='bbox 2302 4716 2504 4785; x_wconf 87' lang='lat' dir='ltr'><strong>quidem</strong></span> <span class='ocrx_word' id='word_1_809' title='bbox 2534 4734 2639 4783; x_wconf 84' lang='lat' dir='ltr'><strong>vos,</strong></span> <span class='ocrx_word' id='word_1_810' title='bbox 2694 4720 2881 4790; x_wconf 92' lang='lat' dir='ltr'><strong>inquit,</strong></span> <span class='ocrx_word' id='word_1_811' title='bbox 2928 4726 3225 4793; x_wconf 86' lang='lat' dir='ltr'><strong>receperint,</strong></span> <span class='ocrx_word' id='word_1_812' title='bbox 3272 4728 3436 4780; x_wconf 83' lang='lat' dir='ltr'><strong>venint</strong></span> 
     </span>
    </p>
   </div>
   <div class='ocr_carea' id='block_1_106' title="bbox 1848 4806 3431 4888">
    <p class='ocr_par' dir='ltr' id='par_1_106' title="bbox 1848 4806 3431 4888">
     <span class='ocr_line' id='line_1_106' title="bbox 1848 4806 3431 4888; baseline 0.01 -33"><span class='ocrx_word' id='word_1_813' title='bbox 1848 4819 1950 4870; x_wconf 75' lang='lat' dir='ltr'><strong>pax</strong></span> <span class='ocrx_word' id='word_1_814' title='bbox 1964 4820 2116 4871; x_wconf 83' lang='lat' dir='ltr'><strong>super</strong></span> <span class='ocrx_word' id='word_1_815' title='bbox 2158 4806 2272 4859; x_wconf 88' lang='lat' dir='ltr'><strong>illos</strong></span> <span class='ocrx_word' id='word_1_816' title='bbox 2297 4822 2315 4859; x_wconf 89' lang='lat'><strong><em>:</em></strong></span> <span class='ocrx_word' id='word_1_817' title='bbox 2346 4808 2389 4860; x_wconf 89' lang='lat' dir='ltr'><strong>si</strong></span> <span class='ocrx_word' id='word_1_818' title='bbox 2418 4824 2533 4861; x_wconf 89' lang='lat' dir='ltr'><strong>vero</strong></span> <span class='ocrx_word' id='word_1_819' title='bbox 2560 4826 2660 4863; x_wconf 85' lang='lat' dir='ltr'><strong>non</strong></span> <span class='ocrx_word' id='word_1_820' title='bbox 2686 4814 2981 4882; x_wconf 86' lang='lat' dir='ltr'><strong>receperint,</strong></span> <span class='ocrx_word' id='word_1_821' title='bbox 3013 4817 3228 4869; x_wconf 75' lang='lat' dir='ltr'><strong>excutite</strong></span> <span class='ocrx_word' id='word_1_822' title='bbox 3264 4819 3431 4888; x_wconf 82' lang='lat' dir='ltr'><strong>pulve-</strong></span> 
     </span>
    </p>
   </div>
   <div class='ocr_carea' id='block_1_107' title="bbox 1843 4896 3429 4973">
    <p class='ocr_par' dir='ltr' id='par_1_107' title="bbox 1843 4896 3429 4973">
     <span class='ocr_line' id='line_1_107' title="bbox 1843 4896 3429 4973; baseline 0.012 -27"><span class='ocrx_word' id='word_1_823' title='bbox 1843 4911 1947 4947; x_wconf 81' lang='lat' dir='ltr'><strong>rem</strong></span> <span class='ocrx_word' id='word_1_824' title='bbox 1972 4896 2156 4960; x_wconf 84' lang='lat' dir='ltr'><strong>pedum</strong></span> <span class='ocrx_word' id='word_1_825' title='bbox 2185 4906 2479 4952; x_wconf 84' lang='lat' dir='ltr'><strong>vestrorum.</strong></span> <span class='ocrx_word' id='word_1_826' title='bbox 2511 4902 2667 4954; x_wconf 84' lang='lat' dir='ltr'><strong>Amen</strong></span> <span class='ocrx_word' id='word_1_827' title='bbox 2685 4904 2797 4957; x_wconf 83' lang='lat' dir='ltr'><strong>dico</strong></span> <span class='ocrx_word' id='word_1_828' title='bbox 2823 4907 2980 4973; x_wconf 79' lang='lat' dir='ltr'><strong>vobis,</strong></span> <span class='ocrx_word' id='word_1_829' title='bbox 3005 4909 3311 4964; x_wconf 79' lang='lat' dir='ltr'><strong>tolerabilius</strong></span> <span class='ocrx_word' id='word_1_830' title='bbox 3337 4912 3429 4965; x_wconf 88' lang='lat' dir='ltr'><strong>erit</strong></span> 
     </span>
    </p>
   </div>
   <div class='ocr_carea' id='block_1_108' title="bbox 1841 4985 3430 5070">
    <p class='ocr_par' dir='ltr' id='par_1_108' title="bbox 1841 4985 3430 5070">
     <span class='ocr_line' id='line_1_108' title="bbox 1841 4985 3430 5070; baseline 0.014 -35"><span class='ocrx_word' id='word_1_831' title='bbox 1841 4995 1988 5039; x_wconf 73' lang='lat' dir='ltr'><strong>terra:</strong></span> <span class='ocrx_word' id='word_1_832' title='bbox 2028 4985 2367 5040; x_wconf 87' lang='lat' dir='ltr'><strong>Sodomorum</strong></span> <span class='ocrx_word' id='word_1_833' title='bbox 2402 4999 2445 5043; x_wconf 86' lang='lat' dir='ltr'><strong>et</strong></span> <span class='ocrx_word' id='word_1_834' title='bbox 2476 4990 2772 5048; x_wconf 69' lang='lat' dir='ltr'><strong>Gomorr/za.’</strong></span> <span class='ocrx_word' id='word_1_835' title='bbox 2798 4996 2849 5049; x_wconf 84' lang='lat' dir='ltr'><strong>in</strong></span> <span class='ocrx_word' id='word_1_836' title='bbox 2875 4997 2957 5051; x_wconf 82' lang='lat' dir='ltr'><strong>die</strong></span> <span class='ocrx_word' id='word_1_837' title='bbox 2996 4999 3107 5066; x_wconf 81' lang='lat' dir='ltr'><strong>illa,</strong></span> <span class='ocrx_word' id='word_1_838' title='bbox 3158 5018 3309 5070; x_wconf 87' lang='lat' dir='ltr'><strong>quam</strong></span> <span class='ocrx_word' id='word_1_839' title='bbox 3354 5005 3430 5057; x_wconf 85' lang='lat' dir='ltr'><strong>illi</strong></span> 
     </span>
    </p>
   </div>
   <div class='ocr_carea' id='block_1_109' title="bbox 1839 5079 3423 5167">
    <p class='ocr_par' dir='ltr' id='par_1_109' title="bbox 1839 5079 3423 5167">
     <span class='ocr_line' id='line_1_109' title="bbox 1839 5079 3423 5167; baseline 0.015 -38"><span class='ocrx_word' id='word_1_840' title='bbox 1839 5079 2025 5131; x_wconf 81' lang='lat' dir='ltr'><strong>civitati</strong></span> <span class='ocrx_word' id='word_1_841' title='bbox 2053 5080 2072 5149; x_wconf 83' lang='lat'><strong>(</strong></span> <span class='ocrx_word' id='word_1_842' title='bbox 2101 5079 2287 5133; x_wconf 79' lang='lat' dir='ltr'><strong>.llattlt.</strong></span> <span class='ocrx_word' id='word_1_843' title='bbox 2338 5083 2422 5138; x_wconf 90' lang='lat' dir='ltr'><strong>l0.</strong></span> <span class='ocrx_word' id='word_1_844' title='bbox 2473 5085 2659 5141; x_wconf 78' lang='grc'><strong>15-15</strong></span> <span class='ocrx_word' id='word_1_845' title='bbox 2688 5088 2727 5157; x_wconf 84' lang='grc'><strong>).</strong></span> <span class='ocrx_word' id='word_1_846' title='bbox 2762 5088 2922 5144; x_wconf 82' lang='lat' dir='ltr'><strong>Vides</strong></span> <span class='ocrx_word' id='word_1_847' title='bbox 2951 5104 3203 5161; x_wconf 90' lang='lat' dir='ltr'><strong>quantum</strong></span> <span class='ocrx_word' id='word_1_848' title='bbox 3248 5096 3423 5167; x_wconf 86' lang='lat' dir='ltr'><strong>ignem</strong></span> 
     </span>
    </p>
   </div>
   <div class='ocr_carea' id='block_1_110' title="bbox 1835 5170 3423 5243">
    <p class='ocr_par' dir='ltr' id='par_1_110' title="bbox 1835 5170 3423 5243">
     <span class='ocr_line' id='line_1_110' title="bbox 1835 5170 3423 5243; baseline 0.013 -19"><span class='ocrx_word' id='word_1_849' title='bbox 1835 5170 2073 5238; x_wconf 76' lang='lat' dir='ltr'><strong>despecti</strong></span> <span class='ocrx_word' id='word_1_850' title='bbox 2118 5174 2280 5240; x_wconf 87' lang='lat' dir='ltr'><strong>pedes</strong></span> <span class='ocrx_word' id='word_1_851' title='bbox 2310 5187 2616 5230; x_wconf 88' lang='lat' dir='ltr'><strong>sanctorum</strong></span> <span class='ocrx_word' id='word_1_852' title='bbox 2663 5182 3003 5237; x_wconf 88' lang='lat' dir='ltr'><strong>accmuulcnt</strong></span> <span class='ocrx_word' id='word_1_853' title='bbox 3031 5195 3083 5238; x_wconf 93' lang='lat' dir='ltr'><strong>et</strong></span> <span class='ocrx_word' id='word_1_854' title='bbox 3110 5190 3423 5243; x_wconf 76' lang='lat' dir='ltr'><strong>attrahunt?</strong></span> 
     </span>
    </p>
   </div>
   <div class='ocr_carea' id='block_1_111' title="bbox 1832 5260 3422 5335">
    <p class='ocr_par' dir='ltr' id='par_1_111' title="bbox 1832 5260 3422 5335">
     <span class='ocr_line' id='line_1_111' title="bbox 1832 5260 3422 5335; baseline 0.013 -21"><span class='ocrx_word' id='word_1_855' title='bbox 1832 5260 2118 5331; x_wconf 86' lang='lat' dir='ltr'><strong>Propterea</strong></span> <span class='ocrx_word' id='word_1_856' title='bbox 2164 5264 2338 5333; x_wconf 89' lang='lat' dir='ltr'><strong>jubet,</strong></span> <span class='ocrx_word' id='word_1_857' title='bbox 2364 5276 2422 5320; x_wconf 89' lang='lat' dir='ltr'><strong>ut</strong></span> <span class='ocrx_word' id='word_1_858' title='bbox 2464 5284 2559 5323; x_wconf 82' lang='lat' dir='ltr'><strong>eos</strong></span> <span class='ocrx_word' id='word_1_859' title='bbox 2582 5269 2837 5335; x_wconf 87' lang='lat' dir='ltr'><strong>lavemus,</strong></span> <span class='ocrx_word' id='word_1_860' title='bbox 2879 5285 2935 5327; x_wconf 92' lang='lat' dir='ltr'><strong>ut</strong></span> <span class='ocrx_word' id='word_1_861' title='bbox 2963 5292 3083 5329; x_wconf 89' lang='lat' dir='ltr'><strong>cum</strong></span> <span class='ocrx_word' id='word_1_862' title='bbox 3115 5293 3209 5334; x_wconf 91' lang='lat' dir='ltr'><strong>eos</strong></span> <span class='ocrx_word' id='word_1_863' title='bbox 3237 5290 3422 5335; x_wconf 86' lang='lat' dir='ltr'><strong>nostro</strong></span> 
     </span>
    </p>
   </div>
   <div class='ocr_carea' id='block_1_112' title="bbox 134 5312 1719 5402">
    <p class='ocr_par' dir='ltr' id='par_1_112' title="bbox 134 5312 1719 5402">
     <span class='ocr_line' id='line_1_112' title="bbox 134 5312 1719 5402; baseline 0.026 -42"><span class='ocrx_word' id='word_1_864' title='bbox 134 5320 186 5361; x_wconf 78' lang='lat' dir='ltr'><strong>rt</strong></span> <span class='ocrx_word' id='word_1_865' title='bbox 217 5312 563 5382; x_wconf 86' lang='lat' dir='ltr'><strong>ignominiam</strong></span> <span class='ocrx_word' id='word_1_866' title='bbox 618 5324 668 5376; x_wconf 96' lang='lat' dir='ltr'><strong>id</strong></span> <span class='ocrx_word' id='word_1_867' title='bbox 707 5329 847 5395; x_wconf 89' lang='lat' dir='ltr'><strong>quod</strong></span> <span class='ocrx_word' id='word_1_868' title='bbox 879 5328 1120 5386; x_wconf 86' lang='lat' dir='ltr'><strong>Christus</strong></span> <span class='ocrx_word' id='word_1_869' title='bbox 1149 5336 1351 5402; x_wconf 86' lang='lat' dir='ltr'><strong>fecerit,</strong></span> <span class='ocrx_word' id='word_1_870' title='bbox 1381 5312 1719 5401; x_wconf 61' lang='lat' dir='ltr'><strong>arbitremur.</strong></span> 
     </span>
    </p>
   </div>
   <div class='ocr_carea' id='block_1_113' title="bbox 132 5403 1719 5504">
    <p class='ocr_par' dir='ltr' id='par_1_113' title="bbox 132 5403 1719 5504">
     <span class='ocr_line' id='line_1_113' title="bbox 132 5403 1719 5504; baseline 0.026 -50"><span class='ocrx_word' id='word_1_871' title='bbox 132 5403 287 5459; x_wconf 67' lang='lat' dir='ltr'><strong>Multa</strong></span> <span class='ocrx_word' id='word_1_872' title='bbox 322 5423 544 5476; x_wconf 88' lang='lat' dir='ltr'><strong>possunt</strong></span> <span class='ocrx_word' id='word_1_873' title='bbox 571 5415 788 5471; x_wconf 90' lang='lat' dir='ltr'><strong>domum</strong></span> <span class='ocrx_word' id='word_1_874' title='bbox 818 5421 1144 5479; x_wconf 87' lang='lat' dir='ltr'><strong>introeuntcs</strong></span> <span class='ocrx_word' id='word_1_875' title='bbox 1173 5442 1474 5487; x_wconf 90' lang='lat' dir='ltr'><strong>sanctorum</strong></span> <span class='ocrx_word' id='word_1_876' title='bbox 1512 5439 1674 5504; x_wconf 87' lang='lat' dir='ltr'><strong>pedes</strong></span> <span class='ocrx_word' id='word_1_877' title='bbox 1705 5459 1719 5495; x_wconf 88' lang='lat'><strong>:</strong></span> 
     </span>
    </p>
   </div>
   <div class='ocr_carea' id='block_1_114' title="bbox 130 5500 1719 5587">
    <p class='ocr_par' dir='ltr' id='par_1_114' title="bbox 130 5500 1719 5587">
     <span class='ocr_line' id='line_1_114' title="bbox 130 5500 1719 5587; baseline 0.022 -34"><span class='ocrx_word' id='word_1_878' title='bbox 130 5500 491 5561; x_wconf 72' lang='lat' dir='ltr'><strong>pavimentum</strong></span> <span class='ocrx_word' id='word_1_879' title='bbox 535 5506 706 5575; x_wconf 84' lang='lat' dir='ltr'><strong>ipsum</strong></span> <span class='ocrx_word' id='word_1_880' title='bbox 747 5514 1097 5581; x_wconf 82' lang='lat' dir='ltr'><strong>sanetilicaut,</strong></span> <span class='ocrx_word' id='word_1_881' title='bbox 1150 5521 1548 5583; x_wconf 89' lang='lat' dir='ltr'><strong>innumerorum</strong></span> <span class='ocrx_word' id='word_1_882' title='bbox 1597 5533 1719 5587; x_wconf 82' lang='lat' dir='ltr'><strong>the-</strong></span> 
     </span>
    </p>
   </div>
   <div class='ocr_carea' id='block_1_115' title="bbox 127 5592 1716 5677">
    <p class='ocr_par' dir='ltr' id='par_1_115' title="bbox 127 5592 1716 5677">
     <span class='ocr_line' id='line_1_115' title="bbox 127 5592 1716 5677; baseline 0.021 -33"><span class='ocrx_word' id='word_1_883' title='bbox 127 5605 354 5645; x_wconf 88' lang='lat' dir='ltr'><strong>saurum</strong></span> <span class='ocrx_word' id='word_1_884' title='bbox 391 5592 651 5652; x_wconf 87' lang='lat' dir='ltr'><strong>bonorum</strong></span> <span class='ocrx_word' id='word_1_885' title='bbox 698 5601 987 5659; x_wconf 85' lang='lat' dir='ltr'><strong>invehunt:</strong></span> <span class='ocrx_word' id='word_1_886' title='bbox 1022 5612 1311 5666; x_wconf 89' lang='lat' dir='ltr'><strong>mutilatam</strong></span> <span class='ocrx_word' id='word_1_887' title='bbox 1367 5629 1606 5674; x_wconf 90' lang='lat' dir='ltr'><strong>naturam</strong></span> <span class='ocrx_word' id='word_1_888' title='bbox 1638 5624 1716 5677; x_wconf 87' lang='lat' dir='ltr'><strong>in-</strong></span> 
     </span>
    </p>
   </div>
   <div class='ocr_carea' id='block_1_116' title="bbox 127 5684 1708 5774">
    <p class='ocr_par' dir='ltr' id='par_1_116' title="bbox 127 5684 1708 5774">
     <span class='ocr_line' id='line_1_116' title="bbox 127 5684 1708 5774; baseline 0.025 -41"><span class='ocrx_word' id='word_1_889' title='bbox 127 5684 381 5735; x_wconf 81' lang='lat' dir='ltr'><strong>staurant</strong></span> <span class='ocrx_word' id='word_1_890' title='bbox 444 5686 637 5747; x_wconf 82' lang='lat' dir='ltr'><strong>famem</strong></span> <span class='ocrx_word' id='word_1_891' title='bbox 673 5695 891 5762; x_wconf 88' lang='lat' dir='ltr'><strong>pellunt,</strong></span> <span class='ocrx_word' id='word_1_892' title='bbox 932 5702 1126 5755; x_wconf 77' lang='lat' dir='ltr'><strong>multas</strong></span> <span class='ocrx_word' id='word_1_893' title='bbox 1174 5721 1303 5774; x_wconf 87' lang='lat' dir='ltr'><strong>opes</strong></span> <span class='ocrx_word' id='word_1_894' title='bbox 1336 5709 1605 5768; x_wconf 89' lang='lat' dir='ltr'><strong>inducunt.</strong></span> <span class='ocrx_word' id='word_1_895' title='bbox 1635 5716 1708 5772; x_wconf 83' lang='lat' dir='ltr'><strong>lla</strong></span> 
     </span>
    </p>
   </div>
   <div class='ocr_carea' id='block_1_117' title="bbox 1832 5356 3415 5439">
    <p class='ocr_par' dir='ltr' id='par_1_117' title="bbox 1832 5356 3415 5439">
     <span class='ocr_line' id='line_1_117' title="bbox 1832 5356 3415 5439; baseline 0.013 -32"><span class='ocrx_word' id='word_1_896' title='bbox 1832 5356 2125 5410; x_wconf 88' lang='lat' dir='ltr'><strong>ministerio</strong></span> <span class='ocrx_word' id='word_1_897' title='bbox 2167 5361 2554 5427; x_wconf 88' lang='lat' dir='ltr'><strong>curaverimus,</strong></span> <span class='ocrx_word' id='word_1_898' title='bbox 2607 5365 2827 5420; x_wconf 89' lang='lat' dir='ltr'><strong>multam</strong></span> <span class='ocrx_word' id='word_1_899' title='bbox 2862 5366 3015 5421; x_wconf 87' lang='lat' dir='ltr'><strong>nobis</strong></span> <span class='ocrx_word' id='word_1_900' title='bbox 3069 5374 3207 5439; x_wconf 87' lang='lat' dir='ltr'><strong>apud</strong></span> <span class='ocrx_word' id='word_1_901' title='bbox 3251 5374 3415 5427; x_wconf 89' lang='lat' dir='ltr'><strong>Deum</strong></span> 
     </span>
    </p>
   </div>
   <div class='ocr_carea' id='block_1_118' title="bbox 1827 5448 3414 5523">
    <p class='ocr_par' dir='ltr' id='par_1_118' title="bbox 1827 5448 3414 5523">
     <span class='ocr_line' id='line_1_118' title="bbox 1827 5448 3414 5523; baseline 0.013 -24"><span class='ocrx_word' id='word_1_902' title='bbox 1827 5448 2114 5502; x_wconf 91' lang='lat' dir='ltr'><strong>concilient</strong></span> <span class='ocrx_word' id='word_1_903' title='bbox 2149 5452 2368 5518; x_wconf 86' lang='lat' dir='ltr'><strong>gratiam</strong></span> <span class='ocrx_word' id='word_1_904' title='bbox 2401 5469 2414 5504; x_wconf 92' lang='lat'>:</span> <span class='ocrx_word' id='word_1_905' title='bbox 2447 5454 2712 5523; x_wconf 88' lang='lat' dir='ltr'><strong>simulque</strong></span> <span class='ocrx_word' id='word_1_906' title='bbox 2741 5472 2838 5511; x_wconf 89' lang='lat' dir='ltr'><strong>nos</strong></span> <span class='ocrx_word' id='word_1_907' title='bbox 2867 5460 2989 5513; x_wconf 86' lang='lat' dir='ltr'><strong>illud</strong></span> <span class='ocrx_word' id='word_1_908' title='bbox 3032 5461 3133 5518; x_wconf 86' lang='lat' dir='ltr'><strong>hac</strong></span> <span class='ocrx_word' id='word_1_909' title='bbox 3168 5465 3414 5519; x_wconf 88' lang='lat' dir='ltr'><strong>admoni-</strong></span> 
     </span>
    </p>
   </div>
   <div class='ocr_carea' id='block_1_119' title="bbox 1825 5538 3412 5623">
    <p class='ocr_par' dir='ltr' id='par_1_119' title="bbox 1825 5538 3412 5623">
     <span class='ocr_line' id='line_1_119' title="bbox 1825 5538 3412 5623; baseline 0.014 -33"><span class='ocrx_word' id='word_1_910' title='bbox 1825 5538 1967 5592; x_wconf 91' lang='lat' dir='ltr'><strong>tione</strong></span> <span class='ocrx_word' id='word_1_911' title='bbox 1997 5538 2175 5602; x_wconf 86' lang='lat' dir='ltr'><strong>docet.</strong></span> <span class='ocrx_word' id='word_1_912' title='bbox 2197 5551 2254 5595; x_wconf 93' lang='lat' dir='ltr'><strong>ut</strong></span> <span class='ocrx_word' id='word_1_913' title='bbox 2283 5543 2656 5615; x_wconf 88' lang='lat' dir='ltr'><strong>hospitalitatis</strong></span> <span class='ocrx_word' id='word_1_914' title='bbox 2676 5563 2838 5617; x_wconf 89' lang='lat' dir='ltr'><strong>opera</strong></span> <span class='ocrx_word' id='word_1_915' title='bbox 2871 5566 2964 5619; x_wconf 87' lang='lat' dir='ltr'><strong>per</strong></span> <span class='ocrx_word' id='word_1_916' title='bbox 2992 5569 3088 5605; x_wconf 85' lang='lat' dir='ltr'><strong>nos</strong></span> <span class='ocrx_word' id='word_1_917' title='bbox 3112 5555 3208 5623; x_wconf 89' lang='lat' dir='ltr'><strong>ipsi</strong></span> <span class='ocrx_word' id='word_1_918' title='bbox 3235 5559 3412 5612; x_wconf 85' lang='lat' dir='ltr'><strong>omnia</strong></span> 
     </span>
    </p>
   </div>
   <div class='ocr_carea' id='block_1_120' title="bbox 1822 5633 3401 5714">
    <p class='ocr_par' dir='ltr' id='par_1_120' title="bbox 1822 5633 3401 5714">
     <span class='ocr_line' id='line_1_120' title="bbox 1822 5633 3401 5714; baseline 0.01 -32"><span class='ocrx_word' id='word_1_919' title='bbox 1822 5644 2185 5686; x_wconf 84' lang='lat' dir='ltr'><strong>exerceamus.</strong></span> <span class='ocrx_word' id='word_1_920' title='bbox 2211 5633 2426 5689; x_wconf 89' lang='lat' dir='ltr'><strong>Imitare</strong></span> <span class='ocrx_word' id='word_1_921' title='bbox 2454 5637 2840 5705; x_wconf 78' lang='lat' dir='ltr'><strong>Abrahamum,</strong></span> <span class='ocrx_word' id='word_1_922' title='bbox 2863 5641 2966 5694; x_wconf 87' lang='lat' dir='ltr'><strong>lilia</strong></span> <span class='ocrx_word' id='word_1_923' title='bbox 2999 5643 3140 5697; x_wconf 88' lang='lat' dir='ltr'><strong>illius</strong></span> <span class='ocrx_word' id='word_1_924' title='bbox 3170 5645 3283 5703; x_wconf 88' lang='lat' dir='ltr'><strong>tias.</strong></span> <span class='ocrx_word' id='word_1_925' title='bbox 3312 5649 3401 5714; x_wconf 90' lang='lat' dir='ltr'><strong>qui</strong></span> 
     </span>
    </p>
   </div>
   <div class='ocr_carea' id='block_1_121' title="bbox 1819 5724 3406 5822">
    <p class='ocr_par' dir='ltr' id='par_1_121' title="bbox 1819 5724 3406 5822">
     <span class='ocr_line' id='line_1_121' title="bbox 1819 5724 3406 5822; baseline 0.012 -44"><span class='ocrx_word' id='word_1_926' title='bbox 1819 5732 2087 5808; x_wconf 70' lang='lat' dir='ltr'><strong>trecentos</strong></span> <span class='ocrx_word' id='word_1_927' title='bbox 2112 5724 2294 5779; x_wconf 88' lang='lat' dir='ltr'><strong>decem</strong></span> <span class='ocrx_word' id='word_1_928' title='bbox 2324 5737 2375 5780; x_wconf 86' lang='lat' dir='ltr'><strong>et</strong></span> <span class='ocrx_word' id='word_1_929' title='bbox 2402 5738 2523 5785; x_wconf 89' lang='lat' dir='ltr'><strong>octo</strong></span> <span class='ocrx_word' id='word_1_930' title='bbox 2538 5733 2852 5805; x_wconf 87' lang='lat' dir='ltr'><strong>vernaculos</strong></span> <span class='ocrx_word' id='word_1_931' title='bbox 2872 5750 2991 5790; x_wconf 81' lang='lat' dir='ltr'><strong>cum</strong></span> <span class='ocrx_word' id='word_1_932' title='bbox 3026 5734 3264 5803; x_wconf 85' lang='lat' dir='ltr'><strong>haberet,</strong></span> <span class='ocrx_word' id='word_1_933' title='bbox 3293 5740 3406 5822; x_wconf 73' lang='lat' dir='ltr'><strong>ipse</strong></span> 
     </span>
    </p>
   </div>
  </div>
