4020 6370
539 461 610 518 57
1235 459 1290 514 s.
1332 406 1616 518 ioANNIS
1653 461 2496 526 CHRYSOSTOMI'ARCHIEP.
2533 456 3078 532 CONSTANTINOP.

505 573 584 644 τῷ
633 573 892 645 δ;ομένῳ.
922 573 1083 646 Ὁρᾷς
1119 574 1388 649 τέσσαρας
1424 577 1604 641 αίτίας
1654 577 1956 648 δυναμένας
2003 577 2098 633 καὶ

506 666 597 718 τὸν
631 666 776 720 λίθον
809 667 992 732 αὑτὸν,
1012 669 1103 722 καὶ
1131 663 1222 722 τὸν
1246 669 1590 740 μικρολόγον,
1615 671 1711 725 καὶ
1739 672 1831 725 τὸν
1854 689 2098 741 τετυφω-

509 760 691 831 μένον,
717 762 812 816 καὶ
844 763 935 815 τὸν
967 761 1191 832 ἀνηλεῆ,
1229 764 1323 816 καὶ
1348 763 1440 816 τὸν
1469 763 1810 832 νωθρότατον
1841 762 2096 818 ἁπάντων

507 852 812 924 ἀνθρώπων
833 854 1219 926 διαναστῆσαι;
1248 855 1343 919 Τίς
1364 853 1456 909 οὖν
1491 855 1642 909 ἔσται
1664 856 1960 928 συγγνώμη
1982 859 2097 921 τοῖς

510 945 652 1015 μετά
679 946 952 1017 τοσαύτην
991 947 1313 1015 παραίνεσιν
1344 947 1439 1000 καὶ
1475 947 1787 1018 συμϐουλὴν
1829 947 1938 1001 τῶν
1981 947 2098 1001 δεο-

512 1037 688 1107 μένων
735 1040 1108 1111 ύπερορῶσιν;
1153 1038 1307 1093 Εἴπω
1345 1039 1408 1111 δὴ
1454 1040 1546 1093 καὶ
1582 1040 1767 1112 ἕτερον
1803 1039 1939 1112 πρὸς
1981 1040 2100 1093 τού-

505 1147 621 1192 τοις
641 1149 654 1162 ·
687 1133 1035 1186 ἀκουέτωσαν
1059 1134 1108 1186 οί
1140 1133 1502 1203 μεμυημένοι.
1535 1132 1730 1196 Αὐτὸς,
1761 1135 1886 1186 ὅταν
1913 1131 2008 1204 δέῃ
2037 1149 2096 1185 σε

507 1221 724 1293 θρέψαι,
755 1224 874 1278 οὐδὲ
915 1225 1015 1296 τῆς
1060 1225 1262 1297 σαρκὸς
1293 1223 1533 1293 φείδεται
1568 1223 1669 1294 τῆς
1706 1223 1900 1278 ἑαυτοῦ
1922 1242 1934 1254 ·
1968 1224 2097 1278 ὅταν

504 1313 602 1388 δέῃ
636 1333 693 1368 σε
730 1316 970 1381 ποτίσαι,
1001 1317 1123 1370 οῦδὲ
1145 1315 1240 1369 τοῦ
1263 1316 1497 1386 αἵματος
1535 1315 1797 1384 φείδεται,
1825 1316 1946 1370 οὐδὲ
1976 1315 2099 1386 φθο-

505 1409 620 1459 νεῖ·
676 1407 742 1461 σὺ
783 1407 841 1461 δὲ
885 1409 1008 1462 οὐδὲ
1063 1409 1228 1479 ἄρτου
1277 1407 1594 1478 μεταδίδως,
1629 1407 1751 1461 οὐδὲ
1796 1409 2095 1480 ποτηρίου;

505 1497 618 1552 Καὶ
647 1499 808 1552 ποίαν
842 1498 983 1563 ἕξεις
1024 1498 1354 1570 συγγνώμην
1387 1498 1614 1553 τοιαῦτα
1652 1499 1967 1569 λαμϐάνων,
2005 1503 2097 1555 καὶ

503 1591 647 1645 οὕτω
687 1592 866 1663 τίμια,
900 1593 993 1646 καὶ
1033 1593 1142 1646 τῶν
1183 1593 1419 1646 εὐτελῶν
1459 1593 1812 1662 φειδόμενοςς
1847 1595 1990 1666 Ὅρα
2021 1597 2096 1668 μὴ

503 1683 765 1748 πολλάκις
799 1685 1115 1755 φειδόμενος
1157 1685 1236 1756 τῷ
1281 1685 1503 1758 Χριστῷ
1539 1684 1722 1738 δοῦναι
1758 1686 1850 1738 ἐπὶ
1891 1687 2093 1756 κέρδει.

500 1776 607 1847 δῷς
648 1777 742 1830 ἐπὶ
782 1777 954 1848 βλάϐῃ
1002 1776 1081 1848 τῷ
1129 1777 1575 1846 διαϐόλῳ.”ὐταν
1621 1777 1732 1848 γάρ
1773 1779 1970 1848 πένησι
2021 1779 2095 1850 μὴ

498 1867 700 1938 δῶμεν,
742 1870 1108 1938 συκοφάνταις
1155 1869 1436 1940 διδόαμεν·
1469 1869 1700 1922 κλέπται
1739 1869 2020 1934 πολλάκις,
2054 1870 2085 1940 ἢ

497 1961 596 2012 καὶ
633 1959 841 2011 οἰκέται
876 1959 1177 2031 κακοῦργοι
1220 1959 1587 2030 λαμϐάνοντες
1624 1959 1887 2030 ἀπῆλθον,
1929 1961 1962 2030 ῆ
1995 1961 2088 2015 καὶ

508 2052 695 2124 ἕτεραι
732 2054 1075 2125 πραγμάτων
1116 2051 1487 2123 περιστάσεις.
1521 2053 1631 2106 Καὶ¹
1663 2053 1836 2106 ταῦτα
1871 2052 1928 2104 δὲ
1957 2054 2088 2106 ὅταν

495 2142 849 2214 διαφύγωμεν
895 2143 1132 2208 ἅπαντα,
1164 2143 1394 2208 θάνατος
1447 2144 1690 2198 ἐπελθὼν
1729 2145 1935 2215 γυμνόν
1976 2146 2086 2198 ἀπ-

495 2236 829 2308 ήγαγεν.⁶ἰν’
869 2232 963 2290 οῦν
995 2235 1070 2307 μὴ
1102 2236 1275 2289 ταῦτα
1310 2237 1554 2306 γίνηται,
1587 2236 1953 2308 προλαϐόντες
1984 2236 2087 2289 δῶ-

497 2344 599 2398 μεν
631 2327 871 2380 αίτοῦντι
900 2327 977 2399 τῷ
1006 2327 1250 2398 Χριστῷ,
1286 2329 1382 2380 καὶ
1407 2330 1487 2392 είς
1513 2327 1606 2381 τὸν
1637 2327 1837 2382 ἄσυλον
1868 2326 2089 2382 ἀποθώ-

497 2418 636 2488 μεθα
665 2418 960 2491 θησαυρὸν,
1000 2420 1087 2472 ἵνα
1123 2419 1218 2472 καὶ
1246 2419 1383 2490 ὑπὲρ
1415 2419 1514 2488 τῆς
1551 2420 1800 2490 φυλακῆς
1830 2421 1924 2473 καὶ
1951 2421 2090 2490 ὑπὲρ

491 2507 592 2578 τῆς
644 2509 905 2579 προσόδου
955 2508 1272 2580 θαρρῶμεν.
1309 2510 1382 2561 Ού
1427 2511 1536 2579 γὰρ
1586 2511 1836 2581 διατηρεῖ
1889 2510 2086 2580 μόνον,

492 2599 637 2670 ἅπερ
683 2600 863 2664 ἔλαϐε,
897 2601 1038 2672 μετά
1082 2601 1408 2676 ἀκριϐείας·
1451 2601 1590 2656 ἀλλά
1647 2603 1786 2672 μετά
1844 2602 2092 2665 πλείονος

526 2843 898 2876 ξπ
903 2851 1148 2881 ἠ’-’.⁵⁵η

3667 451 3799 510 538'

2200 576 2342 631 αύτά
2372 577 2664 632 ἀποδίδωσί
2695 595 2777 630 σοι
2807 578 2906 648 τῆς
2936 575 3254 648 προσθήκης
3281 559 3462 630 πάλιν.
3497 575 3588 648 Μή
3607 576 3793 630 τοίνυν

2199 669 2510 741 νομίζωμεν
2541 672 2672 741 ἡμῖν
2707 669 3059 723 ἐλαττοῦσθαι
3092 669 3193 741 τὴν
3230 669 3442 735 οὐσίαν,
3468 669 3599 722 ὅταν
3637 668 3791 738 ἐλεη-

2205 761 2441 832 μοσύνην
2470 761 2820 834 παρέχωμεν.
2854 762 2926 814 Ub
2954 761 3063 831 γὰρ
3107 760 3444 825 ἐλαττοῦται,
3485 761 3600 813 ἀλλ’
3625 760 3783 824 αὔξει

2198 871 2289 907 ται
2315 869 2329 882 ·
2362 855 2422 907 ού
2444 853 2770 917 δαπανᾶται,
2807 853 2942 907 ἀλλά
2971 853 3278 918 πλεονάζει,
3301 856 3396 906 καὶ
3429 854 3790 925 πραγματεία

2197 947 2283 1011 τίς
2313 950 2426 1001 ἐστι
2462 948 2555 1000 καὶ
2591 949 2790 1018 σπόρος
2832 947 2892 1000 τὸ
2939 948 3220 1018 γινόμενον
3245 966 3258 978 ·
3289 946 3485 1017 μᾶλλον
3516 947 3573 1000 δὲ
3601 949 3789 1018 ἀμφοι

2198 1039 2371 1109 τέρων
2413 1039 2618 1094 τούτων
2663 1037 3098 1111 κερδαλεώτερον
3144 1039 3238 1091 καὶ
3278 1037 3788 1108 ἀσφαλέστερον.’11

2202 1131 2301 1201 μὲν
2329 1131 2438 1202 γὰρ
2472 1131 2709 1202 ἐμπορία
2735 1131 2828 1184 καὶ
2853 1131 3123 1198 πνεύμασι
3149 1131 3241 1182 καὶ
3271 1129 3477 1200 κύμασι
3510 1129 3789 1198 Θαλάσσης

2201 1223 2485 1277 ὑπόκειται
2522 1224 2617 1276 καὶ
2653 1222 2931 1292 ναυαγίοις
2977 1223 3210 1288 πολλοῖς,
3249 1223 3342 1276 καὶ
3380 1221 3450 1274 τά
3494 1222 3791 1292 σπέρματα

2200 1318 2294 1370 καί¹
2346 1318 2577 1388 αὐχμοῖς
2626 1317 2722 1370 καὶ
2777 1317 3106 1388 ὲπομϐρίαις
3172 1317 3268 1369 καὶ
3329 1316 3545 1387 ἑτέραις
3605 1316 3791 1386 ἀέρων

2198 1408 2539 1479 ἀνωμαλίαις
2559 1425 2572 1436 ·
2603 1407 2673 1461 τὰ
2698 1408 2754 1461 δὲ
2790 1409 2870 1471 εἰς
2903 1409 3003 1478 τὴν
3043 1411 3201 1478 χεῖρα
3229 1407 3320 1460 τοῦ
3347 1404 3586 1478 Χριστοῦ
3624 1423 3801 1458 κατα-

2201 1500 2506 1571 ϐαλλόμενα
2523 1501 2780 1572 χρήματα
2810 1499 3061 1571 ἀνώτερα
3094 1500 3277 1570 πάσης
3299 1500 3444 1552 ἐστὶν
3471 1496 3788 1566 ἐπιϐουλῆς.

2200 1592 2388 1655 Οὐδεὶς
2422 1591 2646 1646 δύναται
2677 1591 2943 1663 ἁρπάζειν
2975 1594 3040 1645 ἐκ
3072 1593 3175 1663 τῆς
3201 1591 3381 1662 χειρὸς
3407 1589 3501 1642 τοῦ
3530 1589 3796 1651 λαϐόντος

2199 1684 2268 1737 τὰ
2290 1684 2512 1738 δοθέντα
2539 1685 2713 1752 ἅπαξ·
2740 1684 2877 1738 ἀλλὰ
2911 1685 3059 1756 μένει
3087 1684 3254 1737 πολὺν
3280 1684 3414 1754 ἡμῖν
3457 1682 3549 1736 καὶ
3578 1681 3799 1750 ἄφατον

2199 1776 2546 1848 ἐργαζόμενα
2589 1776 2679 1830 τὸν
2723 1776 2958 1848 καρπὸν,
2999 1777 3093 1830 καὶ
3132 1775 3224 1829 τὸν
3262 1777 3471 1846 ἄμητον
3503 1776 3561 1826 ἐν
3605 1773 3801 1842 καιρῷ

2194 1867 2433 1938 φέροντα
2485 1866 2764 1921 πλούσιον.
2801 1869 2854 1920 Ὀ
2901 1868 3166 1934 σπειξρων
3213 1866 3322 1936 γὰρ
3376 1863 3798 1934 φειδομένως,

2193 1960 2353 2028 φησὶ,
2377 1957 2743 2027 φειδομένως
2771 1959 2866 2012 καί
2910 1960 3134 2026 θερίσει
3156 1975 3168 1989 ·
3208 1957 3305 2011 καὶ
3332 1961 3366 2011 ό
3387 1957 3648 2024 σπείρων
3690 1956 3799 2010 ἐπ’

2189 2049 2514 2118 εὐλογίαις,
2556 2049 2650 2101 ἐπ’
2680 2049 2985 2119 εὐλογίαις
3028 2049 3127 2102 καί
3180 2049 3422 2117 θερίσει.
3461 2047 3800 2118 Σπείρωμεν

2190 2139 2366 2194 τοίνυν
2405 2139 2543 2210 μετά
2570 2139 2868 2209 δαψιλείας,
2896 2141 2981 2193 ίνα
3013 2142 3104 2193 καὶ
3140 2139 3285 2194 οὕτω
3330 2141 3655 2211 θερίσωμεν,
3689 2141 3798 2193 καὶ

2189 2233 2286 2304 τῆς
2316 2232 2536 2285 αἰωνίου
2565 2231 2711 2303 ζωῆς
2751 2231 3154 2303 ἀπολαύσωμεν
3174 2248 3190 2263 ·
3220 2229 3286 2304 ἧς
3321 2233 3536 2301 γένοιτο
3574 2233 3798 2295 πάντας

2187 2326 2336 2395 ἡμᾶς
2359 2327 2656 2395 ἐπιτυχεῖν,
2697 2325 2883 2396 χάριτι
2909 2325 3003 2378 καὶ
3031 2325 3412 2395 φιλανθρωπίᾳ
3443 2324 3538 2378 τοῦ
3571 2327 3797 2396 Κυρίου

2188 2415 2346 2487 ήμῶν
2393 2417 2570 2488 Ἰησοῦ
2600 2417 2861 2490 Χριστοῦ,
2887 2418 3006 2487 μεθ’
3029 2413 3090 2473 οὗ
3119 2418 3196 2489 τῷ
3225 2419 3401 2490 Πατρὶ
3426 2419 3613 2490 σὺν»τῷ
3634 2421 3798 2491 ἁγίῳ

2189 2510 2464 2580 ΙΙνεύματι
2502 2510 2650 2574 δόξα,
2688 2511 2912 2582 κράτος,
2948 2511 3103 2582 τιμὴ,
3138 2511 3233 2565 νῦν
3281 2511 3374 2566 καὶ
3405 2511 3512 2574 ἀεὶ,
3555 2513 3650 2565 καὶ
3704 2515 3797 2575 εἰς

2187 2603 2319 2666 τοὺς
2340 2603 2544 2666 αἰῶνας
2573 2601 2684 2657 τῶν
2709 2601 2946 2659 αἰώνων.
2963 2604 3157 2675 Ἀμήν.

2635 2867 3122 2878 mm...”

1956 3080 2308 3142 MONITUM

577 3280 725 3336 Nihil
755 3283 827 3338 de
847 3291 1086 3354 tempore
1116 3287 1198 3342 vel
1220 3287 1288 3342 de
1315 3303 1461 3344 anno
1491 3289 1655 3360 hujus
1696 3292 1892 3348 habita:
1937 3294 2220 3350 concionis
2264 3295 2554 3350 dicendum
2600 3299 2918 3352 succurrit:
2955 3298 3088 3352 nihil
3142 3298 3282 3368 signi
3331 3277 3588 3370 supiictit,
3638 3317 3769 3370 quo

504 3407 627 3448 eam
654 3394 739 3450 vel
769 3396 1072 3453 Antiochiae
1093 3399 1172 3453 vel
1200 3399 1671 3472 Constantinopoli
1703 3405 1902 3460 dictam
1928 3408 2388 3464 internoscamus.
2418 3409 2532 3465 Hoc
2558 3426 2728 3465 unum
2752 3421 2902 3467 certo
2932 3427 2986 3467 et
3016 3413 3320 3477 ἀκινδύνως
3346 3414 3526 3468 dicere
3558 3430 3761 3483 possu-

505 3527 650 3576 mus,
678 3528 799 3569 esse
835 3514 977 3569 illam
1008 3516 1297 3586 genuinam
1327 3528 1380 3573 et
1406 3519 1798 3594 Chrysostomo
1829 3521 2233 3594 dignissimam.
2264 3521 2365 3580 Hic
2398 3524 2743 3595 propositum
2774 3525 3054 3581 cernimus
3084 3537 3470 3598 argumentum
3499 3543 3530 3581 a
3563 3525 3620 3580 S.
3649 3527 3760 3582 doc

1553 3851 1702 3925 [528]
1744 3865 1916 3951 ΕΙΣ
1971 3866 2200 3952 ΤοΝ
2255 3862 2603 3953 ΗΛΙΑΝ

1389 4047 1500 4100 Kal
1527 4050 1616 4116 εἰς
1653 4047 1767 4117 τὴν
1797 4049 2016 4119 χήραν,
2060 4050 2160 4105 καί
2198 4051 2332 4121 περὶ
2363 4053 2808 4125 ἐλεημοσύνης.

555 4315 626 4367 α’.
656 4309 746 4365 Ἑν
774 4311 1142 4384 ταῖςήμέραις
1171 4307 1260 4378 αἷς
1280 4313 1644 4386 ἐνηστεύομεν
1673 4316 1933 4382 ἅπαντες,
1953 4321 2080 4384 τοὺς

485 4396 618 4466 περὶ
645 4396 745 4464 τῆς
771 4395 1148 4466 ἐλεημοσύνης
1174 4396 1434 4461 πολλάκις
1463 4397 1718 4469 ἐλόμενος
1738 4401 1958 4471 κινῆσαι
1986 4402 2075 4456 λό-

484 4494 615 4545 γους
637 4517 653 4541 ,
694 4477 1065 4551 ἐξεκρουόμην
1085 4522 1100 4542 ,
1130 4480 1231 4550 τῆς
1271 4481 1511 4551 ἑσπέρας
1544 4482 2074 4556 καταλαμϐανούσης

485 4561 580 4614 καὶ
617 4559 714 4614 τοῦ
744 4561 906 4630 λόγου
937 4561 1340 4634 διακοπτούσης
1369 4566 1500 4636 ἡμῖν
1527 4564 1619 4619 τὸν
1651 4565 1871 4636 δρόμον.
1902 4567 2076 4621 Τοῦτο

486 4644 544 4697 δέ
570 4645 806 4712 ἐγένετο,
841 4645 935 4698 τοῦ
974 4645 1109 4699 Θεοῦ
1139 4647 1280 4717 τάχα
1315 4647 1702 4718 συμφερόντως
1728 4649 2072 4721 οἰκονομοῦν-

486 4745 597 4792 τος,
634 4729 886 4799 καὶπρὸς
913 4727 1011 4800 τὴν
1044 4730 1326 4800 παροῦσαν
1350 4732 1568 4804 ἡμέραν
1595 4733 1693 4804 τὴν
1717 4735 2073 4804 περὶτούτων

485 4813 870 4885 ύπερτιθέντος
896 4814 1243 4886 παραίνεσιν·
1270 4816 1358 4869 ἵνα
1389 4817 1464 4886 μὴ
1492 4817 1634 4870 κατά
1655 4817 1752 4888 τὴν
1777 4819 2073 4888 ἐκκλησίαν

483 4899 829 4972 διῃρημένων
863 4898 1037 4970 ὑμῶν,
1080 4898 1253 4964 οὕτως
1283 4902 1316 4971 ἡ
1355 4901 1456 4972 τῆς
1486 4900 1859 4974 έλεημοσύνης
1888 4920 2072 4974 παρα-

481 4983 612 5054 τέθῃ
654 4983 903 5054 τράπεζα
955 4983 1228 5055 σήμερον·
1288 4984 1390 5037 οὐκ
1446 4985 1633 5056 ἐπειδὴ
1673 4985 1818 5055 μέγα
1865 5005 1919 5040 τι
1977 4988 2072 5040 καὶ

481 5068 726 5132 γενναῖον
768 5069 933 5138 ἡμεῖς
981 5066 1178 5138 ἔχομεν
1225 5067 1422 5131 εἰπεῖν,
1455 5067 1573 5122 ἀλλ’
1619 5069 1805 5140 ἐπειδὴ
1859 5071 2069 5141 μεγάλη

477 5151 573 5203 καὶ
608 5151 837 5218 γενναία
865 5153 964 5222 τῆς
997 5152 1368 5225 ἐλεημοσύνης
1396 5155 1429 5223 ἡ
1463 5152 1712 5225 δύναμις.
1753 5154 1930 5227 Πολλὴ
1959 5156 2070 5228 γὰρ

476 5231 572 5285 τοῦ
601 5234 924 5306 πράγματος
955 5237 989 5306 ἡ
1018 5236 1304 5308 παρρησία
1330 5238 1470 5308 πρὸς
1507 5239 1600 5291 τὸν
1641 5239 1775 5294 Θεόν
1796 5256 1808 5270 ·
1843 5242 1938 5293 καὶ
1978 5259 2070 5294 κα.

475 5314 654 5386 θάπερ
694 5333 778 5379 τις
827 5317 1187 5386 βασιλεύουσα
1239 5321 1338 5390 τῆς
1383 5321 1506 5375 καθ’
1561 5324 1712 5392 ἡμᾶς
1769 5323 2064 5390 πολιτείας,

475 5398 620 5452 οὕτω
650 5401 791 5471 μετά
821 5401 1008 5465 ἀδείας
1033 5403 1237 5474 πολλῆς
1269 5404 1379 5457 τῶν
1410 5407 1678 5476 οὐρανίων
1704 5406 1912 5476 ἀψίδων
1945 5410 2066 5460 ἐπι-

474 5482 683 5536 ϐαίνειν
713 5483 900 5538 εἴωθε·
935 5487 1030 5538 καὶ
1063 5487 1121 5538 αἰ
1149 5487 1248 5552 τὰς
1275 5487 1449 5552 πύλας
1487 5488 1593 5542 τῶν
1617 5489 1864 5559 οὐρανῶν
1902 5493 2063 5559 ἐγκε-

473 5569 816 5639 χειρισμέναι
844 5568 1106 5640 δυνάμεις
1126 5613 1141 5636 ,
1167 5572 1234 5624 ἂν
1265 5573 1363 5642 μὲν
1389 5573 1538 5626 ἴδωσι
1563 5573 1661 5645 τὴν
1688 5573 2062 5646 ἐλεημοσύνην

474 5650 883 5715 ἐπιϐαίνουσαν,
905 5653 1045 5723 μετὰ
1066 5655 1270 5726 πολλῆς
1297 5658 1396 5728 τῆς
1420 5658 1585 5728 τιμῆς
1607 5658 1700 5711 καὶ
1722 5661 1843 5721 ταῖς
1867 5658 2061 5723 ἄλλαις

472 5729 540 5814 δι’
569 5733 736 5805 αὐτὴν
766 5735 866 5798 τὰς
900 5736 1077 5800 πύλας
1114 5738 1330 5803 ἐκείνας
1361 5741 1668 5810 ἀνοίγουσιν
1703 5742 1959 5814 ἀρεταῖς·
1991 5743 2059 5797 ἂν

473 5813 530 5898 δὴ
572 5818 745 5898 χωρὶς
791 5819 893 5890 τῆς
939 5821 1316 5892 ἐλεημοσύνης
1369 5824 1519 5878 ἴδωσι
1575 5813 2056 5898 παραγενομένας,

472 5895 817 5955 ἀποκλείουσι
867 5902 964 5968 τὰς
1005 5903 1175 5977 θύρας
1227 5906 1437 5971 αὐταῖς.
1484 5909 1596 5964 Καὶ
1638 5895 1795 5965 τοῦτο
1838 5895 1901 5964 ἐκ
1945 5911 2056 5967 τῶν

2188 4320 2474 4394 παρθένων
2523 4321 2682 4393 δῆλον
2743 4321 2991 4388 ἐκείνων,
3039 4325 3095 4378 αἳ
3139 4325 3226 4378 διὰ
3262 4324 3421 4380 τοῦτο
3473 4329 3574 4398 τῆς
3624 4332 3798 4404 ἱερᾶς

2187 4405 2459 4470 παστάδος
2501 4405 2943 4476 ἀπεκλείσθησαν
2964 4448 2979 4473 ,
3009 4409 3196 4480 ἐπειδὴ
3231 4409 3478 4480 διηνεκὲς
3507 4411 3694 4467 ἔλαιον
3729 4421 3796 4471 ἐν

2181 4492 2304 4554 ταῖς
2342 4489 2624 4557 λαμπάσιν
2653 4492 2755 4544 οὐκ
2783 4487 2950 4562 εἶχον.
2989 4494 3100 4547 Καὶ
3149 4495 3341 4548 σκόπει
3387 4513 3477 4566 μοι
3523 4497 3624 4568 τὴν
3663 4500 3796 4554 δια-

2183 4571 2378 4643 φοράν.
2415 4572 2783 4644 Ἐλεημοσύνη
2810 4576 2909 4646 μὲν
2934 4577 3103 4647 χωρὶς
3128 4578 3427 4649 παρθενίας
3447 4582 3576 4645 τοὺς
3601 4585 3796 4655 αὐτῆς

2182 4655 2482 4726 τροφίμους
2525 4658 2606 4719 είς
2653 4657 2750 4712 τὸν
2797 4659 3025 4728 οὐρανὸν
3071 4662 3368 4734 εἰσήγαγε·
3402 4666 3680 4735 παρθενία
3727 4671 3794 4724 δὲ

2180 4740 2350 4826 χωρὶς
2375 4740 2748 4826 ἐλεημοσύνης
2781 4745 2890 4826 οὐκ
2926 4745 3164 4816 ἴσχυσεν.
3211 4748 3364 4800 Ἐπεὶ
3406 4745 3504 4802 οῦν
3536 4753 3791 4826 τοσαύτη

2177 4822 2272 4875 τοῦ
2305 4823 2631 4894 πράγματος
2665 4826 2699 4896 ἡ
2731 4825 2979 4898 δύναμις,
3017 4828 3156 4898 μετὰ
3186 4830 3367 4901 πάσης
3397 4833 3642 4905 σπουδῆς
3683 4822 3795 4891 καί

2175 4907 2301 4970 τοὺς
2349 4908 2479 4974 περὶ
2525 4909 2698 4978 αὐτῆς
2748 4910 3035 4983 δεχώμεθα
3088 4913 3305 4982 λόγους.
3353 4916 3389 4966 Γ
3393 4915 3572 4971 ένοιτο
3613 4919 3661 4972 δ’
3714 4921 3795 4975 ἂν

2175 4991 2376 5062 ἀρίστη
2417 4993 2512 5046 καὶ
2544 4993 2810 5065 σύντομος
2843 4998 2938 5051 τοῦ
2980 4997 3308 5069 πράγματος
3341 5001 3372 5071 ή
3423 5004 3790 5075 παραίνεσις,

2173 5076 2221 5128 εί
2252 5077 2390 5147 πρὸς
2426 5077 2524 5148 τήν
2550 5078 2729 5149 χήραν
2780 5079 2927 5149 ὑμᾶς
2956 5082 3231 5150 ἀπαγάγοι
3243 5101 3343 5154 μεν
3379 5086 3477 5156 τήν
3512 5089 3573 5139 ἐν
3602 5090 3792 5160 Σαρε-

2174 5160 2328 5227 φθοῖς
2353 5161 2456 5229 τῆς
2490 5161 2740 5225 Σιδῶνος.
2771 5163 2892 5217 Τῶν
2920 5165 3032 5237 γὰρ
3067 5165 3248 5236 λόγοις
3283 5169 3791 5238 συμϐουλευόντων

2171 5244 2220 5294 οί
2260 5243 2349 5297 διὰ
2394 5244 2504 5296 τῶν
2543 5245 2719 5316 ἔργων
2753 5247 3108 5314 παιδεύοντες
3161 5250 3598 5326 ἀξιοπιστότεροι
3633 5256 3791 5313 διδά.

2172 5326 2624 5411 σκαλοιλγίνονται
2646 5347 2660 5360 ·
2691 5329 2772 5383 διὸ
2799 5332 2895 5384 καὶ
2928 5333 2960 5402 ἡ
2984 5333 3131 5404 χήρα
3156 5335 3353 5406 ἀρίστη
3377 5337 3470 5390 τοῦ
3505 5339 3791 5411 πράγμα-

2169 5427 2261 5495 τος
2292 5409 2486 5495 τούτου
2516 5412 2714 5479 γένοιτ’
2755 5413 2823 5466 ἂν
2853 5416 2988 5486 ἡμῖν
3018 5417 3363 5482 διδάσκαλος.
3420 5421 3616 5490 Ἡμεῖς
3665 5409 3792 5495 μὲν

2168 5493 2276 5564 γὰρ
2327 5493 2471 5564 λόγῳ
2508 5495 2917 5568 παραινοῦμεν·
2955 5499 3139 5573 ἐκείνη
3180 5501 3240 5555 δὲ
3287 5502 3378 5556 διὰ
3420 5504 3533 5557 τῶν
3583 5493 3789 5578 ἔργων

2167 5578 2308 5648 ὑμᾶς
2364 5579 2648 5633 παιδεῦσαι
2694 5580 3007 5653 δυνήσεται,
3057 5585 3158 5656 τὴν
3207 5587 3513 5658 ὁμότροπον
3560 5590 3787 5660 ἔχουσα

2166 5660 2287 5731 μεθ’
2317 5662 2489 5732 αὐτῆς
2525 5665 2989 5737 συνεζευγμένην.
3036 5668 3140 5722 Δύο
3180 5671 3289 5742 γάρ
3328 5674 3466 5725 εἰσιν
3509 5667 3675 5728 αὗται
3719 5682 3783 5730 αἱ

2162 5744 2330 5815 χῆραι
2354 5759 2366 5772 ·
2409 5747 2507 5817 μία
2533 5748 2632 5818 μὲν
2661 5749 2720 5801 ὲν
2749 5753 2815 5821 τῇ
2847 5750 3052 5822 Καινῇ,
3078 5754 3111 5822 ή
3148 5753 3220 5806 τὰ
3249 5753 3342 5808 δύο
3373 5754 3551 5810 λεπτά
3590 5775 3783 5815 κατα-

2162 5827 2425 5910 ϐαλοῦσα,
2455 5829 2552 5900 μία
2569 5831 2701 5884 δὲέν
2718 5835 2783 5904 τῇ
2805 5833 3037 5906 Παλαιᾷ,
3067 5837 3099 5906 ή
3123 5837 3214 5890 τὺν
3243 5840 3532 5910 προφήτην
3560 5843 3776 5897 61:055-

2162 5909 2355 5976 ξασθαι
2369 5913 2787 5980 καταξιωθεῖσα·
2804 5917 2898 5974 καὶ
2915 5919 3386 5995 ἀμφότεραι[529]
3401 5909 3539 5994 πρὸς
3550 5924 3646 5996 τὴν
3665 5928 3782 5981 αὖ.
