4020 6370
276 399 380 453 537

273 513 475 569 Saltem
526 514 686 584 igitur
736 513 807 569 ob
854 529 1040 568 eorum
1087 514 1388 577 bonorum,
1430 530 1547 582 qua:
1609 515 1868 584 promissa

273 615 399 656 sunt
429 646 443 668 ,
494 604 917 673 magnitudinem
967 619 1138 674 egeno
1184 604 1383 674 praebe.
1441 603 1600 659 Vides
1643 614 1872 674 quatuor

273 710 486 759 causas,
505 711 626 765 qua:
648 704 867 765 possent
887 695 969 749 vel
997 693 1226 765 lapidem
1255 696 1450 765 ipsum,
1474 704 1529 751 et
1551 711 1792 759 avarum,
1818 704 1875 750 et

275 798 622 851 excatcatum,
653 795 707 841 et
730 786 1206 841 immisericordem
1240 786 1530 855 hominem,
1554 798 1608 841 ct
1631 787 1869 842 omnium

276 879 702 945 stupidissimum
731 878 1002 933 excitare?
1031 878 1201 944 Quam
1234 879 1392 949 igitttr
1415 880 1623 933 veniam
1655 894 1874 948 sperare

279 979 564 1033 Doterunt,
596 971 684 1040 qui
718 979 838 1039 post
888 980 1087 1025 tantam
1135 970 1557 1025 cobortationem
1600 980 1654 1025 et
1699 972 1875 1025 COllSi-

276 1059 405 1115 lium
453 1077 652 1131 egenos
697 1061 1036 1131 despicient?
1093 1061 1274 1114 Dicam
1327 1073 1383 1115 et
1423 1062 1564 1117 aliud
1616 1074 1873 1131 praeterea

276 1153 533 1223 quiddam
564 1171 578 1207 :
608 1154 826 1209 audiant
875 1155 965 1224 qui
1009 1154 1282 1225 mysteriis
1330 1163 1455 1208 sunt
1498 1155 1711 1208 initiati.
1739 1154 1870 1208 Cum

275 1247 347 1299 ali
374 1254 427 1300 te
465 1261 601 1315 opus
633 1247 822 1313 fuerit,
853 1262 923 1301 ne
948 1247 1095 1301 carui
1121 1247 1337 1317 quidem
1371 1262 1482 1301 sua:
1512 1248 1677 1316 parcit
1711 1247 1823 1316 ipse
1856 1265 1869 1300 :

278 1356 403 1395 eum
438 1341 529 1395 tibi
555 1350 734 1410 potum
761 1340 875 1395 dari
901 1356 1035 1410 opus
1074 1339 1261 1405 fuerit,
1295 1356 1363 1393 ne
1389 1340 1628 1410 sanguini
1659 1340 1871 1409 quidem

275 1449 378 1487 suo
402 1435 590 1502 parcit,
621 1449 719 1487 nec
744 1435 893 1488 illum
926 1434 1127 1489 invidet
1153 1453 1165 1488 :
1198 1443 1249 1488 tu
1282 1450 1411 1488 vero
1442 1450 1508 1488 ne
1539 1450 1728 1502 pauent
1757 1435 1877 1503 qui-

273 1527 733 1595 dem’impertis,
775 1544 875 1582 nec
917 1528 1176 1582 calicem?
1201 1528 1369 1596 Quam
1411 1529 1620 1582 tandem
1666 1530 1872 1583 veniam

275 1618 581 1681 obtinebis,
615 1619 703 1688 qui
750 1627 828 1672 tot
868 1619 1023 1673 bonis
1059 1628 1165 1673 tam
1197 1622 1444 1690 pretiosis
1481 1621 1734 1690 acceptis,
1765 1630 1871 1675 tant

276 1710 481 1765 vilibus
515 1710 739 1779 parcas?
772 1711 905 1765 Vide
935 1728 1001 1767 ne
1033 1711 1342 1783 frequenter
1377 1728 1497 1767 cum
1528 1713 1740 1768 Christo
1772 1715 1877 1767 lare

274 1801 383 1871 giri
411 1801 476 1854 ad
513 1803 716 1855 lucrum
766 1804 1096 1858 recusaveris
1121 1846 1133 1867 ,
1164 1804 1230 1858 ad
1255 1804 1507 1859 damnum
1540 1807 1750 1860 diabolo
1775 1808 1876 1860 lar-

274 1893 461 1960 giaris.
492 1894 629 1947 Cum
652 1895 793 1949 enim
826 1896 1146 1965 pauperibus
1176 1906 1280 1951 non
1324 1897 1544 1963 demus,
1576 1899 1876 1966 impustori-

278 1985 384 2037 bus
427 1983 615 2038 damus
666 2002 681 2036 :
735 1986 877 2041 fures
922 1988 1234 2056 plerumque
1286 1989 1370 2042 vel
1412 1989 1639 2044 malefici
1697 1989 1873 2043 famuli

275 2075 609 2143 abripientes
635 2074 865 2141 abeunt,
895 2077 978 2130 vel
1006 2077 1165 2131 etiam
1198 2078 1393 2147 aliquis
1421 2079 1556 2133 alius
1584 2095 1760 2133 rerum
1787 2095 1876 2133 ca-

278 2180 377 2219 Stts
430 2165 620 2220 aufert.
682 2165 747 2220 Et
802 2183 930 2222 vero
974 2179 1249 2238 postquam
1320 2170 1435 2225 hzec
1500 2172 1875 2227 evitaverimus

278 2258 484 2321 omnia,
517 2273 661 2311 mors
698 2258 1060 2314 interveniens
1090 2261 1288 2316 dudum
1317 2262 1561 2318 abducet.
1593 2264 1669 2318 Ne
1718 2265 1876 2334 igitur

280 2349 471 2402 isthmc
513 2350 795 2413 eveniant,
826 2352 972 2420 prius
998 2352 1212 2407 Christo
1242 2354 1441 2422 petenti
1472 2355 1793 2424 largiamur,
1821 2366 1876 2411 et

280 2442 338 2491 in
372 2440 620 2494 thesauro
658 2441 816 2494 nullis
856 2443 1194 2511 prmdonibus
1236 2445 1473 2499 obnoxio
1516 2461 1871 2516 reponamus,

280 2542 344 2585 ut
379 2542 432 2585 et
468 2530 535 2586 de
575 2533 815 2587 custodia
845 2543 900 2588 et
943 2534 1011 2590 de
1055 2547 1313 2604 proventu
1359 2536 1709 2593 confidamus.
1760 2538 1876 2592 Non

318 2762 3131 2787 m

311 2780 3087 2805 ww

1494 401 1558 456 IN
1598 401 1860 459 HELIAM
1900 402 1991 459 ΕΤ
2031 402 2311 460 νιυυΑςΜ.

3462 400 3565 456 558

1975 520 2119 575 enim
2150 518 2320 572 solum
2348 532 2469 587 quae
2508 518 2715 589 accepit
2733 560 2748 586 ,
2779 516 3061 588 diligenter
3086 522 3323 571 asservat
3346 556 3361 582 ,
3389 513 3482 569 sed
3510 523 3567 568 et

1978 608 2167 677 majori
2196 609 2290 661 tibi
2319 624 2507 665 rursus
2544 625 2665 664 cum
2693 613 3001 664 accessione
3028 607 3277 663 restituit.
3304 605 3382 662 Ne
3408 606 3567 675 igitur

1978 699 2218 753 imminui
2250 700 2403 754 nobis
2428 700 2707 755 facultates
2741 700 3061 755 arbitremur
3081 741 3093 764 ,
3123 715 3244 754 cum
3269 698 3561 768 eleemosy-

1978 808 2100 845 nam
2141 808 2449 862 erogantus.
2467 793 2583 847 Non
2612 794 2755 849 enim
2780 794 3109 857 minuuntur,
3139 792 3233 848 sed
3261 802 3522 861 augentur
3552 806 3566 853 ;

1977 897 2082 936 non
2128 884 2514 948 absumuntur,
2563 883 2655 938 sed
2697 884 3151 953 multiplicantur,
3184 892 3239 935 et
3281 882 3568 951 negotiatio

1977 975 2223 1043 quaedam
2248 989 2335 1029 res
2361 975 2469 1029 ista,
2498 985 2554 1030 et
2580 978 2837 1030 sementis
2869 987 2948 1029 est
2979 994 2992 1028 :
3028 976 3107 1030 vel
3139 975 3314 1044 potius
3340 984 3565 1042 utroque

1978 1066 2198 1119 istorum
2230 1069 2583 1134 quaestuosius
2611 1068 2861 1136 quiddam
2901 1077 2955 1121 et
2997 1068 3180 1121 tutius.
3209 1066 3340 1121 Nam
3372 1081 3566 1120 merea.

1980 1167 2092 1209 lurn
2118 1158 2330 1226 quidem
2370 1160 2543 1212 ventis
2571 1175 2631 1213 ac
2674 1159 2921 1214 fluctibus
2950 1159 3241 1228 multisque
3279 1158 3563 1227 naufragiit

1978 1259 2061 1302 est
2106 1250 2370 1313 obnoxia,
2405 1251 2638 1320 itemque
2679 1252 2882 1305 semina
2914 1252 3244 1305 siccitatibus
3272 1251 3443 1318 aeris,
3471 1251 3573 1304 im-

1978 1341 2190 1407 bribus,
2234 1345 2549 1415 eaeterisque
2580 1345 2790 1411 injuriis
2828 1355 2881 1399 et
2911 1346 3355 1415 inmqualitatibus
3384 1346 3522 1400 aeris
3552 1361 3565 1397 :

1978 1448 2097 1502 qua:
2128 1450 2252 1487 vero
2294 1434 2344 1487 in
2374 1450 2561 1489 manus
2595 1434 2791 1490 Christi
2826 1439 3178 1491 conferuntur
3208 1437 3467 1505 pecuniae,
3499 1434 3569 1488 ab

1982 1525 2190 1579 insidiis
2215 1526 2462 1581 omnibus
2493 1536 2617 1581 sunt
2645 1528 2933 1581 immunes.
2956 1526 3126 1582 Nemo
3164 1542 3353 1596 rapere
3392 1536 3571 1596 potest

1979 1616 2047 1671 de
2088 1633 2245 1672 manu
2286 1619 2436 1687 ejus,
2466 1635 2587 1674 cum
2619 1620 2884 1691 acceperit
2913 1636 2976 1674 ea
3017 1637 3136 1690 quae
3166 1622 3331 1676 semel
3368 1624 3415 1675 ei
3446 1630 3571 1676 sunt

1982 1710 2169 1764 tradita
2197 1729 2210 1764 :
2242 1712 2336 1767 sed
2366 1722 2584 1767 manent
2609 1712 2948 1783 multumque
2974 1713 3135 1767 nobis
3157 1722 3212 1767 et
3250 1713 3566 1768 immensum

1980 1803 2206 1857 fructum
2237 1804 2470 1872 pariunt,
2498 1814 2556 1859 et
2586 1804 2803 1859 uber-em
2832 1805 2884 1859 in
2919 1814 3157 1873 tempore
3187 1820 3416 1859 messem
3449 1820 3571 1874 prn-

1982 1892 2177 1949 ferunt.
2205 1895 2304 1960 Qui
2332 1896 2471 1950 enim
2496 1913 2648 1965 parce
2670 1897 2902 1963 seminat,
2927 1897 3120 1967 inquit,
3147 1914 3295 1967 parce
3320 1908 3366 1951 et
3389 1908 3568 1957 metet;

1981 1995 2027 2039 et
2073 1987 2161 2057 qui
2198 1987 2419 2041 seminat
2444 1989 2498 2042 in
2540 1988 2998 2055 benedictionibus,
3048 1991 3111 2043 de
3152 1989 3570 2043 benedictionibus

1980 2078 2131 2131 etiam
2160 2087 2306 2133 metet
2335 2080 2411 2147 (2.
2435 2077 2555 2134 Cor.
2584 2080 2636 2134 9.
2668 2080 2745 2151 6).
2770 2080 2998 2151 Copiose
3021 2080 3199 2150 itaque
3219 2081 3565 2142 seminemus.

1982 2178 2041 2224 ut
2087 2171 2165 2224 ita-
2204 2187 2417 2240 quoque
2462 2182 2725 2227 metamus
2749 2214 2763 2237 ,
2793 2183 2857 2227 et
2884 2173 2988 2227 vita
3043 2173 3282 2227 fruamur
3328 2184 3566 2228 aeterna:

1981 2278 2139 2333 quam
2172 2279 2270 2319 nes
2298 2278 2488 2319 onmes
2515 2266 2714 2319 utinam
2746 2281 3136 2335 consequamur
3159 2308 3173 2333 ,
3200 2267 3367 2336 gratia
3394 2276 3447 2321 et
3473 2267 3570 2320 be-

1982 2356 2238 2424 nignitate
2266 2358 2477 2411 Domini
2508 2359 2675 2413 nostri
2701 2358 2834 2414 Jesu
2863 2358 3103 2425 ChriSll',
3132 2376 3254 2414 cum
3293 2375 3396 2429 quo
3428 2360 3570 2414 Patri

1983 2450 2245 2519 simulque
2289 2450 2513 2519 Spiritui
2554 2460 2741 2505 sancto
2771 2452 2938 2519 gloria
2959 2491 2972 2513 ,
3017 2451 3297 2519 imperium
3325 2494 3338 2516 ,
3367 2451 3535 2505 honor
3555 2493 3569 2516 ,

1984 2554 2123 2593 nunc
2149 2548 2203 2594 et
2222 2554 2436 2609 semper
2456 2547 2510 2595 et
2535 2540 2587 2595 in
2610 2541 2802 2595 saecula
2830 2540 3168 2595 smcnlorum.
3200 2545 3389 2596 Amen.

3136 2760 3385 2773 *ιω-υ.
3426 2761 3543 2771 ς·-

3092 2778 3542 2789 -σ--η--η

1198 3005 1297 3066 AD
1337 3004 1716 3065 HOMILIAM
1754 3002 1835 3062 IN
1878 3002 2167 3062 IIELIAM
2209 3001 2307 3059 ET
2349 2995 2642 3059 VIDUAM

311 3210 460 3279 etore
486 3235 831 3290 summOpere
865 3218 1290 3289 frequentatum,
1319 3214 1389 3271 de
1411 3214 1750 3285 eleemosyna
1782 3213 1991 3269 scilicet
2028 3221 2081 3269 et
2114 3211 2183 3267 de
2219 3211 2623 3283 hospitalitate,
2654 3227 2791 3284 quas
2821 3210 2911 3268 ille
2942 3225 3161 3281 semper
3194 3208 3553 3279 interipraeciv

311 3357 418 3409 pna
448 3339 774 3394 Christiana:
796 3339 917 3392 vitae
947 3336 1129 3392 officia
1161 3335 1374 3391 habuit.

382 3452 761 3523 lnterpretatio
800 3452 993 3506 Latina
1019 3460 1102 3506 est
1128 3447 1425 3504 Frontonis
1452 3445 1656 3512 Ducas;-

1614 3795 1725 3868 IN
1769 3792 2232 3881 HELIAM,

1295 3967 1376 4007 ET
1418 3965 1481 4007 IN
1527 3964 1797 4019 VIDUAM,
1844 3965 1925 4006 ET
1966 3965 2049 4005 DE
2094 3962 2533 4006 ELEEMOSYNA.

1595 4115 1827 4128 ——

357 4227 380 4280 Ι
396 4267 408 4278 .
458 4226 801 4298 Eleemosyme
821 4230 1078 4300 dignitas;
1106 4229 1221 4283 duce
1267 4230 1431 4284 uidua:
1454 4231 1556 4283 duo
1586 4240 1876 4284 testamenta

283 4320 869 4387 exprimunt—Diebus
890 4323 1013 4387 illis,
1045 4322 1238 4392 quibus
1260 4323 1635 4391 jejunabamus
1665 4341 1873 4389 omnes,

283 4425 407 4463 curn
430 4429 802 4484 szepenumero
827 4430 1127 4469 sermonem
1162 4416 1438 4470 instituere
1451 4418 1517 4469 de
1534 4418 1875 4489 eleemosyna

282 4508 589 4561 statuissem
624 4546 640 4571 ,
709 4507 1117 4574 superveniente
1148 4522 1368 4575 vespera
1400 4521 1515 4560 sum
1548 4508 1832 4576 impeditus
1858 4550 1872 4573 ,

281 4615 403 4668 qure
449 4599 603 4653 nobis
653 4613 869 4653 cursum
917 4598 1174 4652 orationis
1224 4598 1527 4669 interrupit.
1581 4600 1694 4654 Hoc
1745 4618 1875 4655 vero

282 4693 441 4745 fiebat
485 4690 595 4744 Deo
624 4690 854 4743 fortasse
894 4688 946 4742 in
996 4696 1233 4743 nostram
1283 4690 1566 4744 utilitatem
1598 4692 1665 4744 ita
1694 4692 1878 4758 dispo-

282 4792 464 4847 nente,
514 4790 673 4850 atque
721 4782 773 4835 in
827 4781 967 4835 lumc
997 4781 1136 4835 diem
1185 4781 1609 4836 eohortationem
1672 4782 1737 4837 de
1792 4783 1875 4837 his

280 4878 444 4930 rebus
470 4875 748 4930 dilferente
768 4892 780 4926 :
801 4889 868 4927 ne
894 4874 1017 4926 dum
1039 4890 1132 4927 vos
1159 4874 1210 4927 in
1241 4874 1481 4928 Ecclesia
1508 4872 1665 4929 divisi
1690 4876 1872 4936 eratis,

279 4968 641 5037 eleemosynte
687 4979 873 5019 mensa
909 4965 1061 5019 vobis
1112 4974 1473 5034 apponeretur
1521 4983 1534 5018 :
1584 4982 1688 5021 non
1733 4967 1874 5034 quod

282 5059 445 5114 hodie
502 5073 751 5128 magnum
803 5056 998 5127 aliquid
1030 5065 1085 5111 et
1115 5057 1320 5127 insigne
1342 5056 1626 5112 dicendum
1678 5056 1874 5112 habea-

282 5167 403 5204 mus
434 5192 450 5217 ,
498 5150 591 5204 sed
620 5148 760 5219 quod
812 5163 1000 5218 magna
1030 5149 1098 5202 sit
1123 5159 1178 5203 et
1206 5150 1407 5203 eximia
1428 5150 1597 5204 virtus
1641 5149 1877 5205 eleemo-

278 5259 451 5313 syntn.
504 5242 719 5296 Multam
750 5241 945 5311 quippe
976 5241 1221 5295 fiduciam
1260 5243 1399 5314 apud
1431 5244 1596 5297 Deum
1636 5260 1723 5297 res
1774 5243 1875 5298 ista

277 5334 567 5400 conciliat,
615 5342 671 5387 et
723 5342 993 5402 tamquam
1041 5335 1222 5403 regina
1268 5335 1510 5404 quaadam
1562 5336 1874 5406 religionem

280 5436 518 5478 nostram
544 5438 734 5492 regens
757 5423 922 5476 multa
948 5438 1068 5478 eum
1098 5424 1384 5480 securitate
1411 5425 1655 5480 emi'estes
1674 5426 1875 5496 ingredi

278 5514 439 5567 sedes
487 5514 804 5577 consuevit,
856 5522 911 5567 et
959 5512 1103 5579 ίιιω,
1159 5514 1359 5583 quibus
1404 5515 1658 5571 caalorum
1701 5516 1877 5585 janute

280 5605 589 5657 commissa:
639 5614 763 5657 sunt
793 5646 807 5669 ,
857 5613 1187 5672 potestates,
1240 5605 1284 5659 si
1327 5606 1540 5675 quidem
1590 5609 1875 5662 intrantem

278 5694 517 5748 viderint
567 5696 990 5765 eleemosynam,
1040 5695 1207 5750 multo
1249 5710 1373 5749 cum
1409 5696 1613 5753 honore
1659 5698 1878 5768 reliquis

289 5788 456 5841 etiam
485 5776 771 5839 virtutibus
802 5795 1019 5854 prepter
1060 5786 1229 5855 ipsam
1261 5785 1403 5841 fores
1442 5786 1562 5842 illas
1588 5790 1832 5857 aperiunt
1867 5812 1872 5817 ·

280 5878 370 5936 sin
402 5889 581 5935 autem
619 5880 821 5950 absque
852 5879 1192 5950 eleemosyna
1220 5878 1406 5934 venire
1447 5878 1697 5947 viderint,
1737 5881 1878 5936 fures

1833 4088 1993 4143 (ᾷὲΒέ

1996 4109 2253 4124 _—‘

1984 4228 2088 4282 illis
2136 4224 2441 4281 oecludtmt.
2494 4219 3213 4292 Atque-hocexvirginibus
3254 4219 3357 4272 illis
3402 4226 3569 4286 pater,

1984 4334 2104 4388 qum
2134 4327 2415 4388 propterea
2456 4329 2611 4369 sacro
2654 4313 2742 4367 illo
2786 4310 3022 4367 thalamo
3062 4310 3276 4366 fuerunt
3314 4311 3563 4378 exclnszr,

1988 4410 2127 4479 quod
2147 4410 2322 4463 oleum
2351 4408 2402 4460 in
2426 4404 2760 4474 lampadibus
2784 4404 2895 4458 suis
2910 4413 3167 4473 perpetuo
3189 4418 3292 4456 non
3314 4401 3572 4455 haberent

1988 4495 2332 4573 (Matt/n25).
2356 4494 2433 4548 Ac
2469 4495 2599 4551 mihi
2646 4494 2935 4549 discrimen
2964 4493 3263 4549 considera.
3316 4491 3571 4547 Eleetno-

1983 4609 2114 4663 syna
2146 4590 2357 4661 quidem
2385 4588 2588 4658 absque
2626 4586 2932 4656 virginitate
2980 4600 3104 4639 suos
3130 4584 3374 4638 alumnos
3405 4584 3574 4636 intro-

1982 4684 2132 4738 duxit
2161 4683 2211 4735 in
2251 4681 2439 4735 czelum
2489 4697 2501 4733 :
2551 4687 2606 4732 at
2650 4677 2928 4747 virginitas
2972 4676 3174 4746 absque
3226 4675 3567 4745 cleemosyna

1985 4777 2201 4831 minime
2252 4774 2444 4845 potuit.
2489 4770 2714 4838 Quando
2770 4771 2929 4839 igitur
2976 4776 3117 4822 tanta
3169 4768 3244 4823 rei
3302 4767 3462 4836 hujus
3491 4777 3573 4821 est

1984 4870 2173 4933 virtus,
2201 4866 2346 4921 omni
2378 4863 2554 4918 studio
2585 4861 2855 4916 institutos
2897 4860 2965 4915 de
3006 4875 3066 4914 ea
3117 4874 3396 4913 sermones
3422 4859 3570 4911 exei-

1983 4961 2208 5030 piamus.
2240 4959 2524 5014 Enimvero
2548 4953 2924 5023 compendiosa
2970 4952 3135 5006 fuerit
3172 4951 3460 5005 admodum
3506 4951 3575 5005 ad

1984 5053 2121 5107 hanc
2134 5068 2243 5106 rem
2261 5050 2580 5115 cohortatio,
2606 5048 2650 5101 si
2674 5062 2767 5101 vos
2780 5046 2845 5101 ad
2864 5046 3073 5100 viduam
3098 5044 3413 5114 Sarepbtbis
3430 5044 3571 5099 Sido-

1985 5147 2067 5200 nis
2110 5145 2433 5199 habitantem
2488 5141 2832 5195 abducamus.
2862 5138 2995 5192 Nam
3026 5137 3127 5207 qui
3154 5137 3409 5206 operibus
3438 5137 3569 5206 ipsis

1985 5242 2277 5303 instruunt,
2306 5239 2473 5293 multo
2498 5236 2769 5306 digniores
2799 5232 2904 5287 ﬁde
2943 5232 3181 5302 magistri
3214 5232 3348 5285 fiunt
3370 5273 3385 5296 ,
3414 5246 3572 5299 quam

1985 5334 2073 5403 qui
2120 5331 2297 5386 verbis
2349 5330 2479 5384 solis
2528 5327 2810 5382 consilium
2866 5324 2996 5378 dant
3049 5342 3062 5376 :
3113 5323 3362 5393 quocirca
3420 5321 3572 5374 vidua

1984 5438 2195 5492 quoque
2234 5421 2390 5476 nobis
2431 5419 2507 5475 rei
2559 5419 2717 5487 hujus
2759 5417 2956 5486 optima
3003 5416 3107 5470 erit
3160 5415 3436 5485 magistra.
3485 5412 3571 5465 Si-

1984 5514 2196 5585 quidem
2231 5527 2329 5567 nos
2373 5512 2549 5567 verbis
2588 5511 2802 5581 quidem
2856 5508 3203 5563 adhortantur
3232 5526 3245 5561 :
3275 5516 3329 5560 at
3364 5507 3452 5560 illa
3482 5521 3574 5558 vos

1983 5606 2235 5675 operibus
2262 5605 2459 5659 docere
2490 5603 2688 5671 poterit
2716 5645 2728 5663 .
2768 5617 2890 5656 eum
2923 5600 3127 5655 eisdem
3153 5598 3431 5669 praeditam
3463 5611 3577 5649 mo-

1984 5698 2166 5760 ribus,
2214 5696 2414 5749 sociam
2461 5694 2655 5748 habeat
2699 5693 2798 5746 sibi
2830 5692 3153 5760 copulatam.
3206 5690 3334 5744 Duae
3377 5686 3574 5757 quippe

1986 5797 2105 5842 sunt
2143 5789 2223 5839 ha:
2255 5783 2449 5850 vidum,
2483 5800 2587 5839 una
2617 5784 2668 5837 in
2712 5783 2861 5838 Novo
2891 5782 3255 5846 Testamento,
3307 5794 3425 5847 qua:
3467 5774 3573 5830 duo

1989 5883 2189 5936 minuta
2218 5878 2361 5934 misit
2391 5876 2539 5952 (Luc.
2572 5875 2684 5948 2|),
2733 5874 2898 5931 altera
2948 5875 2999 5929 in
3031 5871 3239 5939 Veteri,
3287 5884 3404 5941 qme
3451 5882 3557 5939 pro
