4020 6370
420 328 527 386 339

420 441 632 512 phetsm
665 441 937 512 suscipere
975 443 1174 497 meruit
1199 443 1278 512 (5.
1311 441 1440 513 Reg.
1476 443 1565 512 I7)
1605 459 1617 495 :
1651 452 1808 512 atque
1835 441 2007 496 amba:

421 533 488 589 ad
548 534 793 590 eamdem
858 533 1214 603 philosophia:
1279 535 1536 590 virtutem
1602 542 2005 604 pervenerunt,

423 625 770 696 eamdemque
795 627 1104 682 comitatem
1123 626 1502 688 exhibuerttnt.
1530 635 1584 680 et
1619 641 1834 679 suorum
1862 635 2010 681 recte

423 718 681 774 factorum
717 719 1068 774 similitudine
1097 719 1563 775 Testamentorum
1596 718 1749 772 nobis
1775 717 2006 772 affinita-

423 818 528 864 tem
606 821 1005 880 expresserunt.
1075 811 1204 865 Nam
1254 810 1702 880 quemadmodum
1754 809 2008 864 sublimes

419 901 636 972 quidam
664 901 890 972 scopuli,
921 902 1230 957 circumdati
1264 902 1520 972 portubus
1542 944 1557 968 ,
1587 917 1722 970 quos
1749 901 2004 972 appellari

425 992 630 1048 Pharos
675 1008 792 1048 HIOS
844 1001 959 1054 est,
1009 995 1059 1048 in
1089 994 1280 1064 quibus
1331 1002 1441 1048 tota
1471 1003 1629 1047 nocte
1658 994 2009 1048 inexstinctus

421 1085 558 1155 ignis
586 1085 749 1151 lucet,
782 1094 1024 1140 errantes
1054 1086 1103 1139 in
1150 1086 1284 1140 mari
1333 1084 1620 1154 splendore
1675 1083 1892 1138 luminis
1940 1083 2006 1136 ad

423 1187 608 1246 portus
637 1178 937 1233 securitatis
973 1177 1243 1232 deducunt
1274 1193 1288 1230 :
1331 1177 1408 1232 sic
1438 1178 1554 1230 ista:
1585 1187 1852 1245 tamquam
1887 1191 2008 1245 por-

421 1268 580 1323 tubus
641 1269 890 1324 comitate
942 1270 1327 1335 circumdate,
1387 1269 1840 1339 magnanimitatis
1896 1283 2007 1323 suae

423 1361 625 1416 lumine
652 1360 1063 1430 profundissima
1091 1363 1142 1416 in
1173 1371 1329 1417 nocte
1355 1378 1370 1414 :
1404 1378 1512 1416 non
1541 1363 1684 1416 enim
1718 1363 1891 1431 potior
1925 1372 2008 1416 est

422 1454 658 1509 conditio
688 1455 810 1509 vita:
852 1465 1050 1509 nostra:
1079 1455 1476 1524 quam-noctis,
1517 1456 1657 1509 sicut
1701 1463 1757 1510 et
1809 1454 2008 1510 Paulus

421 1545 552 1600 dicit
585 1563 597 1598 :
620 1544 672 1598 Ν
675 1562 742 1600 ox
757 1546 1032 1617 praecessit,
1057 1547 1162 1600 dies
1189 1556 1356 1600 autent
1375 1547 1802 1616 appropinquavit
1827 1545 2005 1616 (Rom.

424 1637 670 1708 13.12);
717 1653 809 1692 eos
840 1639 1000 1708 igitur
1045 1655 1134 1708 qut
1181 1638 1593 1709 profundissima
1643 1641 1695 1694 iu
1742 1652 1900 1694 nocte
1954 1641 2006 1694 in

422 1731 656 1785 avaritiae
687 1731 818 1785 mari
844 1731 1116 1797 oberrant,
1141 1744 1194 1787 et
1216 1732 1434 1803 jamjam
1456 1733 1834 1803 submergendi
1862 1743 2006 1797 sunt,

422 1821 488 1874 ad
515 1834 662 1875 suam
695 1821 921 1875 invitant
949 1824 1317 1890 securitatem,
1343 1834 1396 1878 et
1425 1823 1770 1878 humanitatis
1795 1840 2008 1893 semper

423 1911 699 1966 ardentem
733 1911 990 1968 habentes
1018 1913 1216 1984 ignem,
1247 1914 1622 1968 inexstinctum
1653 1915 2009 1986 eleetnosyuze

424 2003 603 2058 lumen
634 2014 972 2059 conservant.

492 2094 549 2148 9..
592 2096 696 2150 Sed
736 2096 805 2152 de
846 2096 931 2150 illa
976 2097 1194 2167 quidem
1241 2099 1346 2154 alio
1395 2099 1559 2164 loco;
1613 2098 1876 2154 hodierno
1921 2097 2010 2152 die

423 2186 563 2255 aputl
595 2203 690 2241 vos
717 2187 785 2241 de
817 2187 1132 2243 istaVeteris
1155 2188 1481 2245 Testamenti
1509 2205 1747 2260 agemus.
1779 2188 2011 2245 Omnino

421 2277 561 2329 enim
591 2278 716 2330 dum
740 2277 853 2332 lucc
874 2277 1192 2344 laudabitur,
1211 2279 1352 2336 illius
1373 2297 1586 2352 quoque
1617 2283 2008 2352 prmconiorutu

421 2382 615 2420 Corona
667 2376 907 2423 nectetur
957 2386 970 2420 :
1020 2385 1141 2424 nam
1195 2387 1421 2440 quarum
1481 2373 1633 2443 paria
1685 2384 1808 2428 sunt
1864 2385 2010 2432 recte

423 2455 561 2510 facta
583 2499 596 2520 ,
624 2473 806 2513 earum
847 2475 1062 2530 quoque
1089 2461 1350 2517 laudatrix
1378 2465 1551 2519 oratio
1578 2467 1876 2522 communis
1902 2477 2006 2522 est.

421 2549 548 2604 Orta
579 2560 659 2603 est
685 2552 842 2621 igitur
872 2552 1030 2622 hujus
1061 2563 1301 2624 tempore
1327 2554 1494 2612 fames
1517 2557 1854 2625 gravissima,
1900 2575 2006 2614 non

420 2641 560 2710 quod
584 2642 790 2698 defessa
811 2644 964 2718 tellus
987 2644 1164 2716 fruges
1181 2655 1418 2716 negaret,
1445 2647 1539 2702 sed
1567 2649 1709 2718 quod
1734 2650 2007 2705 hominum

422 2745 634 2803 peccata
661 2737 752 2791 Dei
780 2736 978 2792 donum
1019 2747 1344 2794 averterent.
1394 2739 1520 2796 Orta
1551 2751 1632 2796 est
1659 2742 1818 2813 igitur
1840 2743 2008 2800 fames

419 2828 753 2897 gravissima,
784 2840 838 2885 et
865 2832 1104 2886 omnium
1131 2834 1512 2899 acerbissima;
1553 2845 1713 2906 atque
1751 2837 1894 2892 illam
1927 2837 2007 2892 fa-

429 2935 570 2974 mem
601 2921 778 2977 llelias
812 2939 1034 2994 magnus
1059 2927 1278 2990 invexit,
1312 2935 1366 2981 et
1395 2936 1660 2996 tamquam
1716 2931 2007 2985 terribilem

425 3011 680 3068 famulum
730 3017 1016 3085 quemdam
1068 3019 1310 3080 vocavit,
1366 3028 1426 3074 ut
1469 3035 1762 3075 conservos
1816 3022 2009 3092 injuria

421 3105 703 3162 Dominum
731 3108 1024 3164 al‘licientes
1046 3111 1329 3182 castigaret
1362 3129 1375 3165 :
1409 3113 1516 3167 imo
1546 3129 1674 3168 vero
1696 3113 2004 3170 Judmorum

420 3197 566 3251 illam
599 3199 927 3255 advocavere
974 3212 1222 3270 peccata;
1268 3203 1542 3272 preplteta:
1567 3215 1742 3258 autem
1777 3205 1919 3260 illam
1948 3221 2010 3260 os

420 3291 628 3356 intulit,
681 3291 810 3345 Vivit
839 3294 1010 3359 enim,
1060 3295 1261 3364 ittquit,
1312 3294 1562 3350 Dominus
1619 3296 1774 3363 Dens,
1833 3299 1876 3351 si
1911 3299 2006 3352 erit

421 3383 592 3452 pluvia
620 3384 717 3437 nisi
737 3402 826 3454 per
849 3401 906 3438 os
938 3403 1103 3440 meum
1134 3388 1214 3457 (5.
1249 3387 1374 3458 Reg.
1406 3387 1493 3442 i7.
1538 3389 1613 3458 1).

493 3473 774 3545 Descriptio
825 3476 1104 3530 sterilitatis
1160 3487 1206 3530 ct
1258 3478 1502 3531 siccitatis
1527 3479 1678 3532 aeris.
1711 3510 1779 3518 —
1806 3479 2005 3535 Intole-

419 3565 642 3620 randum
694 3566 851 3635 igitur
895 3578 1009 3621 erat
1059 3570 1256 3622 malum
1310 3587 1322 3622 :
1387 3586 1558 3640 neque
1604 3572 1744 3625 enim
1798 3582 2004 3627 tantum

419 3658 654 3711 sterilem
711 3659 937 3712 reddidit
998 3670 1152 3714 terr.e
1208 3673 1418 3716 uterum
1473 3665 1725 3719 terribilis
1783 3667 1866 3719 illa
1901 3684 2004 3722 vox

420 3749 730 3819 prophetae,
783 3751 877 3805 sed
929 3761 982 3806 ct
1027 3753 1136 3821 ipsa
1187 3753 1464 3808 llumintun
1499 3754 1997 3823 fluentacobibuit,

416 3856 711 3913 omnesque
749 3853 859 3898 tum
900 3846 1283 3901 exarescebant
1311 3855 1594 3903 torrentes.
1649 3848 1717 3903 Et
1738 3849 1998 3918 quemad-

418 3933 633 3989 modum
684 3950 804 3991 cum
855 3937 1147 3992 vehemens
1198 3946 1253 3993 et
1295 3938 1491 3994 ardens
1541 3939 1703 3994 febris
1757 3941 2003 4012 corporis

419 4038 662 4083 naturam
707 4029 934 4094 invasit,
988 4046 1092 4084 non
1147 4032 1481 4100 superficiem
1515 4043 1723 4089 tantum
1755 4035 2000 4101 arefacit,

415 4119 510 4176 sed
562 4130 618 4176 et
661 4121 916 4177 interiora
967 4138 1246 4192 permeans
1294 4125 1462 4194 ipsam
1511 4126 1714 4181 ossium
1756 4136 1999 4182 uaturarn

413 4211 593 4267 esurit
622 4229 636 4266 :
669 4214 739 4267 ita
765 4228 882 4282 quae
911 4223 1019 4268 tum
1039 4215 1252 4284 vigebat
1276 4215 1488 4270 siccitas
1509 4218 1670 4280 aeris,
1701 4233 1804 4273 non
1828 4220 1997 4273 solam

414 4314 573 4358 terrae
598 4303 788 4359 faciem
817 4305 1160 4368 incendebat,
1210 4305 1304 4360 sed
1347 4306 1412 4359 ad
1463 4307 1577 4376 ipsa
1628 4309 1744 4378 ejus
1791 4311 2000 4365 viscera

413 4406 700 4463 penetrans
725 4410 938 4451 omnem
984 4396 1285 4452 inferiorem
1320 4397 1600 4454 humorem
1625 4401 2001 4458 exhauriebat.

409 4484 548 4553 Quid
577 4500 705 4556 ergo
735 4486 875 4542 Deus
894 4487 960 4541 ad
985 4487 1336 4557 prophetam?
1362 4489 1547 4562 Surge,
1580 4491 1770 4561 inquit,
1797 4503 1846 4548 et
1872 4496 1999 4549 vade

408 4577 462 4630 in
508 4575 800 4647 Sareplttha
839 4577 1110 4632 Sidonia:
1151 4579 1221 4632 ibi
1264 4580 1514 4633 mandabo
1567 4584 1770 4636 mulieri
1811 4585 1999 4652 viduae,

407 4676 462 4719 ut
503 4669 694 4720 nutriat
717 4677 764 4722 te
795 4668 870 4741 (5.
902 4668 1030 4740 Reg.
1063 4670 1148 4724 17.
1176 4670 1256 4741 9).
1312 4670 1446 4740 Quid
1474 4671 1576 4727 hoc
1603 4674 1702 4728 sibi
1736 4677 1885 4730 vult?
1942 4675 1999 4731 In

408 4775 502 4814 sua
554 4762 724 4831 patria
775 4762 974 4816 nullam
1017 4763 1326 4818 comitatem
1367 4775 1622 4834 expertus
1667 4775 1789 4832 est,
1821 4779 1875 4823 et
1927 4771 1996 4824 ad

407 4850 634 4906 alienam
665 4853 935 4921 regionem
962 4854 1108 4908 illum
1137 4855 1336 4918 mittis,
1392 4867 1552 4926 atque
1597 4857 1664 4912 ad
1715 4861 1996 4914 mulierem

407 4943 656 4997 viduam?
693 4943 824 4999 Nam
854 4945 898 4999 si
924 4946 1175 5014 epulenta
1206 4955 1370 5009 esset,
1401 4947 1447 5001 si
1477 4947 1825 5014 dilissima,si
1855 4953 1996 5022 regis

407 5048 544 5087 uxor
575 5035 759 5104 ipsius,
793 5035 838 5090 si
869 5037 1050 5091 multis
1081 5047 1239 5093 terra:
1267 5038 1506 5108 frugibus
1535 5042 1736 5110 repleta
1773 5039 1996 5097 haberet

411 5127 776 5196 promptuaria
809 5169 824 5194 ,
871 5144 1048 5185 nonne
1099 5129 1424 5186 voluntatem
1457 5134 1574 5200 ejus
1622 5132 1990 5187 vehementius

400 5237 564 5291 quam
590 5231 783 5276 terram
813 5221 982 5292 ipsam
1009 5233 1184 5279 metus
1228 5225 1382 5280 famis
1422 5226 1664 5281 sterilem
1697 5227 1943 5281 redderet
1971 5226 1993 5280 ?

399 5312 481 5369 Ne
502 5314 662 5384 igitur
691 5315 804 5370 lucc
826 5315 1082 5387 propheta
1111 5316 1335 5384 diceret,
1368 5327 1460 5372 aut
1501 5319 1681 5374 animo
1707 5331 1944 5374 versaret
1972 5361 1988 5386 ,

401 5402 601 5460 idcirco
624 5405 771 5476 prius
800 5421 921 5460 eum
954 5423 1048 5475 per
1096 5423 1289 5463 corvos
1337 5409 1468 5464 aluit
1517 5409 1594 5481 (5.
1634 5409 1763 5482 Reg.
1793 5411 1875 5463 i7.
1912 5411 1993 5477 6),

396 5507 460 5552 ut
508 5513 603 5568 per
645 5515 707 5555 ea
756 5514 876 5572 quae
919 5499 1275 5569 gerebantur,
1323 5501 1422 5558 ista
1471 5502 1857 5572 propemodum
1915 5504 1988 5558 illi

407 5590 605 5649 .liceret
635 5611 649 5648 :
693 5594 736 5651 si
769 5593 943 5659 effeci,
974 5603 1032 5648 ut
1077 5595 1298 5650 rationis
1323 5611 1516 5666 expers
1546 5608 1732 5652 natura
1765 5597 1995 5667 lt05pitio

407 5693 459 5740 te
487 5688 772 5756 reciperet,
828 5689 996 5742 multo
1046 5687 1214 5758 magis
1240 5689 1447 5743 ratione
1479 5690 1739 5760 prreditre,
1793 5701 1846 5746 ttt
1892 5689 1992 5744 hoc

406 5779 583 5846 iaciat,
615 5780 1038 5848 persttadebitur.

1112 329 1168 385 S.
1208 329 1483 386 .lOANN‘IS
1520 327 1994 385 CIIRYSOSTOMI
2037 325 2354 382 ARCIIIEP.
2395 322 2931 383 CONSTANTINOP.

3607 319 3712 377 5-30

2191 441 2247 496 3.
2289 439 2585 510 Propterea
2616 437 2773 494 vidua
2797 445 2919 508 post
2943 450 3160 492 corvos.
3218 433 3410 490 Videre
3439 444 3554 490 erat
3583 451 3710 504 pro-

2121 533 2334 603 phetam
2363 531 2692 588 mulierculze
2719 530 2918 588 factum
2945 529 3258 594 obnoxium,
3301 528 3533 582 animam
3561 527 3708 583 illam

2118 626 2186 681 ad
2210 627 2372 683 caelos
2397 642 2563 697 usque
2589 625 2872 682 sublimem
2898 638 2963 680 ac
2990 621 3224 678 divinam
3249 663 3264 686 ,
3295 637 3614 692 generosum
3651 632 3716 676 et

2117 720 2386 775 excelsum
2416 719 2626 774 Heliam
2653 719 2794 773 velut
2813 732 3060 773 erronem
3082 715 3365 786 quemdam
3404 729 3467 770 ac
3493 713 3705 770 mendi-

2123 829 2244 868 cum
2272 812 2340 867 ad
2371 812 2543 867 viduae
2565 811 2785 882 januam
2815 811 3019 875 venire,
3064 818 3223 880 atque
3253 807 3382 864 illud
3427 822 3518 873 os,
3562 807 3711 878 quod

2116 905 2306 960 ctelum
2331 904 2626 967 clauserat,
2675 901 3043 958 meudicorum
3072 915 3231 958 voces
3257 897 3530 954 effundere
3562 915 3576 951 :
3624 898 3703 952 Da

2119 1000 2246 1054 mihi
2271 1014 2483 1070 panem,
2512 997 2578 1052 da
2598 997 2726 1052 mihi
2757 1011 2980 1066 aquam;
3006 1004 3062 1050 ut
3093 1004 3148 1050 ιιι
3178 992 3376 1056 discas,
3405 992 3533 1046 nihil
3555 1007 3715 1062 aeque

2116 1091 2434 1147 benevolum
2456 1101 2511 1146 et
2535 1091 2827 1144 humanum
2857 1103 2977 1144 esse
3001 1101 3066 1142 ac
3109 1085 3284 1144 viduae
3329 1085 3548 1140 domum
3570 1125 3588 1150 ,
3647 1092 3711 1139 et

2118 1181 2515 1238 tabernaculum
2533 1179 2790 1251 egestatis
2811 1178 3051 1248 plenum,
3071 1191 3136 1232 ac
3158 1175 3462 1232 divitiarum
3484 1190 3709 1244 expers,

2115 1284 2170 1329 et
2191 1273 2454 1328 malorum
2478 1288 2597 1342 qua:
2620 1288 2685 1327 ex
2707 1271 2907 1326 divitiis
2931 1271 3194 1324 oriuntur.
3231 1267 3404 1323 Locus
3431 1266 3574 1322 enim
3596 1275 3718 1321 erat

2115 1379 2144 1418 a
2172 1366 2486 1420 tumultibus
2513 1365 2670 1431 liber,
2700 1363 2983 1432 omnisque
3009 1359 3358 1430 philosophiae
3386 1360 3604 1430 plenus,
3649 1367 3713 1413 et

2115 1467 2271 1526 portu
2315 1458 2505 1527 quovis
2543 1455 2898 1525 tranquillior.
2944 1451 3095 1508 Talia
3141 1451 3372 1508 maxime
3423 1451 3714 1522 requirunt

2114 1549 2381 1605 domicilia
2409 1556 2711 1602 sanctorum
2740 1547 2956 1602 animae.

2190 1639 2326 1694 Deus
2349 1639 2603 1711 quomodo
2656 1639 2800 1708 punit
2831 1636 3216 1692 Sodomitarum
3254 1633 3451 1705 nefaria
3483 1633 3713 1697 scelera;

2114 1733 2364 1804 quomodo
2409 1731 2550 1787 Deus
2592 1733 2648 1786 in
2687 1729 2943 1802 puniendo
2968 1745 3052 1782 eos
3086 1745 3140 1782 se
3163 1728 3335 1798 gessit.
3358 1757 3428 1766 —
3446 1726 3716 1796 Pergebat

2116 1824 2274 1896 igitur
2318 1823 2383 1879 ad
2427 1824 2640 1878 viduam
2690 1823 2990 1894 pr0pheta,
3039 1835 3158 1890 qua).
3205 1819 3459 1881 Iudaeos,
3511 1819 3716 1888 quibus

2118 1918 2293 1988 perosi
2319 1928 2470 1972 erant
2493 1918 2778 1988 peregrini,
2795 1915 3046 1984 exemplo
3069 1923 3189 1970 erat
3210 1930 3307 1968 suo
3326 1913 3672 1982 redargutura
3697 1932 3714 1967 :

2119 2010 2372 2080 pergebat
2423 2010 2489 2064 ad
2538 2010 2787 2070 viduam,
2843 2021 3139 2076 omnesque
3193 2003 3458 2070 docebat,
3515 2005 3719 2058 merito

2115 2100 2333 2155 Judaaos
2361 2116 2572 2169 poenam
2606 2101 2747 2156 illam
2775 2099 3061 2154 sustinere.
3103 2095 3234 2151 Nam
3261 2111 3384 2150 cum
3415 2096 3464 2150 in
3497 2095 3715 2165 aliquos

2117 2208 2329 2264 pinnam
2360 2193 2604 2248 illaturus
2631 2202 2714 2248 est
2757 2192 2920 2254 Deus,
2960 2205 3066 2244 non
3097 2203 3312 2256 quoquo
3357 2186 3516 2241 modo
3567 2202 3709 2255 sup-

2117 2286 2334 2356 plicium
2376 2286 2654 2350 immittit,
2709 2299 2883 2354 neque
2927 2284 3009 2338 sui
3058 2280 3240 2350 judicii
3294 2291 3577 2334 contentus
3625 2288 3720 2333 est

2115 2375 2340 2442 calculo,
2365 2375 2458 2429 sed
2483 2384 2538 2430 et
2563 2373 2704 2443 apud
2735 2373 2982 2429 homines
3009 2379 3231 2427 excusat
3272 2384 3334 2424 se
3373 2369 3533 2424 rebus
3571 2369 3712 2435 ipsis

2114 2481 2178 2523 ac
2199 2477 2396 2533 tuetur,
2427 2466 2650 2536 perinde
2672 2466 2825 2538 quasi
2852 2465 3126 2540 communi
3153 2462 3382 2534 quodam
3413 2462 3465 2516 in
3504 2460 3720 2531 judicio

2115 2559 2512 2628 suspicionibus
2550 2558 2694 2629 vulgi
2721 2557 2998 2628 expositus
3027 2556 3375 2624 disceptaret.
3430 2553 3495 2607 Et
3522 2568 3718 2622 quem-

2115 2651 2402 2706 admodum
2441 2651 2530 2721 qui
2566 2650 2830 2720 judicium
2875 2656 3164 2710 exercent,
3224 2661 3345 2700 eum
3405 2645 3469 2697 ad
3519 2644 3717 2698 mortis

2119 2745 2436 2815 supplicium
2495 2743 2800 2814 quempiam
2848 2752 2972 2797 sunt
3020 2739 3336 2798 abducturi.
3392 2738 3442 2790 iu
3491 2735 3717 2792 sublimi

2117 2837 2468 2906 praesidentes
2523 2835 2825 2900 tribunali,
2875 2849 2940 2888 ac
2970 2834 3084 2888 vela
3131 2829 3374 2887 contrahi
3413 2829 3659 2900 iubentes
3697 2846 3713 2882 :

2117 2937 2280 2984 totam
2310 2929 2580 2984 civitatem
2607 2928 2808 2982 circum
2839 2940 2958 2980 sese
2985 2934 3128 2980 stare
3152 2932 3426 2989 curantes,
3458 2922 3526 2975 ita
3560 2921 3718 2975 velut

2117 3019 2170 3074 in
2224 3020 2438 3089 publico
2489 3019 2701 3074 theatro
2746 3017 3013 3087 judicaut,
3068 3025 3123 3070 et
3163 3018 3214 3070 in
3246 3015 3414 3070 oculis
3462 3014 3712 3068 omnium

2114 3119 2273 3181 atque
2302 3109 2519 3164 auribus
2552 3109 2997 3179 interrogationes
3028 3106 3288 3162 adhibent
3317 3122 3410 3162 reo
3431 3146 3445 3169 ,
3474 3116 3527 3159 et
3557 3118 3711 3168 acta,

2113 3209 2168 3256 et
2193 3201 2610 3256 commentarios
2638 3202 2902 3256 scelerum
2933 3201 3000 3253 ab
3031 3199 3123 3254 illo
3150 3207 3574 3270 perpetratorum
3601 3196 3716 3266 legi

2114 3293 2446 3362 praecipiunt,
2496 3302 2551 3347 et
2592 3292 2830 3348 efficiunt
2869 3302 2925 3347 ut
2964 3307 3092 3347 reus
3135 3293 3250 3362 ipse
3301 3305 3517 3345 suorum
3573 3288 3717 3343 faei-

2115 3400 2303 3438 norum
2331 3384 2422 3438 fiat
2450 3393 2749 3448 accusator,
2787 3399 2850 3438 ac
2881 3393 2991 3440 tum
3021 3383 3238 3439 demum
3271 3383 3585 3438 sententiam
3627 3382 3716 3435 fe-

2113 3484 2239 3530 runt
2273 3493 2286 3530 :
2320 3474 2390 3530 ita
2425 3490 2637 3546 quoque
2668 3475 2808 3530 Deus
2838 3485 3108 3546 tamquam
3139 3474 3192 3528 in
3226 3474 3440 3529 excelso
3474 3471 3715 3542 quodam

2115 3569 2364 3624 tribunali
2391 3569 2787 3639 praedicationis
2815 3568 3105 3638 Scriptura:
3133 3567 3444 3638 praesidens,
3490 3568 3715 3620 univer-

2112 3677 2230 3717 sum
2257 3661 2440 3716 orbem
2469 3670 2733 3715 terrarum
2783 3659 3102 3730 praecipiens
3127 3659 3539 3723 circumsistere,
3586 3671 3718 3726 spe-

2111 3753 2380 3808 ctantibus
2423 3752 2672 3807 omnibus
2719 3761 2773 3806 et
2815 3750 3171 3815 audientibus,
3225 3751 3574 3821 quaestionem
3621 3751 3716 3802 in-

2112 3846 2288 3901 stituit
2327 3857 2692 3916 peccatorum,
2741 3860 2846 3900 non
2891 3846 3304 3900 commentarios
3347 3855 3403 3900 et
3444 3856 3558 3900 acta
3601 3845 3716 3913 legi

2113 3937 2451 4007 praacipiens,
2485 3953 2658 4007 neque
2687 3937 2896 3991 tabulas
2923 3936 2975 3990 in
3005 3937 3237 3992 medium
3269 3936 3562 3997 adducens.
3607 3938 3714 3990 sed

2113 4028 2224 4096 ipsa
2253 4029 2724 4098 reorum'peccata
2764 4029 2918 4083 nobis
2962 4029 3032 4082 ob
3061 4029 3248 4084 oculos
3293 4030 3713 4098 contemplanda

2113 4133 2438 4189 proponens.

2182 4213 2237 4266 4.
2281 4212 2424 4280 Sane
2475 4229 2595 4269 cum
2638 4213 2829 4270 infesta
2875 4213 3093 4269 fulmina
3144 4216 3195 4268 in
3239 4213 3542 4269 Sodomitas
3590 4223 3710 4268 erat

2113 4305 2487 4370 immissurus,
2540 4316 2592 4361 et
2638 4307 2863 4376 populos
2917 4306 3186 4378 urbesque
3248 4306 3497 4360 terribilis
3563 4305 3709 4360 illius

2110 4396 2340 4452 ﬂammae
2379 4414 2538 4468 opera
2581 4398 2648 4453 de
2688 4397 2866 4452 medio
2917 4398 3149 4467 regionis
3195 4397 3500 4451 sublaturus
3526 4437 3540 4461 ,
3579 4412 3704 4448 cum

2111 4503 2304 4541 novum
2336 4497 2390 4543 et
2420 4489 2691 4543 insolitum
2724 4489 2870 4544 illum
2905 4487 3130 4542 imbrem
3167 4487 3453 4556 dejiciebat
3479 4527 3492 4547 ,
3538 4486 3709 4539 multo

2108 4582 2270 4651 priori
2304 4582 2707 4645 terribiliorem,
2756 4596 2914 4652 quem
2947 4579 3175 4648 primum
3203 4591 3254 4632 et
3281 4577 3452 4632 solum
3475 4579 3556 4632 sol
3587 4593 3707 4630 um-

2106 4688 2265 4742 quam
2292 4674 2498 4742 aspexit
2530 4689 2542 4727 :
2574 4682 2859 4741 antequam
2895 4670 3157 4741 ejusmodi
3201 4685 3412 4739 poenam
3455 4670 3706 4733 inferret,

2107 4781 2292 4819 eorum
2326 4765 2742 4836 improbitatem,
2774 4767 2862 4835 qui
2898 4763 3150 4834 puniendi
3182 4771 3367 4827 erant,
3415 4762 3571 4816 nobis
3620 4762 3706 4816 in-

2106 4857 2322 4924 dicavit,
2375 4875 2482 4913 non
2529 4858 2722 4912 tabulis
2772 4867 2829 4911 ut
2869 4857 2977 4911 dixi
3027 4856 3199 4919 lectis,
3241 4853 3337 4909 sed
3373 4853 3618 4909 adductis
3650 4855 3705 4908 in

2107 4951 2340 5006 medium
2390 4952 2518 5020 ipsis
2567 4967 2754 5005 eorum
2802 4949 3043 5020 peccatis
3080 4947 3236 5017 (Gen.
3269 4947 3380 5016 i9).
3408 4946 3706 5016 Propterea

2107 5042 2358 5097 nimirum
2385 5043 2603 5113 angelos
2634 5042 2795 5105 misit,
2823 5057 2927 5096 non
2951 5050 3155 5094 tantum
3185 5049 3240 5094 ut
3267 5039 3364 5094 Lot
3384 5037 3703 5104 educerent,

2105 5135 2198 5190 sed
2238 5146 2294 5189 ut
2329 5135 2538 5189 illorum
2574 5133 2906 5203 iniquitatem
2936 5130 3320 5194 ostenderent;
3359 5127 3501 5199 quod
3540 5129 3702 5182 etiam

2109 5229 2306 5283 evenit.
2359 5228 2490 5282 Cum
2520 5228 2663 5282 enim
2691 5243 2784 5280 eos
2815 5225 2913 5279 Lot
2940 5225 3276 5293 excepisset,
3323 5221 3552 5290 hospitis
3600 5221 3702 5275 do-

2104 5335 2250 5374 mum
2290 5318 2618 5374 obsederunt
2654 5333 2863 5380 omnes,
2907 5326 2961 5372 et
3004 5317 3057 5370 iu
3102 5316 3286 5370 orbem
3325 5317 3701 5369 circumstete-

2104 5419 2248 5464 runt.
2291 5409 2457 5478 llujus
2507 5419 2684 5464 autem
2735 5407 3030 5464 obsidionis
3085 5408 3360 5477 copiarum
3416 5405 3527 5459 dux
3584 5413 3702 5458 erat

2105 5503 2356 5557 infandus
2403 5517 2574 5567 amor,
2629 5511 2685 5557 et
2726 5501 2893 5571 iniqui
2936 5500 3202 5570 cupiditas
3246 5501 3441 5565 coitus,
3497 5498 3589 5568 qui
3649 5506 3702 5551 et

2103 5599 2276 5652 a'tatis
2304 5607 2359 5651 et
2382 5606 2585 5650 naturae
2612 5595 2809 5651 limites
2830 5594 3142 5650 excedebat.
3171 5593 3356 5664 Neque
3373 5592 3516 5647 enim
3545 5591 3699 5660 juve-

2104 5703 2202 5744 nes
2248 5688 2421 5743 solum
2461 5687 2954 5753 circumsteterunt,
2993 5686 3090 5742 sed
3126 5687 3289 5741 etiam
3325 5684 3568 5740 seniores
3602 5702 3615 5736 :
3649 5692 3698 5736 et

2106 5795 2279 5854 neque
2304 5779 2527 5835 canities
2555 5779 2756 5835 rabiem
2796 5778 2998 5835 sedavit
3013 5823 3029 5851 ,
3071 5793 3246 5850 neque
3269 5775 3511 5841 ,furorent
3543 5791 3696 5834 Seue-
