4020 6370
336 334 442 392 οδε)

328 465 428 532 τὴν
444 459 685 530 ῑφθασαν
700 458 801 528 τῆς
818 459 1134 530 φιλοσοφίας
1158 462 1373 534 ἀρετὴν,
1395 464 1487 518 καὶ
1506 465 1602 535 τήν
1619 465 1789 536 αὐτὴν
1812 469 1909 519 ἐπ-

329 543 603 608 εδείξαντο
623 543 1041 615 φιλοφροσύνην,
1057 548 1124 615 τῇ
1146 545 1253 597 τῶν
1278 548 1715 617 κατορθωμάτων
1734 551 1915 617 ὁμοιό-

328 643 457 698 ⁶τητι
492 626 591 695 τὴν
629 626 949 694 συγγένειαν
992 629 1122 697 ἡμῖν
1163 628 1271 681 τῶν
1319 630 1602 701 Διαθηκῶν
1642 632 1912 686 ἐνδεικνύ-

332 727 512 781 μεναι.
550 709 817 779 Καθάπερ
846 709 956 780 γάρ
993 711 1245 764 σκόπελοί
1275 730 1418 777 τινες
1450 715 1643 786 ὑψηλοὶ
1693 718 1914 787 περιϐεο

327 794 589 863 ϐλημένοι
620 792 865 863 λιμένας,
891 792 983 857 οὓς
1008 794 1071 863 δὴ
1106 795 1313 867 φάρους
1348 798 1532 851 καλεῖν
1557 798 1801 863 είώθασι,
1826 801 1912 855 διὰ

328 878 514 949 πάσης
558 878 660 947 τῆς
689 878 880 940 νυκτὸς
927 878 1192 930 ἄσϐεστον
1239 879 1454 949 ἔχοντες
1488 881 1620 953 πῦρ,
1654 884 1780 947 τοὺς
1814 902 1912 936 πε-

328 963 709 1033 πλανημένους
762 961 903 1014 κατά
949 961 1010 1013 τὸ
1059 962 1296 1030 πέλαγος
1345 967 1411 1034 τῇ
1460 964 1765 1036 λαμπηδόνι
1816 967 1910 1020 τοῦ

328 1047 507 1115 φωτὸς
558 1045 695 1115 πρὸς
726 1046 823 1115 τὴν
871 1044 966 1097 τοῦ
999 1045 1217 1115 λιμένος
1248 1050 1684 1118 χειραγωγοῦσιν
1732 1051 1911 1120 ἀσφά.

326 1129 511 1183 λειαν·
561 1127 704 1181 οὕτω
739 1128 831 1179 καὶ
864 1120 1021 1180 αὗται
1057 1128 1309 1201 καθάπερ
1353 1132 1504 1194 τινὰς
1545 1133 1769 1200 λιμένας
1810 1136 1908 1204 τὴν

328 1210 731 1282 φιλοφροσύνην
760 1210 1221 1281 περιϐεϐλημέναι
1245 1252 1260 1275 ,
1298 1213 1378 1283 τῷ
1408 1216 1546 1283 φωτὶ
1576 1216 1677 1285 τῆς
1706 1216 1910 1280 οἰκείας

332 1293 736 1368 μεγαλοψυχίας
757 1295 883 1357 τοὺς
902 1296 958 1347 ἐν
979 1298 1041 1365 τῇ
1070 1296 1347 1369 βαθυτάτῃ
1367 1299 1554 1350 νυκτί·
1585 1299 1778 1363 νυκτὸς
1800 1299 1910 1371 γὰρ

325 1380 479 1434 οὐδὲν
504 1379 727 1448 ἄμεινον
758 1376 915 1447 ήμῶν
949 1378 982 1448 ἡ
1017 1377 1129 1448 ζωὴ
1153 1379 1446 1443 διάκειται,
1485 1382 1734 1454 καθάπερ
1755 1387 1849 1436 καὶ
1882 1384 1911 1434 6

328 1464 542 1527 Παῦλός
577 1480 741 1533 φησιν
763 1503 776 1529 ,
806 1464 888 1514 ὅτι
925 1461 985 1515 Ἠ
1024 1463 1136 1527 νὺξ
1170 1466 1531 1532 προέκοψεν,
1558 1466 1596 1532 ἡ
1626 1467 1694 1519 δὲ
1725 1470 1911 1535 ἡμέρα

326 1548 535 1617 ἧτγικε
561 1564 574 1577 ·
606 1547 731 1608 τοὺς
756 1541 848 1598 οὖν
880 1547 938 1598 ἐν
972 1548 1035 1616 τῇ
1068 1544 1340 1618 βαθυτάτῃ
1368 1550 1523 1601 νυκτὶ
1555 1551 1695 1601 κατά
1723 1551 1783 1603 τὸ
1810 1552 1908 1603 πέ-

326 1630 489 1699 λαγος
537 1630 635 1700 τῆς
678 1629 1042 1699 φιλαργυρίας
1092 1627 1497 1699 πλανωμένους.
1543 1634 1638 1685 καὶ
1664 1633 1912 1701 γίνεσθαι

331 1715 619 1785 μέλλοντας
654 1712 1049 1783 ὑποϐρυχίους,
1098 1712 1236 1783 πρὸς
1263 1713 1359 1781 τὴν
1394 1715 1524 1785 παρ’
1569 1715 1775 1768 ἑαυτῶν
1810 1733 1910 1770 κα-

325 1798 509 1852 λοῦσιν
549 1797 889 1867 ἀσφάλειαν,
941 1796 1004 1848 τὸ
1038 1797 1135 1864 τῆς
1166 1796 1576 1869 φιλανθρωπίας
1620 1801 1910 1867 διαπαντὸς

328 1883 615 1954 καιόμενον
636 1880 856 1951 ἔχουσαι
886 1878 1015 1950 πῦρ,
1048 1880 1141 1932 καὶ
1167 1880 1528 1945 διασώζουσαι
1555 1884 1615 1937 τὸ
1637 1885 1736 1955 τῆς
1766 1885 1913 1955 ἐλεη-

330 1967 569 2039 μοσύνης
600 1964 862 2019 ἄσϐεστον
890 1964 1027 2034 φῶς.

399 2065 465 2135 β’.
486 2062 645 2117 Ἀλλά
674 2063 801 2134 περὶ
818 2063 1032 2132 ἐκείνης
1054 2063 1153 2132 μὲν
1175 2065 1233 2116 ἐν
1248 2063 1422 2134 ἑτέρῳ
1441 2064 1645 2135 καιρῷ-
1672 2067 1913 2137 τήμερον

323 2154 378 2207 δὲ
406 2153 534 2223 περὶ
561 2152 659 2222 τῆς
686 2153 743 2204 ἐν
769 2154 835 2221 τῇ
872 2152 1084 2221 Παλαιᾷ
1129 2151 1266 2221 πρὸς
1293 2152 1437 2221 ὑμᾶς
1470 2152 1725 2222 ἐροῦμεν.
1766 2157 1910 2209 Πάν-

324 2260 430 2306 τως
455 2239 565 2311 γὰρ
604 2241 697 2293 καὶ
734 2239 941 2309 ταύτης
980 2240 1401 2310 ἐπαινουμένης,
1438 2240 1653 2312 ἐκείνης
1684 2242 1795 2296 τῶν
1821 2245 1918 2312 ἐγ-

325 2329 552 2399 κωμίων
583 2330 633 2380 οί
664 2329 919 2395 στέφανοι
956 2326 1277 2381 πλέκονται·
1309 2323 1383 2382 ὧν
1407 2329 1513 2399 γάρ
1540 2331 1607 2383 τὰ
1640 2331 1917 2401 κατορθώ-

328 2432 475 2486 ματα
502 2415 613 2479 ίσα,
638 2415 732 2467 καὶ
757 2416 806 2465 οἱ
826 2414 974 2481 λόγοι
996 2414 1105 2466 τῶν
1135 2417 1427 2486 ἐγκωμίων
1455 2419 1643 2470 κοινοί.
1664 2418 1915 2486 Ἐγένετο

321 2504 500 2558 τοίνυν
540 2502 682 2554 κατά
731 2503 858 2563 τοὺς
909 2500 1115 2572 ταύτης
1163 2504 1388 2573 χρόνους
1441 2504 1597 2575 λιμὸς
1644 2505 1908 2576 χαλεπός·

321 2593 444 2663 οὐχὶ
477 2593 510 2661 ἡ
542 2592 612 2659 γῆ
643 2590 699 2643 δὲ
736 2589 988 2661 καμοῦσα
1024 2594 1382 2663 παρῃτήσατο
1421 2592 1519 2662 τὴν
1550 2595 1741 2665 φοράν,
1776 2595 1915 2648 ἀλλά

324 2682 435 2735 τῶν
465 2679 771 2751 ἀνθρώπων
792 2680 859 2731 τά
886 2680 1262 2751 ἁμαρτήματα
1292 2680 1386 2733 τοῦ
1412 2681 1546 2735 Θεοῦ
1580 2684 1677 2754 τὴν
1704 2683 1913 2755 δωρεὰν

324 2771 757 2842 ἀπεκρούσαντο.
801 2768 1049 2838 Ἐγένετο
1087 2770 1268 2823 τοίνυν
1301 2770 1459 2841 λιμὸς
1502 2772 1742 2842 χαλεπὸς
1765 2813 1780 2836 ,
1817 2773 1913 2826 καὶ

324 2860 499 2932 λιμῶν
544 2861 799 2914 ἁπάντων
833 2860 1159 2931 πικρότατος
1181 2879 1192 2890 ·
1258 2863 1352 2914 καὶ
1384 2862 1571 2915 τοῦτον
1606 2863 1783 2932 ἤγαγε
1822 2862 1914 2916 τὸν

326 2948 482 3021 λιμὸν
519 2950 549 3001 6
586 2948 759 3018 μέγας
799 2947 983 3010 Ἠλίας
1008 2988 1022 3010 ,
1060 2949 1314 3020 καθάπερ
1348 2950 1468 3002 τινὰ
1502 2951 1731 3022 φοϐερὸν
1765 2953 1911 3004 οἰκέ-

326 3055 426 3110 την
476 3036 712 3098 καλέσας
738 3076 752 3098 ,
804 3037 944 3090 ὣστε
983 3037 1111 3098 τοὺς
1162 3036 1479 3100 συνδούλους
1513 3038 1603 3090 τὸν
1633 3041 1913 3110 Δεσπότην

327 3125 648 3199 ὑϐρίζοντας
680 3124 1048 3192 σωφρονίσαι·
1101 3124 1302 3195 μᾶλλον
1344 3124 1400 3176 δέ
1448 3127 1705 3178 ἐκάλεσεν
1752 3128 1913 3182 αὐτὸν

321 3215 433 3268 τῶν
473 3213 743 3268 Ἰουδαίων
766 3211 833 3264 τὰ
859 3212 1237 3282 ἁμαρτήματα
1263 3229 1276 3242 ·
1306 3213 1533 3281 ἐκόμισε
1555 3213 1611 3265 δὲ
1638 3214 1800 3267 αὑτὸν
1820 3214 1911 3267 τοῦ

325 3303 604 3374 προφήτου
640 3301 700 3353 τὸ
729 3300 925 3369 στόμα.
956 3298 1041 3365 Ζῇ
1071 3300 1200 3370 γάρ,
1236 3301 1402 3370 φησὶ,
1438 3302 1717 3370 Κύριος-ό
1742 3304 1912 3369 Θεὸς,

324 3395 376 3447 εί
408 3391 581 3445 ἔσται
607 3387 805 3453 ὑετὸς,
845 3390 899 3441 εὶ
923 3388 1008 3455 μὴ
1037 3388 1135 3441 διὰ
1165 3388 1465 3458 στόματός
1486 3407 1627 3458 μου.

395 3491 506 3549 Ἦν
523 3494 701 3548 τοίνυν
732 3494 1004 3564 ἀφόρητον
1034 3494 1204 3547 κακόν
1230 3509 1243 3521 ·
1265 3493 1386 3545 οὐδὲ
1416 3493 1525 3565 γὰρ
1548 3495 1646 3564 τὴν
1669 3497 1913 3568 γαστέρα

322 3585 423 3659 τῆς
451 3585 553 3655 γῆς
580 3585 774 3653 ἄγονον
808 3582 1033 3654 ἐποίησε
1071 3582 1230 3653 μόνον
1262 3584 1294 3653 ή
1328 3583 1535 3654 φοϐερά
1570 3584 1661 3637 τοῦ
1696 3590 1912 3658 προφή-

324 3696 418 3733 του
453 3677 605 3749 φωνὴ
628 3719 643 3743 ,
680 3675 935 3731 ἀλλὰκαὶ
968 3676 1107 3729 αύτά
1145 3674 1255 3727 τῶν
1297 3678 1557 3746 ποταμῶν
1603 3679 1672 3731 τά
1721 3680 1911 3752 ῥεῖθρα

322 3770 621 3835 ἀνέστειλε,
651 3767 745 3822 καὶ
791 3768 840 3819 οἱ
880 3766 1171 3838 χείμαρροι
1214 3767 1337 3820 τότε
1386 3767 1732 3840 ἐξηραίνοντο
1777 3773 1915 3828 πάν-

322 3879 435 3926 τες.
481 3862 593 3914 Καὶ
641 3858 893 3929 καθάπερ
937 3858 1173 3929 πυρετὸς
1204 3858 1405 3931 λάϐρος
1444 3861 1536 3913 καὶ
1568 3862 1800 3935 διακαής
1834 3867 1913 3929 είς

325 3952 578 4023 σώματος
603 3950 763 4022 φύσιν
788 3947 1064 4021 ἐμπεσὼν,
1095 3951 1216 4019 οὐχὶ
1246 3950 1343 4022 τήν
1371 3953 1695 4022 ἐπιφάνειαν
1725 3956 1913 4028 ξηραί-

322 4059 406 4097 νει
453 4042 645 4113 μόνον,
686 4040 821 4093 ἀλλὰ.
851 4040 944 4093 καὶ
978 4039 1116 4113 πρὸς
1151 4041 1281 4093 αὐτὸ
1339 4044 1595 4115 χωρήσας
1626 4045 1685 4098 τὸ
1713 4046 1910 4117 βάθος,

322 4135 494 4205 αὐτὴν
521 4133 630 4187 τῶν
659 4132 832 4186 ὀστῶν
862 4132 1210 4203 καταφρύγει
1242 4133 1338 4204 τὴν
1368 4135 1530 4203 φύσιν
1553 4155 1564 4167 ·
1592 4138 1733 4192 οὕτω
1766 4142 1860 4194 καὶ
1885 4144 1914 4195 6

320 4228 444 4283 τότε
474 4226 761 4296 γενόμενος
796 4224 1038 4296 αὐχμὸς,
1071 4226 1193 4295 οὐχ).
1238 4226 1335 4295 τὴν
1370 4228 1491 4297 ὄψιν
1516 4231 1614 4300 τῆς
1643 4232 1747 4301 γῆς
1782 4252 1913 4287 κατ-

322 4320 524 4374 έκαυσε
558 4318 739 4389 μόνον,
770 4313 907 4370 ἀλλά
936 4316 1030 4369 καὶ
1062 4316 1199 4387 πρὸς
1227 4319 1395 4383 αύτάς
1420 4322 1518 4384 τὰς
1549 4323 1782 4391 λαγόνας
1826 4327 1910 4378 ὲλ-

322 4409 454 4477 θὼν,
488 4411 670 4463 πᾶσαν
704 4407 949 4463 κάτωθεν
981 4408 1257 4462 ἀνέσπασε
1287 4410 1386 4481 τὴν
1416 4414 1612 4466 νοτίδα.
1652 4416 1719 4467 Τί
1760 4413 1853 4470 οὖν
1883 4418 1911 4470 6

321 4502 456 4567 Θεὸς
506 4500 644 4572 πρὸς
687 4499 777 4552 τὸν
823 4499 1143 4571 προφήτην;
1198 4500 1547 4571 Ἀνάστηθι,
1592 4509 1756 4577 φησὶ,
1813 4510 1913 4563 και

321 4595 647 4662 πορεύθητι
686 4594 773 4658 εἰς
811 4592 1088 4660 Σαρεφθὰ
1122 4590 1234 4659 τῆς
1270 4593 1564 4662 Σιδῶνος·
1599 4599 1730 4653 ἐκεῖ
1751 4601 1913 4655 ἐντε-

319 4684 541 4753 λοῦμαι
568 4682 808 4753 γυναικὶ
841 4681 997 4750 χήρᾳ
1025 4681 1131 4736 τοῦ
1160 4682 1475 4753 διαθρέψαι
1508 4703 1603 4741 σε.
1627 4691 1692 4743 Τί
1718 4691 1908 4759 τοῦτο;

323 4778 421 4831 ἐπὶ
463 4778 563 4846 τῆς
604 4777 811 4839 οἰκείας
850 4776 1108 4846 οὐδεμιᾶς
1151 4777 1432 4833 ἀπέλαυσε
1488 4783 1905 4857 φιλοφροσύνης,

321 4869 418 4925 καὶ
456 4869 537 4932 είς
578 4868 679 4937 τὴν
710 4867 998 4938 ἀλλοτρίαν
1022 4870 1188 4924 αὑτὸν
1217 4870 1483 4941 πέμπεις,
1516 4875 1610 4927 καὶ
1642 4876 1779 4946 πρὸς
1806 4895 1908 4946 γυ-

318 4961 486 5016 ναῖκα
527 4958 740 5030 χήραν;
777 4958 843 5010 El
890 4957 999 5029 γὰρ
1030 4957 1261 5031 εὕπορος
1289 4956 1381 5033 ἦν,
1413 4965 1462 5015 εί
1506 4963 1614 5034 γὰρ
1644 4965 1912 5021 πλουσιω-

318 5053 483 5122 τάτη,
522 5052 573 5103 εί
616 5050 725 5121 γὰρ
754 5049 920 5104 αὐτοῦ
954 5051 1050 5104 τοῦ
1086 5052 1460 5122 βασιλεύοντος
1502 5059 1662 5129 γυνὴ,
1715 5063 1764 5114 εί
1801 5062 1911 5133 γάρ

318 5144 546 5213 ταμιεῖα
594 5140 805 5193 πολλῶν
853 5136 999 5211 εἶχεν
1045 5143 1481 5215 ἐμπεπλησμένα
1529 5152 1907 5222 γεννημάτων,

318 5234 421 5287 οὐκ
469 5232 538 5287 ἂν
568 5232 740 5302 αὐτῆς
784 5233 984 5302 μᾶλλον
1031 5235 1130 5305 τῆς
1157 5235 1263 5306 γῆς
1298 5236 1398 5309 τὴν
1443 5242 1761 5311 προαίρεσιν
1809 5247 1910 5299 ἀπ-

320 5326 647 5397 εστείρωσεν
692 5325 721 5376 6
755 5327 848 5377 τοῦ
879 5326 1039 5395 λιμοῦ
1082 5328 1279 5397 φόϐος;
1310 5331 1425 5383 Ἵνα
1453 5329 1545 5386 οὖν
1576 5334 1650 5405 μή
1673 5337 1845 5392 ταῦτα
1879 5340 1908 5392 ὁ

321 5416 611 5487 προφήτης
642 5413 795 5485 λέγῃ,
836 5414 971 5485 μηδέ
1010 5416 1405 5487 διαλογίζηται,
1442 5421 1529 5474 διὰ
1556 5423 1713 5475 τοῦτο
1751 5425 1905 5490 αὐτὸ,

518 5508 782 5577 πρότερον
812 5506 900 5560 διὰ
935 5508 1044 5561 τῶν
1079 5509 1331 5579 κοράκων
1375 5510 1594 5582 ἔθρεψε,
1624 5521 1907 5590 μονονουχὶ

319 5599 458 5671 πρὸς
484 5598 646 5655 αὐτὸν
671 5596 845 5666 λέγων
873 5598 960 5652 διά
984 5599 1091 5653 τῶν
1117 5602 1444 5673 γενομένων,
1468 5606 1548 5659 ὅτι
1573 5606 1632 5659 Εἰ
1655 5610 1753 5681 τὴν
1781 5612 1905 5665 ἄλο..

317 5708 416 5759 τον
452 5690 611 5760 φύσιν
639 5688 981 5760 ξενοδοκῆσαί
1013 5709 1073 5745 σε
1107 5697 1519 5764 παρεσκεύασα,
1560 5702 1737 5774 πολλῷ
1765 5692 1903 5775 μάλ-

315 5782 412 5840 λον
438 5785 473 5857 ή
497 5781 692 5853 λογικὴ
730 5782 1079 5854 πεισθήσεται
1108 5785 1263 5841 τοῦτο
1300 5789 1538 5860 ποιῆσαι.

1566 360 1633 416 ΙΝ
1675 362 1934 417 HELIAM
1972 363 2059 419 ET
2096 364 2376 423 VIDUAM.

3495 375 3600 432 διο

2091 482 2157 540 γ’.
2188 479 2286 531 Διά
2307 481 2465 533 τοῦτο
2484 480 2620 551 μετὰ
2634 484 2757 546 τοὺς
2774 483 3010 553 κόρακας
3029 487 3061 556 ή
3080 488 3243 556 χήρα.
3263 489 3370 541 Καὶ
3391 484 3458 560 ἦν
3476 491 3605 546 ἰδεῖν

2017 562 2109 615 τὸν
2142 568 2427 638 προφήτην
2467 569 2721 649 ὑπόδικον
2749 573 3039 642 γενόμενον
3074 578 3349 643 γυναικὸς,
3380 580 3479 650 τὴν
3508 581 3601 633 οὑ-

2023 656 2305 725 ρανομήκη
2330 658 2424 709 καὶ
2453 640 2603 710 θείαν
2631 657 2811 729 ψυχὴν
2839 640 3195 734 ἐκείνηνξτὸν
3222 640 3469 732 γενναῖον
3505 670 3603 722 καὶ

2020 739 2223 807 ὑψηλὸν
2260 742 2467 804 Ἠλίαν,
2518 744 2708 817 ὥσπερ
2750 748 2951 819 ἀλήτην
2997 752 3119 804 τινὰ
3161 755 3253 805 καὶ
3299 754 3601 826 προσαίτην

2020 829 2156 900 πρὸς
2184 830 2281 893 τὰς
2312 831 2482 903 θύρας
2513 835 2610 905 τῆς
2643 838 2818 907 χήρας
2851 838 3162 907 ἐρχόμενον,
3188 842 3283 894 καὶ
3310 843 3369 895 τὸ
3399 843 3597 912 στόμα,

2017 917 2044 969 ὃ
2070 918 2162 970 τὸν
2196 920 2424 992 οὐρανὸν
2447 922 2678 988 ἔκλεισε,
2710 925 2808 989 τὰς
2834 926 2941 979 τῶν
2971 931 3407 997 προσαιτούντων
3435 934 3600 1003 φθεγ-

2017 1005 2252 1074 γόμενον
2287 1009 2471 1077 φωνάς
2494 1027 2507 1042 ·
2541 1012 2640 1077 Δός
2678 1030 2769 1082 μοι
2810 1013 2995 1083 ἄρτον,
3027 1016 3113 1079 δός
3165 1036 3255 1087 μοι
3294 1019 3473 1093 ὕδωρ·
3512 1022 3600 1077 ἵνα

2019 1098 2082 1149 σὺ
2118 1098 2295 1169 μάθῃς
2324 1102 2403 1153 ὅτι
2450 1102 2604 1155 οὐδὲν
2652 1102 2824 1167 οὕτως
2866 1107 3187 1177 ἐπιτήδειον,
3229 1110 3304 1173 ὡς
3340 1113 3600 1178 γυναικὸς

2016 1184 2161 1238 οίκία
2192 1189 2400 1257 χήρας,
2436 1191 2529 1242 καὶ
2571 1192 2742 1261 σκηνὴ
2782 1192 2973 1257 πενίας
3006 1194 3268 1263 γέμουσα,
3307 1200 3399 1252 καὶ
3432 1201 3593 1255 πλούο

2015 1289 2107 1325 του
2142 1275 2237 1327 καὶ
2268 1276 2377 1329 τῶν
2409 1278 2519 1330 ἀπὸ
2554 1279 2647 1332 τοῦ
2681 1280 2911 1333 πλούτου
2959 1284 3144 1335 κακῶν
3182 1286 3597 1361 άπηλλαγμένη.

2016 1361 2274 1431 Καθαρὸν
2299 1364 2407 1433 γὰρ
2428 1364 2674 1435 θορύϐων
2703 1363 2770 1438 ἦν
2796 1369 2856 1421 τὸ
2884 1368 3097 1440 χωρίον,
3123 1374 3216 1424 καὶ
3243 1376 3423 1437 πάσης
3453 1377 3600 1444 φιλο-

2020 1448 2213 1516 σοφίας
2273 1451 2501 1519 μεστὸν,
2569 1455 2662 1507 καὶ
2726 1454 2944 1525 λιμένος
3002 1460 3202 1523 παντὸς
3255 1462 3594 1536 εύδιὼτερον.

2017 1536 2250 1590 Τοιαῦτα
2283 1539 2346 1610 δὴ
2380 1541 2613 1611 μάλιστα
2642 1544 3034 1618 ἐνδιαιτήματα
3063 1551 3172 1603 τῶν
3201 1551 3370 1621 ἁγίων
3402 1555 3599 1626 ἐπιζη-

2015 1623 2197 1677 τοῦσιν
2226 1628 2282 1678 αί
2314 1627 2503 1697 ψυχαί.

2099 1735 2289 1805 Ἀπῄει
2342 1737 2517 1791 τοίνυν
2564 1741 2699 1811 πρὸς
2747 1744 2845 1813 τὴν
2879 1746 3054 1816 χήραν
3083 1748 3111 1799 6
3146 1750 3461 1820 προφήτης,
3501 1755 3602 1823 τῆς

2030 1820 2324 1892 Ἰουδαϊκῆς
2351 1825 2659 1893 μισοξενίας
2684 1827 2906 1900 ἔλεγχον
2937 1834 3205 1906 ἐσομένην
3228 1855 3241 1867 ·
3270 1837 3437 1908 ἀπῄει
3464 1820 3599 1910 πρός

2016 1908 2114 1977 τὴν
2153 1911 2363 1979 χήραν,
2399 1913 2665 1968 διδάσκων
2710 1916 2955 1982 ἅπαντας
2992 1921 3072 1973 δτι
3111 1922 3333 1987 δικαίως
3385 1927 3600 1997 ἐκείνην

2015 1995 2114 2066 τὴν
2158 1997 2380 2052 κόλασιν
2426 2001 2787 2072 ὑπομένουσιν
2844 2008 3103 2063 Ἰουδαῖοι.
3159 2013 3266 2064 Καὶ
3311 2013 3419 2085 γάρ
3471 1995 3600 2069 ὅταν

2022 2083 2189 2155 μέλλῃ
2220 2086 2375 2149 τινὰς
2404 2088 2652 2153 κολάζειν
2684 2094 2711 2144 6
2739 2092 2891 2158 Θεὸς,
2919 2097 3014 2166 οὐχ
3056 2097 3243 2164 ἁπλῶς
3277 2083 3473 2170 ἐπάγει
3500 2105 3603 2175 τήν

2017 2173 2320 2241 τιμωρίαν,
2366 2174 2487 2228 ούδέ
2532 2180 2596 2247 τῇ
2652 2179 2751 2247 τῆς
2803 2183 3007 2247 οἰκείας
3060 2185 3297 2258 κρίσεως
3349 2173 3602 2261 ἀρκεῖται

2017 2258 2202 2329 ψήφῳ,
2232 2260 2369 2313 ἀλλά
2401 2264 2494 2315 καὶ
2520 2267 2631 2326 τοῖς
2661 2267 2972 2338 ἀνθρώποις
3001 2270 3089 2323 διά
3122 2271 3231 2324 τῶν
3257 2258 3603 2346 πραγμάτων

2020 2347 2388 2415 ἀπολογεῖται,
2422 2352 2612 2425 ὥσπερ
2636 2357 2694 2408 ἐν
2720 2358 2883 2428 κοινῷ
2916 2358 3253 2433 δικαστηρίῳ
3284 2366 3603 2436 κρινόμενος

2018 2437 2142 2499 ταῖς
2176 2435 2285 2489 τῶν
2334 2438 2545 2492 πολλῶν
2590 2441 2886 2508 ὑπονοίαις.
2936 2448 3045 2500 Καὶ
3078 2449 3331 2522 καθάπερ
3372 2454 3421 2505 οί
3452 2452 3603 2507 δικά-

2020 2521 2238 2590 ζοντες,
2286 2526 2412 2579 ὅταν
2450 2528 2682 2597 μέλλωσι
2729 2549 2850 2585 τινα
2892 2534 2992 2606 τὴν
3034 2539 3125 2591 ἐπ)⁴
3170 2538 3401 2594 θάνατον
3448 2542 3604 2611 ἄγειν

2019 2610 2155 2674 ὁδὸν,
2188 2613 2274 2681 ἐφ’
2303 2614 2510 2684 ὑψηλοῦ
2532 2616 2623 2669 τοῦ
2654 2618 2907 2689 βήματος
2938 2625 3390 2694 προκαθίσαντες,
3409 2610 3505 2683 καὶ
3534 2631 3603 2683 τά

2022 2702 2505 2771 παραπετάσματα
2530 2707 2956 2780 συνελκυσθῆναι
2988 2712 3364 2779 κελεύσαντες,
3384 2720 3477 2772 καὶ
3506 2720 3603 2791 τὴν

1922 2848 1927 2851 _
2021 2788 2175 2841 πόλιν
2201 2790 2385 2854 αὐτοῖς
2426 2797 2855 2866 περιστήσαντες
2895 2798 3114 2855 ἃπασαν
3133 2843 3147 2867 ,
3178 2803 3321 2857 οὕτω
3352 2788 3606 2880 καθάπερ

2022 2879 2080 2930 ἐν
2112 2879 2323 2950 θεάτρῳ
2361 2883 2525 2953 κοινῷ
2555 2884 2864 2951 δικάζοντες
2891 2890 3027 2959 πρὸς
3048 2890 3141 2945 τὸν
3170 2895 3478 2962 κατάδικον,

2020 2968 2141 3029 ταῖς
2181 2968 2436 3022 ἁπάντων
2470 2970 2624 3039 ὄψεσι
2668 2974 2762 3026 καὶ
2805 2975 2996 3039 ἀκοαῖς
3024 2976 3125 3042 τὰς
3158 2980 3381 3046 πεύσεις
3427 2985 3607 3039 ποιού-

2024 3070 2196 3123 μενοι,
2221 3056 2315 3107 κα¹ι
2342 3057 2411 3109 τά
2450 3058 2819 3131 ὑπομνήματα
2856 3063 2964 3116 τῶν
3004 3066 3232 3131 ἐκείνοις
3266 3071 3602 3144 τετολμημέ-

2020 3157 2127 3194 νων
2161 3143 2582 3215 ἀναγνωσθῆναι
2619 3148 2954 3216 κελεύοντες,
3003 3154 3098 3206 καὶ
3125 3156 3288 3209 αὐτὸν
3316 3158 3408 3211 τὸν
3437 3143 3605 3214 ὑπεύ-

2021 3229 2179 3284 θυνον
2210 3233 2317 3286 τῶν
2357 3236 2505 3306 αὐτῴ
2553 3239 2973 3310 τετολμημένων
2999 3245 3253 3311 γενέσθαι
3296 3250 3605 3322 κατήγορον

2021 3321 2550 3390 παρασκευάζοντες,
2588 3328 2708 3380 τότε
2738 3329 2836 3400 τὴν
2881 3332 3060 3401 ψῆφον
3092 3335 3389 3403 ἐπάγουσιν
3414 3354 3427 3366 ·
3459 3340 3611 3395 οὕτω

2020 3408 2170 3460 καὶὸ
2210 3409 2371 3476 Θεὸς,
2405 3412 2655 3487 καθάπερ
2691 3417 2776 3487 ἐφ’
2822 3419 3027 3490 ὑψηλοῦ
3054 3422 3150 3475 τοῦ
3186 3424 3465 3496 βήματος,
3504 3430 3605 3483 τού

2019 3495 2128 3547 τῶν
2156 3497 2386 3568 Γραφῶν
2419 3501 2772 3573 κηρύγματος
2804 3509 3161 3577 προκαθίσας,
3184 3495 3277 3567 καὶ
3301 3514 3399 3587 τήν
3426 3519 3604 3571 οίκου-

2024 3583 2196 3654 μένην
2227 3588 2446 3641 ἅπασαν
2496 3593 2851 3663 περιστήσας,
2883 3597 2987 3649 ὑπὸ
3014 3601 3132 3665 ταῖς
3159 3601 3413 3657 ἁπάντων
3447 3605 3604 3675 ὄψεσι

2022 3678 2115 3728 καὶ
2135 3676 2327 3740 ἀκοαῖς
2350 3682 2579 3732 ποιεῖται
2611 3681 2720 3734 τῶν
2754 3683 3173 3755 ἁμαρτημάτων
3202 3690 3299 3762 τὴν
3330 3693 3600 3761 ἐξέτασιν,

2019 3766 2117 3835 ούχ
2146 3766 2511 3837 ὑπομνήματα
2533 3770 2945 3843 ἀναγνωσθῆναι
2978 3776 3235 3842 κελεύων,
3272 3782 3393 3834 οὐδὲ
3416 3785 3605 3855 γράμ-

2025 3871 2170 3922 ματα
2195 3858 2461 3928 παράγων
2500 3860 2580 3921 είς
2609 3861 2791 3928 μέσον,
2815 3863 2931 3916 ἀλλ’
2961 3867 3146 3931 αὐτοῖς
3174 3871 3321 3939 ἡμᾶς
3349 3876 3461 3937 τοῖς
3492 3875 3610 3930 τῶν

2021 3943 2326 3996 καταδίκων
2361 3946 2595 4013 ἐφιστῶν
2622 3949 2842 4020 ἀμαρτή
2853 3968 3039 4020 μασιν.

2090 4052 2151 4105 δ’.
2182 4054 2311 4107 Ὅτε
2330 4054 2457 4122 γοῦν
2470 4057 2595 4119 τοὺς
2615 4058 2883 4127 χαλεποὺς
2902 4065 3199 4132 κεραυνοὺς
3213 4067 3350 4122 κατά
3374 4069 3484 4123 τῶν
3507 4073 3609 4124 Σο.

2018 4138 2254 4209 δομιτῶν
2282 4142 2496 4209 ἀφεῖναι
2514 4144 2734 4212 ήμελλε,
2756 4148 2847 4199 καὶ
2870 4148 3074 4219 δήμους
3106 4153 3199 4205 καὶ
3227 4154 3411 4220 πόλεις
3432 4158 3609 4231 ἀναρα

2020 4227 2215 4290 πάζειν
2244 4229 2308 4281 ὲκ
2338 4229 2502 4299 μέσου
2530 4234 2627 4301 της
2658 4233 2843 4304 χώρας
2884 4236 2972 4289 διὰ
3014 4238 3110 4308 τῆς
3133 4242 3374 4314 φοϐερᾶς
3401 4227 3600 4315 φλογὸς

2018 4316 2251 4386 ἐκείνης,
2285 4317 2372 4369 ὅτε
2403 4319 2493 4371 τὸν
2523 4322 2709 4373 καινὸν
2738 4324 2829 4375 καὶ
2856 4324 3160 4395 παράδοξον
3195 4329 3351 4384 ὑετὸν
3377 4332 3469 4385 ἐπὶ
3502 4334 3609 4405 τήν

2018 4404 2122 4474 γῆν
2142 4404 2315 4473 ἠφίει,
2334 4405 2427 4457 τοῦ
2454 4407 2718 4478 προτέρου
2744 4412 3178 4485 φρικωδέστερον
3203 4416 3351 4482 ὄντα,
3378 4419 3436 4473 ὃν
3459 4404 3606 4492 πρῶι

2018 4510 2108 4545 τον
2149 4495 2243 4545 καὶ
2280 4493 2439 4563 μόνον
2470 4496 2620 4566 ἣλιος
2651 4499 2863 4551 ἐπεῖδεν
2886 4517 2899 4531 ·
2931 4501 3054 4553 ἐπεὶ
3084 4503 3325 4560 τοιοῦτον
3350 4508 3480 4577 πρὶν
3511 4522 3537 4551 ι
3564 4513 3596 4581 ἤ

2018 4582 2117 4649 τὴν
2141 4580 2361 4633 κόλασιν
2382 4583 2587 4653 ταύτην
2617 4586 2936 4655 ἐπαγαγεῖν,
2968 4589 3135 4656 ἔδειξε
3159 4590 3267 4645 τῶν
3295 4594 3604 4663 μελλόντων

2018 4668 2342 4734 κολάζεσθαι
2374 4671 2472 4741 τὴν
2497 4675 2761 4745 πονηρίαν
2791 4679 2945 4746 ἡμῖν,
2975 4679 3092 4749 οὐχὶ
3135 4681 3439 4753 γράμματα
3467 4686 3598 4738 ἀνα-

2016 4758 2324 4827 γινώσκων,
2352 4760 2604 4832 καθάπερ
2631 4762 2786 4834 ἔφην,
2818 4765 2933 4817 ἀλλ’
2962 4767 3103 4820 αύτά
3124 4771 3204 4833 είς
3250 4771 3416 4839 μέσον
3454 4791 3587 4845 παρ-

2017 4846 2242 4913 αγαγὼν
2269 4846 2337 4901 τά
2366 4849 2585 4919 άμαρτή
2595 4868 2759 4919 ματα.
2784 4852 2882 4907 Διά
2901 4853 3059 4908 τοῦτο
3078 4856 3208 4924 γοῦν
3228 4857 3440 4930 ἔπεμψε
3471 4863 3599 4927 τοὺς

2016 4934 2304 5002 ἀγγέλους,
2331 4935 2429 5005 οὐχ
2459 4937 2546 4989 ἵνα
2575 4938 2667 4990 τὸν
2688 4938 2809 4991 Λὼτ
2834 4940 3144 5010 ἐξαγάγωσι
3165 4945 3344 5015 μόνον,
3370 4948 3485 5003 ἀλλ’
3513 4951 3600 5005 ἵνα

2018 5040 2100 5075 σοι
2131 5022 2345 5087 δείξωσι
2375 5023 2472 5094 τὴν
2508 5027 2856 5097 παρανομίαν
2880 5029 3134 5083 ἐκείνων·
3160 5032 3188 5085 6
3208 5033 3271 5105 δὴ
3308 5037 3404 5089 καὶ
3434 5038 3601 5107 γέγο-

2015 5127 2125 5163 νεν.
2173 5110 2393 5182 Ἐπειδὴ
2423 5112 2532 5183 γάρ
2572 5114 2768 5178 αὐτοὺς
2808 5118 2835 5167 6
2874 5116 2998 5169 Λὼτ
3040 5119 3359 5188 ὑπεδέξατο,
3393 5125 3493 5196 τὴν
3520 5129 3599 5179 οἰ-

2015 5196 2140 5249 κίαν
2165 5198 2516 5269 ἐπολιόρκουν
2540 5200 2636 5253 τοῦ
2665 5203 2938 5274 ξενοδόχου
2969 5206 3189 5272 πάντες,
3219 5216 3597 5282 περιιστάντες

2017 5284 2167 5357 [551]
2194 5285 2398 5355 κύκλῳ.
2441 5288 2795 5361 Ἐστρατήγει
2829 5291 2886 5344 δέ
2915 5297 3015 5365 τῆς
3048 5296 3364 5369 πολιορκίας
3396 5302 3597 5366 ἄτοπος

2013 5372 2172 5443 ἔρως,
2208 5375 2303 5426 καὶ
2334 5374 2533 5443 μίξεως
2568 5376 2832 5449 ἐπιθυμία
2866 5382 3211 5452 παρανόμου,
3259 5388 3352 5440 καὶ
3380 5388 3598 5459 ἡλικίας

2015 5461 2109 5513 καλ⁸
2145 5460 2356 5528 φύσεως
2385 5463 2542 5532 ὄρους
2579 5465 3002 5535 ὑπερϐαίνουσα.
3024 5470 3162 5523 Ούδέ
3182 5473 3291 5544 γάρ
3321 5475 3596 5531 νεανίσκοι

2013 5550 2379 5620 περιέστησαν
2430 5552 2610 5621 μόνον,
2654 5552 2771 5605 ἀλλ’
2808 5554 2907 5626 ήδη
2964 5557 3059 5610 καὶ
3108 5561 3447 5631 πρεσϐῦται·
3502 5569 3596 5620 καὶ

2011 5637 2132 5689 οὐδὲ
2163 5638 2197 5703 ή
2222 5637 2382 5690 πολιά
2409 5639 2508 5708 τὴν
2547 5639 2744 5693 λύτταν
2775 5643 3135 5710 κατέπαυσεν,
3175 5648 3294 5702 οὐδὲ
3320 5650 3381 5704 τὸ
3421 5652 3614 5724 γῆρας·

2077 5813 2099 5839 ⁸
2124 5811 2275 5860 Smil.
2305 5814 2350 5862 in
2376 5827 2421 5862 m
2439 5828 2527 5877 πε.
2552 5816 2655 5879 conj
2699 5818 2851 5867 ἐπεῖδε
2875 5819 3109 5871 τοιοῦτον·
3130 5826 3234 5886 πρίν
