4020 6370
375 341 472 397 διι

375 452 474 522 τὴν
505 449 701 520 μανίαν
724 447 966 511 ἔσϐεσεν,
991 447 1104 500 ἀλλ’
1128 442 1196 518 ἦν
1221 446 1346 499 ἰδεῖν
1377 446 1434 497 ὲν
1453 443 1630 515 λιμένι
1660 441 1944 510 ναυάγιον,

373 542 434 593 ἐν
476 541 625 610 γήρᾳ
669 538 985 608 παράνομον
1033 534 1351 604 ἐπιθυμίαν.
1396 533 1505 587 Καὶ
1547 530 1669 584 οὐδὲ
1715 528 1948 583 ἐνταῦθα

374 630 610 698 ἔστησαν
630 627 729 696 τῆς
760 625 1127 697 παρανομίας,
1150 624 1285 677 ἀλλὰ
1306 624 1398 677 τοῦ
1423 619 1548 676 Λὼτ
1569 619 1944 691 ὑποσχομένου

371 719 471 782 τὰς
513 715 710 771 ἑαυτοῦ
755 715 1100 788 παραδώσειν
1131 715 1454 785 θυγατέρας,
1500 711 1620 765 οὐδὲ
1646 710 1819 772 οὕτως
1845 709 1948 776 ἀφ-

379 809 610 868 ίσταντο,
645 805 760 859 ἀλλ’
788 805 1068 858 ἐπέκειντο
1087 844 1101 868 ,
1142 804 1392 872 λέγοντες
1425 801 1499 873 μὴ
1526 800 1788 872 πρότερον
1817 799 1951 850 ἀπο-

375 893 689 964 στήσεσθαι,
724 893 826 955 ἕως
856 892 921 945 ἂν
953 892 1079 955 τοὺς
1106 891 1304 962 ἄνδρας
1333 890 1538 942 λάϐωσι
1561 904 1572 916 ’
1605 889 1698 940 καὶ
1738 885 1948 956 μεγάλα

374 981 630 1052 ἠπείλουν
657 980 847 1034 δώσειν
873 978 1018 1032 κακά
1039 993 1118 1049 τῳ
1139 978 1237 1041 τὰς
1265 976 1458 1030 ἑαυτοῦ
1483 974 1787 1044 θυγατέρας
1818 975 1952 1025 ὑπο-

376 1064 623 1140 σχομένῳ
653 1067 844 1120 δώσειν
871 1067 960 1119 διὰ
991 1068 1090 1133 τὴν
1114 1069 1189 1130 εἰς
1223 1067 1346 1127 τοὺς
1377 1065 1560 1130 ξένους
1584 1065 1768 1133 τιμήν.
1799 1057 1950 1124 Εἶδες

374 1156 492 1218 πῶς
525 1152 861 1222 πανταχόθεν
894 1151 1064 1217 ἔδειξε
1097 1151 1204 1203 τῶν
1241 1149 1542 1219 Σοδομιτῶν
1583 1147 1681 1217 τὴν
1727 1145 1949 1209 κακίαν,

375 1244 470 1296 καὶ
492 1242 613 1295 τότε
641 1241 738 1312 τὴν
767 1240 1039 1311 τιμωρίαν
1069 1239 1382 1308 ἐπήγαγεν;
1413 1237 1530 1289 Ἵνα
1561 1235 1669 1305 γάρ
1705 1233 1778 1304 μὴ
1814 1234 1952 1305 μετά

373 1331 548 1385 ταῦτα
585 1330 725 1401 ὁρῶν
755 1327 1151 1398 κολαζομένους
1202 1327 1399 1389 αὐτοὺς
1439 1323 1821 1392 κατακλασθῇς
1861 1321 1952 1373 διὰ

371 1419 436 1474 τὸ
462 1417 688 1491 μέγεθος
707 1417 809 1485 τῆς
841 1417 1146 1486 συμφορᾶς,
1169 1414 1301 1484 μηδέ
1329 1415 1444 1482 μετ’
1467 1412 1690 1465 ἐκείνων
1714 1409 1951 1479 ἐγκαλῇς

372 1507 454 1580 τῷ
484 1507 623 1578 Θεῷ,
664 1504 800 1560 ἀλλά
833 1503 970 1574 μετά
996 1502 1089 1554 τοῦ
1124 1501 1258 1553 Θεοῦ
1305 1499 1645 1571 κατακρίνῃς
1685 1499 1949 1559 ἐκείνους,

375 1595 662 1666 προλαϐὼν
711 1596 776 1663 τῇ
809 1593 907 1662 τῆς
947 1589 1211 1661 πονηρίας
1245 1588 1550 1652 ἀποδείξει,
1595 1587 1773 1640 πάντα
1825 1601 1955 1654 προ-

375 1685 693 1755 ανήρποσεν
727 1679 906 1734 αὐτῶν
937 1678 1029 1732 τὸν
1058 1677 1225 1737 ἔλεον.
1277 1680 1374 1748 τῆς
1409 1676 1546 1746 πρὸς
1577 1675 1774 1730 αὐτοὺς
1814 1691 1952 1743 συμ-

375 1771 604 1833 παθείας
638 1765 940 1836 ἀπαγαγὼν
969 1767 1138 1836 ἡμᾶς.
1151 1767 1216 1818 Ὃ
1242 1764 1307 1835 δὴ
1336 1765 1428 1817 καὶ
1460 1764 1553 1817 νῦν
1580 1763 1673 1815 ἐπὶ
1697 1762 1792 1814 τοῦ
1821 1777 1956 1829 προ-

376 1862 546 1930 φήτου
596 1856 913 1927 πεποίηκεν.
957 1854 1074 1907 ’Ὶνα
1116 1853 1190 1923 μὴ
1238 1851 1459 1920 θεωρῶν
1508 1851 1611 1904 ὑπὸ
1647 1849 1742 1902 τοῦ
1791 1847 1952 1919 λιμοῦ

373 1943 855 2017 διαφθειρομένους
882 1943 1008 2004 τοὺς
1047 1941 1331 2000 Ἰουδαίους
1366 1939 1559 2008 ἀλγῇς,
1599 1937 1839 1990 δείκνυσί
1871 1953 1954 1988 σοι

373 2037 472 2108 τήν
502 2032 896 2105 ἀπανθρωπίαν
921 2029 1102 2084 αὐτῶν
1133 2031 1228 2082 καὶ
1268 2029 1365 2100 τὴν
1395 2028 1675 2098 ὡμότητα,
1722 2027 1816 2080 καὶ
1855 2027 1954 2097 τῆς

376 2123 681 2195 φιλοξενίας
716 2120 814 2191 τὴν
849 2119 1066 2173 σπάνιν.
1109 2118 1184 2170 Οὐ
1221 2116 1330 2188 γὰρ
1355 2117 1417 2186 δὴ
1453 2117 1612 2185 μόνον
1639 2115 1738 2184 οὑχ
1770 2114 1955 2167 ὑπεδέ-

376 2214 537 2280 ξαντο
556 2209 647 2262 τὸν
681 2208 990 2279 προφήτην,
1021 2204 1157 2258 ἀλλά
1187 2205 1282 2257 καὶ
1305 2203 1647 2256 ἀποκτείνειν
1668 2202 1947 2272 ἠπείλουν·

377 2301 472 2354 καὶ
508 2298 665 2352 τοῦτο
701 2295 857 2366 δῆλον
895 2295 957 2346 ἐκ
987 2292 1096 2346 τῶν
1135 2291 1270 2344 Θεοῦ
1309 2291 1592 2360 ῥημάτων.
1640 2291 1712 2343 Οὐ
1740 2289 1849 2360 γὰρ
1881 2286 1958 2341 εἶ-

379 2405 500 2450 πεν,
534 2383 966 2452 Ἁναχώρησον,
1005 2381 1184 2452 μόνον,
1211 2377 1348 2432 ἀλλά
1381 2379 1494 2440 καὶ,
1528 2378 1805 2446 Κρύὸηθι.
1841 2377 1956 2429 Οὐκ

377 2477 540 2546 ἀρκεῖ
565 2471 672 2542 γάρ
712 2487 793 2523 σοι
825 2468 960 2540 πρὸς
1001 2467 1274 2539 σωτηρίαν
1313 2469 1346 2538 ἡ
1387 2466 1564 2537 φυγὴ,
1591 2465 1727 2518 ἀλλά
1752 2465 1833 2517 δεῖ
1863 2465 1956 2517 καὶ

377 2563 560 2617 λαθεῖν
589 2559 727 2631 μετά
759 2557 958 2626 πολλῆς
981 2558 1081 2627 τῆς
1108 2555 1428 2627 ἁκριϐείας’
1463 2556 1635 2625 δῆμος
1665 2553 1775 2625 γάρ
1807 2555 1956 2606 ἐστιν

389 2648 696 2711 ’ίουδαῖκὸς,
745 2646 916 2716 δῆμος
959 2644 1206 2712 αἱμάτων
1243 2643 1410 2712 διψῶν
1443 2643 1820 2713 προφητικῶν,
1862 2643 1956 2694 καὶ

375 2742 496 2802 ταῖς
545 2737 654 2790 τῶν
697 2733 868 2802 ἁγίων
929 2730 1311 2802 ἐμμελετήσας
1367 2733 1642 2800 σφαγαῖς’
1698 2730 1806 2783 ἀπὸ
1847 2731 1955 2782 τῶν

378 2822 733 2899 προφητικῶν
761 2819 1008 2891 αἱμάτων
1039 2819 1125 2871 ἀεὶ
1149 2818 1246 2881 τὰς
1276 2817 1484 2871 ἑαυτῶν
1515 2817 1730 2888 ᾕμαξαν
1755 2818 1955 2882 δεξιάς.

378 2924 510 2988 Καὶ,
556 2923 646 2975 ὅτε
699 2919 798 2991 μὲν
835 2919 904 2970 ἐκ
957 2918 1059 2987 τῆς
1113 2917 1373 2978 Ἰουδαίας
1414 2917 1575 2969 αὑτὸν
1626 2915 1956 2987 ἐξέπεμψεν,

381 3022 632 3076 Ἀκελθε
657 3017 753 3070 καὶ
781 3016 1049 3084 κρύϐηθι,
1081 3015 1245 3084 φησίν
1264 3031 1275 3042 ·
1304 3014 1392 3065 ὅτε
1415 3013 1470 3065 δέ
1500 3017 1638 3084 πρὸς
1663 3013 1760 3084 τὴν
1782 3014 1958 3084 χήραν

377 3116 727 3179 ἀπέστελλεν,
770 3112 933 3182 Ἐγὼ,
963 3113 1149 3180 φησὶν,
1188 3109 1540 3178 ἑντελοῦμιιι
1573 3109 1748 3177 αὐτῇ.
1797 3109 1960 3180 Ὁρᾷς

378 3217 498 3281 πῶς
529 3213 736 3269 ἐκεῖθεν
785 3209 882 3280 μὲν
923 3207 1192 3279 φεύγοντα
1239 3206 1375 3277 μετά
1421 3207 1620 3276 πολλῆς
1664 3205 1961 3274 ἀσφαλείας

327 3292 330 3296 ’
378 3315 537 3369 τοῦτο
565 3312 792 3380 ποιῆσαι
822 3307 1178 3378 προστάττει·
1205 3303 1439 3357 ἐνταῦθα
1463 3304 1518 3356 δὲ
1544 3303 1960 3373 καταφεύγοντα

381 3411 522 3486 μιτά
563 3407 764 3476 πολλῆς
810 3402 1122 3476 παρρησίας
1171 3402 1266 3455 καὶ
1315 3403 1408 3455 τοῦ
1465 3401 1700 3474 θάρρους
1743 3401 1962 3455 ἀπιέναι

381 3501 621 3568 κελεύει;

451 3629 516 3682 ε’.
537 3623 612 3677 Οὐ
635 3621 792 3676 τοῦτο
814 3621 871 3674 δέ
899 3621 1082 3692 μόνον,
1097 3616 1234 3672 ἀλλά
1260 3634 1312 3670 τι
1348 3617 1441 3671 καὶ
1467 3616 1654 3688 ἕτερον
1675 3617 1964 3688 ᾠκονόμη-

382 3737 471 3774 ται
493 3717 582 3772 διὰ
596 3717 692 3788 τῆς,
707 3714 802 3770 τοῦ
831 3715 1114 3786 προφήτου
1144 3711 1284 3782 πρὸς
1310 3710 1408 3781 τὴν
1435 3711 1612 3782 χήραν
1637 3712 1966 3781 παρουσίας.

383 3817 504 3868 Ἵνα
531 3813 641 3884 γὰρ
677 3809 752 3883 μὴ
783 3809 922 3880 μετὰ
948 3806 1123 3861 ταῦτα
1159 3805 1396 3876 ὁρῶντές
1441 3823 1585 3868 τινες
1612 3805 1702 3858 τὸν
1732 3805 1967 3876 Χριστὸν

385 3908 524 3982 μετά
543 3908 640 3970 τάς
666 3906 866 3969 πολλάς
896 3905 990 3957 καὶ
1019 3905 1260 3974 ἀφάτους
1306 3903 1598 3972 εὐργεσίας
1623 3903 1722 3966 τάς
1751 3904 1842 3956 ἐπὶ
1867 3903 1968 3973 τῆς

393 4003 674 4067 Ἰουδαίας,
697 4001 834 4074 μετᾶ
864 4001 992 4062 τοὺς
1027 3999 1256 4070 μυρίους
1282 3999 1529 4069 νεκροὺς,
1561 3998 1652 4063 οὓς
1675 3999 1964 4070 ἀνέστησε,

387 4097 524 4167 μετά
542 4097 667 4158 τοὺς
684 4093 940 4162 τυφλοὺς,
955 4091 1048 4154 οὓς
1068 4089 1370 4159 ἀναϐλέψαι
1401 4091 1648 4162 ἐποίησε,
1678 4091 1818 4162 μετά
1839 4093 1966 4154 τοὺς

383 4188 638 4260 λεπροὺς,
666 4187 760 4250 οὓς
791 4184 1052 4254 ἐκάθηρε,
1087 4182 1225 4253 μετὰ
1255 4183 1381 4246 τοὺς
1406 4183 1690 4254 δαίμονας,
1732 4183 1826 4246 οὒς
1857 4185 1967 4237 ἀπ-

383 4279 574 4352 ήλασε,
595 4279 734 4350 μετά
750 4277 846 4347 τὴν
865 4276 964 4330 θαυ
975 4276 1186 4346 μαστὴν
1206 4277 1299 4329 καὶ
1318 4277 1580 4347 σωτήριον
1591 4277 1964 4340 διδασκαλίαν,

385 4372 537 4442 παρά
570 4372 667 4442 μὲν
697 4369 805 4424 τῶν
827 4367 1293 4439 εὐεργετηθέντων
1323 4367 1702 4439 ἐλαυνόμενον,
1729 4369 1878 4442 παρὰ
1909 4370 1967 4423 δὲ

383 4466 493 4518 τῶν
523 4466 579 4517 ἐν
609 4467 722 4526 τοῖς
743 4461 922 4514 ἔθνεσι
957 4459 1451 4531 τιμώμενον,ούδὲν
1481 4461 1718 4514 τοιοῦτον
1751 4463 1968 4514 εἰδότων

384 4557 507 4610 οὕτε
539 4553 876 4625 ἀκηκοότων,
905 4551 1246 4622 θαυμάζωσι,
1269 4552 1588 4624 διαπορῶσι,
1611 4556 1706 4607 καὶ
1739 4557 1969 4609 ἄπιστον

385 4647 445 4701 τὸ
479 4648 709 4718 πρᾶγμα
741 4641 880 4697 εἶναι
909 4642 1203 4713 νομίζωσιν
1223 4661 1237 4675 ⁸
1274 4644 1481 4698 ἀνωθεν
1516 4649 1610 4700 καὶ
1637 4649 1744 4718 πρὸ
1772 4647 1968 4702 πολλοῦ

385 4739 480 4791 τοῦ
508 4739 702 4809 χρόνου
736 4737 824 4790 διά
853 4735 962 4788 τῶν
991 4735 1194 4789 δούλων
1237 4737 1337 4806 τὴν
1379 4738 1680 4810 Ἰουδαῖκὴν
1713 4741 1971 4811 ἀγνωμο-

387 4829 554 4898 σύνην
581 4828 846 4890 διδάσκει,
884 4827 980 4881 καὶ
1025 4828 1131 4880 τῶν
1161 4828 1330 4882 ἐθνῶν
1378 4831 1780 4902 φιλοφροσύνην
1823 4835 1971 4904 ἡμᾶς

386 4919 652 4973 παιδεύει.
702 4920 860 4973 Οὕτω
909 4922 1041 4988 γοῦν
1095 4921 1187 4973 τὸν
1226 4921 1444 4992 Ἰωσὴφ,
1501 4923 1595 4986 οὓς
1637 4927 1972 4996 παρεγένετο

386 5009 602 5079 Θρέψων
636 5013 864 5075 ἐκεῖνος,
889 5014 982 5065 καὶ
1009 5013 1217 5065 ἀνελεῖν
1251 5015 1614 5086 ἐπεχείρησαν
1636 5057 1650 5082 ,
1684 5017 1972 5088 ἄνθρωπος

385 5103 443 5156 δὲ
498 5103 774 5175 βάρϐαρος
828 5108 908 5168 εἰς
939 5107 1204 5176 μεγίστην
1243 5107 1419 5176 ἤγαγε
1457 5110 1642 5178 τιμήν.
1688 5109 1845 5163 Οὕτω
1879 5111 1971 5164 τὸν

389 5195 541 5268 [³552]
577 5197 784 5250 Μωσέα
815 5199 1104 5269 ἀπήλασαν
1134 5203 1182 5252 οἱ
1215 5201 1670 5272 εὐεργετηθέντες
1705 5203 1969 5269 Ἰουδαῖοι,

389 5288 683 5356 ὑπεδέξατο
701 5290 757 5343 δὲ
782 5290 1068 5362 ἄνθρωπος
1096 5293 1271 5362 βάρϐα
1282 5311 1371 5363 ρος
1405 5294 1626 5365 Ἰωθὼρ,
1650 5295 1744 5348 καὶ
1772 5295 1973 5366 πολλῆς

387 5378 549 5432 αὑτὸν
607 5380 1006 5452 φιλοφροσύνης
1045 5383 1297 5450 ἠξίωσεν.
1346 5384 1501 5437 υῦτω
1549 5385 1640 5438 τὸν
1669 5385 1832 5439 Δαυῖδ
1861 5388 1969 5440 ἁπ-

385 5472 553 5542 ήλασε
581 5475 680 5544 μὲν
700 5477 727 5528 ό
747 5475 918 5528 Σαοὺλ
939 5475 1076 5545 μετὰ
1093 5476 1190 5547 τὴν
1214 5476 1308 5529 τοῦ
1332 5478 1520 5532 Γολιάθ
1547 5481 1811 5552 κεφαλὴν,
1834 5482 1972 5552 μετά

387 5563 514 5626 τοὺς
551 5567 778 5637 μυρίους
809 5565 1107 5629 κινδύνους,
1140 5568 1232 5632 οὓς
1270 5570 1366 5622 καὶ
1400 5572 1550 5641 αὐτῷ
1583 5574 1678 5626 καὶ
1720 5577 1784 5644 τῇ
1819 5574 1972 5627 πόλει

391 5652 650 5720 πολλάκις
677 5659 1048 5730 ἐπαγομένους
1079 5660 1266 5714 ἔλυσεν
1287 5681 1298 5692 ·
1327 5664 1622 5729 ὑπεδέξατο
1648 5667 1704 5720 δὲ
1744 5668 1970 5738 Ἀγχοῦς

390 5747 419 5798 ό
443 5745 735 5821 βαρϐάρων
781 5753 1053 5824 βασιλεὺς,
1101 5755 1194 5810 καὶ
1224 5759 1302 5821 εἰς
1339 5758 1540 5831 πολλὴν
1569 5761 1742 5832 ἤγαγε
1775 5765 1965 5834 τιμήν.

1040 342 1097 398 S.
1139 339 1426 397 JOANNIS
1463 335 1962 394 CIIRYSOSTOMI
2004 335 2324 398 ARCHIEP.
2366 338 2918 398 CONSTANTINOP.

3518 330 3623 384 διε

2052 441 2207 493 Οὕτω
2240 441 2334 494 καὶ
2367 441 2461 495 νῦν
2512 443 2606 496 τὸν
2646 443 2833 496 Ἠλίαν
2865 441 3153 513 ἀπήλασαν
3207 443 3307 512 μὲν
3358 442 3622 503 Ἰουδαῖοι,

2052 525 2341 590 ὑπεδέξατο
2389 527 2443 579 δὲ
2479 528 2705 598 ήχήρα.
2761 528 2929 580 Ὅταν
2957 523 3049 580 οῦν
3101 526 3217 598 ἴδῃς
3265 527 3356 578 τὸν
3391 528 3625 597 Χριστόν

2050 608 2487 680 ἀπελαυνόμενον
2547 612 2647 681 μὲν
2699 609 2851 679 παρὰ
2910 609 3110 673 αὐτῶν,
3148 609 3539 680 ὑποδεχόμενον
3568 611 3625 662 δὲ

2051 693 2201 762 παρᾶ
2239 693 2346 745 τῶν
2374 694 2566 752 ἐθνῶν.
2620 695 2825 748 ἀνωθεν
2853 695 2980 756 τοὺς
3028 694 3230 756 τύπους
3269 695 3623 761 καταμαθὼν,

2053 774 2128 845 μὴ
2179 775 2467 850 θαυμάσῃς
2519 779 2610 830 ἐπὶ
2651 778 2753 846 τῆς
2809 777 2903 830 τοῦ
2960 777 3286 847 πράγματος
3347 779 3623 848 ἀληθείας.

2056 860 2334 922 Ἤκουσας
2363 861 2494 928 γοῦν
2525 861 2620 913 καὶ
2672 862 2914 931 σήμερον
2945 861 3039 912 τοῦ
3079 861 3316 931 Χριστοῦ
3353 861 3624 928 λέγοντος,

2050 943 2144 994 καὶ
2177 943 2309 995 αὐτὸ
2335 943 2492 997 τοῦτο
2537 944 2932 1014 αἰνιττομένου.
2984 945 3126 1014 Πρὸς
3158 944 3268 1014 γάρ
3315 947 3439 1008 τοὺς
3496 947 3629 998 Ἰουο

2051 1026 2234 1089 δαίους
2255 1027 2706 1097 δυσχεραίνοντας
2723 1028 3100 1098 διαλεγόμενος
3120 1028 3328 1096 ἔλεγεν,
3362 1029 3444 1081 ὃτι
3477 1033 3633 1083 170.1-

2048 1107 2152 1162 λαὶ
2185 1109 2362 1178 χῆραι
2396 1107 2559 1180 ἦσαν
2580 1111 2649 1163 ἐν
2678 1111 2806 1176 ταῖς
2822 1111 3071 1179 ἡμέραις
3112 1111 3330 1175 Ἡλίου,
3361 1113 3458 1164 καὶ
3482 1113 3634 1180 πρὸς

2053 1193 2338 1262 οὐδεμίαν
2365 1195 2680 1263 ἀπεστάλη
2718 1197 2937 1260 Ἠλίας,
2972 1198 3025 1247 εὶ
3051 1195 3137 1263 μὴ
3167 1194 3318 1261 πρὸς
3367 1195 3483 1260 τὴν
3523 1197 3635 1264 χή-

2045 1294 2164 1345 ραν
2198 1277 2312 1344 τὴν
2355 1279 2426 1330 ἐν
2470 1278 2792 1346 Σαρερθοῖς
2836 1277 2948 1344 τῆς
2990 1276 3271 1344 Σιδῶνος.
3321 1278 3463 1330 Ἀλλ’
3505 1279 3636 1341 ἴσως

2053 1365 2229 1418 ἐκεῖνο
2249 1364 2312 1418 ἀν
2339 1382 2420 1426 τις
2442 1364 2814 1435 διαπορήσειε,
2838 1363 2891 1415 τί
2916 1363 3115 1434 δήποτε
3154 1363 3243 1416 τὸν
3273 1361 3416 1415 οὕτω
3454 1363 3632 1433 ζηλώ-

2056 1465 2226 1502 σαντα
2259 1450 2396 1520 ὑπὲρ
2419 1449 2518 1517 τῆς
2547 1447 2637 1500 τοῦ
2673 1448 2808 1500 Θεοῦ
2830 1447 2986 1517 δόξης
3015 1447 3294 1500 θλίϐεσθαι
3329 1447 3424 1499 καὶ
3460 1465 3639 1501 στενο-

2055 1535 2348 1601 χωρεῖσθαι
2393 1531 2609 1600 ἀφῆκεν
2647 1532 2675 1584 ὁ
2703 1530 2855 1593 Θεὸς,
2893 1529 2990 1584 νῦν
3034 1530 3132 1600 μὲν
3169 1532 3249 1592 είς
3277 1529 3368 1581 τὸν
3403 1532 3639 1602 χειμάῤ-

2056 1617 2182 1684 ῥουν
2215 1617 2467 1685 πέμπων,
2525 1613 2621 1669 νῦν
2657 1615 2715 1667 δέ
2755 1615 2894 1686 πρὸς
2947 1614 3045 1686 τὴν
3078 1614 3257 1685 χήραν
3281 1656 3298 1682 ,
3348 1614 3442 1668 νῦν
3463 1616 3519 1668 δὲ
3551 1619 3636 1680 είς

2054 1701 2184 1754 ἀλλο
2213 1701 2412 1771 χωρίον
2435 1743 2448 1763 ,
2489 1699 2738 1771 καθάπερ
2773 1700 2896 1752 τινά
2952 1700 3297 1770 μετανάστην
3345 1700 3541 1764 τόπους
3570 1703 3637 1754 ἐκ

2052 1783 2235 1836 τόπων
2263 1783 2510 1853 ἀμείϐειν
2567 1779 3021 1852 παρασκευάζων.
3062 1782 3186 1834 Ὅτι
3237 1781 3347 1851 γὰρ
3393 1781 3638 1836 ἐθλίϐετο

2055 1868 2150 1920 καὶ
2176 1869 2611 1937 ὲστενοχωρεῖτο,
2647 1868 2879 1920 ἀκουσον
2914 1867 3010 1920 καὶ
3054 1867 3148 1919 τοῦ
3201 1867 3417 1920 Παύλου
3451 1867 3638 1935 λέγον-

2054 1969 2144 2013 τος
2165 1991 2179 2013 ,
2210 1950 2546 2018 Περι-ἦλθον
2575 1951 2644 2003 ἐν
2659 1951 2986 2020 μηλωταῖς,
3034 1952 3105 2004 ἐν
3130 1953 3376 2020 αἰγείοις
3423 1951 3640 2021 δέρμαο

2055 2053 2180 2100 σιν,
2222 2036 2670 2104 ὑστερούμενοι,
2723 2036 3079 2104 θλιϐόμενοι,
3137 2038 3635 2106 κακουχούμενοι.

2056 2119 2214 2183 Τίνος
2262 2116 2356 2173 οὖν
2388 2120 2573 2173 ἕνεκεν
2613 2119 2892 2173 θλίϐεσθαι
2924 2119 3085 2173 αὐτόν
3120 2120 3530 2192 συνεχώρησεν;
3574 2122 3640 2174 El

2061 2207 2159 2276 μὲν
2193 2205 2302 2276 γάρ
2333 2205 2474 2275 ὑπὲρ
2524 2203 2634 2257 τῶν
2667 2206 2748 2267 είς
2790 2204 2953 2256 αὐτὸν
2989 2206 3404 2273 ἁμαρτημάτων
3433 2205 3640 2276 ταύτην

2057 2289 2256 2360 ἀπῄτει
2308 2289 2435 2350 τοὺς
2501 2286 2787 2349 Ἰουδαίους
2830 2287 2930 2357 τὴν
2982 2287 3158 2353 δίκην,
3193 2287 3420 2349 εἰκότως
3463 2289 3528 2340 ἄν
3554 2305 3644 2352 τις

2057 2372 2227 2444 ἔφησε
2253 2375 2320 2444 τῇ
2350 2371 2681 2442 στενοχωρία
2724 2372 2824 2440 τῆς
2863 2371 3095 2440 θλίψεως
3135 2372 3294 2424 αὐτὸν
3341 2372 3642 2442 λαμϐάνειν

2057 2461 2277 2528 πεῖραν,
2303 2455 2445 2509 ὥστε
2500 2456 2754 2524 γενέσθαι
2794 2456 3117 2526 πραότερον.
3173 2458 3265 2510 καὶ
3319 2456 3641 2526 καθυφεῖναι

2057 2541 2157 2612 τῆς
2185 2540 2486 2610 ὠμότητος.
2519 2540 2581 2592 EE
2611 2539 2667 2591 δὲ
2692 2540 2790 2608 οὐχ
2823 2539 2965 2608 ὑπὲρ
2999 2538 3102 2590 τῶν
3133 2542 3211 2602 εἰς
3233 2539 3393 2592 αὑτὸν
3421 2540 3643 2609 γινομέ-

2058 2640 2166 2675 νων
2188 2624 2369 2684 αὐτοῖς
2392 2621 2766 2692 μνησικακῶν,
2786 2622 2900 2674 ἀλλ’
2930 2622 3196 2692 ὑπὲρ,τῆς
3224 2625 3302 2684 εἰς
3323 2623 3413 2675 τὸν
3437 2623 3642 2675 Δεσπό-

2059 2723 2160 2776 την
2191 2705 2445 2768 ἀσεϐείας
2477 2706 2570 2758 καὶ
2599 2704 2809 2776 ὕϐρεως
2827 2706 3150 2775 τηκόμενος,
3191 2705 3393 2775 ταύτην
3422 2707 3634 2774 ἐπήγα-

2060 2807 2156 2859 γεν
2189 2790 2374 2853 αὐτοῖς
2395 2790 2494 2860 τὴν
2531 2789 2839 2862 συμφοράν,
2861 2790 3004 2852 τίνος
3029 2789 3213 2844 ἐνεκεν
3237 2789 3332 2842 καὶ
3355 2789 3514 2852 αὐτὸς
3534 2807 3642 2841 x0:-

2061 2875 2218 2926 νωνεῖ
2248 2873 2356 2924 τῶν
2390 2873 2601 2935 δεινῶν,
2639 2875 2732 2925 καὶ
2758 2874 2859 2926 οὐκ
2885 2871 3146 2925 ἀπολαύει
3195 2872 3397 2941 πολλῆς
3418 2872 3515 2942 τῆς
3547 2874 3647 2924 ἀν-

2063 2958 2234 3019 έσεως
2262 2956 2356 3009 καὶ
2379 2955 2560 3018 ἀδείας
2583 2971 2596 3019 ;
2623 2956 2746 3008 Ὅτι
2775 2957 2823 3008 εί
2857 2956 2963 3008 τῶν
2986 2955 3162 3008 ἄλλων
3194 2956 3651 3024 κακουχουμένων

2063 3043 2158 3096 καὶ
2184 3041 2260 3113 τῷ
2279 3039 2424 3112 λιμῷ
2453 3039 2936 3112 διαφθειρομένων,
2962 3039 3123 3104 αὐτὸς
3147 3040 3383 3102 ἀνέσεως
3411 3040 3502 3091 καὶ
3521 3055 3654 3109 τρα-

2067 3126 2241 3196 πέζης
2274 3125 2514 3179 ἀπέλαυε
2548 3122 2826 3185 πλουσίας,
2857 3123 2986 3186 ἴσως
3012 3125 3078 3177 ἀν
3110 3141 3193 3186 τις
3228 3123 3474 3193 ἐνόμισεν
3495 3122 3648 3190 ὡμό-

2061 3226 2222 3280 τητος
2247 3204 2386 3261 εἶναι
2439 3207 2498 3260 τὸ
2531 3207 2918 3276 γεγενημένον.
2952 3207 3277 3276 Θαυμαστὸν
3328 3207 3436 3278 γάρ
3493 3206 3652 3258 οὐδὲν

2065 3292 2258 3353 ἐδόκει,
2289 3291 2544 3361 εὐθηνίας
2583 3290 2945 3354 ἀπολαύοντα,
2975 3294 3089 3354 τοῖς
3139 3290 3438 3360 ἀλλοτρίοις
3460 3290 3652 3360 ἐντρυο

2067 3377 2172 3446 φᾷν
2199 3379 2409 3438 κακοῖς.
2445 3375 2543 3428 Διὰ
2574 3373 2732 3428 τοῦτο
2760 3376 2787 3427 ό
2815 3374 2949 3436 Θεὸς
2979 3374 3143 3427 αὑτὸν
3182 3374 3362 3443 ἀφῆκε
3390 3373 3654 3442 κοινωνῆ-

2069 3475 2159 3512 σαι
2184 3459 2283 3528 τῆς
2305 3460 2612 3529 συμφορᾶς,
2637 3457 2732 3510 καὶ
2755 3459 2949 3528 πεῖραν
2973 3457 3160 3509 λαϐεῖν
3183 3457 3292 3509 τῶν
3325 3455 3652 3525 συμϐάντων

2065 3542 2279 3604 δεινῶν,
2313 3543 2408 3595 καὶ
2435 3545 2725 3612 μετασχεῖν
2749 3541 2842 3593 τοῦ
2882 3540 3043 3612 λιμοῦ
3071 3581 3086 3604 ,
3122 3542 3209 3593 ἵνα
3257 3539 3433 3610 μάθῃς
3473 3539 3553 3591 δτι
3586 3539 3652 3590 οὑ

2068 3623 2243 3694 λιμὸς,
2274 3625 2410 3679 ἀλλά
2437 3625 2577 3688 θεῖος
2627 3621 2696 3695 ἦν
2735 3625 2896 3694 ζῆλος
2923 3625 3054 3695 παρ’
3107 3623 3278 3693 αὐτῷ.
3326 3624 3402 3675 Οὐ
3437 3621 3548 3692 γὰρ
3583 3623 3653 3674 ἂν

2068 3708 2240 3761 εἵλετο
2266 3708 2766 3778 στενοχωρούμενος
2801 3707 2966 3768 οῦτω,
2996 3707 3089 3758 καὶ
3111 3705 3526 3776 ὑστερούμενος.
3555 3706 3658 3757 καὶ

2070 3790 2406 3862 θλιϐόμενος,
2442 3792 2536 3844 κοιλ⁵
2567 3789 3028 3860 κακουχούμενος,
3057 3789 3132 3859 μὴ
3177 3787 3338 3840 λῦσαι
3367 3791 3464 3856 τὴν
3493 3789 3654 3839 ἀπει-

2068 3875 2187 3947 λὴν,
2220 3877 2268 3927 εἰ
2299 3874 2376 3945 μὴ
2403 3875 2513 3927 ἀπὸ
2536 3873 2730 3926 πολλοῦ
2761 3873 2852 3926 τοῦ
2879 3873 3038 3943 ζήλου
3065 3875 3163 3944 την
3194 3873 3470 3942 μακαρίαν
3501 3871 3652 3923 ἐκεί-

2069 3976 2165 4030 νην
2191 3959 2370 4028 ἀφῆκε
2422 3959 2624 4028 φωνήν.
2667 3958 2865 4028 Διόπερ
2887 3958 2980 4010 καὶ
3002 3957 3151 4026 ἥδιον
3178 3951 3247 4026 ἦν
3278 3954 3426 4024 αὐτῷ
3471 3971 3655 4006 στενο-

2069 4042 2389 4114 χωρεῖσθαι,
2426 4042 2520 4094 καὶ
2543 4039 3046 4111 σωφρονιζομένους
3072 4039 3269 4102 αὐτοὺς
3301 4039 3454 4108 ὁρᾷν,
3487 4037 3520 4108 ἢ
3553 4038 3658 4107 τῆς

2069 4127 2316 4196 ἀνάγκης
2345 4124 2761 4194 ἀπαλλαγέντας
2808 4125 2907 4194 τῆς
2959 4124 3336 4194 ἐπικειμένης,
3370 4122 3507 4194 πρὸς
3554 4121 3657 4192 τὴν

2071 4209 2344 4281 προτέραν
2377 4209 2634 4263 ἀσέϐειαν
2657 4207 3051 4269 ἐπανελθόντας
3077 4206 3225 4259 ἰδεῖν.

2143 4335 2483 4402 ς’.Τοιαῦται
2500 4335 2609 4408 γάρ
2630 4328 2907 4406 πανταχοῦ
2919 4335 3026 4387 τῶν
3041 4334 3210 4402 ἁγίων
3224 4335 3278 4386 αἱ
3295 4332 3484 4404 ψυχαίο
3512 4333 3658 4402 ὑπὲρ

2069 4421 2172 4490 τῆς
2202 4419 2403 4491 ἐτέρων
2425 4419 2765 4490 διορθώσεως
2798 4419 2897 4489 τὴν
2936 4418 3143 4470 ἑαυτῶν
3184 4417 3484 4485 ἀσφάλειαν
3518 4433 3659 4486 προ-

2070 4504 2325 4556 διδόασιν.
2363 4504 2478 4555 Ἵνα
2517 4499 2609 4555 οὖν
2644 4505 2717 4573 μή
2751 4521 2833 4566 τις
2866 4502 3018 4575 λέγῃ,
3047 4504 3127 4555 ὅτι
3159 4501 3246 4554 διὰ
3267 4501 3363 4572 τὴν
3391 4501 3657 4571 ὠμότητα

2073 4589 2314 4641 ἐπέτεινε
2348 4588 2440 4640 τὸν
2485 4587 2666 4658 λιμὸν,
2699 4588 2918 4658 ἀφῆκεν
2969 4587 3130 4640 αὑτὸν
3177 4587 3505 4654 κοινωνῆσαι
3557 4584 3654 4638 τοῦ

2072 4671 2252 4741 λιμοῦ,
2283 4674 2368 4724 ἵνα
2403 4671 2580 4742 μάθῃς
2617 4669 2712 4722 τοῦ
2742 4674 3020 4741 προφήτου
3043 4671 3140 4739 τὴν
3164 4670 3498 4739 φιλοσοφίαν.
3542 4671 3656 4722 Καὶ

2076 4753 2224 4825 [333]
2265 4754 2432 4824 χωρὶς
2462 4753 2653 4806 τούτου
2687 4753 2766 4818 δὲ,
2797 4753 2983 4822 ἐπειδὴ
3011 4753 3171 4805 εἴωθέ
3197 4755 3365 4822 πωςή
3397 4752 3502 4804 τῶν
3524 4752 3659 4804 θαυ-

2077 4838 2262 4908 μάτων
2303 4837 2465 4906 φύσις
2496 4838 2621 4900 τούς
2669 4855 2727 4890 τε
2779 4837 3327 4908 θαυματουργοῦντας
3384 4836 3655 4906 ἐπαίρειν,

2073 4922 2200 4986 τούς
2232 4939 2293 4974 τε
2347 4920 2593 4993 ὁρῶντας
2628 4921 2883 4991 θαύματα
2932 4922 3155 4992 μείζονα
3181 4922 3279 4990 τῆς
3305 4919 3660 4990 ἀνθρωπίνης

2077 5005 2290 5074 φύσεως
2317 5005 2444 5076 περὶ
2473 5004 2652 5058 αὐτῶν
2670 5005 2847 5057 πείθει
2877 5007 3112 5057 ἐπινοεῖν
3133 5021 3145 5034 ·
3172 5005 3263 5056 καὶ
3286 5004 3456 5056 ταῦτα
3477 5003 3661 5072 ἀμφό-

2073 5106 2208 5160 τερα
2237 5088 2604 5160 διωρθώσατο,
2636 5089 2733 5160 τὴν
2781 5091 2878 5158 τῆς
2910 5088 3125 5158 φύσεως
3159 5087 3454 5153 ἐναλλάξας
3489 5087 3660 5139 ἀσθέ-

2075 5189 2240 5227 νειαν.
2274 5173 2382 5225 Καὶ
2403 5173 2486 5225 ὅτι
2519 5172 2689 5226 ταῦτα
2716 5172 2886 5234 οὕτως
2911 5172 3042 5242 ἔχει,
3077 5173 3141 5223 ἐκ
3167 5174 3265 5241 τῆς
3309 5169 3405 5224 τοῦ
3442 5169 3659 5222 Παύλου

2075 5257 2259 5326 φωνῆς
2291 5257 2473 5327 ῥᾴδιον
2509 5257 2720 5327 μαθεῖν.
2748 5258 2872 5310 Ὅτι
2911 5257 3009 5326 μὲν
3037 5256 3146 5326 γάρ
3181 5254 3396 5324 ἐπαίρει
3428 5255 3497 5308 τά
3522 5254 3656 5306 θαύ-

2079 5358 2243 5411 ματα,
2271 5341 2500 5394 άκουσον
2522 5339 2574 5392 τί
2601 5357 2763 5412 φησι·
2793 5341 2906 5393 Καὶ
2933 5339 3009 5408 τῇ
3035 5338 3343 5408 ὑπερϐολῇ
3365 5338 3485 5390 τῶν
3510 5338 3664 5391 ἀπο.

2075 5431 2404 5498 καλύψεων
2434 5431 2536 5482 ἵνα
2575 5429 2660 5499 μὴ
2705 5431 3128 5498 ὑπεραίρωμαι,
3170 5427 3348 5494 ἐδόθη
3383 5444 3484 5496 μοι
3514 5427 3664 5480 σκό-

2073 5517 2202 5581 λοψ
2246 5511 2319 5580 τῇ
2343 5513 2542 5580 σαρκί,
2579 5511 2832 5581 ἄγγελος
2867 5512 3086 5573 Σατᾶν,
3109 5514 3210 5566 ἳνα
3233 5529 3309 5582 με
3339 5507 3657 5578 κολαφίζῃ.

2077 5597 2200 5649 Ὅτι
2221 5596 2286 5674 ,δὲ
2310 5597 2404 5648 καὶ
2437 5597 2563 5659 τοὺς
2583 5597 2826 5666 ὁρῶντας
2851 5596 2920 5649 τὰ
2944 5595 3199 5666 θαύματα
3222 5595 3316 5648 καὶ
3342 5595 3469 5656 τοὺς
3490 5592 3662 5645 ἀκού-

2075 5698 2232 5743 οντας
2297 5680 2518 5750 μείζονα
2550 5681 2724 5734 πείθει
2770 5681 2901 5752 περὶ
2949 5680 3059 5734 τῶν
3091 5678 3664 5748 θαυματουργούντων

2076 5765 2329 5828 ἐπινοεῖν,
2364 5763 2458 5818 καὶ
2501 5763 2660 5817 τοῦτο
2707 5765 2918 5819 ἐκεῖθεν
2958 5765 3139 5836 δῆλον.
3172 5764 3358 5818 Εἰπὼν
3380 5764 3490 5840 γὰρ
3531 5761 3666 5832 περὶ
