4020 6370
395 366 489 423 3M

398 494 512 540 ctus
549 487 826 553 exstinxit,
871 477 966 544 sed
996 490 1177 546 videre
1205 499 1321 547 erat
1349 490 1399 544 in
1428 502 1581 559 portu
1613 491 1944 562 naufragium
1970 533 1985 555 ,

397 578 632 648 iniquam
666 580 716 634 in
748 591 1026 638 senectute
1051 583 1415 654 cupiditatem.
1465 585 1531 639 At
1556 600 1663 639 non
1691 585 1795 638 huc
1823 600 1990 654 usque

399 681 601 726 tantum
631 689 908 744 progressa
941 685 1024 731 est
1053 677 1263 732 illorum
1293 678 1622 748 improbitas,
1665 679 1754 733 sed
1786 687 1840 733 et
1867 694 1988 731 cum

399 765 539 819 ﬁlias
589 782 715 822 suas
780 768 1096 823 traditurum
1145 787 1204 824 se
1256 770 1354 825 Lot
1395 772 1756 840 polliceretur,
1805 787 1872 824 ne
1915 771 1991 824 sic

395 855 609 925 quidem
655 855 1016 923 recesserunt,
1078 863 1171 916 sed
1210 864 1468 932 urgebant
1514 863 1750 918 dicentes
1792 880 1895 916 non
1933 879 1990 917 se

395 947 546 1017 prius
588 964 747 1018 quam
778 950 921 1005 viros
949 953 1280 1022 accepissent
1311 969 1644 1018 recessuros;
1679 970 1841 1024 seque
1870 971 1990 1022 gra-

396 1041 613 1096 vissima
641 1043 878 1098 illaturos
922 1046 1060 1100 mala
1097 1047 1438 1101 minabantur
1478 1049 1548 1112 ei,
1594 1047 1686 1118 qui
1719 1059 1777 1101 ut
1804 1047 1989 1117 hospi-

398 1134 538 1188 tibus
565 1134 823 1191 houorem
853 1137 1104 1201 deferret.
1134 1141 1265 1194 filias
1289 1157 1413 1197 suas
1443 1159 1500 1197 se
1530 1141 1848 1210 promiserat
1877 1151 1990 1194 tra-

397 1224 651 1282 diturum.
688 1229 852 1284 Vides
882 1240 939 1286 ut
965 1233 1110 1288 omni
1149 1251 1214 1288 ex
1261 1243 1410 1304 parte
1450 1234 1846 1290 Sodomitarnm
1893 1249 1986 1286 ne-

395 1319 617 1387 quitiam
648 1320 1055 1389 detnonstrarit,
1106 1341 1169 1380 ac
1195 1326 1389 1380 deinde
1419 1341 1630 1396 paenam
1661 1327 1762 1380 illis
1798 1326 1991 1379 intule-

397 1412 509 1466 rit?
565 1413 643 1470 Ne
699 1417 842 1471 enim
906 1427 1089 1486 postea
1145 1435 1264 1474 cum
1319 1436 1412 1475 eos
1457 1420 1677 1475 affectos
1725 1421 1990 1490 supplicio

396 1502 628 1570 videris,
694 1518 913 1578 propter
970 1511 1289 1566 calamitatis
1333 1513 1748 1580 magnitudinem
1808 1514 1989 1566 animo

397 1592 676 1664 frangaris,
718 1615 890 1669 neque
928 1617 1048 1655 cum
1089 1603 1193 1656 illis
1224 1604 1388 1657 Deum
1437 1618 1677 1666 accuses,
1728 1603 1819 1658 sed
1871 1603 1989 1657 illos

395 1700 514 1742 curn
562 1687 671 1740 Deo
713 1690 1074 1756 condemnes,
1140 1704 1296 1749 antea
1344 1695 1710 1750 demonstrata
1774 1697 1988 1749 illorum

396 1777 733 1847 improbitate
761 1799 973 1838 onmem
1023 1803 1144 1856 erga
1179 1787 1295 1842 illos
1325 1789 1706 1846 misericordia:
1749 1787 1988 1844 occasio-

397 1888 517 1927 nem
561 1877 868 1944 prmripuit,
901 1887 957 1932 et
989 1893 1085 1933 nos
1125 1881 1192 1933 ab
1222 1879 1370 1934 omni
1414 1881 1880 1935 commiseratione
1933 1881 1986 1932 in

397 1967 517 2022 illos
563 1972 823 2025 avocavit.
873 1973 1024 2039 Quod
1065 1983 1119 2027 et
1168 1988 1306 2027 nunc
1343 1989 1466 2043 erga
1506 1973 1820 2042 prophetam
1856 1987 1990 2040 prac-

393 2058 548 2111 stitit.
595 2060 672 2114 Ne
718 2064 853 2117 fame
901 2063 1178 2118 confectos
1223 2065 1434 2118 intuens
1482 2063 1696 2119 Judreos
1738 2063 1986 2129 doleres,

393 2149 781 2207 immanitatem
833 2155 1042 2208 illorum
1086 2164 1141 2210 et
1183 2155 1550 2210 crudelitatem
1601 2155 1876 2221 ostendit,
1933 2162 1990 2210 et

391 2257 550 2307 quam
587 2260 708 2298 raro
745 2245 973 2301 comiter
1004 2249 1313 2318 peregrinos
1343 2250 1670 2318 exciperent.
1698 2249 1812 2304 Non
1844 2250 1986 2304 enim

391 2335 564 2388 solum
598 2338 910 2407 prophetam
943 2357 1049 2394 non
1081 2353 1461 2412 susceperunt,
1518 2343 1614 2398 sed
1646 2353 1700 2398 et
1731 2357 1790 2399 se
1821 2345 1987 2398 inter-

391 2423 629 2482 fecturos
661 2430 1002 2486 minabantur
1031 2449 1044 2485 :
1077 2432 1128 2487 id
1169 2435 1313 2504 quod
1346 2451 1410 2489 ex
1442 2435 1537 2488 Dei
1571 2435 1746 2490 verbis
1776 2436 1984 2505 colligi-

393 2526 497 2572 tur.
529 2518 646 2573 Non
690 2521 832 2575 enim
872 2525 946 2577 ait
992 2533 1218 2590 tantum,
1271 2525 1485 2589 Recede,
1535 2528 1627 2583 sed
1653 2529 1834 2590 etiam,
1877 2528 1983 2581 Ab-

389 2609 634 2664 scondere
674 2611 771 2681 (3.
821 2611 946 2684 Reg.
981 2616 1067 2669 l7.
1098 2614 1196 2688 5).
1231 2606 1354 2671 Non
1403 2618 1601 2673 sufficit
1645 2620 1712 2674 ad
1757 2621 1982 2674 salutem

389 2697 529 2770 fuga,
581 2703 675 2756 sed
705 2713 760 2757 et
793 2716 1004 2776 oportet
1028 2715 1086 2763 ut
1117 2718 1168 2764 te
1193 2710 1476 2782 diligenter
1501 2712 1739 2766 occultos
1771 2731 1785 2766 :
1818 2728 1986 2782 popu-

388 2787 472 2846 lus
512 2792 710 2862 quippe
753 2793 1006 2851 Judaicus
1033 2808 1151 2864 est,
1186 2801 1412 2871 p0pulus
1453 2803 1764 2872 sanguinem
1797 2805 1984 2858 sitiens

387 2881 804 2950 prophetarum,
848 2895 903 2941 et
949 2888 1000 2941 in
1049 2892 1248 2946 sanctis
1293 2893 1551 2947 necandis
1595 2895 1918 2949 exercitatus
1963 2912 1979 2950 :

385 2986 602 3043 semper
627 2990 816 3031 manus
841 2994 966 3033 suas
993 2983 1303 3051 prophetico
1333 2985 1590 3054 sanguine
1611 2997 1978 3042 cruentarum.

385 3061 606 3119 Etcum
640 3067 788 3122 illum
832 3071 1044 3140 quidem
1090 3075 1367 3129 emittebat
1412 3092 1476 3130 ex
1523 3075 1727 3136 Judma.
1767 3071 1908 3130 Vade
1935 3088 1981 3132 et

384 3157 708 3228 abscondere,
749 3162 919 3233 inquit
949 3183 960 3217 :
990 3180 1109 3220 cum
1141 3178 1316 3222 autem
1346 3168 1410 3222 ad
1449 3169 1659 3223 viduam
1689 3171 1932 3225 mittebat
1964 3190 1978 3227 :

383 3247 530 3320 Ego,
582 3253 787 3324 inquit,
837 3256 916 3312 illi
961 3259 1215 3314 mandabo
1263 3260 1440 3332 (Ibid.
1469 3279 1517 3316 v.
1546 3263 1626 3330 9).
1677 3263 1865 3329 Vides,
1923 3275 1981 3319 ut

383 3340 508 3398 inde
544 3345 760 3414 quidem
790 3347 1080 3418 fugientem
1108 3352 1293 3418 jubeat
1335 3354 1461 3408 illud
1502 3370 1620 3408 cum
1656 3357 1819 3410 multa
1855 3371 1980 3410 cau-

383 3433 526 3487 tione
563 3446 849 3504 przestare;
881 3439 984 3495 huc
1007 3451 1182 3496 autem
1213 3444 1603 3515 confugientcm
1635 3462 1824 3516 magna
1855 3462 1976 3503 cum

381 3522 573 3580 fiducia
609 3530 886 3599 prtecipiat
915 3543 969 3588 et
994 3536 1282 3590 securitate
1306 3537 1621 3593 discedere?

451 3617 508 3672 5.
550 3618 656 3672 Cur
682 3621 745 3674 ab
772 3624 889 3678 aliis
920 3627 1134 3696 ejectus,
1160 3644 1191 3680 a
1217 3628 1370 3682 vidua
1412 3641 1672 3699 susceptus
1704 3632 1975 3701 propheta;

379 3723 473 3761 cur
508 3709 710 3766 Heliam
737 3713 878 3770 Deus
920 3718 1073 3789 afﬂigi
1097 3721 1286 3774 siverit.
1319 3752 1390 3761 —
1414 3721 1597 3792 Neque
1626 3723 1799 3778 solum
1832 3725 1932 3780 hoc
1954 3767 1970 3794 ,

378 3803 474 3858 sed
503 3812 558 3858 et
582 3806 723 3861 aliud
750 3824 848 3879 per
876 3810 1016 3866 hunc
1048 3813 1320 3883 propheta:
1349 3816 1634 3872 adventum
1664 3818 1730 3872 ad
1764 3819 1972 3874 viduam

379 3895 615 3964 providit
647 3914 711 3953 ac
740 3899 1027 3970 disposuit.
1059 3903 1136 3958 Ne
1161 3905 1302 3959 enim
1332 3917 1512 3975 postea
1544 3923 1664 3961 cum
1701 3909 1972 3966 Christum

379 3986 620 4040 nonnulli
649 3999 935 4046 cernerent
963 4001 1083 4061 post
1131 3995 1292 4049 multa
1324 4005 1378 4051 et
1417 3997 1678 4054 immensa
1717 4001 1970 4058 beneficia

379 4076 431 4130 in
474 4077 712 4134 Judazam
755 4083 984 4149 collata,
1037 4096 1155 4154 post
1205 4087 1513 4145 innumeros
1557 4102 1798 4148 mortuos
1837 4112 1972 4165 quos

376 4171 764 4240 suscitaverat,
819 4185 939 4244 post
979 4192 1185 4243 caecos,
1228 4182 1380 4250 queis
1402 4183 1571 4238 visum
1625 4188 1967 4258 restituerat,

373 4273 499 4332 post
525 4265 782 4334 leprosos,
818 4285 952 4339 quos
984 4271 1351 4340 mundaverat,
1383 4288 1502 4346 post
1523 4277 1814 4342 daemones.
1835 4298 1970 4352 quos

375 4355 610 4420 ejecerat
628 4398 643 4422 ,
673 4367 794 4426 post
821 4360 1186 4416 admirabilem
1212 4365 1606 4437 salutaremquc
1649 4369 1968 4442 doctrinam,

376 4447 444 4499 ab
472 4446 595 4512 illis,
629 4465 764 4518 quos
805 4452 1116 4509 devinxerat
1143 4456 1432 4516 beneficiis.
1467 4475 1587 4515 esse
1618 4474 1888 4533 vexatum,
1914 4478 1970 4522 et

375 4552 405 4591 a
436 4541 723 4606 gentilibus
755 4542 960 4600 honore
990 4547 1270 4613 affectum,
1293 4552 1380 4618 qui
1412 4550 1542 4605 nihil
1580 4554 1840 4618 viderant,
1871 4573 1970 4613 nec

374 4632 689 4687 audiverant
709 4677 723 4696 .
757 4637 1108 4700 mirarentur.
1141 4639 1467 4706 dubitarent,
1496 4652 1551 4698 et
1594 4661 1706 4700 rem
1737 4662 1856 4702 esse
1887 4648 1970 4702 in-

371 4725 682 4782 credibilem
704 4730 1072 4786 extstimarent
1094 4751 1106 4786 :
1128 4736 1273 4803 prius
1295 4753 1358 4791 ac
1384 4737 1550 4791 multo
1577 4747 1699 4794 ante
1729 4749 1968 4811 tempore

374 4830 469 4884 per
497 4833 686 4874 servos
714 4837 862 4888 suos,
890 4833 944 4878 et
973 4839 1130 4895 quam
1175 4827 1402 4896 improbi
1444 4829 1643 4884 fuerint
1672 4831 1840 4887 Judazi
1866 4849 1966 4890 nos

369 4909 546 4972 docet,
570 4921 623 4965 et
649 4927 807 4982 qttam
838 4931 1022 4972 comes
1047 4927 1099 4972 et
1129 4917 1346 4974 humani
1379 4921 1572 4976 fuerint
1609 4925 1838 4993 gentiles
1866 4941 1966 4980 nos

372 5004 607 5058 Instruit.
633 5005 720 5062 Sic
748 5008 996 5062 nimirum
1028 5020 1082 5064 et
1110 5009 1306 5082 Josepb
1331 5013 1436 5075 illi,
1468 5015 1658 5084 quibus
1687 5016 1800 5084 ipse
1826 5019 1967 5073 ciba-

370 5089 448 5148 ria
500 5096 902 5154 ministraturus
954 5100 1281 5167 advenerat,
1314 5105 1476 5159 etiam
1532 5121 1725 5162 necare
1783 5111 1960 5164 conati

369 5197 494 5240 sunt
529 5206 542 5242 :
573 5187 731 5243 homo
751 5201 928 5245 autem
955 5191 1211 5248 barbarus
1240 5195 1291 5248 iu
1324 5212 1590 5250 summum
1620 5198 1768 5253 illum
1792 5199 1963 5255 hono-

365 5292 482 5334 rem
533 5284 728 5335 evexit.
778 5282 893 5336 Non
952 5284 1107 5339 aliter
1162 5285 1438 5357 Moysem,
1491 5305 1650 5360 quem
1700 5290 1962 5348 beneficio

364 5370 538 5426 affecti
570 5374 822 5442 expulere
847 5374 1015 5430 Judaei
1038 5418 1052 5439 .
1085 5376 1246 5432 homo
1287 5379 1542 5436 barbarus
1571 5381 1762 5438 Jotbor
1803 5400 1962 5440 exce-

366 5462 478 5533 pit,
506 5472 561 5518 et
601 5465 821 5518 nmltam
870 5467 920 5519 in
971 5483 1091 5521 eum
1137 5471 1439 5526 comitatem
1472 5482 1524 5527 et
1573 5472 1958 5531 humanitatem

366 5555 628 5610 exhibuit.
670 5557 758 5612 Sic
788 5557 1039 5614 Davidem
1068 5559 1192 5616 Sattl
1232 5572 1350 5631 post
1387 5575 1716 5634 amputatum
1744 5566 1958 5623 Goliath

369 5657 529 5716 caput
557 5648 736 5718 ejccit,
758 5660 879 5720 post
907 5652 1054 5707 mille
1076 5654 1310 5722 pericula
1336 5671 1453 5724 quae
1476 5657 1543 5711 ab
1567 5658 1682 5727 ejus
1704 5659 1960 5714 civitatis-

363 5758 467 5810 que
483 5741 784 5797 cervicibus
806 5757 947 5813 saepe
965 5744 1269 5814 depulerat:
1293 5747 1510 5802 Anchus
1527 5758 1704 5805 autem
1731 5767 1819 5806 rex
1844 5753 1958 5808 bar-

366 5836 614 5893 barorum
659 5837 888 5908 excepit,
919 5847 973 5895 et
1016 5839 1071 5895 in
1100 5855 1346 5913 magnum
1371 5827 1628 5899 honorem
1656 5845 1854 5904 evexit.
1877 5846 1951 5903 lta

1644 374 1709 431 lN
1748 375 2007 432 HELIAM
2051 375 2136 430 ET
2179 368 2462 435 VlDUAM.

3581 369 3689 426 542

2099 505 2240 545 nunc
2268 491 2426 546 etiam
2458 492 2660 546 llcliam
2689 491 2941 560 expulere
2965 489 3160 554 Judaei,
3187 487 3281 543 sed
3311 488 3466 544 vidua
3497 505 3686 546 susce-

2097 583 2198 652 pit.
2225 584 2450 649 Quando
2478 584 2636 654 igitur
2665 584 2935 639 Christum
2968 584 3035 639 ab
3065 585 3170 640 illis
3192 583 3466 655 repulsum
3491 582 3687 638 videris

2095 684 2376 743 exceptum
2409 692 2436 728 a
2463 677 2731 745 gentibus,
2756 676 3139 731 animadversis
3180 687 3335 730 antea
3369 675 3582 745 figuris,
3616 691 3684 727 nc

2097 768 2410 836 prodentem
2458 785 2519 823 se
2562 770 2638 822 rei
2690 771 2966 824 veritatem
3021 769 3252 823 mireris.
3302 767 3508 822 Audisti
3558 783 3686 836 ergo

2095 862 2364 916 Christum
2426 863 2586 918 hodie
2633 865 2934 924 dicentem.
2965 873 3020 918 et
3064 864 3166 918 huc
3219 865 3392 932 ipsum
3445 859 3687 918 subindi-

2095 964 2328 1007 cantem.
2360 955 2492 1008 Cum
2525 957 2667 1010 enim
2691 957 2903 1009 .luda-os
2937 957 3272 1025 indignantes
3301 955 3688 1022 alloquerctur,

2094 1045 2325 1110 dicebat,
2359 1047 2536 1100 Multa:
2559 1049 2724 1100 vidua:
2747 1061 2887 1099 erant
2908 1051 2960 1100 in
2982 1047 3155 1100 diebus
3178 1045 3341 1098 Helia:
3360 1087 3374 1108 ,
3400 1053 3447 1097 et
3475 1042 3544 1095 ad
3571 1043 3686 1095 nul—

2096 1138 2196 1191 lam
2226 1142 2410 1192 missus
2439 1150 2510 1192 est
2545 1139 2721 1193 Helias
2744 1183 2756 1201 ,
2803 1141 2898 1192 nisi
2942 1143 3012 1192 ad
3064 1140 3288 1204 viduam,
3321 1153 3432 1206 quae
3477 1145 3584 1189 erat
3632 1137 3684 1186 in

2097 1231 2401 1297 Sarepltt/tis
2431 1232 2640 1286 Sidonis
2670 1230 2818 1302 (Luc.
2855 1234 2908 1286 4.
2936 1229 3050 1301 25).
3084 1231 3187 1286 Sed
3219 1239 3426 1299 qutct'et
3463 1229 3685 1281 fortasse

2094 1323 2378 1391 quiSpiam,
2412 1339 2569 1392 quam
2601 1324 2669 1377 ob
2690 1339 2905 1377 causam
2941 1339 3062 1376 eum
3104 1322 3191 1390 qui
3231 1331 3432 1376 tantum
3463 1337 3560 1394 pro
3592 1319 3686 1373 Dei
3765 1317 3776 1330 '

2095 1415 2260 1484 gloria
2291 1417 2463 1469 zelum
2499 1432 2605 1483 prce
2637 1432 2696 1470 se
2725 1417 2955 1481 tulerat,
2981 1416 3161 1468 vexari
3199 1415 3337 1468 Deus
3381 1411 3686 1482 permiserit

2094 1517 2148 1562 et
2199 1507 2400 1578 afﬂigi,
2429 1525 2550 1562 cum
2597 1525 2720 1562 eum
2767 1509 2833 1562 ad
2867 1519 3162 1562 torrentem
3212 1522 3351 1560 nunc
3411 1505 3681 1567 mitteret,

2095 1619 2237 1658 nunc
2261 1604 2327 1658 ad
2356 1603 2590 1666 viduam,
2617 1619 2757 1658 nunc
2792 1604 2953 1658 alium
2984 1603 3034 1656 in
3068 1602 3264 1665 iocum,
3295 1610 3563 1668 tamquam
3593 1613 3685 1649 cx-

2095 1697 2266 1751 sulem
2329 1696 2611 1766 quemdam
2667 1698 2850 1750 volens
2920 1695 3092 1748 locum
3144 1709 3209 1749 ex
3270 1693 3386 1745 loco
3457 1698 3682 1762 n'mtaru.

2094 1781 2355 1842 Vex‘atum
2403 1788 2546 1842 enim
2590 1797 2644 1842 ct
2701 1789 2952 1840 afflictum
2996 1786 3160 1840 fuisse
3203 1784 3326 1836 audi
3377 1799 3482 1849 qtto
3531 1789 3686 1849 part0

2095 1882 2291 1937 Paulus
2317 1882 2477 1936 etiam
2503 1890 2726 1935 testetur
2751 1897 2764 1938 :
2799 1880 3115 1933 Circuieruut
3142 1879 3194 1931 in
3217 1877 3432 1935 melotis,
3453 1876 3503 1927 in
3534 1874 3684 1942 pelli-

2096 1974 2187 2026 bus
2219 1973 2460 2042 caprinis,
2487 1982 2703 2043 cgentcs,
2740 1971 3032 2040 angustiati,
3063 1969 3232 2038 afﬂicti
3263 1966 3415 2036 (lleb.
3452 1966 3536 2018 Η.
3565 1965 3680 2031 57).

2093 2063 2200 2119 Cur
2248 2066 2408 2134 igitur
2452 2065 2600 2118 illum
2645 2065 2767 2118 sivit
2795 2063 2956 2132 aflligi
2984 2061 3006 2114 ?
3037 2061 3164 2114 Nam
3194 2061 3236 2112 si
3260 2058 3474 2127 quidem
3520 2057 3589 2110 ob
3618 2073 3678 2107 ea

2093 2166 2312 2225 peccata
2343 2172 2461 2225 quze
2487 2155 2537 2208 in
2569 2155 2740 2224 ipsum
2772 2153 3117 2216 admiserant,
3147 2150 3244 2203 has
3273 2165 3302 2202 a
3337 2147 3537 2202 .luda-is
3565 2161 3681 2214 ιταᾱ-

2095 2265 2190 2303 nas
2236 2250 2532 2318 exegisset,
2579 2248 2771 2302 tnerito
2819 2246 3044 2300 dixisset
3095 2258 3220 2298 eum
3261 2242 3542 2295 vexatione
3585 2241 3680 2292 ista

2093 2341 2386 2410 periculum
2417 2338 2718 2392 afflictionis
2744 2337 2957 2402 fecisse,
2986 2347 3041 2390 ut
3066 2335 3246 2388 mitior
3273 2335 3423 2387 fterct
3460 2341 3516 2386 et
3544 2347 3680 2384 non-

2093 2433 2223 2486 nihil
2253 2431 2321 2486 de
2349 2431 2663 2485 crudelitate
2691 2431 2986 2484 remitteret
3017 2447 3028 2481 :
3065 2429 3107 2481 si
3140 2437 3317 2480 autem
3367 2441 3472 2479 non
3532 2423 3674 2494 quod

2091 2525 2356 2577 malorum
2403 2539 2611 2576 memor
2656 2532 2833 2586 esset,
2862 2537 2982 2592 quae
3029 2521 3095 2573 ab
3128 2521 3230 2573 illis
3251 2533 3442 2590 passus
3475 2517 3678 2581 fuerat,

2089 2619 2183 2674 scd
2227 2618 2369 2686 quod
2403 2628 2618 2687 propter
2646 2632 2832 2670 eorum
2863 2617 3124 2669 adversus
3157 2613 3436 2666 Dominum
3478 2611 3649 2677 itnpro

2090 2711 2309 2764 bitatem
2335 2718 2389 2763 et
2416 2709 2752 2762 insolentiam
2783 2707 3211 2771 contabesceret,
3235 2705 3370 2758 hanc
3399 2703 3501 2756 illis
3541 2703 3682 2755 cala-

2082 2801 2330 2855 mitatem
2363 2800 2652 2855 invehebat
2685 2817 2696 2852 :
2728 2815 2831 2869 qua
2857 2799 2922 2853 de
2951 2813 3112 2853 causa
3161 2798 3212 2851 in
3258 2795 3582 2850 consortium
3627 2805 3681 2846 et

2087 2893 2201 2962 ipse
2229 2893 2491 2946 malorutn
2530 2899 2752 2946 vocatur
2771 2933 2784 2957 ,
2818 2905 2916 2945 nec
2944 2890 3124 2945 multis
3153 2889 3360 2942 deliciis
3387 2904 3448 2941 ac
3474 2889 3680 2941 securi-

2088 2991 2195 3036 tate
2226 2981 2562 3052 perfruitur?
2591 2980 2723 3047 Quia
2752 2982 3002 3036 nimirum
3033 2981 3076 3035 si
3104 2979 3228 3034 dum
3259 2980 3345 3034 alii
3378 2980 3680 3033 calamitate

2085 3084 2481 3145 premerentur,
2507 3083 2562 3128 et
2598 3074 2738 3126 fame
2769 3073 3036 3141 perirent,
3069 3073 3182 3141 ipse
3211 3072 3417 3126 deliciis
3465 3082 3518 3125 et
3562 3071 3676 3139 opi-

2086 3183 2212 3237 para
2242 3181 2428 3221 mensa
2455 3167 2747 3231 frueretur,
2776 3165 2904 3219 illud
2934 3165 3158 3219 fortasse
3190 3166 3384 3218 factum
3412 3163 3676 3233 quispiam

2083 3257 2388 3312 crudelitati
2440 3257 2732 3310 tribuisset.
2775 3255 2915 3310 Nihil
2947 3256 3088 3310 enim
3142 3257 3332 3309 ntit'um
3382 3254 3569 3308 fuisset
3597 3255 3676 3306 vi-

2083 3365 2226 3414 sum,
2255 3349 2548 3414 hominem,
2578 3349 2660 3401 cui
2691 3349 2892 3401 affatim
2924 3359 3118 3402 cuncta
3147 3356 3514 3417 suppeterent,
3544 3347 3676 3398 alio-

2083 3457 2200 3494 rum
2251 3441 2406 3494 malis
2453 3440 2733 3494 oblcctari.
2760 3440 2963 3494 Idcirco
3017 3440 3329 3509 participem
3383 3454 3504 3492 eum
3555 3453 3676 3492 esse

2083 3533 2399 3588 calamitatis
2433 3533 2676 3602 permisit
2704 3533 2864 3596 Deus,
2891 3543 2944 3586 et
2971 3533 3202 3601 experiri
3231 3532 3366 3585 mala
3391 3546 3509 3600 qua:
3535 3532 3674 3583 acci-

2081 3626 2279 3682 debant
2303 3666 2318 3691 ,
2346 3640 2410 3680 ac
2434 3626 2628 3679 famem
2660 3627 2764 3694 pati
2794 3668 2807 3691 ,
2833 3634 2890 3678 ut
2925 3624 3100 3679 discas
3147 3641 3249 3676 non
3291 3624 3484 3678 famem
3529 3622 3670 3693 apud

2081 3719 2252 3785 illum,
2286 3720 2381 3773 sed
2411 3718 2584 3772 zelum
2615 3717 2800 3771 fuisse.
2831 3717 3011 3787 Neque
3035 3717 3178 3771 enim
3211 3716 3287 3769 sit:
3316 3716 3367 3769 in
3401 3716 3671 3785 angustias

2080 3812 2348 3878 redactus,
2377 3821 2614 3882 egestate
2653 3826 2870 3881 pressus
2890 3852 2904 3876 ,
2937 3819 3189 3876 vexatus,
3218 3820 3273 3865 et
3301 3811 3528 3864 afflictus
3579 3809 3672 3861 ad-

2079 3906 2200 3961 duci
2231 3906 2510 3975 potuisset,
2544 3913 2603 3958 ut
2630 3906 2804 3958 minas
2837 3903 3197 3972 rescinderet,
3234 3902 3334 3955 nisi
3365 3918 3472 3970 pro:
3505 3901 3670 3955 nimio

2078 3998 2197 4054 zelo
2225 3999 2434 4053 beatam
2464 3997 2606 4050 illam
2637 4012 2820 4051 vocem
2851 3996 3138 4050 emisisset.
3176 3994 3435 4060 Quocirca
3475 3994 3671 4063 jucun-

2077 4090 2196 4145 dius
2221 4090 2296 4144 illi
2323 4089 2512 4143 fuisset
2540 4087 2730 4158 affligi.
2758 4097 2920 4157 atque
2944 4087 3227 4156 castigatos
3256 4085 3375 4140 illos
3403 4099 3627 4140 cernere
3651 4125 3667 4152 ,

2077 4197 2234 4252 quam
2265 4182 2469 4251 urgenti
2493 4181 2818 4235 necessitate
2844 4180 3098 4234 liberatos
3135 4178 3201 4232 ad
3227 4179 3457 4247 priorem
3486 4191 3671 4232 rever-

2077 4289 2166 4329 sos
2187 4275 2511 4343 impietatem
2536 4272 2738 4326 videre.

2147 4365 2200 4420 6.
2241 4365 2401 4418 Tales
2430 4365 2573 4419 enim
2617 4372 2742 4418 sunt
2768 4362 2967 4431 ubique
2998 4362 3189 4416 anima:
3227 4370 3535 4417 sanctorum
3567 4378 3581 4416 :
3612 4373 3668 4417 ut

2073 4457 2253 4513 caueri
2283 4457 2595 4525 resipiscant
2617 4496 2631 4520 ,
2663 4456 3006 4511 securitatem
3035 4471 3186 4511 suam
3227 4457 3463 4528 periculo
3491 4471 3668 4526 expo-

2073 4559 2225 4606 nunt.
2244 4551 2323 4606 Ne
2350 4552 2468 4621 quis
2505 4550 2710 4604 diceret
2737 4566 2857 4604 eum
2908 4565 3015 4618 prce
3051 4550 3212 4603 nimia
3247 4550 3565 4604 crudelitate
3593 4549 3668 4603 fa-

2074 4658 2214 4697 mem
2239 4643 2472 4706 auxisse,
2499 4642 2808 4711 participem
2838 4658 2960 4696 eum
2994 4641 3107 4696 fieri
3138 4641 3290 4695 famis
3317 4643 3580 4711 permisit,
3611 4650 3670 4697 ut

2075 4734 2464 4807 philosophiam
2517 4733 2792 4804 propheta:
2845 4748 3158 4803 cognoscas.
3215 4733 3482 4789 Praeterea
3539 4750 3666 4788 vero
3754 4774 3764 4784 .

2071 4843 2192 4883 cum
2220 4828 2392 4882 soleat
2421 4827 2738 4896 plerumque
2787 4825 3166 4879 miraculorum
3200 4835 3386 4879 natura
3414 4841 3541 4891 eos,
3573 4827 3664 4896 qui

2072 4920 2328 4975 miracula
2363 4930 2595 4989 patrant,
2612 4919 2826 4985 efferre,
2849 4929 3009 4989 atque
3035 4935 3221 4974 eorum
3249 4929 3584 4989 spectatores
3613 4922 3664 4974 in

2068 5029 2188 5069 eam
2237 5022 2471 5068 mentem
2515 5012 2812 5080 impellere,
2842 5019 2900 5065 ut
2945 5011 3141 5082 aliquid
3199 5012 3250 5065 in
3304 5012 3382 5066 eis
3433 5011 3663 5066 humana

2071 5117 2258 5160 natura
2289 5106 2568 5160 sublimius
2595 5119 2716 5159 esse
2743 5104 3074 5158 arbitrentur
3104 5121 3116 5156 :
3155 5103 3236 5157 bis
3264 5105 3424 5159 etiam
3457 5104 3663 5159 duobus

2067 5199 2364 5255 remedium
2393 5196 2658 5259 adhibuit,
2687 5206 2740 5252 et
2765 5206 2972 5252 naturae
3000 5196 3367 5252 infirmitatem
3407 5199 3628 5253 immuta
3647 5230 3662 5242 -

2065 5294 2162 5346 vit.
2222 5292 2348 5346 ll:cc
2395 5302 2574 5347 autem
2622 5292 2691 5345 ita
2722 5306 2780 5346 se
2812 5291 3029 5358 habere,
3063 5292 3214 5347 facile
3232 5285 3398 5348 fuerit
3425 5310 3488 5349 ex
3514 5294 3661 5350 Pauli

2065 5384 2286 5439 vocibus
2314 5384 2630 5454 intelligere.
2660 5382 2791 5438 Nam
2825 5384 3080 5439 miracula
3107 5385 3322 5455 quidem
3345 5385 3540 5441 efferre
3569 5403 3660 5440 so-

2066 5477 2196 5544 lere,
2230 5478 2354 5532 audi
2379 5494 2485 5548 quo
2513 5488 2667 5546 pacto
2699 5487 2920 5532 testetur
2950 5496 2964 5532 :
2993 5478 3058 5533 Et
3089 5496 3151 5533 ne
3196 5479 3492 5550 magnitudo
3520 5497 3659 5533 reve-

2064 5568 2313 5622 lationum
2351 5569 2562 5623 extollat
2614 5586 2711 5634 me,
2736 5571 2884 5624 datus
2929 5581 3002 5625 est
3043 5573 3170 5624 mihi
3219 5571 3450 5624 stimulus
3494 5574 3662 5624 carnis

2064 5677 2207 5728 ntere,
2234 5661 2448 5734 angelus
2478 5662 2707 5728 Satanae,
2735 5673 2787 5717 ut
2814 5681 2892 5717 me
2917 5664 3196 5734 colapltizet
3227 5663 3303 5733 (2.
3329 5663 3448 5718 Cor.
3469 5665 3552 5717 η.
3578 5663 3653 5732 7).

2064 5752 2294 5808 Efficere
2320 5769 2480 5824 porro
2511 5755 2785 5821 miracula,
2815 5766 2871 5809 ttt
2900 5757 2989 5826 qui
3018 5772 3079 5812 ea
3106 5765 3366 5821 cernunt,
3398 5757 3656 5825 majorem

2066 5847 2368 5915 concipiant
2393 5847 2698 5920 opinionem
2729 5848 2796 5906 de
2822 5850 2952 5921 illis,
2972 5867 3001 5906 a
3032 5849 3230 5922 quibus
3247 5849 3511 5920 eduntur,
3552 5849 3653 5905 hoc
