4020 6370
357 341 464 398 διδ

355 458 515 510 etiam
545 456 667 512 inde
694 468 924 514 constat.
957 458 1088 515 Cum
1111 465 1252 518 enim
1292 479 1508 521 Suarum
1561 470 1944 525 revelationum

357 549 570 604 fecisset
601 553 948 620 mentionem,
987 554 1166 619 addit,
1218 555 1356 609 Nunt
1393 561 1438 611 si
1478 559 1680 615 coluero
1715 562 1946 632 gloriari,

355 657 456 694 non
474 657 557 694 ero
578 643 818 710 insipiens
844 661 863 698 :
885 646 1143 699 ueritatem
1165 649 1295 701 enim
1310 650 1476 703 dicam
1517 651 1592 724 (2.
1625 651 1741 707 Cor.
1765 653 1849 708 1?...
1870 655 1946 725 6).

354 731 462 787 Cur
486 749 590 786 non
627 735 788 805 igitttr
816 737 1099 804 gloriaris?
1131 738 1298 793 Parca
1335 752 1502 795 autem
1523 785 1538 808 ,
1566 761 1629 797 ne
1651 745 1762 814 quis
1790 745 1843 799 in
1870 763 1950 800 me

357 824 622 887 eaistimet,
642 842 799 892 supra
815 826 868 878 id
882 829 1016 896 quod
1033 829 1161 881 videt
1176 847 1272 896 me,
1292 842 1379 884 aut
1397 833 1590 902 aliquid
1607 836 1750 888 audit
1769 851 1832 890 ea:
1847 851 1943 889 me.

353 913 434 969 Ne
454 916 611 985 igitur
634 918 738 972 tale
755 919 1025 989 quidpiam
1059 924 1330 992 prophetae
1352 926 1619 980 accideret
1635 927 1783 993 (licet
1803 929 1946 982 enim

355 1004 536 1063 Helias
563 1018 727 1076 esset,
753 1010 915 1065 homo
967 1023 1143 1067 tamen
1189 1018 1349 1080 erat),
1380 1017 1668 1071 immiscuit
1692 1018 1948 1072 miraculo

354 1107 558 1152 naturae
586 1099 877 1157 defectum.
906 1103 1192 1174 Propterea
1220 1108 1307 1176 qui
1337 1108 1469 1161 cmlo
1489 1109 1788 1179 imperavit,
1823 1109 1945 1164 fami

354 1203 460 1242 non
480 1189 760 1260 imperavit
777 1211 789 1248 :
806 1195 896 1264 qui
917 1206 1071 1252 terra:
1090 1210 1294 1268 partum
1309 1201 1770 1266 eohibuit,ventris
1786 1205 1949 1272 repri-

264 1299 282 1318 ο
357 1299 506 1338 mere
527 1287 900 1341 necessitatem
925 1304 1029 1344 non
1054 1291 1350 1360 potuit,sed
1378 1294 1601 1348 muliere
1626 1293 1782 1348 vidua
1811 1296 1946 1350 indi.

355 1377 488 1446 guit.
511 1387 566 1432 ut
590 1379 823 1434 divinam
846 1383 1068 1452 gratiam
1099 1400 1376 1454 agnoscas,
1403 1397 1455 1440 et
1477 1386 1762 1441 humanam
1790 1387 1947 1444 simul

357 1469 744 1529 inﬁrmitatem.
767 1474 880 1528 Non
911 1475 977 1530 ad
1003 1476 1104 1530 hoc
1129 1487 1330 1532 tantum
1354 1477 1550 1533 factum
1577 1479 1705 1534 illud
1731 1481 1946 1549 profuit,

358 1561 453 1618 sed
479 1563 545 1617 ad
573 1565 711 1618 aliud
740 1566 1010 1636 quidpiam
1039 1568 1204 1622 nihilo
1230 1569 1407 1623 minus
1433 1570 1555 1624 isto.
1578 1570 1858 1636 Quodnam
1881 1571 1948 1623 il-

358 1654 448 1709 lud
473 1657 731 1711 tandem?
765 1658 830 1713 Ut
859 1675 978 1713 eum
1012 1669 1063 1714 te
1093 1661 1352 1730 quispiam
1380 1663 1443 1717 ad
1469 1664 1743 1733 prephette
1775 1665 1948 1721 zelum

357 1743 516 1802 fuerit
553 1749 884 1816 adhortatus,
914 1769 1021 1807 non
1051 1755 1285 1808 animum
1317 1756 1655 1825 desitondeas
1680 1798 1693 1821 ,
1722 1773 1820 1812 nec
1849 1758 1947 1813 de-

359 1855 562 1909 speres,
594 1845 733 1912 quod
758 1846 1025 1900 hominem
1053 1863 1173 1902 esse
1190 1849 1408 1904 alterius
1427 1860 1631 1906 natura:
1648 1852 1946 1919 arbitreris,

358 1932 582 2006 ideoque
614 1946 811 1992 tantam
835 1939 973 2009 apud
995 1941 1158 1995 Deum
1197 1941 1442 1996 ﬁduciam
1494 1945 1764 2000 habuisse.
1795 1945 1948 2014 Quod

357 2024 572 2093 quidem
618 2028 787 2084 innuit
809 2031 1071 2101 quispiam
1109 2047 1230 2086 eum
1257 2034 1388 2088 dixit
1419 2054 1429 2088 :
1468 2035 1646 2091 Helias
1671 2037 1822 2091 homo
1842 2048 1950 2092 erat

357 2118 538 2172 similis
563 2122 704 2174 nobis
734 2124 988 2191 possibilis
1020 2123 1156 2197 (Jac.
1187 2128 1240 2182 5.
1279 2129 1366 2196 1⁸7)
1398 2146 1409 2179 :
1440 2130 1590 2198 quasi
1616 2130 1854 2185 diceret:
1876 2131 1951 2187 Ne

357 2211 686 2277 lmpossihile
715 2215 992 2270 arbitreris
1022 2232 1143 2272 esse
1165 2259 1178 2281 ,
1210 2219 1277 2272 ad
1321 2220 1458 2274 idem
1502 2236 1621 2274 cum
1655 2223 1746 2275 illo
1777 2223 1950 2291 philo-

356 2301 560 2370 sophia:
607 2302 876 2373 fastigium
933 2310 1217 2376 pervenire
1253 2329 1265 2366 :
1298 2327 1418 2366 nam
1468 2322 1524 2367 et
1575 2313 1813 2381 ejusdem
1866 2315 1953 2371 ille

358 2394 628 2463 particeps
678 2394 774 2450 fuit
819 2408 1045 2452 naturze.
1099 2399 1473 2457 Verumtamen
1526 2403 1840 2460 admirabile
1889 2421 1953 2460 ac

354 2485 592 2538 divinqu
641 2485 768 2540 illud
808 2489 923 2557 ejus
967 2492 1298 2561 propositum
1357 2495 1526 2548 multo
1570 2496 1780 2551 caeteris
1829 2512 1951 2552 eum

357 2574 725 2630 sublimiorem
755 2580 1007 2634 ostendit.

432 2666 484 2720 7.
525 2666 628 2722 Sed
652 2669 763 2737 jam
797 2681 1007 2742 tempus
1031 2683 1110 2727 est
1133 2715 1147 2739 ,
1182 2684 1237 2728 ut
1288 2675 1353 2730 ad
1387 2676 1597 2732 viduam
1647 2677 1950 2734 redeamus.

369 2756 543 2824 Venit,
578 2759 784 2830 inquit,
822 2763 873 2816 in
906 2763 1196 2834 Sareplttlta
1222 2767 1430 2822 Sidonis
1451 2811 1465 2833 ,
1489 2780 1534 2824 et
1559 2770 1742 2823 invenit
1772 2773 1956 2825 mulie-

357 2864 464 2902 rent
485 2850 686 2905 viduam
713 2853 1028 2924 colligentem
1071 2856 1210 2927 ligna
1237 2858 1312 2927 ('5.
1345 2857 1473 2930 Reg.
1509 2861 1594 2914 17.
1622 2861 1733 2931 10).
1787 2861 1952 2931 Digna

357 2940 649 3000 domeStica
684 2954 996 3014 paupertate
1041 2948 1296 3003 hactenus
1336 2961 1461 3004 sunt
1489 2952 1764 3006 vestibula.
1815 2952 1951 3019 Quid

362 3032 569 3101 igitur?
600 3050 725 3088 nunt
777 3046 922 3092 retro
956 3053 1251 3094 conversus
1276 3048 1394 3106 est,
1428 3057 1548 3095 eum
1583 3044 1702 3098 talia
1736 3043 1953 3099 vidisset

359 3123 739 3194 hospitalitatis
769 3130 1032 3184 exordia?
1076 3131 1453 3202 Nequaquam;
1483 3136 1684 3205 quippe
1711 3137 1798 3206 qui
1830 3151 1954 3191 sen-

363 3215 579 3269 tentiam
607 3217 840 3273 divinam
873 3221 1113 3277 audierat
1149 3241 1161 3275 :
1192 3223 1285 3276 sed
1315 3223 1564 3279 clamavit
1596 3235 1715 3295 post
1737 3242 1876 3291 eam,
1900 3235 1956 3282 et

361 3307 495 3362 dixit
529 3327 542 3362 :
575 3309 733 3364 Sume
762 3329 876 3366 vero
905 3315 1028 3367 milii
1067 3332 1270 3384 aquam,
1299 3327 1344 3368 et
1371 3317 1496 3380 ivit,
1528 3328 1581 3370 ut
1609 3331 1824 3372 sumeret
1845 3318 1952 3391 (Ib.

361 3415 414 3453 υ.
439 3400 552 3468 Η).
576 3401 712 3455 Vere
737 3419 992 3472 generosa
1021 3416 1074 3460 et
1100 3407 1312 3476 sapiens
1340 3409 1550 3473 mulier,
1574 3425 1637 3464 ac
1667 3411 1764 3464 nisi
1797 3411 1954 3479 paulo

364 3490 609 3546 videatur
637 3495 890 3548 audacius
920 3496 1024 3549 hoc
1047 3495 1246 3551 dictum
1273 3539 1288 3563 ,
1323 3499 1433 3568 ipsa
1479 3501 1637 3553 etiam
1678 3504 1953 3571 propheta:

367 3582 806 3652 magnanimitate
831 3587 986 3656 digna
1021 3604 1036 3642 :
1069 3589 1176 3643 imo
1210 3591 1358 3644 nullo
1403 3601 1556 3660 pacto
1589 3593 1748 3648 debet
1775 3593 1953 3648 audax

364 3674 492 3729 illud
518 3675 721 3730 dictum
763 3678 969 3734 videri:
1000 3681 1100 3735 nisi
1140 3681 1284 3736 enim
1321 3683 1478 3753 digna
1526 3684 1735 3752 fuisset,
1753 3702 1956 3756 nequa-

363 3782 521 3836 quam
548 3767 728 3824 habita
755 3771 913 3841 digna
950 3773 1177 3842 fuisset,
1207 3793 1325 3846 qua:
1363 3789 1606 3833 sanctum
1637 3780 1780 3833 illum
1813 3781 1955 3835 exci-

361 3869 531 3931 peret.
564 3861 1020 3930 Quemadmodum
1053 3881 1106 3922 et
1132 3869 1198 3924 ad
1223 3870 1513 3940 discipulos
1534 3873 1667 3927 dixit
1688 3872 1952 3942 Christus,

364 3950 431 4005 In
471 3970 834 4025 quamcumque
881 3958 1131 4013 civitatem
1171 3971 1258 4014 aut
1311 3965 1574 4017 castellum
1626 3966 1952 4031 intraueritis,

363 4044 696 4117 interrogate,
727 4050 838 4118 quis
868 4050 919 4104 in
945 4068 1005 4105 ea
1033 4053 1216 4124 dignus
1244 4055 1308 4106 sit
1327 4095 1342 4121 ,
1363 4064 1407 4108 et
1428 4055 1494 4109 ibi
1525 4067 1719 4111 manete
1741 4057 1952 4128 (Matt/1.

363 4136 450 4190 10.
481 4137 604 4208 ii):
637 4140 706 4192 itzt
739 4140 878 4196 Deus
909 4141 993 4198 hic
1029 4159 1242 4214 quoque
1266 4160 1516 4214 quoniam
1561 4162 1669 4216 pra:
1709 4148 1955 4203 omnibus

360 4225 574 4296 dignam
646 4241 868 4286 noverat
919 4233 1055 4287 hanc
1109 4235 1430 4299 mulierem,
1463 4252 1584 4307 qua:
1639 4240 1953 4308 prophetam

359 4321 658 4390 Sttsciperet
680 4363 696 4386 ,
730 4333 1011 4392 propterea
1040 4327 1253 4380 caeteris
1282 4328 1532 4382 onmibus
1570 4328 1785 4383 omissis
1828 4329 1956 4384 illuc

359 4429 483 4467 ettm
507 4414 669 4468 misit.
700 4417 770 4468 At
799 4415 942 4468 enim
983 4431 1048 4470 ex
1097 4417 1258 4471 rebus
1288 4418 1418 4487 ipsis
1467 4418 1798 4474 nobilitatem
1840 4419 1956 4488 ejus

358 4505 654 4561 videamus.
681 4507 840 4562 Smne
879 4509 1040 4575 mihi,
1075 4509 1280 4580 inquit,
1311 4528 1495 4581 aquam
1524 4513 1577 4567 in
1603 4528 1736 4566 vase.
1767 4512 1954 4582 Magna

360 4612 490 4651 sane
538 4599 779 4654 mulieris
824 4600 1145 4654 humanitas.
1188 4601 1342 4668 Quod
1381 4603 1524 4658 enim
1573 4603 1952 4673 responderit.

363 4689 506 4758 quod
555 4691 606 4744 in
650 4691 979 4761 colloquium
1007 4694 1124 4762 ejus
1167 4695 1392 4760 venerit,
1417 4694 1560 4764 quod
1591 4694 1743 4749 illum
1783 4695 1957 4750 corri-

359 4783 514 4852 piens
566 4793 730 4838 totant
777 4787 1046 4842 civitatem
1085 4787 1150 4840 ad
1196 4789 1521 4856 puniendum
1567 4805 1779 4845 sacrum
1824 4791 1956 4845 illud

357 4883 521 4944 caput
545 4891 650 4930 non
696 4879 1007 4943 vocaverit,
1039 4895 1216 4934 nonne
1255 4889 1474 4948 stupore
1513 4888 1568 4935 et
1602 4882 1957 4937 admiratione

361 4966 580 5039 dignum
641 4969 895 5024 videtur?
937 4970 1210 5041 Siquidem
1264 4973 1458 5026 merito
1508 4973 1666 5029 famis
1715 4975 1956 5029 adactam

359 5060 682 5116 necessitate
728 5061 1097 5118 mulierculam
1151 5078 1217 5118 eo
1266 5079 1432 5134 usque
1461 5063 1627 5120 fuisse
1681 5065 1956 5121 iracundia

360 5164 687 5208 commotam
714 5197 730 5221 ,
760 5172 825 5211 ex
857 5156 959 5211 hoc
986 5156 1209 5212 Judaieo
1237 5159 1484 5228 exemplo
1512 5173 1798 5229 cognosce.

433 5246 655 5302 Eliswus
684 5249 877 5319 duplex
901 5248 1170 5304 Helias.-—
1195 5250 1495 5321 Discipulus
1521 5251 1686 5308 Heliae
1710 5253 1956 5320 Elisteus,
1987 5273 1990 5275 λ

323 5331 326 5334 ’
362 5340 565 5410 duplex
594 5340 777 5396 Helias
803 5341 1091 5413 (duplicem
1121 5345 1263 5400 enim
1287 5346 1599 5415 magistrum
1622 5347 1675 5401 in
1696 5346 1959 5416 discipulo

330 5431 339 5508 ἡ
364 5432 563 5487 licebat
593 5432 836 5506 intueri),
868 5433 1062 5490 famem
1087 5445 1268 5506 postea
1293 5437 1633 5508 pr0phctavit
1657 5455 1671 5503 ;
1696 5454 1800 5493 non
1844 5440 1959 5507 ipse

336 5511 585 5584 immisit
632 5531 769 5585 sicut
801 5529 1015 5595 Helias,
1042 5531 1135 5586 sed
1184 5542 1462 5587 venturam
1512 5533 1778 5601 prcedixit.
1819 5533 1956 5600 Quid

364 5633 494 5687 ergo
521 5635 633 5684 rex,
667 5623 755 5692 qui
786 5621 1118 5691 temporibus
1147 5623 1249 5677 illis
1276 5624 1527 5692 regnabat
1553 5627 1573 5674 ἶ)
1611 5623 1829 5678 lndutus
1878 5635 1959 5679 est

364 5726 524 5765 sacco
545 5755 558 5778 ,
590 5715 760 5783 inquit
791 5733 804 5769 :
855 5717 1117 5788 siquidem
1155 5716 1452 5772 humiliavit
1483 5735 1603 5773 eum
1636 5719 1911 5773 calamitas
1942 5736 1953 5770 :

364 5802 444 5856 sic
489 5813 664 5861 tamen
707 5806 1014 5864 humiliatus
1065 5822 1186 5863 cum
1239 5807 1618 5866 lamentantem
1673 5811 1953 5867 mulierem

1099 323 1156 403 S.
1197 347 1475 408 JOANNIS
1513 343 1988 412 CllRYSOS'l'ONl
2028 358 2352 418 ARCIIIEP.
2389 363 2924 430 CONSTANTINOP.

3537 393 3641 449 5M

2061 475 2318 534 audiisset
2353 494 2571 553 propter
2609 503 2672 542 ea
2713 504 2835 560 qua:
2885 491 3040 547 famis
3084 509 3244 550 causa
3297 499 3641 572 acciderant,

2061 577 2204 624 tanta
2238 579 2347 627 tum
2378 579 2578 632 exarsit
2605 580 2876 636 iracundia
2901 626 2915 648 ,
2949 594 3005 640 ut
3031 588 3313 645 confestim
3335 593 3643 652 exclamarit

2057 675 2121 717 ac
2149 662 2338 718 dixerit
2368 683 2379 718 :
2415 667 2542 722 "(re
2581 672 2737 739 faciat
2779 676 2901 729 mihi
2925 676 3062 732 Deus
3099 691 3147 734 et
3190 681 3298 736 [uec
3331 683 3570 752 adjiciat,
3601 704 3645 741 π

2055 754 2205 847 stabit
2227 767 2380 847 caput
2415 759 2591 816 Elisa'i
2625 765 2723 834 filii
2751 767 2954 836 Sapltat
2995 788 3147 840 super
3181 773 3348 844 ipsum
3393 777 3539 830 hodie
3565 780 3641 847 (ι.

2057 841 2186 914 Reg.
2212 846 2264 900 6.
2297 849 2411 920 δι).
2443 851 2689 909 Vidistin'
2713 858 2854 928 regis
2894 841 3262 918 iracundiam?
3291 865 3425 923 Vide
3457 841 3647 925 mulie-

2057 938 2129 992 ris
2151 943 2465 1009 sapientiam
2501 964 2513 999 :
2545 947 2659 1003 hzec
2689 953 2830 1006 enim
2868 954 3084 1010 invento
3109 972 3174 1012 eo
3199 960 3289 1026 qui
3322 974 3426 1013 non
3451 960 3644 1017 famem

2055 1035 2396 1103 praedixerat,
2419 1039 2512 1094 sed
2537 1041 2830 1110 invexerat,
2848 1063 2970 1102 cum
2996 1060 3160 1120 prOpe
3183 1053 3450 1107 civitatem
3479 1066 3644 1117 esset.

2057 1141 2161 1179 non
2203 1128 2474 1200 indignata
2504 1144 2618 1201 est,
2653 1153 2758 1192 non
2808 1142 3126 1207 excanduit,
3159 1158 3267 1198 non
3308 1155 3532 1200 caeteros
3579 1147 3644 1201 ad

2055 1222 2374 1290 supplicium
2426 1230 2747 1286 sumendum
2801 1235 3052 1299 vocavit,
3103 1237 3199 1292 sed
3253 1239 3647 1295 modestissime

2056 1313 2251 1379 paruit.

2127 1403 2180 1458 8.
2221 1405 2384 1462 Scitis
2405 1422 2582 1464 autem
2611 1429 2716 1482 quo
2747 1427 2922 1484 pacto,
2955 1419 2998 1472 si
3029 1422 3245 1490 quando
3275 1425 3488 1494 negotio
3512 1439 3647 1495 quo-

2056 1496 2198 1566 piam
2225 1499 2393 1556 simus
2423 1508 2692 1576 occupati,
2724 1522 2792 1565 ne
2823 1510 3118 1568 familiares
3146 1516 3361 1586 quidem
3402 1532 3649 1587 smpenu-

2056 1605 2207 1644 mero
2233 1593 2487 1651 lubenter
2527 1601 2852 1669 aspiciamus
2877 1646 2893 1672 ,
2921 1606 3016 1660 sed
3047 1616 3102 1661 et
3139 1607 3397 1664 adversus
3425 1624 3518 1664 eos
3559 1609 3645 1664 in-

2053 1682 2339 1752 dignemur
2371 1704 2386 1742 :
2415 1704 2538 1745 cum
2568 1708 2696 1748 vero
2727 1703 2871 1750 tanta
2899 1698 3060 1752 etiam
3099 1698 3319 1756 afﬂictio
3348 1701 3644 1771 ingruerit,

2055 1777 2141 1831 vel
2201 1780 2373 1848 ipsum
2428 1783 2591 1838 etiam
2645 1787 2823 1842 lumen
2875 1790 3181 1845 molestiam
3235 1791 3391 1848 nobis
3437 1793 3649 1848 videtur

2055 1871 2313 1929 exhibere
2343 1893 2357 1928 :
2388 1875 2438 1930 id
2461 1879 2604 1948 quod
2635 1895 2819 1935 rursus
2850 1896 2918 1936 ex
2949 1881 3172 1939 Judaieo
3201 1894 3346 1955 patet
3373 1887 3644 1956 exemplo.

2054 1963 2194 2020 Sane
2246 1968 2463 2036 quidem
2519 1987 2641 2027 cum
2693 1975 2924 2030 venisset
2978 1975 3223 2048 Moyses,
3267 1987 3324 2032 et
3367 1979 3647 2032 innumera

2053 2055 2253 2114 Judzeis
2273 2063 2644 2119 annuntiasset
2666 2065 2803 2120 bona
2827 2107 2842 2132 ,
2891 2067 3259 2124 liberationem
3285 2083 3314 2123 a
3343 2069 3646 2141 tyrannide,

2057 2151 2380 2220 libertatem,
2413 2165 2466 2210 et
2495 2157 2548 2212 in
2574 2160 2850 2229 antiquam
2893 2161 3118 2230 patriam
3145 2161 3375 2217 reditum
3401 2180 3416 2217 :
3453 2161 3646 2217 Viden-

2056 2255 2128 2299 tes
2163 2262 2275 2300 eum
2295 2289 2310 2314 ,
2341 2249 2510 2319 inquit
2529 2291 2544 2316 ,
2575 2267 2677 2305 non
2710 2253 2982 2306 audierunt
3013 2271 3126 2307 eum
3168 2271 3276 2324 prce
3300 2255 3646 2324 pusillanimi-

2057 2347 2178 2405 tate,
2206 2349 2254 2393 et
2293 2341 2528 2410 operibus
2549 2343 2692 2398 duris
2721 2345 2915 2417 (Exod.
2945 2347 2998 2401 6.
3029 2348 3108 2417 9).
3139 2347 3218 2402 llli
3262 2358 3388 2408 tam.
3415 2349 3647 2403 faustum

2057 2431 2302 2486 nuntium
2331 2431 2592 2489 ferentem
2621 2451 2742 2491 cum
2774 2436 3052 2503 vidissent,
3081 2438 3311 2494 aversati
3340 2448 3504 2495 sunt:
3532 2439 3650 2494 hac

2058 2527 2360 2581 venientem
2410 2529 2728 2598 prophetam
2753 2545 2874 2586 cum
2916 2532 3168 2597 vidisset,
3216 2549 3323 2587 non
3364 2542 3421 2588 ut
3450 2532 3648 2588 famem

2056 2616 2384 2688 depelleret,
2408 2621 2502 2676 sed
2536 2633 2594 2677 ut
2624 2621 2769 2676 illam
2801 2633 3085 2692 gravaret,
3115 2623 3247 2680 nihil
3273 2625 3325 2679 ei
3368 2625 3474 2680 tale
3509 2625 3651 2680 seci-

2057 2710 2155 2766 dit.
2185 2714 2252 2768 Et
2277 2714 2349 2767 illi
2395 2715 2610 2787 quidem
2651 2716 2789 2772 adeo
2831 2717 3079 2773 difﬁciles
3125 2735 3190 2774 ac
3239 2719 3438 2774 morosi
3493 2728 3652 2774 erant

2059 2817 2278 2878 propter
2303 2823 2529 2878 operum
2564 2811 2802 2867 laborem
2832 2827 2846 2863 :
2882 2810 2998 2866 haec
3041 2820 3220 2867 autem
3267 2826 3374 2867 non
3423 2811 3608 2868 labore
3629 2853 3654 2876 ,

2057 2899 2151 2954 sed
2204 2900 2343 2956 fame
2383 2902 2736 2958 vehementer
2777 2902 2975 2958 afﬂicta
3007 2904 3280 2975 (magnum
3327 2905 3525 2975 quippe
3566 2914 3653 2959 est

2059 2992 2200 3047 inter
2242 2994 2479 3050 laborem
2517 2996 2818 3066 famemque
2859 2997 3196 3067 discrimen),
3222 3013 3327 3053 non
3374 2998 3536 3053 modo
3571 2999 3654 3051 vi-

2059 3101 2176 3140 rum
2220 3103 2326 3143 non
2375 3101 2617 3144 aversata
2649 3102 2753 3158 est,
2781 3092 2874 3146 sed
2905 3093 3066 3147 etiam
3111 3103 3274 3148 totant
3315 3107 3464 3147 suam
3515 3109 3650 3162 pau-

2057 3193 2321 3253 pertatem
2353 3185 2636 3252 exhausit,
2669 3195 2726 3240 ut
2771 3202 2894 3242 eum
2947 3187 3284 3256 susciperet,
3312 3187 3400 3257 qui
3454 3185 3652 3240 famem

2060 3275 2161 3329 illis
2184 3275 2483 3331 induxerat.
2507 3276 2570 3330 Et
2596 3277 2682 3330 ivit
2711 3287 2764 3331 ut
2789 3288 3007 3332 sumeret
3027 3295 3232 3348 aquam,
3258 3279 3446 3348 inquit,
3473 3289 3516 3331 et
3537 3279 3652 3331 cla-

2058 3367 2212 3420 mavit
2237 3370 2502 3438 propheta,
2536 3377 2582 3422 et
2611 3370 2772 3437 dixit,
2807 3369 2967 3425 Sume
2983 3371 3109 3425 mihi
3131 3373 3237 3438 iam
3265 3373 3414 3426 etiam
3444 3387 3651 3440 panem,

2059 3472 2106 3514 et
2134 3464 2395 3517 comedam
2422 3465 2498 3535 (5.
2529 3463 2658 3534 Reg.
2686 3465 2773 3518 17.
2809 3465 2919 3534 Η).
2953 3464 3090 3532 Quid
3134 3466 3295 3536 igitur
3319 3466 3545 3520 mulier?
3574 3465 3654 3519 Ne

2061 3555 2165 3611 hoc
2211 3557 2428 3627 quidem
2471 3573 2612 3628 a'gre
2633 3557 2771 3622 fert,
2817 3558 2910 3613 sed
2941 3559 3064 3627 quid
3091 3558 3205 3612 ait?
3239 3557 3370 3611 Vivit
3403 3556 3653 3612 Dominus

2058 3647 2200 3702 Deus
2227 3658 2362 3714 tuus,
2390 3650 2433 3703 si
2459 3660 2531 3704 est
2559 3650 2683 3703 mihi
2704 3651 2851 3718 panis
2876 3651 3249 3716 subcineritius,
3280 3651 3376 3704 nisi
3403 3661 3651 3720 quantum

2061 3743 2284 3814 pugillus
2308 3743 2492 3814 farinae
2516 3742 2623 3812 (Ib.
2645 3759 2692 3798 υ.
2725 3743 2835 3814 12).
2863 3744 3032 3813 Quam
3084 3744 3155 3799 ob
3197 3759 3414 3799 causam
3464 3743 3655 3814 jurat!

2061 3835 2262 3891 Partem
2303 3837 2455 3907 petiit
2505 3836 2766 3908 prepheta
2793 3881 2808 3905 ,
2854 3846 3110 3894 caeterum
3161 3838 3254 3893 illa
3299 3853 3492 3910 panem
3542 3853 3653 3893 non

2061 3927 2309 3984 habebat.
2339 3928 2536 3983 Timuit
2567 3943 2732 4002 ergo,
2772 3946 2839 3986 ne
2881 3929 3021 3986 forte
3048 3931 3174 3985 dum
3215 3929 3304 3984 illa
3354 3937 3652 4000 coqueret,

2061 4031 2314 4087 torreret,
2339 4034 2682 4094 praepararet,
2702 4023 2895 4080 deinde
2922 4025 3176 4088 tardaret,
3198 4039 3351 4080 more
3371 4023 3659 4096 impatiens

2061 4119 2326 4189 pr0pheta
2367 4119 2704 4186 discederet,
2738 4128 2796 4176 et
2852 4121 3030 4190 przeda
3059 4120 3441 4191 hospitalitatis
3494 4119 3650 4174 aufu-

2059 4225 2232 4284 geret.
2266 4214 2557 4284 Propterea
2591 4213 2902 4284 juramento
2939 4216 3090 4270 illum
3139 4214 3532 4285 praeoccupavit
3569 4213 3658 4268 di-

2060 4325 2210 4376 cens,
2241 4324 2347 4364 non
2376 4311 2474 4364 sibi
2507 4310 2730 4363 farinam
2753 4309 2945 4364 deesse
2967 4351 2982 4376 ,
3009 4323 3196 4363 verum
3249 4306 3656 4362 subcineritium

2059 4418 2250 4474 panem
2282 4402 2383 4456 sibi
2416 4417 2521 4455 non
2548 4416 2667 4457 esse
2689 4441 2703 4468 ,
2729 4399 2952 4455 farinam
2981 4415 3120 4455 esse.
3144 4399 3328 4470 Neque
3349 4399 3661 4468 juramento

2061 4495 2236 4550 solum
2259 4495 2420 4549 ﬁdem
2449 4494 2614 4560 facit,
2649 4493 2742 4549 sed
2767 4494 2962 4564 et‘ipsa
2992 4508 3170 4547 rerum
3213 4507 3334 4563 quae
3376 4491 3508 4545 ﬁunt
3556 4489 3659 4545 de-

2061 4588 2472 4642 monstratione.
2511 4587 2642 4641 Ecce
2667 4588 2832 4653 enim,
2859 4585 3049 4656 inquit,
3073 4585 3258 4656 colligo
3287 4583 3387 4638 duo
3419 4581 3583 4655 ligna,
3613 4592 3662 4636 et

2061 4683 2342 4755 ingrediar,
2375 4692 2424 4737 et
2467 4683 2652 4753 faciam
2679 4681 2770 4734 illa
2792 4681 2913 4750 ﬁliis
2942 4679 3064 4733 meis
3087 4719 3100 4742 ,
3132 4688 3180 4732 et
3223 4677 3542 4732 comedemus
3562 4718 3578 4741 ,
3611 4685 3662 4728 et

2062 4778 2354 4831 moriemur.

2137 4870 2352 4925 Nullam
2404 4868 2640 4940 relinquit
2683 4867 3058 4922 excusationem
3093 4864 3329 4918 divitibus
3383 4863 3558 4915 viduo.
3591 4891 3662 4901 —

2063 4963 2298 5017 Audiant
2340 4961 2428 5031 qui
2485 4959 2794 5031 magniﬁcas
2829 4958 2974 5013 ardes
3024 4965 3362 5020 construunt,
3402 4965 3457 5010 et
3507 4969 3661 5008 sum-

2065 5064 2253 5124 ptuosa
2281 5054 2477 5124 praedia
2523 5049 2850 5117 mercantur,
2878 5065 2941 5105 ac
2981 5048 3302 5104 famulorum
3340 5061 3533 5118 greges
3565 5061 3664 5116 per

2065 5149 2236 5203 forum
2270 5146 2556 5201 traducunt
2587 5162 2598 5198 :
2631 5145 2717 5200 vel
2745 5143 2923 5213 potius
2951 5151 3007 5197 et
3031 5141 3328 5210 locupletes
3366 5149 3419 5194 et
3458 5153 3667 5210 paupe-

2067 5257 2154 5297 res
2197 5241 2418 5295 audiant
2465 5253 2692 5292 omnes:
2727 5235 2857 5292 nulli
2904 5234 3048 5289 enim
3098 5239 3221 5304 post
3245 5230 3458 5285 viduam
3501 5230 3660 5284 istam

2065 5336 2338 5390 excusatio
2374 5333 2728 5403 relinquetur.
2759 5331 2889 5386 Tam
2921 5329 3104 5384 multis
3129 5327 3217 5381 illa
3262 5323 3659 5396 impedimentis

2067 5431 2309 5484 intricata
2355 5437 2505 5494 erat,
2558 5426 2650 5481 sed
2701 5427 2786 5480 illa
2833 5436 3011 5479 tamen
3071 5423 3357 5491 interrupit
3402 5429 3458 5475 et
3509 5429 3661 5473 trano

2065 5525 2291 5580 scendit.
2325 5523 2459 5578 Audi
2487 5537 2634 5577 vero.
2684 5521 2994 5590 Alienigena
3031 5525 3147 5572 erat
3180 5536 3192 5571 :
3223 5532 3384 5570 unum
3432 5523 3516 5569 est
3559 5512 3662 5566 hoc
3721 5518 3748 5595 ⁷-

2068 5621 2531 5691 impedimentum.
2558 5615 2818 5679 Sidonia;
2856 5611 3151 5667 secundum
3193 5609 3657 5707 impedimentum.

2066 5717 2179 5772 Non
2211 5730 2351 5771 etram
2380 5729 2474 5782 par
2517 5720 2599 5767 est
2623 5708 2859 5764 conditio
2884 5749 2899 5774 ,
2931 5706 2974 5760 si
3016 5704 3308 5773 alienigena
3351 5703 3425 5756 sis
3471 5703 3658 5768 quovis

2067 5821 2238 5882 pacto,
2266 5816 2320 5865 et
2345 5807 2387 5864 si
2415 5823 2478 5862 ex
2503 5803 2700 5861 Sidone
2722 5799 2981 5858 oriundus
3004 5797 3395 5868 improbissima
3416 5794 3664 5852 civiiate;
