4020 6370
381 232 487 290 3ιό

303 376 320 391 ι-
373 347 486 404 τῶν
516 342 915 413 ἀποκαλύψεων
943 342 1050 397 τῶν
1084 341 1247 402 αὐτοῦ
1270 383 1284 405 ,
1318 342 1480 414 φησίν
1501 358 1514 370 ·
1553 342 1693 395 Ἐὰν
1723 341 1836 410 γὰρ
1864 339 1962 392 καί

375 439 620 509 θελήσω
655 437 1106 506 καυχήσασθαι,
1137 439 1250 490 οὐκ
1286 435 1502 504 ἔσομαι
1547 433 1754 502 ἄφρων
1776 449 1789 464 ο
1816 428 1966 496 ἀλή-

375 537 544 588 θειαν
573 531 685 601 γὰρ
713 528 847 599 ἐρῶ.
875 528 1033 592 Τίνος
1069 523 1163 583 οὖν
1191 527 1379 582 ἕνεκεν
1400 525 1462 579 οὐ
1496 526 1801 595 καυχᾶσαι;
1831 523 1963 576 Φεί-

375 625 551 694 δομαι
587 623 657 677 δὲ
674 621 762 692 μή
792 640 884 686 τις
911 623 998 688 είς
1023 621 1131 690 ἐμὲ
1153 621 1475 690 λογίσηται
1502 618 1656 689 ὑπὲρ
1685 618 1716 672 ὃ
1746 618 1965 682 βλέπει

369 732 468 787 με,
493 715 534 784 ἢ
584 717 820 784 ἀκούσῃ
850 732 907 769 τι
935 713 1004 780 ἐξ
1026 715 1198 786 ἐμοῦ.
1229 714 1350 768 Ἵνα
1373 710 1466 767 οὖν
1499 713 1573 783 μὴ
1604 713 1700 765 καὶ
1729 711 1822 764 ἐπὶ
1869 711 1962 764 τοῦ

376 807 658 878 προφήτου
690 803 932 858 τοιοῦτόν
960 821 1013 857 τι
1045 804 1227 876 συμϐῇ
1261 806 1346 873 (εί
1369 803 1478 874 γὰρ
1508 804 1604 856 καί¹
1635 802 1824 865 Ἠλίας
1871 797 1963 872 ἦν,

375 899 489 953 ἀλλ’
513 898 800 970 ἄνθρωπος
824 893 953 969 ἦν),
980 896 1311 967 ἐγκατέμιξε
1351 895 1589 967 θαύματι
1630 894 1692 949 τὸ
1720 895 1820 964 τῆς
1859 893 1962 962 φύ-

375 1009 513 1056 σεως
539 991 849 1062 ἐλάττωμα.
879 989 980 1044 Διά
1006 987 1165 1043 τοῦτο
1182 991 1212 1042 6
1242 988 1350 1042 τῶν
1373 987 1622 1058 οὐρανῶν
1654 989 1961 1057 κρατήσας,

372 1087 472 1159 τῆς
526 1085 720 1156 πείνης
771 1083 872 1138 οὐκ
906 1083 1238 1154 ἐκράτησεν·
1268 1085 1297 1136 6
1339 1083 1440 1145 τὰς
1495 1080 1690 1143 ὠδῖνας
1717 1081 1815 1149 τῆς
1861 1079 1962 1150 γῆς

373 1177 638 1250 ἐπισχὼν,
662 1178 763 1249 τῆς
784 1176 1021 1248 γαστρὸς
1044 1176 1145 1247 τὴν
1164 1175 1410 1246 ἀνάγκην
1433 1175 1678 1244 ἐπισχεῖν
1695 1173 1793 1225 ούκ
1822 1171 1963 1242 ἴσχυ-

377 1291 492 1339 σεν,
521 1271 662 1328 ἀλλά
691 1272 868 1344 χήρας
897 1271 1069 1324 ἐδεῖτο
1099 1268 1380 1338 γυναικὸς,
1407 1268 1496 1321 ἵνα
1531 1265 1708 1340 μάθῃς
1744 1266 1839 1319 καὶ
1862 1264 1962 1334 τὴν

373 1367 526 1420 θείαν
549 1365 730 1436 χάριν,
768 1363 864 1417 καὶ
885 1361 986 1432 τὴν
1017 1359 1367 1432 ἀνθρωπίνην
1396 1356 1704 1412 ἀσθένειαν.
1738 1357 1853 1409 Ούκ
1881 1357 1960 1420 είς

373 1459 532 1514 τοῦτο
551 1457 608 1511 δὲ
641 1455 802 1528 μόνον
822 1454 1020 1524 ὠφέλει
1037 1451 1100 1505 τὸ
1133 1469 1196 1504 συ
1205 1450 1370 1522 μὸἀν,
1399 1448 1537 1504 ἀλλά
1562 1449 1658 1502 καὶ
1677 1449 1756 1512 είς
1777 1448 1962 1516 ἓτερον

375 1553 476 1605 ούκ
531 1548 754 1602 ἐλαττον
805 1543 1018 1598 τούτου.
1054 1542 1214 1596 Ποῖον
1261 1539 1326 1612 δὴ
1359 1539 1552 1603 τοῦτο;
1614 1536 1711 1590 ’ἶν’
1743 1538 1870 1590 ὅταν
1903 1553 1960 1589 σε

376 1639 670 1714 παρακαλῇ
702 1654 786 1701 τις
819 1637 957 1708 πρὸς
1008 1633 1099 1686 τδν
1156 1632 1251 1686 τοῦ
1309 1629 1831 1703 προφήτουιζῆλον,
1886 1631 1960 1698 μὴ

377 1733 716 1805 καταπέσῃς,
760 1729 896 1802 μηδέ
925 1724 1179 1798 ἀπγνῷς
1206 1723 1443 1796 νομίζων
1476 1723 1668 1795 ἐτέρας
1703 1718 1841 1775 εἶναι
1871 1720 1963 1774 τὸν

377 1827 665 1899 ἄνθρωπον
693 1823 931 1894 φύσεως,
962 1820 1059 1874 καὶ
1085 1819 1176 1874 διὰ
1205 1817 1364 1872 τοῦτο
1389 1817 1661 1886 τοσαύτην
1709 1816 1846 1887 πρὸς
1873 1814 1962 1868 τὸν

377 1920 510 1972 Θεὸν
547 1913 841 1986 ἐσχηκέναι
889 1912 988 1984 τὴν
1037 1911 1373 1982 παρρησίαν.
1408 1911 1588 1978 Ὅπερ
1636 1902 1727 1960 οὖν
1758 1906 1850 1960 καί
1880 1923 1964 1970 τις

377 2009 596 2082 ᾐνίξατο
613 2007 811 2060 εἰπὼν·
847 2006 1055 2070 Ἠλίας
1079 2000 1449 2072 ὁμοιοπαθὴς
1475 1999 1622 2069 ημῖν
1649 1995 1728 2070 ἦν
1749 1997 1967 2066 ἄνθρω-

377 2120 491 2169 πος
513 2120 524 2132 ·
580 2099 866 2171 μονονουχὶ
907 2097 1107 2166 λέγων,
1139 2094 1226 2166 Μὴ
1257 2095 1483 2164 νομίσῃς
1515 2091 1774 2145 ἀδύνατον
1825 2087 1967 2143 εἶναι

379 2197 516 2270 πρὸς
546 2195 647 2265 τὴν
685 2192 854 2263 αὐτὴν
893 2191 1088 2261 ἐκείνῳ
1119 2187 1324 2258 φθάσαι
1355 2188 1454 2257 τῆς
1506 2185 1822 2254 φιλοσοφίας
1867 2185 1966 2255 τὴν

379 2295 622 2362 κορυφήν
643 2307 657 2320 ·
689 2285 912 2358 καὶγὰρ
948 2287 1040 2340 καὶ
1065 2286 1273 2345 ἐκεῖνος
1298 2284 1396 2354 τῆς
1440 2283 1611 2352 αὐτῆς
1640 2281 1967 2352 ἐκοινώνησε

379 2383 790 2458 φύσεωςηἌλΥ
816 2383 968 2453 ὅμως
997 2382 1032 2451 ή
1061 2377 1354 2448 θαυμαστὴ
1384 2375 1478 2430 καὶ
1503 2375 1624 2428 θεία
1646 2373 1970 2445 προαίρεσις

379 2455 512 2534 πολὺ
536 2455 647 2532 τῶν
675 2476 849 2530 ἄλλων
885 2473 1049 2528 αὑτὸν
1072 2471 1400 2543 ύῂλότερον
1427 2467 1648 2533 ἔδειξεν.

449 2574 512 2639 ζ’.
543 2568 708 2624 Ἀλλὰ
733 2567 923 2638 καιρὸς
941 2565 1129 2619 λοιπὸν
1164 2564 1298 2635 πρὸς
1320 2562 1418 2633 τὴν
1435 2569 1610 2635 χήραν
1630 2561 1966 2617 ἐπανελθεῖν.

375 2663 589 2730 ἾΙλθε,
616 2665 804 2735 φησὶν,
829 2665 913 2728 εὶς
942 2659 1216 2729 Σαρεςοθὰ
1241 2657 1352 2726 τῆς
1391 2657 1674 2723 Σιδῶνος,
1710 2656 1809 2711 καί
1832 2651 1972 2724 εὗρε

377 2760 638 2832 γυναῖκα
666 2756 862 2828 χήραν
890 2751 1325 2822 συλλέγουσαν
1347 2752 1523 2816 ξύλα.
1561 2751 1722 2814 Ἀξια
1755 2749 1857 2820 τῆς
1885 2750 1971 2802 ἔν-

377 2855 466 2908 δον
511 2851 703 2915 πενίας
750 2848 890 2910 τέως
919 2846 988 2900 τὰ
1043 2844 1379 2916 προπύλαια.
1415 2843 1480 2895 Τί
1513 2839 1640 2909 οὖν;
1673 2842 1970 2912 ἀπετράπη

379 2945 608 3000 τοιαῦτα
635 2944 733 3013 τῆς
765 2938 1069 3010 φιλοξενίας
1102 2934 1224 2992 ἰδὼν
1251 2938 1320 2991 τὰ
1348 2938 1644 3010 προοίμια;
1682 2935 1967 3007 Οὐδαμῶς·

382 3038 532 3100 θείας
569 3034 678 3104 γάρ
727 3029 795 3104 ἦν
837 3029 1092 3102 ἀκηκοὼς
1138 3029 1501 3097 ἀποφάσεως·
1569 3028 1684 3082 ἁλλ’
1745 3029 1973 3100 ἐϐόησεν

380 3128 556 3183 ὀπίσω
583 3127 776 3195 αὐτῆς,
804 3125 900 3178 καὶ
925 3119 1070 3189 εἷπε,
1095 3120 1251 3176 Λάϐε
1272 3120 1346 3186 δή
1369 3138 1471 3190 μοι
1500 3120 1678 3189 ὕδωρ,
1707 3121 1804 3174 καὶ
1835 3121 1974 3176 ἐπο-

376 3222 561 3290 ρεύθη
581 3218 811 3274 λαϐεῖν.
841 3218 1048 3279 Ὄντως
1068 3214 1292 3284 γενναία
1317 3215 1410 3267 καὶ
1433 3213 1720 3282 φιλόσοφος
1748 3216 1781 3284 ἢ
1810 3214 1970 3285 γυνὴ,

383 3313 478 3368 καὶ
506 3313 555 3365 εἰ
597 3311 673 3382 μὴ
692 3307 968 3380 τολμηρὸν
997 3309 1190 3368 εἰπεῖν,
1222 3307 1318 3360 καὶ
1353 3305 1525 3376 αὐτῆς
1557 3304 1649 3358 τοῦ
1691 3308 1972 3376 προφήτου

387 3403 796 3478 μεγαλοψυχίας
854 3399 980 3465 ἀξία
1005 3415 1019 3430 ·
1055 3397 1256 3469 μᾶλλον
1281 3397 1339 3450 δέ
1366 3398 1428 3449 οὐ
1468 3396 1741 3468 τολμηρὸν
1776 3399 1971 3449 εἰπεῖν·

383 3500 432 3552 εἰ
462 3497 570 3568 γὰρ
594 3495 670 3566 μὴ
697 3490 766 3564 ἦν
806 3492 957 3557 ἀξία,
1011 3491 1114 3542 οὐκ
1145 3488 1211 3542 ἂν
1245 3485 1610 3551 ὑποδέξασθαι
1661 3485 1972 3557 κατηξιώθη

382 3592 472 3646 τὸν
513 3591 668 3659 ἆγιον
717 3589 944 3640 ἐκεῖνον.
997 3583 1269 3653 Καθάπερ
1327 3584 1356 3636 6
1393 3581 1627 3653 Χριστός
1674 3597 1807 3651 φησι
1838 3580 1976 3652 πρὸς

382 3682 509 3744 τοὺς
560 3677 838 3750 μαθητάς·
898 3675 981 3728 ὅτι
1031 3675 1135 3739 Εἰς
1171 3672 1252 3741 ἣν
1279 3671 1348 3725 δὲ
1378 3671 1454 3726 ἂν
1487 3673 1672 3726 ,πόλιν
1697 3671 1734 3739 ἧ
1769 3670 1978 3739 κώμην

382 3771 716 3837 εἰσέλθητε,
762 3764 1104 3835 ἐρωτήσατε
1157 3766 1250 3830 τίς
1287 3764 1459 3830 ἄξιος
1489 3763 1561 3816 ἐν
1600 3761 1776 3831 αὐτῇ,
1805 3762 1983 3816 κάκεῖ

379 3864 655 3935 μείνατε·
709 3857 853 3912 οὓτω
882 3857 976 3911 καί
1017 3855 1251 3909 ἐνταῦθα
1277 3857 1304 3908 6
1334 3855 1488 3920 Θεὸς,
1512 3855 1700 3928 ἐπειδὴ
1739 3855 1976 3925 μάλιστα

385 3957 602 4012 πάντων
631 3953 789 4020 ἀξίαν
815 3951 932 4023 ᾔδει
954 3950 1055 4022 τὴν
1078 3952 1315 4019 γυναῖκα
1342 3949 1438 4003 τοῦ
1453 3949 1710 4014 δέξασθαι
1732 3950 1825 4004 τὸν
1850 3967 1977 4022 προσ

385 4052 585 4120 φήτην,
617 4045 705 4100 διὰ
742 4043 902 4096 τοῦτο
923 4041 1023 4105 τὰς
1045 4041 1211 4105 ἄλλας
1241 4041 1421 4105 πάσας
1450 4042 1634 4111 ἀφεὶς,
1669 4043 1849 4094 ἐκεῖσε
1878 4043 1980 4096 αὑ-

384 4141 476 4194 τὸν
503 4137 738 4208 ἔπεμψε.
791 4135 938 4206 Πλὴν
971 4134 1107 4189 ἀλλά
1136 4134 1231 4188 καὶ
1261 4133 1327 4186 δι’
1358 4133 1539 4188 αὐτῶν
1580 4133 1693 4188 τῶν
1717 4135 1978 4206 πραγμά-

385 4250 492 4286 των
513 4231 710 4301 ἴδωμεν
735 4228 905 4298 αὐτῆς
927 4227 1026 4297 τὴν
1045 4225 1343 4294 εὐγένειαν.
1374 4225 1530 4279 Λάϐε
1550 4225 1626 4291 δή
1641 4242 1768 4295 μοι,
1787 4228 1974 4297 φησὶν,

384 4324 544 4392 ὕδωρ
567 4325 654 4388 εἰς
677 4321 880 4392 ἄγγος.
913 4318 1090 4390 Πολλὴ
1113 4321 1146 4389 ἡ
1175 4316 1326 4389 [554]
1361 4315 1730 4388 φιλοφροσύνη
1754 4319 1855 4389 τῆς
1883 4335 1978 4386 γυ-

386 4415 593 4478 ναικός.
619 4414 744 4467 Ὀτι
767 4412 874 4484 γὰρ
908 4411 1266 4482 ἀπεκρίνατο,
1319 4410 1402 4463 ὅτι
1450 4407 1611 4478 λόγου
1651 4408 1974 4480 μετέδωκεν,

385 4513 468 4566 ὅτι
493 4510 569 4582 μὴ
597 4507 949 4578 κατασχοῦσα
977 4504 1139 4559 αὑτὸν
1171 4503 1271 4572 τὴν
1305 4501 1459 4555 πόλιν
1497 4502 1718 4555 ἆπασαν
1748 4501 1983 4555 ἐκάλεσε·

387 4603 526 4676 πρὸς
554 4603 651 4672 τὴν
680 4598 952 4672 τιμωρίαν
981 4597 1081 4668 τῆς
1126 4595 1274 4658 θείας
1317 4594 1532 4664 ἐκείνης
1583 4593 1846 4665 κεφαλῆς,
1877 4594 1977 4646 ούκ

389 4694 533 4760 ἄξιον
555 4689 954 4763 ἐκπλήττεσθαι
976 4689 1070 4742 καὶ
1090 4686 1390 4758 θαυμάζειν
1415 4703 1429 4752 ;
1464 4686 1574 4739 Καὶ
1592 4687 1703 4757 γὰρ
1726 4687 1808 4739 ὅτι
1831 4686 1979 4750 εἰκὸς

387 4785 456 4862 ἦν
482 4787 578 4842 τοῦ
632 4785 795 4857 λιμοῦ
841 4784 942 4856 τὴν
982 4784 1227 4853 ἀνάγκην
1287 4783 1424 4854 πρὸς
1453 4780 1656 4851 ταύτην
1687 4779 1979 4849 ἐξαγαγεῖν

389 4881 486 4953 τὴν
524 4880 694 4951 ὀργὴν
733 4877 796 4932 τὸ
827 4875 1072 4946 γύναιον,
1102 4877 1161 4942 ἐξ
1201 4871 1497 4928 Ἰουδαϊκοῦ
1531 4873 1978 4944 παραδείγματος

392 4972 653 5046 μάνθανε.

472 5067 530 5120 .0
570 5064 891 5130 Ἐλισσαῖος,
919 5066 948 5116 ὁ
985 5061 1232 5134 μαθητὴς
1265 5060 1358 5114 τοῦ
1415 5059 1620 5124 Ἠλίου,
1672 5060 1701 5112 6
1759 5060 1980 5125 διπλοῦς

402 5158 590 5222 Ἠλίας
619 5157 716 5229 (ἐν
740 5157 850 5230 γὰρ
882 5155 961 5228 τῷ
997 5154 1212 5228 μαθητῇ
1267 5155 1489 5208 διπλοῦν
1518 5154 1610 5208 τὸν
1658 5154 1980 5210 διδάσκαλον

492 5253 690 5320 ἰδεῖν),
723 5252 1098 5324 προεφήτευσε
1143 5250 1282 5321 μετά
1306 5250 1481 5304 ταῦτα
1513 5251 1671 5321 λιμόν
1691 5267 1706 5282 ’
1741 5253 1860 5322 ούχί⁸
1883 5252 1980 5304 αύ-

390 5345 480 5410 τδς
510 5346 781 5418 ἐπήγαγε,
812 5332 1066 5416 καθάπερ
1118 5344 1325 5412 Ἠλίας,
1358 5345 1494 5399 ἀλλὰ
1535 5344 1797 5416 μέλλοντα
1827 5345 1980 5415 ἥξειν

391 5438 644 5510 προεῖπε.
702 5437 767 5490 Τί
805 5432 899 5490 οῦν
948 5437 977 5489 6
1024 5435 1306 5508 βασιλεὺς,
1355 5437 1385 5489 6
1421 5438 1540 5490 κατ’
1582 5435 1825 5500 ἐκείνους
1853 5437 1980 5501 τοὺς

391 5531 619 5603 χρόνους
643 5529 940 5601 βασιλεύων
965 5547 981 5596 ;
1015 5530 1409 5604 Περιεθάλλετο
1433 5532 1660 5597 σάκκον,
1689 5531 1855 5602 φησί’
1885 5532 1980 5586 καὶ

391 5624 501 5695 γὰρ
522 5623 888 5677 ἐταπείνωσεν
918 5622 1080 5676 αὐτὸν
1107 5625 1142 5696 ἡ
1175 5623 1460 5694 συμφορά·
1496 5624 1614 5678 ἀλλ’
1647 5625 1801 5697 ὅμως
1836 5623 1980 5680 οὕτω

380 5683 770 5781 ,ταπεινωθείᾗ
797 5713 1038 5777 ἀκούσας
1068 5683 1325 5783 γυναικὸς
1357 5683 1695 5787 δδυρομένης
1719 5683 1862 5780 τινὸς
1887 5717 1979 5768 ἐπὶ

1636 237 1701 292 ΙΝ
1743 237 2002 294 HELIAII
2039 238 2124 292 ΕΤ
2165 237 2450 293 VIDUAM.

2933 287 2936 290 .
3541 245 3647 300 5H

2071 341 2311 412 συμὸἅσι
2347 343 2437 399 διὰ
2481 345 2574 400 τὸν
2612 348 2791 418 λιμὸν,
2823 351 2902 413 εἰς
2937 350 3206 420 τοσαύτην
3233 352 3494 428 ἐξηνέχθη
3527 358 3650 412 τότε

2067 433 2258 505 ὀργὴν,
2289 436 2366 501 ὡς
2397 439 2698 510 ἀναϐοῆσαι
2733 442 2937 505 εύθέως
2990 443 3082 496 καί
3127 446 3319 505 εἰπεῖν,
3352 446 3495 501 Τάδε
3519 465 3651 504 ποι-

2067 524 2216 590 ήσαι
2230 545 2332 596 μοι
2362 533 2396 582 ὁ
2427 531 2592 597 Θεὸς,
2631 532 2726 586 καὶ
2750 532 2891 587 τάδε
2928 537 3239 603 προσθείη,
3267 540 3320 591 εἰ
3360 539 3652 604 στήσεται

2067 617 2107 683 η
2141 619 2376 686 κεφαλὴ
2420 622 2766 678 Ἐλισσαίου
2800 625 2935 679 υἱοῦ
2972 628 3175 695 Σαφὰτ
3201 628 3296 681 ἐπ’
3325 629 3512 683 αὑτὸν
3540 629 3654 698 σή-

2060 730 2263 781 μερον.
2295 711 2450 779 Εἶδες
2479 715 2574 769 τοῦ
2604 717 2868 787 βασιλέως
2885 720 2982 790 τὴν
3011 721 3211 792 ὀργήν;
3241 721 3397 775 Μάθε
3433 723 3530 792 τῆς
3555 739 3652 792 γυ-

2066 805 2250 869 ναικὸς
2269 807 2371 878 τὴν
2394 809 2713 879 φιλοσοφίαν
2733 829 2745 840 ·
2772 805 2908 882 αὕτη
2939 812 3046 884 γὰρ
3065 814 3182 882 ούχὶ
3205 813 3294 867 τὸν
3319 815 3652 885 προειπόντα

2066 896 2241 966 λιμὸν,
2266 899 2400 953 ἀλλά
2422 901 2514 954 τὸν
2545 903 2894 972 ἐπαγαγόντα
2914 904 3171 976 εὑροῦσα,
3197 905 3291 959 καὶ
3318 909 3416 976 τῆς
3445 906 3653 973 πόλεως

2064 985 2198 1043 οὖσα
2220 991 2406 1060 ἐγγὺς,
2435 993 2534 1046 οὐκ
2560 995 2963 1067 ἠγανάκτησεν,
2986 998 3086 1050 ούκ
3107 999 3387 1069 ἡγρίανεν,
3417 1001 3514 1069 ούχ
3545 1001 3656 1053 ἐτέο

2067 1099 2195 1152 ρους
2217 1084 2355 1156 πρὸς
2384 1087 2653 1159 τιμωρίαν
2687 1089 2968 1157 ἐκάλεσεν,
2998 1091 3136 1145 ἀλλά
3164 1093 3257 1146 καὶ
3287 1093 3428 1164 μετὰ
3452 1093 3652 1166 πολλῆς

2065 1175 2344 1245 ὑπήκουσε
2364 1177 2464 1248 τῆς
2495 1181 2812 1245 ἐπιεικείας.

2138 1275 2210 1338 η’.
2237 1270 2462 1324 Ἵστεδέ
2485 1272 2565 1326 ὅτι
2597 1275 2820 1328 ἐπειδὰν
2846 1275 2976 1347 περί
2990 1293 3108 1331 τινα
3127 1279 3310 1351 χρείαν
3327 1272 3475 1352 ὦμεν
3489 1282 3656 1353 ἠσχο-

2064 1359 2310 1430 λημένοι,
2365 1364 2485 1416 ούδέ
2531 1368 2658 1430 τοὺς
2715 1368 3055 1439 ἐπιτηδείους
3118 1371 3380 1438 πολλάκις
3437 1374 3657 1447 ὁρῶμεν

2064 1449 2256 1520 ἡδέως,
2287 1453 2423 1506 ἀλλὰ
2447 1456 2538 1509 καὶ
2561 1457 2698 1529 πρὸς
2726 1460 2922 1525 αὐτοὺς
2952 1463 3378 1535 δυσχεραίνομεν
3402 1485 3414 1497 ·
3452 1467 3579 1521 ὅταν
3599 1468 3657 1522 δέ

2064 1541 2243 1612 θλῖψις
2273 1547 2509 1619 τοσαύτη
2547 1553 2718 1622 παρῇ,
2751 1553 2844 1606 καί
2879 1555 3012 1608 αὐτὸ
3041 1557 3102 1609 τὸ
3123 1557 3238 1626 φῶς
3263 1557 3498 1628 ἐνοχλεῖν
3524 1561 3656 1632 ἡμῖν

2062 1635 2213 1688 δοκεῖ
2233 1653 2247 1666 ⁸
2279 1641 2375 1692 καὶ
2404 1642 2561 1694 τοῦτο
2585 1644 2745 1698 πάλιν
2771 1645 2831 1712 ἐξ
2866 1648 3160 1702 Ἰουδαϊκοῦ
3191 1652 3382 1722 μαθεῖν
3415 1652 3531 1706 ἔστι
3560 1669 3660 1706 πα-

2066 1729 2450 1801 ραδείγματος.
2487 1736 2617 1790 Ὅτε
2655 1738 2789 1807 γοῦν
2842 1737 3005 1812 ἦλθεν
3036 1745 3064 1795 6
3096 1744 3338 1815 Μωῦσῆς
3371 1745 3440 1799 τά
3488 1747 3657 1818 μυρία

2064 1824 2177 1885 τοῖς
2204 1824 2482 1889 Ἰουδαίοις
2511 1829 2876 1900 ἀπαγγέλλων
2904 1834 3106 1903 ἀγαθὰ,
3137 1839 3453 1907 τυραννίδος
3479 1841 3657 1894 ἀπαλ-

2065 1915 2262 1988 λαγὴν,
2295 1918 2633 1991 ἐλευθερίαν,
2679 1925 2772 1977 καὶ
2814 1927 2950 1997 πρὸς
2999 1929 3100 2000 τὴν
3153 1931 3391 1986 παλαιάν
3423 1933 3659 2004 πατρίδα

2067 2009 2354 2064 ἐπάνοδονο
2395 2013 2643 2082 Ἰδόντες
2671 2019 2878 2084 αὐτὸν,
2904 2023 3090 2091 φησὶν,
3119 2025 3229 2077 οὐκ
3251 2023 3530 2092 ἥκουσαν
3555 2029 3661 2081 αὺ-

2069 2102 2175 2155 τοῦ
2197 2103 2315 2156 ἀπὸ
2343 2104 2455 2174 τῆς
2491 2108 2915 2180 ὀλιγοψυχίας,
2969 2114 3070 2167 καὶ
3131 2114 3252 2169 τῶν
3303 2119 3494 2188 ἔργων
3540 2119 3662 2173 τῶν

2068 2195 2378 2266 σκληρῶν.
2419 2200 2648 2256 Ἐκεῖνοι
2666 2205 2758 2258 τὸν
2786 2207 3082 2278 κομίζοντα
3103 2212 3398 2282 εὐαγγέλια
3421 2216 3661 2270 τοσαῦτα

2074 2287 2274 2382 ἰδόντες
2298 2294 2724 2366 ἐπεστράφησαν
2752 2316 2764 2328 ·
2792 2299 2929 2372 αῦτη
2954 2301 3010 2356 δὲ
3040 2303 3224 2358 ἰδοῦσα
3251 2307 3342 2360 τὸν
3373 2311 3662 2382 προφήτην

2071 2380 2318 2445 ἐλθόντα,
2347 2384 2468 2455 ούχί
2506 2386 2647 2440 ὥστε
2705 2388 2866 2443 λῦσαι
2897 2392 2988 2446 τὸν
3026 2394 3204 2465 λιμὸν,
3243 2397 3360 2450 ἀλλ’
3391 2380 3664 2455 ὥστεκαί

2071 2471 2210 2542 αὐτῇ
2238 2474 2494 2541 γενέσθαι
2523 2476 2716 2550 βαρὺν,
2741 2482 2894 2536 οὐδὲν
2919 2485 3162 2542 τοιοῦτον
3182 2488 3374 2546 ἔπαθε.
3404 2494 3662 2549 Κάκεῖνυι

2075 2565 2175 2634 μὲν
2197 2565 2369 2630 οὕτως
2392 2563 2532 2640 ἦσαν
2564 2571 2846 2644 δυσχερεῖς
2877 2577 2966 2631 διὰ
2997 2579 3087 2632 τὸν
3111 2582 3223 2636 τῶν
3257 2583 3435 2656 ἔργων
3481 2588 3660 2642 πόνονο

2074 2656 2212 2751 αὕτη
2246 2658 2304 2712 δὲ
2328 2660 2446 2731 οὐχὶ
2481 2663 2664 2729 πόνου,
2692 2667 2830 2722 ἀλλὰ
2857 2669 3014 2740 λιμοῦ
3043 2675 3287 2746 σφοδρῶς
3314 2679 3664 2751 ἐπικειμένου

2075 2748 2247 2819 (πολὺ
2278 2751 2335 2805 δὲ
2370 2754 2532 2808 πόνου
2564 2759 2656 2811 καὶ
2709 2759 2867 2831 λιμοῦ
2896 2763 2958 2816 τὸ
2999 2765 3229 2838 μέσον),
3276 2772 3336 2823 ού
3371 2748 3532 2842 μόνον
3566 2776 3668 2829 οὐκ

2076 2851 2404 2925 ἀπεστράφη
2440 2855 2530 2909 τὸν
2585 2857 2774 2929 ἄνδρα,
2829 2861 2967 2915 ἀλλά
3011 2867 3107 2919 καὶ
3143 2870 3325 2922 πᾶσαν
3366 2873 3538 2946 αὐτῆς
3567 2876 3666 2948 τὴν

2075 2951 2270 3005 πενίαν
2296 2955 2584 3018 ἐκένωσεν,
2617 2957 2758 3011 ὥστε
2790 2960 3152 3028 ὐποδέξασθαι
3187 2969 3278 3022 τὸν
3314 2973 3667 3044 ἐπαγαγόντα

2075 3051 2264 3113 αὐτοῖς
2291 3050 2383 3103 τὸν
2406 3051 2582 3124 λιμόν.
2618 3055 2730 3108 Καὶ
2751 3057 3070 3130 ἐπορεύθη,
3088 3066 3242 3135 φησὶ,
3262 3070 3472 3123 λαϐεῖν
3486 3072 3664 3143 ὕδωρ,

2076 3148 2175 3203 καί
2230 3150 2487 3220 ἐϐόησεν
2515 3157 2548 3208 ὀ
2576 3156 2890 3226 προφήτης
2942 3161 3040 3215 καὶ
3075 3159 3240 3229 εἷπε,
3270 3167 3428 3224 Λάϐε
3464 3171 3540 3240 δή
3564 3191 3670 3243 μοι

2077 3251 2175 3304 καὶ
2209 3251 2412 3320 ἄρτον,
2455 3255 2554 3308 καὶ
2594 3255 2878 3325 φάγομαι.
2907 3259 2970 3312 Τί
2994 3256 3144 3333 οῦνή
3177 3269 3352 3337 γυνή;
3405 3271 3538 3325 Οὐδὲ
3586 3275 3672 3325 έν-

2075 3347 2250 3402 ταῦθα
2275 3349 2640 3422 δυσχεραίνει,
2675 3353 2811 3408 ἀλλά
2833 3357 2888 3410 τί
2922 3375 3088 3429 φησι;
3121 3361 3209 3431 Ζῇ
3234 3366 3444 3433 Κύριος
3467 3371 3498 3421 ὀ
3524 3371 3671 3437 Θεός

2077 3464 2216 3511 σου,
2244 3449 2296 3500 εἱ
2325 3448 2458 3502 ἔστι
2505 3467 2608 3518 μοι
2658 3451 3009 3522 ἐγκρυφίας,
3063 3458 3202 3513 ἀλλ’
3255 3461 3294 3529 ἢ
3341 3462 3494 3517 ὅσον
3520 3465 3671 3536 δρὰξ

2077 3540 2360 3609 ἀλεύρου.
2410 3543 2568 3605 Τίνος
2598 3543 2788 3598 ἕνεκεν
2843 3547 3108 3619 δμνυσινς
3150 3554 3349 3624 ’Ἄρτον
3399 3557 3600 3631 ᾔτησεν
3642 3564 3673 3615 ό

2079 3640 2388 3710 προφήτης,
2418 3641 2558 3712 αὑτὴ
2583 3642 2640 3694 δέ
2671 3643 2836 3716 ἄρτον
2855 3646 2956 3699 ούκ
2979 3642 3148 3719 εἶχεν.
3193 3652 3441 3708 Ἔδεισεν
3469 3653 3563 3711 οῦν
3597 3661 3670 3732 μή

2080 3753 2212 3788 ποτε
2238 3738 2556 3810 πεπτούσης
2573 3740 2766 3810 αὐτῆς,
2795 3743 3074 3816 ὀπτώσης,
3102 3749 3197 3802 καί
3223 3755 3673 3821 παρασκευαζού-

2081 3848 2201 3902 σης,
2238 3828 2356 3886 εἶτα
2389 3833 2784 3907 βραδυνούσης,
2816 3839 2917 3892 οὐκ
2950 3842 3254 3914 ἀναμείνας
3278 3849 3378 3920 τὴν
3401 3852 3672 3925 ἀναϐολὴν

2078 3932 2107 3984 6
2135 3933 2427 4004 προφήτης
2457 3936 2810 4013 ἀποπηδήσῃ,
2845 3942 2942 3993 καὶ
2968 3942 3120 4015 φύγῃ
3140 3945 3242 4016 τῆς
3278 3947 3586 4017 φιλοξενίας
3613 3953 3676 4010 τὺ

2079 4029 2324 4102 θήραμα.
2351 4033 2452 4086 Διά
2488 4035 2647 4088 τοῦτο
2674 4038 2838 4091 αὐτὸν
2863 4041 3014 4112 ὅρκῳ
3054 4047 3436 4114 προκατέλαὸε
3479 4050 3674 4121 λέγου-

2081 4147 2170 4192 σα,
2194 4129 2292 4199 οὐχ
2311 4131 2394 4184 ὅτι
2415 4132 2528 4185 Οὐκ
2548 4132 2666 4186 ἔστι
2695 4153 2786 4206 μοι
2810 4136 3058 4209 ἄλευρον,
3081 4141 3196 4194 ἀλλ’
3216 4143 3300 4197 ὅτι
3337 4147 3674 4220 Ἐγκρυφίας

2083 4225 2182 4297 μὲν
2211 4227 2310 4279 ούκ
2331 4227 2496 4292 ἔστιν,
2529 4229 2678 4303 [555]
2707 4231 2936 4304 ἄλευρον
2960 4235 3017 4290 δέ
3041 4239 3177 4292 ἐστι.
3220 4241 3328 4294 Καὶ
3365 4243 3426 4296 οὐ
3459 4245 3547 4298 διὰ
3576 4247 3672 4301 τοῦ

2079 4329 2244 4400 ὅρκου
2279 4329 2440 4398 μόνον
2472 4329 2636 4382 αὐτὸν
2693 4331 3004 4399 πιστοῦται,
3065 4336 3203 4391 ἀλλά
3255 4341 3350 4394 καὶ
3408 4343 3477 4397 δι’
3504 4344 3675 4417 αὐτῆς

2079 4424 2188 4478 τῶν
2222 4425 2567 4496 πραγμάτων
2599 4428 2700 4498 τῆς
2732 4430 3083 4496 ἀποδείξεως.
3160 4437 3310 4492 Ἰδοὺ
3351 4440 3478 4512 γὰρ,
3516 4445 3672 4513 φησὶ,

2080 4521 2191 4576 δύο
2235 4522 2518 4595 συλλέτω
2576 4525 2833 4596 ξυλάρια
2858 4569 2874 4593 ,
2932 4531 3032 4585 καὶ
3089 4535 3536 4609 εἰσελεύσομαι,
3573 4543 3672 4596 καί

2081 4625 2316 4694 ποιήσω
2341 4628 2493 4681 αὐτὰ
2516 4627 2643 4693 τοῖς
2671 4627 2904 4697 τέκνοις
2933 4648 3073 4700 μου,
3105 4634 3201 4688 καί
3222 4623 3549 4708 φατόμεθα,
3575 4642 3675 4697 καὶ

2081 4724 2563 4794 ἀποθανούμεθα.

2165 4818 2538 4872 ’Λκουέτωσαν
2573 4820 2624 4873 οἱ
2653 4821 2752 4886 τάς
2782 4821 3046 4896 λαμπρὰς
3069 4827 3250 4893 οἰκίας
3280 4831 3676 4908 οἰκοδομούμε-

2081 4933 2183 4979 νοι,
2221 4916 2316 4969 καὶ
2345 4916 2475 4980 τοὺς
2504 4916 2819 4984 πολυτελεῖς
2857 4921 3063 4992 ἀγροὺς
3097 4922 3418 4997 ὠνούμενοι,
3476 4934 3570 4985 καὶ
3597 4935 3676 4986 οί-

2083 5016 2259 5070 κετῶν
2295 5016 2499 5086 ἀγέλας
2524 5018 2616 5071 ἐπὶ
2643 5019 2743 5089 τῆς
2771 5019 2979 5092 ἀγορᾶς
3013 5024 3438 5096 περιφέροντες·
3475 5032 3676 5101 μᾶλλον

2080 5117 2138 5171 δέ
2167 5119 2261 5170 καὶ
2294 5115 2517 5190 εὔποροι
2545 5118 2640 5172 καὶ
2673 5119 2905 5190 πένητες
2930 5120 3283 5179 ἁκουέτωσαν
3311 5126 3542 5193 πάντες·
3570 5131 3677 5185 ού-

2082 5219 2194 5272 δενί
2223 5220 2330 5289 γὰρ
2361 5221 2498 5290 μετὰ
2521 5219 2622 5290 τὴν
2648 5221 2823 5291 χήραν
2850 5220 3060 5293 ταύτην
3087 5223 3356 5294 ἀπολογία
3381 5227 3534 5281 ἐσται
3564 5229 3676 5282 λοιο

2084 5321 2204 5374 πὸν.
2233 5318 2485 5373 Τοσαῦτα
2499 5313 2568 5390 ἦν
2585 5318 2724 5390 αὐτῇ
2741 5317 2809 5371 τά
2831 5317 3152 5390 κωλύματα,
3179 5323 3294 5375 ἀλλ’
3317 5323 3467 5394 ὅμως
3498 5323 3676 5378 πάντα

2082 5422 2271 5474 ἐκεῖνα
2301 5419 2518 5488 διέκοψε
2540 5419 2635 5471 καὶ
2664 5417 2930 5490 ὑπερέϐη.
2986 5421 3188 5474 Ἀκουε
3217 5421 3294 5476 δέ.
3352 5421 3674 5491 Ἀλλόφυλος

2081 5515 2149 5590 ἦν
2169 5535 2183 5549 ·
2221 5518 2279 5573 ἓν
2305 5518 2463 5571 τοῦτο
2494 5515 2558 5570 τὸ
2587 5514 2839 5587 κώλυμα.
2858 5517 3087 5571 Σιδωνία
3109 5534 3123 5548 ·
3146 5518 3400 5590 δεύτερον
3419 5517 3672 5588 κώλυμα.

2082 5617 2218 5671 Οὐδὲ
2255 5616 2364 5688 γὰρ
2389 5616 2501 5670 ἴσον
2538 5614 2836 5684 ἀλλόφυλον
2875 5613 3012 5671 εἶναι
3048 5616 3258 5683 ἁπλῶς,
3298 5616 3396 5671 καὶ
3424 5614 3676 5671 Σιδώνιον

2082 5715 2180 5786 τῆς
2209 5715 2584 5785 compa-.qu
2640 5713 2882 5778 πόλεως·
2924 5714 2998 5779 ὼς
3049 5715 3156 5786 γὰρ
3208 5715 3438 5788 ἔσχατον
3474 5715 3674 5781 κακίας
