4020 6370
355 152 460 211 555

358 270 683 344 ὑπόδειγμα,
726 275 825 347 τὴν
883 280 1039 334 πόλιν
1089 281 1306 352 ἐκείνην
1354 284 1412 334 ἐν
1438 285 1550 347 τοῖς
1586 284 1937 353 Εὐαγγελίοις

357 363 680 432 παρήγαγεν
707 366 735 418 6
754 367 1007 437 Χριστός.
1041 366 1150 423 Ἦν
1176 371 1359 424 τοίνυν
1389 374 1481 425 καὶ
1502 373 1819 445 ἀλλόφυλος,
1837 376 1933 429 καὶ

356 452 618 516 Σιδωνία.
664 459 758 509 καὶ
804 460 963 531 γυνὴ,
995 462 1055 515 τὸ
1101 463 1326 525 ἀσθενὲς
1354 465 1508 532 γένος
1550 466 1646 519 καὶ
1671 466 1936 520 πάντοθεν

354 540 608 612 δεόμενον
623 544 720 615 τῆς
746 546 1100 621 ἀντιλήψεως,
1126 538 1341 625 Προσῆν
1374 555 1468 607 καὶ
1495 555 1713 627 χηρεία,
1742 556 1936 629 τέταρ-

355 648 447 685 τον
496 634 755 706 κώλυμα·
816 638 1088 708 πέμπτον.
1126 642 1351 695 ἐκείνων
1410 646 1663 700 ἁπάντων
1724 648 1933 718 μεῖζον,

357 725 747 798 παιδοτροφίας
777 730 1087 801 ἐπιμέλεια.
1128 732 1502 790 ⁹Ακουιιετωσαν
1535 739 1593 792 αί
1644 739 1811 810 χῆραι
1838 740 1934 792 καὶ

358 818 553 881 παῖδας
572 820 890 891 τρέφουσαι,
928 823 1004 887 ώς
1038 824 1137 878 οὐκ
1173 821 1241 897 ἦν
1276 827 1435 900 ἱκανὴ
1464 830 1496 900 ή
1552 831 1756 900 σκῆψις
1791 831 1933 902 αῦτη

358 909 494 1008 ⁴πρὸς
520 912 582 963 τὸ
615 913 709 1008 μὴ-
751 918 923 1008 ποιεῖν
952 917 1345 991 ἐλεημοσύνην,
1407 923 1543 993 μηδὲ
1575 924 1933 1008 ὑποδέχεσθαι

357 998 578 1064 ξένους·
629 1004 722 1057 καὶ
771 1006 905 1078 δράξ
936 1008 1166 1080 ἀλεύρου
1206 1010 1560 1067 ὑπελέλειπτο
1620 998 1799 1085 μόνον,
1835 1016 1933 1069 καὶ

359 1090 478 1158 μετ’
505 1092 716 1165 ἐκείνην
742 1094 972 1161 Θάνατος
1027 1099 1411 1170 προσεδοκᾶτο.
1443 1103 1517 1156 Σὺ
1549 1104 1649 1173 μὲν
1680 1104 1791 1175 γάρ
1828 1105 1934 1158 κᾶν

356 1181 575 1237 ἅπαντα
603 1186 845 1260 κενώσῃς
868 1189 935 1243 τά
956 1191 1215 1262 χρήματα
1239 1232 1254 1256 ,
1282 1192 1385 1246 κᾶν
1405 1193 1700 1268 γυμνώσῃς
1721 1196 1819 1266 τῆς
1842 1212 1935 1248 πεο

356 1273 597 1342 ριουσίας
653 1278 867 1343 σαυτὸν,
922 1279 1145 1335 δύνασαι
1198 1283 1334 1353 πρὸς
1365 1282 1464 1346 τὰς
1517 1284 1721 1357 ἐτέρων
1764 1285 1935 1358 θύρας

353 1364 609 1418 ἀπελθεῖν
642 1368 736 1422 καὶ
764 1373 947 1441 τυχεῖν
972 1373 1326 1444 παραμυθίας
1348 1389 1364 1407 ο
1395 1375 1517 1429 τότε
1541 1375 1597 1429 δὲ
1628 1376 1749 1429 οὐδὲ
1775 1379 1936 1430 ἐπαι-

353 1458 467 1508 τεῖν
495 1457 719 1513 δυνατὸν
740 1456 828 1532 ἦν,
858 1462 1031 1528 οὕτως
1057 1465 1302 1530 ἅπαντας
1330 1469 1456 1532 τοὺς
1476 1468 1698 1540 λιμένας
1727 1468 1932 1541 ἔχωσεν

352 1547 382 1600 6
410 1548 591 1619 λιμός.
641 1551 780 1606 Ἀλλ’
833 1555 982 1609 οὐδὲν
1032 1557 1235 1611 τούτων
1286 1558 1582 1615 ἐκώλυσεν.
1631 1560 1786 1614 Εἴπω
1842 1563 1933 1616 καὶ

353 1640 581 1712 ἕϐδομον
627 1643 875 1715 κώλυμα,
917 1646 1079 1701 αὐτὸν
1107 1649 1199 1702 τὸν
1244 1650 1507 1721 μέλλοντα
1532 1651 1933 1718 ἐπιξενίζεσθαι

352 1734 418 1802 τῇ
444 1736 683 1799 γυναικί.
719 1737 851 1789 Οὐδὲ
879 1739 986 1810 γάρ
1015 1741 1233 1803 οἰκεῖος.
1259 1741 1377 1795 οὐδέ
1399 1744 1674 1815 γνώριμος
1688 1738 1777 1813 ἦν,
1795 1743 1932 1797 ἀλλὰ

352 1822 501 1889 ξένος
539 1827 631 1879 καὶ
664 1827 975 1901 ἀλλότριος,
1005 1831 1098 1885 καὶ
1153 1834 1272 1886 κατ’
1319 1834 1481 1886 αὐτὸν
1513 1834 1615 1904 τῆς
1646 1835 1932 1900 εὐσεϐείας

351 1915 508 1984 λόγον
555 1920 956 1990 κεχωρισμένος
1010 1923 1199 1993 αὐτῆς.
1241 1925 1314 1976 υύ
1365 1925 1527 1995 μόνον
1562 1926 1619 1978 δὲ
1660 1925 1807 1991 ξένος
1836 1926 1931 1980 καὶ

350 2007 645 2081 ἀλλότριος,
682 2012 820 2065 ἀλλά
848 2014 941 2066 καὶ
967 2014 1127 2078 αὐτὸς
1155 2011 1221 2086 ἦν
1247 2016 1276 2068 6
1306 2016 1395 2069 τὸν
1427 2017 1583 2086 λιμὸν
1610 2017 1928 2087 ἐπαγαγών.

420 2100 486 2154 θ’.
517 2099 663 2157 Ἀλλ’
688 2105 839 2158 οὐδὲν
863 2106 1068 2160 τούτων
1099 2107 1373 2179 ἀπέτρεψε
1398 2108 1495 2180 τήν
1520 2112 1752 2177 γυναῖκα
1772 2150 1787 2175 ,
1812 2108 1932 2163 ἀλλ’

350 2192 518 2246 ἐδίδου
545 2196 751 2267 τροφὴν
780 2198 1007 2268 στόματι
1031 2196 1108 2268 τῷ
1143 2200 1320 2252 πᾶσαν
1343 2200 1515 2270 αὐτῆς
1547 2200 1925 2271 δαπανήσαντι

347 2283 451 2355 τὴν
483 2286 706 2358 τροφὴν,
741 2287 834 2340 καὶ
868 2288 958 2340 τὸν
989 2287 1161 2341 αἴτιον
1189 2289 1281 2342 τοῦ
1325 2289 1482 2360 λιμοῦ
1510 2293 1624 2354 τοῖς
1652 2290 1930 2360 λειψάνοις

348 2374 542 2447 ἔτρεφε
574 2378 669 2430 τοῦ
718 2377 898 2449 λιμοῦ.
927 2380 1026 2434 Διά
1064 2379 1144 2447 σέ,
1174 2382 1358 2452 φησιν,
1401 2383 1434 2452 ἡ
1482 2379 1670 2435 ἅπασά
1706 2399 1796 2451 μοι
1836 2400 1929 2435 πε-

354 2470 564 2540 ριουσία
605 2473 684 2533 είς
719 2470 817 2543 τὴν
855 2470 1031 2542 δράκα
1069 2472 1329 2543 περιέστη
1364 2471 1601 2544 ταύτην·
1644 2473 1760 2526 ἀλλ’
1807 2474 1928 2528 οὐδὲ

350 2566 447 2635 τῆς
478 2565 677 2637 δρακὺς
702 2565 904 2637 ταύτης
937 2567 1187 2639 φείδομαι
1215 2567 1304 2621 διά
1334 2569 1411 2633 σε,
1445 2568 1581 2623 ἀλλά
1619 2569 1714 2622 καὶ
1757 2571 1930 2639 ἐμαυ-

349 2657 449 2727 τὴν
492 2658 584 2711 καὶ
613 2657 681 2710 τὰ
723 2658 909 2711 παιδία
940 2657 1189 2712 ἐπιδώσω
1226 2659 1461 2729 θανάτῳ,
1501 2659 1585 2713 ’ίνα
1625 2661 1711 2726 σὺ,
1743 2661 1930 2731 φησὶν,

349 2747 378 2798 ὁ
410 2746 507 2816 τῆς
544 2748 905 2819 στενοχωρίας
946 2748 1118 2813 αἴτιος
1165 2748 1300 2819 μηδέ
1340 2749 1541 2822 μικρὰν
1592 2750 1689 2820 τῆς
1741 2766 1925 2803 στενο-

350 2839 555 2910 χωρίας
596 2839 846 2909 αἴσθησιν
895 2839 1086 2913 λάϐῃς.
1132 2840 1299 2893 Ποίαν
1330 2858 1414 2903 τις
1456 2840 1761 2913 ὑπερϐολὴν
1805 2843 1930 2895 ἐπι-

350 2930 560 2996 νοήσειε
593 2927 895 2998 φιλοξενίας
935 2928 1159 3001 ἐτέρκν;
1206 2931 1320 2983 Οὐκ
1370 2929 1516 2983 ἔστιν
1551 2931 1807 3001 οὐδεμίαν
1835 2933 1926 2985 εὐ-

351 3024 485 3091 ρεῖν.
528 3015 649 3074 Εἶδε
680 3019 851 3087 ξένον,
879 3021 973 3074 καὶ
1000 3021 1098 3092 τῆς
1134 3020 1351 3091 φύσεως
1384 3022 1586 3087 εὐθέως
1616 3023 1932 3090 ἐπελάθετο,

349 3113 443 3167 καὶ
479 3113 579 3177 τάς
620 3113 814 3178 ὠδίνας
858 3112 1115 3184 ἠγνόησε,
1144 3114 1240 3166 καὶ
1289 3112 1427 3184 πρὸς
1468 3114 1560 3168 τὸν
1588 3114 1695 3168 τῶν
1729 3116 1935 3169 παίδων

349 3204 621 3274 βλέπουσα
651 3205 830 3277 χορὸν,
855 3205 917 3258 οὐ
950 3204 1316 3275 κατεκλάσθη.
1345 3205 1456 3259 Καὶ
1482 3201 1598 3258 οἶδα
1632 3206 1731 3278 μὲν
1761 3207 1928 3260 ἀκού-

351 3310 448 3356 σας
488 3292 745 3356 πολλάκις
779 3292 1044 3361 λεγόντων
1070 3293 1300 3358 πολλῶν,
1340 3294 1424 3347 ὅτι
1456 3295 1513 3350 '0
1532 3295 1680 3350 δεῖνα
1720 3297 1936 3366 πτωχὸν

352 3384 493 3448 ἰδὼν,
517 3385 605 3438 τὸν
637 3386 976 3456 χιτωνίσκον,
997 3384 1056 3437 ὃν
1088 3384 1478 3458 περιεϐέϐλητο
1511 3387 1694 3457 μόνον,
1737 3386 1926 3439 τοῦτον

349 3476 769 3547 ἀποδυσάμενος.
798 3477 889 3529 τὸν
917 3476 1122 3547 γυμνὸν
1152 3476 1496 3548 περιέϐαλεν,
1521 3477 1686 3540 αὐτὸς
1718 3477 1774 3531 δὲ
1804 3479 1932 3548 παρ’

349 3569 536 3640 ἐτέρου
591 3568 972 3636 δανεισάμενος
1034 3566 1268 3638 ἱμάτιον,
1318 3567 1490 3632 οὕτως
1548 3567 1797 3637 ἀπῆλθε’
1839 3569 1936 3622 καὶ

352 3662 494 3731 μέγα
526 3660 669 3724 ἔδοξε
703 3660 860 3713 τοῦτο
899 3655 1038 3712 εἶναι
1068 3661 1162 3713 καὶ
1194 3661 1529 3731 θαυμαστόν.
1557 3662 1668 3714 Καὶ
1705 3661 1815 3732 γάρ
1851 3661 1935 3713 6v-

349 3771 457 3817 τως
485 3753 603 3805 ἐστὶ
631 3752 802 3822 μέγα*
842 3751 903 3804 τὸ
929 3751 986 3804 δὲ
1031 3753 1127 3822 τῆς
1167 3755 1343 3824 χήρας
1382 3752 1587 3823 ταύτης
1631 3754 1765 3807 πολὺ
1810 3754 1935 3806 τού-

349 3863 443 3899 του
479 3846 681 3915 μεῖζον.
721 3846 958 3907 Ἐκεῖνος
990 3844 1087 3915 μὲν
1120 3845 1228 3914 γάρ
1260 3844 1452 3897 ἐαυτὸν
1486 3844 1805 3915 γυμνώσας,
1837 3846 1934 3899 καὶ

350 3938 442 3991 τὸν
469 3937 676 4008 γυμνὸν
703 3935 1035 4008 περιϐαλὼν,
1064 3933 1190 4005 ἔσχε
1226 3936 1355 4007 παρ’
1380 3935 1568 4007 ἐτέρου
1595 3935 1777 3989 λαϐεῖν
1810 3936 1936 4006 ἱμά-

351 4049 497 4085 τιον·
535 4030 675 4100 αὕτη
714 4030 770 4082 δὲ
799 4029 895 4099 τὴν
934 4028 1112 4099 δράκα
1142 4026 1294 4099 [556]
1339 4026 1434 4079 τοῦ
1479 4025 1711 4098 ἀλεύρου
1744 4031 1933 4099 προϊε-

354 4125 512 4196 μένη,
549 4124 649 4176 οὐκ
688 4123 875 4193 ἴσχυσε
917 4121 1096 4192 δράκα
1139 4120 1333 4191 ἑτέραν
1367 4119 1587 4173 λαϐεῖν·
1621 4121 1741 4173 οὐδέ
1775 4122 1936 4192 μέχρι

351 4217 690 4287 γυμνότητός
737 4211 805 4286 ἦν
850 4216 878 4268 6
911 4214 1151 4276 κίνδυνος
1197 4213 1336 4283 αὐτῇ
1360 4253 1375 4276 ,
1425 4211 1562 4266 ἀλλά
1601 4212 1718 4282 μετ’
1758 4214 1935 4265 ἐκεῖνο

352 4310 578 4373 θάνατος
628 4309 996 4379 προσεδοκᾶτο
1053 4306 1148 4360 καὶ
1195 4305 1364 4373 αὐτῆς
1416 4304 1511 4358 καὶ
1547 4304 1657 4356 τῶν
1705 4303 1927 4357 παίδων.

355 4404 523 4455 Ὅταν
562 4396 654 4455 οὖν
696 4402 832 4471 μήτε
876 4400 1089 4475 πενίας.
1140 4399 1279 4468 μήτε
1313 4395 1702 4468 παιδοτροφίας
1734 4395 1931 4466 ἐπιμέ-

350 4493 470 4545 λεια
518 4492 766 4564 κωλύσῃ,
817 4492 955 4562 μήτε
1002 4489 1161 4560 λιμὸς
1198 4487 1463 4558 χαλεπὸς,
1516 4489 1655 4559 μήτε
1691 4488 1935 4557 πτωχεία

351 4584 628 4654 τοσαύτη,
702 4585 843 4654 μήτε
924 4582 1154 4645 θάνατος
1230 4577 1716 4651 προσδοκώμενος,
1776 4580 1936 4632 ποίαν

351 4676 544 4747 ἕξομεν
577 4674 873 4741 ἀπολογίαν
901 4673 950 4725 οἱ
994 4669 1247 4741 εύποροις
1280 4669 1439 4722 ποίαν
1466 4671 1515 4722 οἱ
1551 4668 1814 4739 πένητες;
1847 4672 1893 4722 Ζ
1901 4668 1935 4737 ᾖ

352 4768 569 4836 Κύριος
608 4769 641 4820 d
677 4766 821 4830 Θεός
854 4779 992 4824 σου,
1022 4764 1073 4816 εί
1120 4762 1252 4815 ἐστι
1279 4778 1383 4829 μοι
1414 4760 1763 4829 ἐγκρυφίας,
1795 4759 1935 4813 ἀλλ’

353 4859 391 4929 ἣ
445 4860 595 4913 ὅσον
623 4858 771 4926 δρὰξ
820 4857 1079 4924 ἀλεύρου
1129 4852 1200 4906 ἐν
1231 4851 1305 4920 τῇ
1352 4849 1547 4918 ὑδρίᾳ,
1581 4850 1680 4905 καὶ
1728 4850 1938 4917 ὀλίγον

351 4955 563 5007 ἔλαιον
591 4953 661 5005 ἐν
701 4948 781 5014 τῷ
828 4946 1149 5017 καμψάκῃ·
1183 4943 1280 4997 καί
1334 4941 1462 4997 ἰδοὺ
1501 4942 1783 5011 συλλέγω
1821 4941 1932 4997 δύο

355 5043 640 5112 ξυλάρια,
690 5041 788 5095 καί
849 5039 1304 5107 είσελεύσομαι,
1360 5035 1460 5088 καὶ
1511 5036 1746 5102 ποιήσω
1782 5035 1935 5088 αὐτὰ

354 5130 477 5197 τοῖς
504 5130 736 5194 τέκνοις
769 5146 910 5198 μου,
958 5128 1055 5181 καὶ
1095 5114 1422 5195 φαγόμεθα,
1456 5125 1553 5177 καὶ
1602 5124 1938 5177 ἀποθανού-

348 5226 521 5294 μεθα.
557 5220 774 5290 Ταύτην
800 5220 1031 5283 ἕκαστος
1055 5220 1155 5290 τὴν
1194 5217 1455 5286 ἐλεεινὴν,
1497 5215 1694 5286 μᾶλλον
1723 5216 1779 5267 δὲ
1806 5216 1934 5269 ἔκα-

357 5330 482 5378 στος
510 5313 716 5385 ταύτην
748 5314 847 5377 τὴν
883 5312 1159 5385 μακαρίαν
1201 5309 1383 5380 φωνὴν
1417 5313 1508 5362 καὶ
1538 5308 1645 5360 τῶν
1693 5307 1934 5379 οὐρανῶν

355 5405 513 5469 ἀξίαν
541 5405 599 5457 ἐν
630 5407 743 5466 τοῖς
772 5400 968 5473 τοίχοις
996 5402 1097 5472 τῆς
1127 5402 1305 5464 οἰκίας
1332 5400 1654 5468 ἐγγραφέτω
1682 5398 1781 5468 τῆς
1811 5398 1936 5450 ἐαυ-

356 5493 471 5557 τοῦ,
496 5497 553 5547 ἐν
582 5492 658 5563 τῷ
688 5491 936 5562 θαλάμῳ,
963 5493 1019 5545 ἐν
1037 5484 1081 5559 ᾧ
1108 5490 1174 5544 ἂν
1198 5489 1566 5559 καθεύδωμεν,
1597 5489 1654 5540 ἐν
1678 5487 1755 5558 τῷ
1779 5486 1933 5554 οἴκῳ,

358 5587 417 5638 ἐν
452 5576 500 5652 ιῖ)
538 5581 1049 5655 ἀριστοποιούμεθα.
1075 5582 1292 5638 Ταύτην
1329 5581 1420 5634 ἐπὶ
1447 5580 1546 5650 τῆς
1575 5579 1772 5647 οἰκίας,
1804 5580 1935 5634 ταύ-

1005 183 1064 238 S.
1104 182 1393 239 JOANNIS
1426 177 1918 238 CIIRYSOSTOMI
1955 179 2278 244 ARCHIEP.
2320 178 2872 249 CONSTANTINOP.

3508 166 3615 227 διε

2039 304 2137 355 την
2180 289 2274 343 ἐπὶ
2303 291 2403 354 τῆς
2431 292 2657 362 ἀγορᾶς,
2699 292 2904 369 ταύτην
2949 290 3009 344 ἐν
3036 291 3152 354 τοῖς
3185 287 3467 356 συλλόγοις
3504 288 3623 343 τῶν

2036 370 2226 436 φίλων,
2266 373 2472 446 ταύτην
2508 377 2589 438 είς
2633 375 2983 446 δικαστήριον
3021 371 3220 437 ἀπιὼν,
3248 373 3455 442 ταύτην
3499 374 3619 424 είσ-

2038 452 2154 514 ιὼν,
2202 455 2404 526 ταύτην
2453 458 2615 524 ἐξιὼν
2667 458 2896 520 ἕκαστος
2939 455 3216 527 μελετάτω
3260 455 3360 526 τὴν
3393 456 3610 524 φωνήν·

2034 537 2129 589 καὶ
2172 538 2376 609 σφόδρα
2419 540 2486 593 ἂν
2522 541 2929 613 ἰσχυρισαίμην,
2961 541 3041 592 ὃτι
3074 537 3185 590 οὐδ’
3225 535 3291 590 ἂν
3320 539 3370 589 εί
3417 536 3615 600 λίθινός

2033 636 2117 684 τις
2146 622 2253 692 εἴη.
2286 625 2378 676 καὶ
2415 625 2685 696 σιδηροῦς,
2716 626 2809 678 καὶ
2837 624 3070 695 ἀδάμας,
3102 620 3350 685 ἀνέξεται
3382 622 3614 691 προσελ-

2037 703 2197 758 θόντα
2225 706 2434 777 πένητα
2468 711 2653 771 κεναῖς
2691 707 3017 777 ἀποπέμψαι
3054 705 3264 776 χερσὶν,
3292 702 3359 756 ἂν
3384 704 3483 772 τὴν
3510 720 3614 770 φω-

2033 789 2130 857 νὴν
2162 790 2413 862 ἐγγράψῃ
2449 791 2671 863 ταύτην,
2701 792 2768 845 ἂν
2800 792 2898 862 τὴν
2929 792 3104 861 χήραν
3137 789 3241 860 πρὸ
3273 787 3380 840 τῶν
3415 785 3612 857 ιλιρθαλ⁴

2037 870 2153 942 μῶν
2188 871 2307 944 ἔχῃο

2117 964 2254 1017 Ἀλλ’
2286 966 2414 1029 ἴσως
2444 968 2619 1020 ἐκεῖνο
2644 968 2761 1038 ἐρεῖ
2783 983 2866 1029 1:;
2885 983 2897 996 ·
2935 964 3066 1033 Ἀγε
3102 964 3271 1035 κάμοὶ
3304 966 3610 1035 προφήτην,

2033 1048 2129 1100 καὶ
2175 1049 2314 1117 μετὰ
2353 1048 2451 1119 τῆς
2501 1050 2669 1119 αὐτῆς
2701 1049 2915 1111 εὐνοίας
2960 1048 3305 1114 ὑποδέξομαι.
3344 1046 3612 1116 ’Υπόσχου

2031 1132 2209 1195 τοῦτο,
2238 1132 2332 1186 καὶ
2364 1133 2483 1201 ἄγω
2515 1150 2596 1187 σοι
2627 1134 2718 1188 τὸν
2748 1134 3063 1205 προφήτην.
3097 1131 3206 1185 Καὶ
3233 1131 3286 1184 τί
3331 1130 3476 1199 λέγω
3522 1132 3614 1185 τὸν

2032 1216 2351 1285 προφήτην;
2384 1216 2554 1269 Αὐτὸν
2583 1217 2702 1285 ἄγω
2730 1233 2813 1269 σοι
2848 1216 2939 1269 τὸν
2968 1214 3063 1268 τοῦ
3103 1215 3381 1287 προφήτου
3412 1214 3615 1268 Δεσπό·

2030 1314 2152 1368 την,
2193 1298 2284 1351 τὸν
2310 1300 2487 1351 κοινὸν
2516 1300 2673 1369 ήμῶν
2704 1300 2837 1352 Θεὸν
2879 1301 2972 1352 καὶ
3002 1300 3203 1370 Κύριον
3231 1298 3323 1352 τὸν
3356 1299 3605 1369 Χριστόν.

2031 1380 2204 1444 Αὐτὸς
2253 1382 2363 1452 γάρ
2408 1398 2596 1451 φησιν,
2641 1383 2723 1435 ὅτι
2761 1380 3063 1436 Πεινῶντὰ
3106 1398 3185 1450 με
3241 1380 3466 1446 εἴδετε,
3513 1382 3616 1436 καὶ

2031 1465 2339 1532 ἐθρέψατε.
2374 1466 2437 1518 Εἰ
2466 1465 2523 1518 δὲ
2554 1465 2848 1519 ἀπιστοῦσί
2887 1482 3030 1529 τινες
3065 1468 3131 1537 τῇ
3177 1467 3350 1535 φωνῇ,
3382 1465 3476 1518 καὶ
3512 1466 3615 1534 τῆς

2032 1548 2429 1620 φιλοφροσύνης
2483 1548 2780 1617 ἀμελοῦσι,
2833 1549 3167 1618 μαθήσονται
3217 1547 3341 1600 τότε
3388 1547 3478 1600 διά
3512 1548 3614 1617 τῆς

2031 1631 2309 1695 κολάσεως
2348 1632 2442 1685 καὶ
2480 1633 2578 1702 τῆς
2610 1632 2881 1703 τιμωρίας
2915 1631 3093 1685 τοῦτο.
3127 1632 3338 1701 Ὥσπερ
3377 1630 3484 1704 γάρ
3516 1632 3615 1685 αύ-

2029 1714 2124 1769 τοῦ
2164 1714 2259 1767 τοῦ
2290 1713 2527 1785 Χριστοῦ
2565 1715 3088 1786 παραμελῆσαντες,
3131 1713 3275 1767 οὕτω
3305 1713 3440 1785 πρὸς
3477 1714 3612 1782 ἀφό-

2034 1814 2195 1869 ρητον
2249 1796 2638 1851 ἀπελεύσονται
2701 1797 2943 1851 κόλασιν.
3003 1796 3188 1860 Οὕτως
3248 1792 3340 1850 οῦν
3391 1798 3441 1849 οἱ
3488 1798 3613 1860 τοὺς

2030 1880 2280 1949 πτωχοὺς
2326 1881 2619 1951 τρέφοντες
2650 1881 2897 1951 καθάπερ
2930 1879 3092 1932 αὐτὸν
3124 1879 3215 1931 τὸν
3257 1880 3487 1950 Χριστὸν
3520 1879 3611 1931 θε-

2034 1962 2427 2031 ραπεύσαντες,
2475 1964 2555 2026 εἰς
2588 1964 2691 2034 τὴν
2730 1962 2840 2016 τῶν
2877 1961 3124 2034 οὐρανῶν
3154 1962 3465 2030 εἰσάγονται
3514 1961 3615 2032 βα·-

2030 2045 2259 2102 σιλείαν.

2102 2163 2153 2211 ι’.
2182 2158 2335 2229 Τάχα
2368 2158 2538 2212 πλείω
2566 2158 2658 2212 τοῦ
2685 2160 2894 2224 δέοντος
2931 2160 3000 2214 τὰ
3041 2161 3326 2232 εἰρημένα.
3363 2159 3485 2213 Εἴθε
3514 2160 3614 2230 μὲν

2027 2238 2122 2297 οῦν
2150 2243 2333 2306 πάσας
2356 2243 2456 2306 τάς
2487 2243 2704 2315 ἡμέρας
2733 2244 3093 2315 ἐνδιατρίϐειν
3120 2240 3188 2314 ἦν
3216 2246 3329 2306 τοῖς
3358 2243 3487 2317 περὶ
3514 2244 3614 2314 τῆς

2028 2325 2399 2396 ἐλεημοσύνης
2452 2326 2652 2394 λόγοις.
2699 2326 2762 2380 Εἰ
2811 2326 2870 2380 δὲ
2917 2326 3233 2399 ἀρκούντως
3292 2326 3423 2395 ὑμῖν
3470 2325 3616 2396 ἔχειν

2026 2406 2201 2461 ταῦτα
2223 2408 2391 2473 δοκεῖ,
2420 2407 2555 2479 φέρε
2585 2409 2726 2462 αὐτά
2759 2407 3379 2479 ἀνακεφαλαιωσώμεθα
3411 2409 3611 2462 πάντα.

2027 2489 2197 2547 Εἶπον
2224 2493 2368 2558 τίνος
2394 2492 2583 2547 ἕνεκεν
2608 2496 2637 2546 6
2666 2494 2954 2566 προφήτης
2986 2493 3123 2563 πρὸς
3165 2492 3266 2564 τὴν
3313 2494 3489 2563 χήραν
3514 2494 3617 2546 ἀπ-

2028 2577 2330 2642 εστέλλετο,
2361 2576 2450 2630 ἵνα
2487 2576 2563 2648 μὴ
2594 2577 2908 2649 μακαρίζῃς
2936 2588 2963 2617 ι
2993 2577 3209 2640 πενίαν,
3255 2577 3344 2630 ἵνα
3380 2576 3456 2647 μὴ
3482 2575 3616 2629 θαυ-

2033 2658 2210 2732 μάζῃς
2250 2659 2503 2724 πλοῦτον,
2550 2660 2636 2713 ἵνα
2685 2660 2760 2730 μὴ
2789 2659 2881 2713 τὸν
2916 2657 3151 2730 εὔπορον
3189 2658 3429 2730 ζηλωτὸν
3474 2656 3616 2713 εἶναι

2029 2742 2292 2815 νομίζῃς,
2336 2740 2420 2792 ἵνα
2459 2740 2533 2814 μὴ
2571 2740 2661 2795 τὸν
2699 2741 2758 2794 ἐν
2794 2741 3037 2814 πτωχεία
3075 2739 3252 2806 ζῶντα
3290 2740 3469 2796 ἄθλιον
3521 2744 3616 2797 καὶ

2030 2824 2283 2887 ἐλεεινὸν,
2315 2823 2402 2878 ἵνα
2451 2824 2630 2896 μάθῃς
2671 2824 2771 2895 τὴν
2810 2824 3109 2893 Ἰουδαῖκὴν
3140 2823 3423 2893 πονηρίαν.
3454 2825 3617 2889 Ἔθος

2032 2910 2141 2981 γάρ
2188 2908 2266 2980 τῷ
2322 2907 2441 2978 Θεῷ
2506 2908 2755 2978 μέλλοντι
2812 2906 3085 2973 κολάζειν,
3138 2908 3234 2960 καὶ
3289 2909 3420 2978 ἡμῖν
3480 2909 3617 2961 ἀπο-

2031 2990 2304 3059 λογεῖσθαι
2335 2991 2426 3044 διά
2457 2990 2567 3043 τῶν
2609 2990 2950 3060 πραγμάτων
2989 2988 3169 3042 αὐτῶν
3192 3005 3205 3017 °
3238 2988 3326 3042 ἵνα
3362 2990 3437 3061 μὴ
3476 2991 3617 3059 μετά

2032 3076 2206 3128 ταῦτα
2251 3073 2374 3127 ἰδὼν
2402 3074 2495 3127 τὸν
2534 3075 2711 3127 κοινὸν
2745 3073 3000 3126 ἁπάντων
3050 3072 3281 3144 Σωτῆρα
3314 3073 3466 3144 παρὰ
3518 3076 3618 3144 μὲν

2032 3160 2259 3214 ἐκείνων
2289 3158 2669 3227 ἐλαυνόμενον,
2714 3158 2865 3228 παρὰ
2913 3156 2970 3209 δέ
2998 3157 3106 3210 τῶν
3151 3156 3320 3211 ἐθνῶν
3358 3156 3619 3228 ὑποδεχό-

2037 3259 2216 3312 μενον,
2249 3240 2538 3315 θαυμάζῃς
2579 3242 2674 3294 καὶ
2720 3241 3016 3310 διαπορῇς,
3068 3240 3277 3294 ἄνωθεν
3312 3240 3492 3294 αὐτῶν
3518 3241 3619 3311 τὴν

2034 3326 2427 3397 ἀγνωμοσύνην
2471 3323 2826 3395 καταμαθὼν,
2875 3326 2971 3377 καὶ
3005 3325 3081 3387 ὡς
3114 3323 3232 3385 ἔθος
3277 3325 3461 3388 αὐτοῖς
3490 3324 3618 3389 τούς

2032 3410 2330 3482 εὐεργέτας
2380 3408 2657 3463 ἐλαύνεινο
2705 3407 2792 3461 ἵνα
2838 3408 2913 3479 μὴ
2949 3406 3178 3477 νομίσῃς
3218 3407 3501 3478 ὠμότητος
3537 3403 3619 3460 εἴ·

2032 3511 2120 3546 ναι
2154 3492 2247 3546 τοῦ
2284 3495 2562 3564 προφήτου
2592 3491 2691 3560 τὴν
2732 3492 2919 3562 εὐχὴν,
2951 3491 3045 3543 καὶ
3074 3489 3172 3561 τὴν
3209 3490 3313 3560 τῆς
3348 3490 3619 3562 τιμωρίας

2034 3578 2368 3647 παράτασιν,
2409 3576 2544 3630 ἀλλά
2595 3575 2761 3646 ζήλου
2808 3573 2953 3628 θείου
2989 3574 3081 3627 καὶ
3126 3574 3488 3645 κηδεμονίας’
3530 3576 3620 3630 ἵνα

2037 3660 2216 3733 μάθῃς
2246 3661 2327 3714 ότι
2361 3662 2419 3712 ἐν
2451 3661 2564 3722 τοῖς
2612 3657 2892 3729 μεγίστοις
2940 3657 3330 3728 κατορθώμασι
3374 3658 3469 3711 καὶ
3510 3675 3617 3712 σω-

2035 3743 2335 3816 φρονισμοῦ
2382 3743 2542 3813 ήμῶν
2591 3743 2624 3813 ἡ
2669 3742 2828 3810 φύσις,
2877 3741 3080 3794 δεῖται·
3116 3740 3203 3793 ’ίνα
3254 3742 3327 3811 μὴ
3365 3758 3620 3806 παρακα-

2032 3828 2293 3897 λούμενος
2322 3826 2401 3888 είς
2430 3818 2521 3877 τὸν
2551 3823 2715 3877 αὑτὸν
2755 3822 2850 3877 τοῦ
2879 3825 3162 3894 προφήτου
3207 3823 3388 3893 ζῆλον,
3423 3824 3620 3876 ἀδύνα-

2032 3928 2124 3964 τον
2152 3906 2291 3963 εἶναι
2321 3908 2550 3981 νομίσῃς
2574 3907 2672 3977 τὴν
2713 3907 2967 3977 μίμησιν.
2994 3902 3161 3960 Εἶπον
3185 3906 3313 3978 περὶ
3342 3905 3492 3978 [5571
3517 3908 3620 3977 τῆς

2033 3994 2229 4064 χήρας,
2270 3991 2386 4054 πῶς
2411 3992 2468 4044 ἐν
2501 3989 2736 4060 τοσαύτῃ
2779 3989 3112 4060 στενοχωρίᾳ
3138 3984 3294 4048 οῦσα.
3321 3988 3417 4041 τοῦ
3456 3989 3619 4061 λιμοῦ

2034 4073 2563 4143 καταναγκάζοντος.
2606 4073 2731 4126 οὐδὲ
2759 4073 2910 4143 ῥῆμα
2953 4072 3150 4141 πικρὸν
3186 4071 3325 4143 πρὸς
3359 4072 3450 4125 τὸν
3492 4089 3622 4143 προ-

2035 4162 2214 4230 φήτην
2246 4157 2490 4223 ἐξέϐαλε,
2530 4157 2707 4211 καίτοι
2746 4172 2812 4224 γε
2850 4154 2998 4219 είκδς
3039 4152 3141 4227 ἦν’
3180 4156 3274 4208 καὶ
3312 4155 3493 4221 ἔδειξα
3525 4158 3627 4209 καὶ

2033 4242 2192 4295 τοῦτο
2234 4243 2299 4295 ἐκ
2360 4240 2469 4294 τῶν
2510 4239 2822 4294 Ἰουδαϊκῶν
2875 4238 3240 4310 φρονημάτων
3259 4254 3273 4269 ·
3328 4237 3443 4292 ἀλλ’
3468 4238 3621 4291 οὐδὲν

2032 4324 2274 4379 τοιοῦτον
2304 4323 2505 4377 ἔπαθεν
2535 4322 2742 4392 ἐκείνη,
2770 4322 2906 4376 ἀλλά
2941 4322 3080 4392 μετά
3108 4321 3289 4392 πάσης
3313 4321 3477 4374 αὐτὸν
3504 4321 3619 4373 ἐδέ·

2039 4409 2168 4474 ξατο
2200 4406 2623 4477 φιλοφροσύνης,
2668 4406 2762 4458 καὶ
2796 4405 2895 4474 τὴν
2935 4404 3123 4458 πενίαν
3155 4406 3373 4458 ἃπασαν
3405 4406 3483 4467 είς
3519 4404 3622 4474 τὴν

2035 4492 2243 4547 ἐκείνου
2281 4490 2447 4561 τιμὴν
2482 4489 2737 4551 ἐκένωσε,
2777 4489 2871 4541 καὶ⁵
2909 4487 3136 4541 Σιδωνία
3164 4483 3300 4540 οὖσα
3330 4487 3423 4540 καὶ
3466 4486 3625 4540 ἀλλόο

2036 4577 2220 4645 φυλος,
2266 4576 2361 4628 καὶ
2406 4572 2530 4626 οὐτε
2564 4571 2673 4626 τῶν
2704 4571 2999 4642 προφητῶν
3029 4570 3462 4640 φιλοσοφούντων
3494 4571 3624 4640 περὶ

2034 4657 2405 4730 ἐλεημοσύνης
2449 4657 2701 4727 ἤκουσεν,
2746 4654 2870 4708 οὐτε
2913 4653 3004 4707 τοῦ
3053 4653 3292 4723 Χριστοῦ
3339 4653 3619 4721 λέγοντος,

2039 4739 2342 4797 Πεινῶντὰ
2369 4757 2444 4809 με
2494 4737 2704 4800 εἴδετε,
2744 4737 2841 4791 καὶ
2873 4736 3181 4805 ἐθρέψατε.
3216 4737 3312 4800 Τίς
3343 4732 3436 4790 οὖν
3485 4738 3623 4806 ἡμῖν

2037 4828 2190 4881 ἔσται
2240 4822 2561 4893 συγγνώμη,
2606 4823 2655 4874 εἰ
2691 4821 2831 4892 μετὰ
2864 4822 3123 4884 τοιαύτας
3169 4820 3535 4887 παραινέσεις,
3571 4822 3623 4872 εί

2042 4909 2180 4978 μετὰ
2204 4907 2463 4961 τοιούτων
2498 4905 2749 4959 ἐπάθλων
2789 4904 3104 4973 ὑπόσχεσιν.
3136 4904 3185 4956 εί
3229 4902 3370 4973 μετὰ
3397 4902 3498 4972 τὴν
3525 4902 3639 4972 βα-⁸

2039 4993 2242 5046 σιλείαν
2286 4990 2395 5043 τῶν
2425 4988 2690 5054 οὐρανῶν,
2726 4988 2802 5059 μὴ
2852 4987 3163 5057 φθάσαιμεν
3205 4986 3341 5057 πρὸς
3381 4985 3441 5039 τὸ
3488 4984 3623 5039 αὖτό

2035 5083 2101 5150 τῇ
2129 5080 2274 5149 χήρᾳ
2299 5078 2398 5146 τῆς
2430 5071 2829 5144 φιλοφροσύνης
2863 5071 3098 5142 μέτρονς
3139 5070 3354 5139 Ἐκείνη
3387 5069 3484 5139 μὲν
3510 5070 3623 5140 γὰρ

2041 5163 2137 5216 καὶ
2171 5159 2398 5214 Σιδωνία
2433 5154 2521 5226 ἦν,
2550 5156 2644 5209 καὶ
2673 5154 2991 5223 ἀλλόφυλος,
3025 5152 3117 5206 καὶ
3146 5152 3284 5223 γυνὴ
3314 5155 3480 5224 χήρα,
3525 5153 3623 5205 καὶ

2038 5246 2245 5299 παίδων
2298 5241 2618 5312 ἐπεμελεῖτο
2662 5238 2895 5303 πολλῶν,
2944 5237 3040 5290 καὶ
3073 5236 3231 5307 λιμὸν
3278 5236 3621 5290 ἐπικίνδυνον

2039 5329 2187 5401 ἐώρα
2242 5325 2337 5380 καὶ
2390 5324 2619 5378 θάνατον
2672 5320 3145 5393 προσδοκώμενον,
3185 5318 3282 5373 καὶ
3331 5319 3620 5391 ἄνθρωπον

2037 5409 2258 5480 ἀγνῶτα
2290 5404 2647 5475 ὑποδέχεσθαι
2673 5403 2863 5474 ἔμελλε
2894 5405 2989 5456 καὶ¹
3018 5403 3111 5456 τὸν
3146 5402 3496 5470 ἐπαγαγόντα
3525 5401 3618 5453 τὸν

2035 5493 2214 5566 λιμὸν,
2250 5490 2352 5544 καὶ
2384 5489 2503 5542 οὐδὲ
2550 5487 2723 5552 οὕτως
2761 5487 3016 5557 ἐφείσατο
3052 5487 3153 5560 τῆς
3193 5486 3423 5559 δρακός·
3454 5487 3620 5557 ἡμεῖς

2099 5587 2127 5615 ι
2153 5584 2209 5634 F.
2234 5580 2495 5643 ταλανίζῃς.
2898 5606 2903 5613 ·
2966 5596 2971 5601 ·
3030 5598 3035 5603 ·
