4020 6370
311 249 419 308 345

308 370 583 430 tatuquam
629 362 775 417 enim
822 379 1044 419 summa:
1090 366 1444 436 improbitatis
1490 366 1793 436 exemplum
1849 365 1902 420 in

314 453 784 524 Evangeliisillam
808 460 998 514 urbem
1024 457 1078 511 in
1121 458 1352 511 medium
1402 456 1644 512 Christus
1687 457 1906 512 adduxit

311 543 528 612 (Matth.
556 545 646 598 ιι.
677 533 914 616 9.1.22).
951 548 1074 600 Erat
1105 548 1265 617 igitur
1289 557 1340 602 et
1370 549 1702 619 alienigena,
1743 558 1798 602 et
1825 550 1908 603 Si-

312 634 475 687 donia
497 675 512 694 ,
544 645 599 689 et
629 637 844 704 mulier,
874 654 1035 692 sexus
1062 639 1323 704 infirmus,
1359 650 1412 694 et
1459 642 1603 694 oumi
1655 657 1717 694 ex
1757 652 1908 712 parte

314 725 556 778 subsidio
607 727 873 797 indigens.
909 731 1214 784 Accedebat
1254 730 1483 786 viduitas
1521 744 1767 801 quartum
1812 733 1909 786 im-

315 817 684 885 pedimentum
716 837 728 873 :
753 821 999 889 quintum
1040 822 1141 875 illis
1172 823 1422 876 omnibus
1451 825 1622 891 majus
1647 867 1662 887 ,
1686 824 1906 877 alendo-

313 923 432 960 rum
463 924 590 962 rura
643 911 954 964 liberorum.
1009 913 1243 966 Audiaut
1273 913 1477 978 vidum,
1509 928 1572 967 ac
1623 913 1909 967 liberorum

318 999 575 1064 nutrices,
611 1017 716 1054 non
763 1001 924 1056 fuisse
953 1003 1196 1057 idoneam
1221 1012 1275 1058 et
1303 1004 1592 1072 legitimam
1641 1006 1785 1058 illam
1819 1020 1912 1058 ex-
1998 1034 2006 1040 -

320 1092 680 1158 cusatiouem,
718 1095 1004 1162 quominus
1032 1095 1329 1163 impertiret
1371 1097 1801 1168 elcemosyuam,
1830 1098 1911 1150 vel

320 1183 562 1252 liOSpites
589 1186 864 1254 exciperet
899 1195 990 1240 :et
1018 1187 1248 1256 pugillus
1297 1187 1480 1241 farium
1531 1189 1768 1258 reliquus
1800 1197 1914 1242 erat

323 1285 551 1339 tantum,
584 1293 647 1332 ac
676 1289 797 1347 post
828 1279 978 1332 illum
1029 1294 1174 1333 mors
1218 1280 1649 1348 exspectabatur.
1681 1279 1814 1334 Nam
1859 1290 1915 1334 ιιι

321 1369 539 1438 quidem
570 1369 697 1428 licet
724 1385 914 1426 omnes
940 1372 1192 1440 pecunias
1221 1370 1523 1441 profmleris
1544 1415 1558 1438 ,
1593 1372 1714 1426 licet
1744 1372 1914 1425 facul-

324 1460 526 1514 tatibus
553 1461 784 1530 teipsum
819 1462 1158 1531 spoliaveris,
1192 1473 1344 1533 potes
1389 1464 1454 1517 ad
1498 1464 1724 1518 aliorum
1773 1462 1916 1519 fores

324 1566 582 1621 pergere,
613 1561 772 1622 atque
819 1553 943 1608 inde
997 1554 1246 1609 solatium
1301 1555 1544 1610 obtinere
1578 1573 1596 1608 :
1627 1566 1736 1610 tum
1789 1571 1917 1611 vero

328 1660 500 1713 neque
549 1646 856 1700 mendicare
905 1647 1119 1712 licebat,
1153 1647 1222 1702 ita
1277 1656 1461 1716 portus
1513 1663 1701 1702 omnes
1749 1647 1920 1704 fames

327 1738 690 1792 obstruxerat.
717 1739 860 1792 Nihil
893 1747 1069 1794 tamen
1100 1740 1287 1795 borum
1318 1741 1610 1810 prohibuit.
1654 1743 1834 1797 Dicam
1868 1753 1922 1798 et

329 1831 618 1899 septimum
693 1831 1178 1901 impedimentum,
1223 1835 1394 1902 ipsmn
1445 1835 1731 1900 nimirmn,
1761 1851 1918 1904 quem

329 1921 522 1974 mulier
542 1921 777 1991 hospitio
807 1922 906 1976 fuit
928 1933 1237 1994 exceptura.
1258 1924 1390 1978 Nam
1425 1941 1597 1994 neque
1621 1927 1918 1992 familiaris,

332 2028 505 2081 neque
536 2024 693 2069 notus
722 2025 839 2070 erat
860 2056 877 2083 ,
910 2017 1004 2072 sed
1037 2018 1352 2088 peregrinus
1377 2028 1431 2074 et
1457 2021 1684 2088 alienus,
1717 2030 1772 2076 et
1804 2023 1922 2090 ipso

332 2107 607 2176 religionis
635 2109 704 2163 ab
733 2111 822 2164 illa
852 2120 1006 2180 septo
1035 2120 1331 2180 separatus.
1361 2111 1544 2182 Neque
1566 2128 1692 2168 vero
1716 2123 1921 2169 tantum

334 2200 669 2270 peregrinus,
699 2211 754 2256 et
782 2211 999 2258 cxterus
1023 2243 1039 2270 ,
1070 2203 1165 2259 sed
1195 2204 1286 2259 ille
1314 2205 1425 2274 ipse
1447 2215 1583 2272 erat,
1607 2207 1694 2276 qui
1726 2206 1921 2263 famem

333 2291 645 2349 induxerat.

406 2383 458 2439 9.
487 2384 627 2439 Nihil
656 2396 831 2442 tamen
875 2387 1064 2442 horum
1092 2386 1344 2443 feminam
1373 2390 1588 2454 avertit,
1612 2391 1706 2445 sed
1738 2393 1817 2447 ori
1846 2393 1924 2447 ci-

335 2475 460 2529 bum
484 2477 809 2548 porrigebat,
841 2479 984 2549 quod
1030 2495 1218 2535 omnes
1249 2481 1320 2534 illi
1347 2482 1496 2536 cibos
1527 2483 1923 2553 absumpserat,

333 2580 386 2622 et
415 2569 567 2623 famis
592 2581 861 2626 auctorem
908 2572 1064 2627 famis
1108 2573 1345 2644 reliquiis
1388 2576 1675 2630 nutriebat.
1703 2577 1927 2647 PrOpter

337 2672 408 2728 te,
440 2663 630 2733 inquit,
664 2663 942 2718 facultates
983 2679 1170 2718 omnes
1215 2680 1351 2720 mea:
1393 2666 1458 2720 ad
1505 2667 1643 2721 hunc
1672 2669 1925 2737 pugillum

335 2754 568 2808 redacta:
593 2763 754 2809 sunt:
783 2756 876 2810 sed
907 2771 1008 2810 nec
1047 2757 1134 2809 isti
1165 2758 1360 2827 pugillo
1385 2767 1469 2810 tua
1505 2773 1662 2812 causa
1690 2775 1923 2828 parcam,

337 2861 522 2899 verum
549 2853 604 2900 et
630 2861 715 2900 me
737 2857 792 2901 et
836 2847 1032 2901 liberos
1072 2863 1220 2902 meos
1250 2849 1497 2919 objiciam
1539 2853 1720 2916 morti,
1754 2862 1810 2905 ut
1850 2863 1924 2919 tu,

337 2937 525 3006 inquit,
561 2937 718 3007 hujus
741 2949 929 2993 auctor
958 2941 1292 2995 necessitatis
1314 2957 1380 2996 ne
1411 2944 1687 2997 minimum
1711 2943 1926 3012 quidem

337 3030 674 3083 necessitatis
703 3045 918 3084 sensum
946 3031 1149 3101 capias.
1181 3033 1277 3087 Cui
1316 3035 1486 3103 potuit
1518 3050 1768 3104 umquam
1813 3052 1928 3088 ma-

332 3124 422 3194 jus
449 3124 822 3194 hospitalitatis
854 3127 1087 3181 studium
1119 3129 1170 3180 in
1209 3139 1439 3182 mentem
1467 3129 1683 3183 venire?
1711 3129 1926 3182 Nullum

339 3218 494 3287 plane
517 3218 696 3272 licebit
724 3221 977 3288 reperire.
1023 3219 1165 3274 Vidit
1210 3222 1583 3291 peregrinum,
1634 3231 1688 3275 et
1728 3233 1930 3277 naturae

337 3309 617 3363 confestim
645 3309 804 3364 oblita
832 3322 932 3375 est,
956 3311 1168 3365 dolores
1194 3322 1375 3380 partus
1416 3313 1695 3382 ignoravit,
1729 3323 1782 3367 et
1806 3329 1931 3367 oru-

338 3402 404 3456 lis
424 3401 488 3456 ad
516 3402 744 3456 ﬁliorum
776 3404 983 3457 turbam
1007 3405 1280 3458 conversis
1301 3405 1479 3457 animo
1501 3405 1664 3458 fracta
1693 3421 1797 3458 non
1828 3415 1929 3458 est.

339 3497 418 3548 Ac
454 3510 540 3548 me
583 3495 796 3564 quidem
848 3496 961 3550 scio
1007 3494 1317 3564 frequenter
1346 3495 1579 3550 audtisse
1623 3495 1817 3549 multos
1843 3499 1934 3565 qui

338 3589 581 3642 dicerent
611 3606 623 3641 :
655 3588 747 3641 Ille
784 3602 904 3641 cum
933 3603 1220 3658 panperem
1257 3589 1644 3655 cou5pexisset,
1679 3589 1930 3654 tunicam,

340 3693 443 3746 qua
476 3679 588 3732 sola
627 3687 744 3732 erat
794 3678 1027 3743 indutus,
1058 3693 1260 3732 exuens
1301 3679 1496 3731 nudum
1530 3679 1770 3744 vestivit;
1821 3680 1935 3748 ipsc

342 3783 472 3822 vero
497 3809 516 3834 ,
569 3783 688 3822 cum
723 3777 955 3822 mutuam
1000 3769 1068 3821 ab
1112 3768 1283 3821 altero
1328 3779 1531 3822 vestem
1566 3771 1931 3839 sumpsisset,

343 3860 537 3915 deinde
563 3860 807 3913 disceSsit
837 3879 850 3914 :
883 3859 1057 3914 ethoc
1079 3874 1326 3929 maguum
1349 3859 1474 3930 quid
1505 3872 1558 3914 et
1591 3861 1832 3914 mirabile
1859 3862 1934 3913 vi-

343 3970 462 4007 sum
487 3964 588 4007 est.
622 3953 893 4023 Siquidem
927 3969 1052 4007 vere
1095 3969 1343 4024 maguum
1372 3964 1490 4008 est:
1519 3954 1658 4008 istud
1698 3971 1824 4008 vero
1852 3957 1930 4008 vi-

344 4049 462 4100 dua:
491 4047 684 4100 factum
725 4045 883 4114 hujus
910 4045 1079 4099 multo
1105 4046 1194 4099 illo
1224 4045 1413 4114 majus.
1449 4045 1576 4099 Nam
1607 4047 1693 4100 ille
1725 4046 1934 4114 quidem

345 4157 469 4194 cum
500 4156 557 4194 se
586 4140 859 4204 nudasset,
893 4155 955 4194 ac
987 4139 1186 4194 nudum
1222 4140 1538 4208 operuisset,
1567 4143 1736 4209 potuit
1775 4141 1840 4192 ab
1862 4142 1937 4193 al-

347 4243 462 4286 tero
489 4242 688 4286 vestem
717 4232 957 4299 accipere
989 4249 1000 4282 :
1027 4230 1140 4284 haec
1167 4246 1292 4284 vero
1322 4246 1440 4284 cum
1473 4232 1654 4284 farina:
1683 4231 1938 4300 pugillum

350 4323 699 4392 prodegisset,
743 4324 966 4376 altermn
1013 4323 1264 4391 pugillnm
1301 4325 1545 4391 accipere
1589 4323 1807 4377 tuinime
1848 4339 1941 4390 po-

349 4416 485 4476 tuit;
517 4428 691 4482 neque
737 4413 990 4466 nuditatis
1021 4422 1222 4465 tantum
1270 4413 1342 4465 illi
1385 4414 1675 4482 periculum
1702 4413 1936 4467 subeun-

346 4509 475 4562 dum
505 4518 640 4572 erat,
681 4507 774 4561 sed
809 4519 989 4576 postea
1034 4522 1180 4562 mors
1218 4508 1382 4576 ipsius
1410 4522 1472 4560 ac
1514 4507 1800 4562 liberorum
1826 4518 1940 4562 erat

347 4600 724 4669 exspectanda.
784 4599 917 4653 Cum
962 4599 1118 4667 igitur
1171 4613 1341 4666 neque
1394 4609 1720 4667 paupertate,
1769 4615 1942 4664 neque

348 4694 660 4748 alendormn
705 4707 830 4745 cura
885 4691 1134 4756 filiorum,
1167 4707 1336 4759 neque
1382 4692 1526 4759 gravi
1572 4691 1727 4754 farina,
1772 4709 1942 4762 neque

357 4797 500 4840 tanta
524 4794 778 4856 egestate,
811 4799 982 4854 neque
1011 4785 1196 4836 mortis
1222 4785 1618 4850 exspectatione
1644 4781 1802 4836 fuerit
1845 4784 1943 4837 im—

352 4878 551 4948 pedita,
579 4893 696 4945 quae
726 4875 878 4929 nobis
907 4874 1103 4943 reliqua
1136 4874 1233 4928 erit
1265 4873 1536 4926 excusatio
1566 4874 1937 4942 locupletibus,

349 4985 469 5038 quze
497 4966 858 5038 pauperibus?
896 4964 1023 5018 Vivit
1051 4965 1298 5018 Dominus
1329 4963 1466 5018 Deus
1494 4975 1629 5030 tuus,
1658 4967 1701 5018 si
1720 4977 1790 5018 est
1820 4967 1944 5019 mihi

341 5062 501 5129 panis
551 5058 935 5122 subcineritius,
980 5059 1074 5110 nisi
1113 5069 1358 5126 quantum
1403 5057 1624 5127 pugillus
1669 5058 1851 5128 farina:
1892 5060 1945 5112 in

345 5155 553 5225 hydria,
585 5162 632 5206 et
659 5169 840 5222 parum
865 5152 960 5204 olei
987 5153 1038 5203 in
1070 5152 1264 5221 lecytho
1294 5168 1312 5204 :
1335 5162 1381 5206 et
1410 5169 1521 5206 ecce
1549 5153 1731 5222 colligo
1757 5153 1857 5206 duo
1883 5153 1946 5206 li-

349 5266 472 5318 gna,
497 5257 542 5301 et
566 5247 843 5317 ingrediar,
865 5257 912 5299 et
930 5247 1114 5315 faciant
1132 5246 1218 5298 illa
1239 5245 1361 5312 ﬁliis
1382 5246 1520 5308 meis,
1547 5255 1592 5298 et
1608 5245 1942 5310 comedemus,

352 5350 398 5393 et
425 5339 714 5392 moriemur.
749 5337 898 5390 llanc
923 5336 1282 5406 unusquisque
1321 5337 1698 5402 miserandam,
1738 5337 1820 5390 vel
1852 5352 1948 5406 po—

353 5434 460 5488 tius
488 5431 850 5501 unusquisque
879 5429 1086 5483 beatam
1112 5429 1250 5482 illam
1275 5444 1542 5483 voccm-ac
1570 5429 1701 5483 cmlo
1731 5428 1944 5498 dignam

341 5525 547 5594 ,domus
573 5537 682 5577 suae
723 5523 1008 5592 parietibus
1052 5522 1340 5586 inscribat,
1373 5523 1424 5576 in
1467 5524 1731 5588 cubiculo,
1762 5524 1812 5577 in
1841 5539 1946 5594 quo

573 5569 682 5577 --ηι
723 5569 1007 5592 ,ν---ν---η-
1052 5569 1340 5586 -----------,
1471 5569 1731 5588 “unm.
1843 5569 1944 5594 -ιυι-

339 5569 670 5679 Ιιιοηιιίιιιιιε,
702 5615 754 5668 in
794 5613 1058 5682 conclavi,
1105 5613 1156 5668 iu
1184 5629 1290 5682 quo
1331 5615 1672 5684 prandemus.
1706 5617 1850 5670 llanc
1890 5616 1945 5670 in

353 5708 579 5774 anilibus,
612 5706 752 5763 hanc
792 5707 844 5762 in
887 5705 1024 5776 foro,
1071 5707 1208 5762 hanc
1252 5707 1304 5762 in
1355 5708 1645 5763 amicorum
1695 5711 1940 5777 cmtibus,

1561 251 1628 308 IN
1669 247 1923 304 llELlAM
1967 249 2054 303 ET
2095 251 2378 311 VIDUAM.

3497 256 3604 311 διδ

2030 361 2165 421 hanc
2187 367 2314 422 dum
2344 367 2410 422 ad
2449 368 2688 438 judicum
2721 367 2947 423 tribunal
2973 369 3164 439 pergit,
3195 367 3332 424 hanc
3369 367 3493 422 dum
3521 372 3607 423 ln-

2015 458 2273 527 grcditur,
2305 458 2439 512 hanc
2467 459 2595 514 dum
2636 460 2906 530 egreditur
2947 475 3130 514 vocem
3171 461 3396 529 quisque
3436 459 3607 513 medi-

2020 557 2160 602 tetur
2188 567 2199 601 :
2229 560 2280 604 et
2298 560 2604 605 constanter
2622 551 2851 616 affirmo,
2874 555 3212 621 quantumvis
3239 564 3430 604 saxeus
3454 550 3610 604 fuerit

2017 640 2154 709 quis,
2186 652 2239 695 et
2281 640 2506 707 ferreus,
2552 652 2607 695 et
2644 643 2881 706 adamas,
2913 643 3129 697 minimc
3155 658 3404 711 umquam
3441 641 3608 697 addu-

2020 741 2163 784 ctum
2196 732 2262 786 iri
2296 741 2350 786 ut
2381 733 2722 788 accedentem
2766 749 3052 803 pauperem
3085 735 3266 788 vacuis
3309 734 3551 788 manibus
3578 748 3608 787 ιι

2020 838 2079 878 se
2103 824 2353 889 dimittat,
2377 825 2421 878 si
2445 841 2626 878 vocem
2653 825 2788 879 hanc
2809 825 3161 894 inscripserit,
3187 827 3230 878 si
3255 824 3465 880 viduam
3486 832 3611 878 ante

2021 919 2204 973 oculos
2234 919 2456 989 positam
2487 919 2750 973 habuerit.

2095 1009 2219 1064 Non
2261 1011 2521 1080 praphetaz
2563 1012 2725 1065 soluat
2764 1011 3046 1081 excipiendi
3073 1020 3206 1064 sunt.
3241 1041 3310 1056 σ-
3337 1009 3441 1064 Sed
3469 1009 3608 1065 dicet

2025 1100 2250 1155 fortasse
2273 1102 2556 1170 quispiam:
2576 1101 2835 1156 Adducito
2849 1102 2975 1155 mihi
2996 1101 3326 1170 pr0phetam,
3350 1110 3403 1155 et
3423 1100 3610 1155 eadem

2023 1210 2144 1248 cum
2171 1195 2540 1250 benevolentia
2572 1195 2718 1249 illmn
2749 1195 3053 1264 suscipiam.
3096 1194 3207 1248 lloc
3233 1193 3357 1247 mihi
3391 1193 3613 1264 promit-

2027 1298 2096 1350 te,
2130 1298 2239 1341 tum
2264 1303 2362 1357 ego
2390 1289 2478 1341 tibi
2510 1287 2820 1357 prophetam
2853 1287 3128 1341 adducam.
3164 1285 3300 1352 Quid
3336 1286 3456 1339 dico
3487 1301 3612 1354 pro-

2029 1379 2282 1448 phetam?
2324 1380 2498 1448 Ipsum
2552 1379 2641 1432 tibi
2681 1379 2952 1448 propheta:
3000 1378 3281 1433 Dominum
3330 1377 3613 1443 adducam,

2025 1487 2365 1526 Communem
2409 1472 2574 1525 Deum
2617 1487 2680 1526 ac
2733 1471 3009 1524 Dominum
3057 1479 3292 1523 nostrum
3323 1469 3613 1523 Christum.

2027 1564 2144 1632 Ipse
2192 1565 2334 1617 enim
2384 1563 2532 1627 dicit,
2586 1561 2901 1617 Esurientem
2947 1579 3024 1614 me
3070 1563 3282 1624 vidistis,
3335 1569 3382 1614 et
3421 1560 3618 1613 aluistis

2029 1656 2240 1726 (Matt/1.
2268 1657 2358 1710 ‘25.
2391 1656 2504 1725 55).
2545 1654 2696 1722 Quod
2735 1654 2778 1708 si
2823 1655 2912 1724 qui
2957 1655 3093 1706 forte
3127 1655 3244 1708 voci
3273 1653 3428 1706 fidem
3464 1650 3620 1705 dero-

2027 1757 2176 1818 gant,
2207 1756 2262 1802 et
2290 1746 2672 1801 humanitatem
2704 1762 2808 1800 non
2835 1755 3043 1810 curant,
3075 1760 3197 1799 cum
3226 1743 3486 1813 supplicio
3513 1756 3622 1811 pte.

2031 1842 2218 1910 nisque
2243 1841 2479 1909 castigati
2499 1837 2600 1893 hoc
2622 1838 2846 1893 discent.
2870 1837 3160 1906 Tamquam
3185 1836 3325 1889 enim
3348 1834 3616 1888 Christum

2033 1933 2205 2001 ipsum
2235 1947 2339 1985 non
2367 1940 2666 1993 curassent,
2700 1931 2776 1984 sic
2804 1930 2868 1982 ad
2892 1928 3279 1982 intoleramlum
3302 1926 3620 1997 supplicium

2030 2025 2378 2078 abducentur.
2404 2025 2492 2078 Sic
2515 2025 2673 2094 igitur
2702 2035 2756 2079 et
2785 2025 2871 2093 qui
2906 2037 3165 2091 pauperes
3191 2021 3434 2084 aluerint,
3471 2011 3621 2090 quasi

2030 2116 2301 2170 Christum
2330 2116 2499 2185 ipsum
2529 2115 2783 2178 eurariut,
2829 2115 2880 2168 in
2911 2129 3131 2185 regnum
3161 2112 3412 2167 cmlorum
3451 2112 3623 2165 intro-

2031 2210 2317 2263 ducuntur.

2104 2301 2192 2357 l0.
2224 2301 2475 2356 Fortasse
2505 2300 2654 2370 plura
2681 2299 2820 2353 dicta
2852 2307 2995 2361 sunt,
3027 2311 3184 2368 quam
3213 2295 3465 2365 oportuit.
3502 2292 3622 2348 Uti~

2032 2411 2154 2451 nam
2182 2403 2358 2449 autem
2399 2393 2514 2448 dies
2556 2407 2745 2446 omnes
2791 2391 2840 2445 in
2872 2404 3148 2446 sermones
3174 2388 3242 2443 de
3278 2388 3623 2457 eleemosyua

2034 2490 2218 2543 liceret
2244 2486 2580 2557 impendere!
2605 2483 2755 2553 Quod
2788 2484 2832 2538 si
2859 2483 3009 2538 vobis
3033 2481 3148 2536 haec
3169 2479 3415 2534 sufficere
3438 2477 3627 2532 viden-

2035 2591 2139 2646 tur,
2169 2595 2264 2650 agc
2289 2577 2592 2632 summatim
2616 2575 2793 2630 omnia
2825 2574 2912 2629 illa
2938 2581 3265 2642 repetamus.
3294 2569 3410 2624 Dixi
3434 2583 3534 2639 qua
3558 2567 3627 2622 de

2033 2688 2191 2728 causa
2220 2672 2476 2742 propheta
2500 2670 2566 2724 ad
2593 2669 2804 2723 viduam
2825 2667 3144 2732 mitteretur,
3173 2679 3241 2719 ne
3263 2671 3626 2734 paupertatem

2035 2765 2317 2834 despicias,
2351 2778 2419 2818 ne
2447 2760 2658 2818 divitias
2680 2761 2810 2814 tanti
2838 2757 3023 2823 facias,
3054 2773 3122 2812 ne
3151 2755 3469 2824 loenpletem
3497 2753 3628 2807 bea-

2037 2866 2147 2910 tum
2178 2855 2474 2919 arbitreris,
2507 2869 2574 2908 ne
2622 2852 2889 2907 infelicem
2935 2865 2998 2904 ac
3035 2847 3380 2903 miseratione
3408 2846 3626 2915 dignum

2036 2964 2158 3003 emn
2205 2948 2296 3018 qui
2343 2954 2579 3014 egestate
2623 2944 2904 3015 premitur,
2945 2950 3002 2995 ut
3036 2939 3308 2995 Judaicam
3341 2935 3627 3004 nequitiam

2036 3056 2346 3111 cognoscas.
2381 3039 2476 3093 llic
2502 3038 2643 3092 enim
2679 3037 2767 3091 Dei
2796 3049 2912 3088 mos
2935 3040 3037 3097 est,
3061 3047 3181 3087 cum
3209 3027 3522 3100 supplicium
3543 3035 3632 3080 est

2037 3132 2297 3195 illaturus,
2356 3138 2414 3183 ut
2453 3130 2612 3184 rebus
2653 3128 2781 3198 ipsis
2825 3141 2885 3180 se
2928 3131 3118 3194 purget
3150 3139 3164 3175 :
3198 3136 3268 3176 ne
3295 3136 3414 3175 cum
3446 3127 3632 3191 postea

2038 3237 2374 3276 Communem
2406 3221 2642 3274 omnimn
2678 3217 3007 3273 Salvatorem
3039 3213 3300 3282 rejectum
3328 3211 3395 3264 ab
3423 3209 3524 3263 illis
3549 3208 3633 3262 vi-

2039 3314 2206 3379 deris,
2253 3321 2306 3368 et
2343 3328 2373 3366 a
2413 3311 2662 3382 gentibus
2703 3317 3030 3377 susceptum,
3076 3304 3286 3359 mireris
3315 3312 3369 3356 et
3397 3301 3630 3367 dubites,

2040 3421 2159 3460 cum
2204 3406 2374 3458 multo
2418 3414 2542 3458 ante
2585 3404 2820 3473 ipsorum
2866 3397 3258 3468 improbitatem
3297 3392 3630 3464 cognoveris,

2041 3513 2238 3568 eosque
2277 3497 2414 3551 bene
2449 3495 2517 3551 de
2555 3511 2614 3550 se
2639 3494 2862 3549 meritos
2907 3506 3103 3546 vexare
3139 3489 3480 3543 consuevisse
3517 3505 3529 3540 :
3566 3501 3636 3539 ne

2042 3589 2369 3643 crudelitatis
2398 3601 2517 3641 esse
2540 3585 2816 3640 arbitreris
2837 3583 3134 3639 orationem
3155 3579 3450 3650 prophetae,
3475 3585 3634 3646 atque

2046 3680 2444 3752 productionem
2475 3693 2666 3748 paenae,
2697 3675 2791 3730 sed
2822 3675 2920 3728 zeli
2947 3673 3110 3728 divini
3131 3688 3194 3726 ac
3215 3669 3588 3726 sollicitudinis
3620 3685 3634 3722 :

2043 3787 2098 3830 ut
2126 3775 2300 3829 discas
2327 3773 2379 3827 in
2423 3771 2671 3826 maximis
2713 3781 2858 3825 recte
2898 3768 3048 3822 factis
3087 3765 3248 3821 etiam
3293 3761 3639 3833 castigatione

2045 3879 2286 3922 naturam
2316 3875 2551 3921 nostram
2581 3864 2821 3934 indigere
2850 3882 2862 3916 :
2906 3878 2971 3916 ne
2999 3877 3117 3914 cum
3146 3859 3210 3913 ad
3239 3857 3484 3912 eumdem
3515 3870 3636 3908 cum

2049 3959 2304 4029 pr0pheta
2336 3958 2506 4012 zelum
2533 3964 2584 4009 te
2611 3955 2974 4016 adhortantur,
3004 3952 3119 4005 fieri
3147 3966 3251 4004 non
3275 3963 3430 4018 posse
3461 3956 3636 4016 putes,

2047 4062 2103 4106 ut
2132 4053 2277 4105 illum
2309 4049 2553 4104 imiteris.
2587 4047 2701 4102 Dixi
2728 4046 2795 4100 de
2834 4045 3013 4108 vidua,
3043 4058 3148 4113 quo
3194 4050 3347 4110 pacto
3386 4040 3438 4093 iu
3466 4048 3640 4091 tantas

2045 4142 2316 4212 angustias
2363 4141 2594 4202 redacta,
2636 4137 2774 4191 fame
2800 4144 3041 4206 engente,
3074 4148 3141 4186 ne
3171 4132 3388 4186 verbum
3423 4128 3638 4200 quidem

2047 4250 2295 4302 asperum
2328 4233 2585 4286 adversus
2627 4227 2940 4297 prophetam
2971 4225 3168 4288 emisit,
3212 4222 3420 4276 tametsi
3463 4236 3638 4274 rerum

2047 4325 2205 4380 statui
2235 4333 2652 4378 consentaneum
2676 4328 2811 4383 erat,
2843 4327 3002 4388 atque
3043 4315 3145 4369 hoc
3174 4330 3237 4368 ex
3266 4312 3510 4381 superbia
3540 4310 3636 4366 Ju-

2047 4418 2286 4472 dazorum
2319 4413 2526 4467 ostendi
2557 4431 2568 4465 :
2599 4411 2730 4466 nihil
2762 4422 2936 4464 tamen
2979 4408 3166 4463 horum
3197 4407 3273 4460 illi
3305 4404 3517 4468 accidit,
3545 4401 3639 4456 sed

2049 4527 2168 4565 cum
2201 4508 2363 4562 multa
2391 4507 2536 4560 illum
2565 4505 2814 4559 comitate
2841 4513 2997 4570 atque
3025 4500 3351 4553 humanitate
3386 4497 3638 4564 suscepit,

2051 4612 2323 4669 totamque
2353 4613 2501 4651 suam
2529 4603 2819 4665 egestatem
2853 4594 2904 4646 in
2937 4592 3053 4662 ejus
3080 4591 3338 4645 honorem
3361 4587 3640 4657 impendit,

2049 4707 2170 4747 cum
2197 4690 2413 4746 Sidonia
2444 4697 2588 4743 esset
2615 4696 2668 4742 et
2706 4686 3024 4754 alienigena,
3060 4696 3230 4752 neque
3259 4679 3547 4750 prophetas
3573 4678 3640 4732 de

2051 4785 2389 4850 elecmosyna
2416 4777 2851 4849 philosophantes
2881 4776 3153 4840 audiisset,
3178 4787 3352 4843 neque
3375 4769 3643 4825 Christum

2051 4878 2337 4941 dicentem,
2369 4872 2685 4928 Esurientem
2724 4888 2803 4924 me
2830 4870 3042 4936 vidistis,
3084 4877 3130 4922 et
3159 4868 3376 4921 aluistis.
3403 4867 3642 4932 Quanam

2053 4971 2212 5039 igitur
2243 4968 2393 5022 venia
2420 4966 2562 5036 digni
2588 4965 2950 5029 censebimur,
2995 4963 3039 5015 si
3073 4971 3150 5015 tot
3177 4959 3371 5014 auditis
3397 4958 3644 5013 cohorta-

2055 5063 2305 5126 tionibus,
2334 5062 2376 5113 si
2418 5068 2537 5128 post
2571 5067 2838 5112 tantorum
2880 5055 3138 5125 promissa
3187 5052 3557 5122 praemiorum,
3601 5050 3647 5105 si

2055 5155 2326 5224 proposito
2353 5168 2520 5222 regno
2548 5151 2823 5214 cailorum,
2851 5164 2954 5202 non
2985 5148 3050 5200 ad
3077 5147 3322 5200 eumdem
3345 5161 3464 5199 cum
3490 5145 3647 5197 vidua

2054 5249 2320 5304 comitatis
2347 5257 2400 5302 et
2431 5244 2776 5300 humanitatis
2803 5241 3025 5311 gradum
3074 5237 3478 5309 perveniamus?
3513 5236 3647 5290 Natu

2056 5343 2141 5396 illa
2173 5341 2383 5410 quidem
2405 5339 2618 5394 Sidonia
2649 5336 2745 5391 fuit
2765 5344 2820 5389 et
2841 5334 3156 5403 alienigena,
3179 5341 3233 5388 et
3256 5331 3446 5385 mulier
3468 5328 3646 5393 vidua,

2055 5418 2108 5490 ct
2137 5433 2422 5486 multorum
2456 5431 2528 5483 illi
2558 5437 2674 5484 erat
2697 5443 2823 5481 cura
2849 5426 3156 5489 liberorum,
3186 5421 3538 5492 periculosam
3571 5419 3638 5470 fa-

2057 5541 2194 5580 mem
2226 5523 2440 5578 videbat
2463 5533 2517 5578 et
2547 5533 2774 5576 mortem
2825 5520 3226 5581 tmmineutem,
3272 5525 3327 5569 et
3375 5513 3645 5567 hominem

2056 5616 2291 5685 ignotum
2327 5621 2445 5669 erat
2477 5622 2760 5682 exceptura
2795 5613 2990 5682 quique
3031 5609 3223 5664 famem
3268 5608 3562 5667 invexerat,
3594 5616 3650 5662 et

2059 5725 2124 5765 ne
2155 5709 2232 5763 sic
2263 5706 2473 5777 quidem
2493 5705 2689 5775 pugillo
2720 5704 2959 5775 pepercit
2987 5719 2999 5756 :
3028 5710 3082 5756 at
3103 5715 3200 5755 nos
3230 5699 3315 5770 qui
3340 5706 3392 5753 et
3418 5695 3643 5771 prophe-
