  <div class='ocr_page' id='page_1' title='image "/cluster/home/n/w/nwhite01/storage/ocr_20150623/51/nnc1.0046978275/345.png"; bbox 0 0 4020 6370; ppageno 0'>
   <div class='ocr_carea' id='block_1_1' title="bbox 353 205 458 263">
    <p class='ocr_par' dir='ltr' id='par_1_1' title="bbox 353 205 458 263">
     <span class='ocr_line' id='line_1_1' title="bbox 353 205 458 263; baseline -0.029 0"><span class='ocrx_word' id='word_1_1' title='bbox 353 205 458 263; x_wconf 71' lang='grc'><strong>347</strong></span> 
     </span>
    </p>
   </div>
   <div class='ocr_carea' id='block_1_2' title="bbox 351 321 1943 394">
    <p class='ocr_par' dir='ltr' id='par_1_2' title="bbox 351 321 1943 394">
     <span class='ocr_line' id='line_1_2' title="bbox 351 321 1943 394; baseline 0.003 -20"><span class='ocrx_word' id='word_1_2' title='bbox 351 323 440 375; x_wconf 74' lang='lat' dir='ltr'><strong>tite</strong></span> <span class='ocrx_word' id='word_1_3' title='bbox 471 321 757 391; x_wconf 83' lang='lat' dir='ltr'><strong>paiticipes</strong></span> <span class='ocrx_word' id='word_1_4' title='bbox 798 321 1014 389; x_wconf 88' lang='lat' dir='ltr'><strong>fuimus,</strong></span> <span class='ocrx_word' id='word_1_5' title='bbox 1046 334 1101 378; x_wconf 91' lang='lat' dir='ltr'><strong>et</strong></span> <span class='ocrx_word' id='word_1_6' title='bbox 1125 324 1319 378; x_wconf 82' lang='lat' dir='ltr'><strong>divinis</strong></span> <span class='ocrx_word' id='word_1_7' title='bbox 1342 323 1538 378; x_wconf 77' lang='lat' dir='ltr'><strong>exculti</strong></span> <span class='ocrx_word' id='word_1_8' title='bbox 1579 322 1943 394; x_wconf 78' lang='lat' dir='ltr'><strong>dogmatibus,</strong></span> 
     </span>
    </p>
   </div>
   <div class='ocr_carea' id='block_1_3' title="bbox 348 411 1946 486">
    <p class='ocr_par' dir='ltr' id='par_1_3' title="bbox 348 411 1946 486">
     <span class='ocr_line' id='line_1_3' title="bbox 348 411 1946 486; baseline 0.003 -21"><span class='ocrx_word' id='word_1_9' title='bbox 348 411 440 480; x_wconf 91' lang='lat' dir='ltr'><strong>qui</strong></span> <span class='ocrx_word' id='word_1_10' title='bbox 480 412 549 467; x_wconf 88' lang='lat' dir='ltr'><strong>de</strong></span> <span class='ocrx_word' id='word_1_11' title='bbox 583 413 744 468; x_wconf 87' lang='lat' dir='ltr'><strong>rebus</strong></span> <span class='ocrx_word' id='word_1_12' title='bbox 793 412 982 469; x_wconf 83' lang='lat' dir='ltr'><strong>futuris</strong></span> <span class='ocrx_word' id='word_1_13' title='bbox 1023 429 1305 485; x_wconf 83' lang='lat' dir='ltr'><strong>possumus</strong></span> <span class='ocrx_word' id='word_1_14' title='bbox 1345 416 1730 486; x_wconf 86' lang='lat' dir='ltr'><strong>philosophari,</strong></span> <span class='ocrx_word' id='word_1_15' title='bbox 1773 432 1946 485; x_wconf 90' lang='lat' dir='ltr'><strong>neque</strong></span> 
     </span>
    </p>
   </div>
   <div class='ocr_carea' id='block_1_4' title="bbox 352 501 1942 578">
    <p class='ocr_par' dir='ltr' id='par_1_4' title="bbox 352 501 1942 578">
     <span class='ocr_line' id='line_1_4' title="bbox 352 501 1942 578; baseline 0.004 -24"><span class='ocrx_word' id='word_1_16' title='bbox 352 501 546 558; x_wconf 92' lang='lat' dir='ltr'><strong>famem</strong></span> <span class='ocrx_word' id='word_1_17' title='bbox 574 504 818 559; x_wconf 77' lang='lat' dir='ltr'><strong>videmus</strong></span> <span class='ocrx_word' id='word_1_18' title='bbox 845 507 1153 569; x_wconf 84' lang='lat' dir='ltr'><strong>instantem.</strong></span> <span class='ocrx_word' id='word_1_19' title='bbox 1185 518 1241 562; x_wconf 91' lang='lat' dir='ltr'><strong>et</strong></span> <span class='ocrx_word' id='word_1_20' title='bbox 1268 509 1355 578; x_wconf 92' lang='lat' dir='ltr'><strong>qui</strong></span> <span class='ocrx_word' id='word_1_21' title='bbox 1387 507 1556 561; x_wconf 92' lang='lat' dir='ltr'><strong>multo</strong></span> <span class='ocrx_word' id='word_1_22' title='bbox 1585 507 1754 577; x_wconf 87' lang='lat' dir='ltr'><strong>plura,</strong></span> <span class='ocrx_word' id='word_1_23' title='bbox 1783 522 1942 578; x_wconf 90' lang='lat' dir='ltr'><strong>quam</strong></span> 
     </span>
    </p>
   </div>
   <div class='ocr_carea' id='block_1_5' title="bbox 351 594 1944 667">
    <p class='ocr_par' dir='ltr' id='par_1_5' title="bbox 351 594 1944 667">
     <span class='ocr_line' id='line_1_5' title="bbox 351 594 1944 667; baseline 0 -20"><span class='ocrx_word' id='word_1_24' title='bbox 351 594 545 648; x_wconf 83' lang='lat' dir='ltr'><strong>mulier</strong></span> <span class='ocrx_word' id='word_1_25' title='bbox 585 594 938 664; x_wconf 78' lang='lat' dir='ltr'><strong>possidemus,</strong></span> <span class='ocrx_word' id='word_1_26' title='bbox 983 612 1270 666; x_wconf 86' lang='lat' dir='ltr'><strong>quamnam</strong></span> <span class='ocrx_word' id='word_1_27' title='bbox 1313 598 1604 667; x_wconf 79' lang='lat' dir='ltr'><strong>poterimus</strong></span> <span class='ocrx_word' id='word_1_28' title='bbox 1641 597 1944 652; x_wconf 82' lang='lat' dir='ltr'><strong>excusatio-</strong></span> 
     </span>
    </p>
   </div>
   <div class='ocr_carea' id='block_1_6' title="bbox 354 684 1944 758">
    <p class='ocr_par' dir='ltr' id='par_1_6' title="bbox 354 684 1944 758">
     <span class='ocr_line' id='line_1_6' title="bbox 354 684 1944 758; baseline 0.001 -20"><span class='ocrx_word' id='word_1_29' title='bbox 354 699 475 739; x_wconf 90' lang='lat' dir='ltr'><strong>nem</strong></span> <span class='ocrx_word' id='word_1_30' title='bbox 505 684 815 748; x_wconf 85' lang='lat' dir='ltr'><strong>obtendere,</strong></span> <span class='ocrx_word' id='word_1_31' title='bbox 847 688 936 756; x_wconf 86' lang='lat' dir='ltr'><strong>qui</strong></span> <span class='ocrx_word' id='word_1_32' title='bbox 981 687 1318 744; x_wconf 68' lang='lat' dir='ltr'><strong>facultatibus</strong></span> <span class='ocrx_word' id='word_1_33' title='bbox 1348 689 1635 758; x_wconf 78' lang='lat' dir='ltr'><strong>parcimus,</strong></span> <span class='ocrx_word' id='word_1_34' title='bbox 1664 697 1718 743; x_wconf 89' lang='lat' dir='ltr'><strong>et</strong></span> <span class='ocrx_word' id='word_1_35' title='bbox 1748 699 1944 742; x_wconf 72' lang='lat' dir='ltr'><strong>nostrm</strong></span> 
     </span>
    </p>
   </div>
   <div class='ocr_carea' id='block_1_7' title="bbox 351 775 1942 851">
    <p class='ocr_par' dir='ltr' id='par_1_7' title="bbox 351 775 1942 851">
     <span class='ocr_line' id='line_1_7' title="bbox 351 775 1942 851; baseline 0.001 -21"><span class='ocrx_word' id='word_1_36' title='bbox 351 775 541 833; x_wconf 87' lang='lat' dir='ltr'><strong>salutis</strong></span> <span class='ocrx_word' id='word_1_37' title='bbox 566 777 770 848; x_wconf 79' lang='lat' dir='ltr'><strong>prodigi</strong></span> <span class='ocrx_word' id='word_1_38' title='bbox 798 779 1021 834; x_wconf 75' lang='lat' dir='ltr'><strong>sumus?</strong></span> <span class='ocrx_word' id='word_1_39' title='bbox 1049 779 1116 836; x_wconf 89' lang='lat' dir='ltr'><strong>Ut</strong></span> <span class='ocrx_word' id='word_1_40' title='bbox 1148 780 1306 850; x_wconf 77' lang='lat' dir='ltr'><strong>igitur</strong></span> <span class='ocrx_word' id='word_1_41' title='bbox 1331 782 1510 851; x_wconf 83' lang='lat' dir='ltr'><strong>gravia</strong></span> <span class='ocrx_word' id='word_1_42' title='bbox 1555 781 1642 834; x_wconf 90' lang='lat' dir='ltr'><strong>illa</strong></span> <span class='ocrx_word' id='word_1_43' title='bbox 1680 790 1942 834; x_wconf 89' lang='lat' dir='ltr'><strong>tormenta</strong></span> 
     </span>
    </p>
   </div>
   <div class='ocr_carea' id='block_1_8' title="bbox 384 997 2122 1029">
    <p class='ocr_par' dir='ltr' id='par_1_8' title="bbox 384 997 2122 1029">
     <span class='ocr_line' id='line_1_8' title="bbox 384 997 2122 1029; baseline 0.006 -7"><span class='ocrx_word' id='word_1_44' title='bbox 384 997 1398 1026; x_wconf 51' lang='grc' dir='ltr'><strong>Μ.--</strong></span> <span class='ocrx_word' id='word_1_45' title='bbox 1421 1005 2121 1027; x_wconf 45' lang='grc' dir='ltr'><strong>..μ-..Ἣ</strong></span> <span class='ocrx_word' id='word_1_46' title='bbox 1565 1021 1746 1028; x_wconf 60' lang='grc' dir='ltr'><strong>..ρ-..υ-</strong></span> <span class='ocrx_word' id='word_1_47' title='bbox 1765 1021 1852 1028; x_wconf 61' lang='grc' dir='ltr'><strong>-υυ</strong></span> <span class='ocrx_word' id='word_1_48' title='bbox 1853 1021 1922 1028; x_wconf 73' lang='lat'><strong>—.</strong></span> <span class='ocrx_word' id='word_1_49' title='bbox 1942 1021 2122 1029; x_wconf 60' lang='lat'><strong>—.-—~—.</strong></span> 
     </span>
    </p>
   </div>
   <div class='ocr_carea' id='block_1_9' title="bbox 1091 203 2918 266">
    <p class='ocr_par' dir='ltr' id='par_1_9' title="bbox 1091 203 2918 266">
     <span class='ocr_line' id='line_1_9' title="bbox 1091 203 2918 266; baseline -0.005 -1"><span class='ocrx_word' id='word_1_50' title='bbox 1091 208 1148 266; x_wconf 81' lang='lat' dir='ltr'><strong>S.</strong></span> <span class='ocrx_word' id='word_1_51' title='bbox 1189 205 1468 265; x_wconf 75' lang='lat' dir='ltr'><strong>JOANNIS</strong></span> <span class='ocrx_word' id='word_1_52' title='bbox 1504 203 1981 260; x_wconf 68' lang='lat' dir='ltr'><strong>CHRYSOSTOMI</strong></span> <span class='ocrx_word' id='word_1_53' title='bbox 2021 205 2339 263; x_wconf 78' lang='lat' dir='ltr'><strong>ARCHIEP.</strong></span> <span class='ocrx_word' id='word_1_54' title='bbox 2381 203 2918 264; x_wconf 72' lang='lat' dir='ltr'><strong>CONSTANTINOP.</strong></span> 
     </span>
    </p>
   </div>
   <div class='ocr_carea' id='block_1_10' title="bbox 3533 199 3636 255">
    <p class='ocr_par' dir='ltr' id='par_1_10' title="bbox 3533 199 3636 255">
     <span class='ocr_line' id='line_1_10' title="bbox 3533 199 3636 255; baseline -0.039 0"><span class='ocrx_word' id='word_1_55' title='bbox 3533 199 3636 255; x_wconf 60' lang='lat'><strong>558</strong></span> 
     </span>
    </p>
   </div>
   <div class='ocr_carea' id='block_1_11' title="bbox 2047 317 3644 390">
    <p class='ocr_par' dir='ltr' id='par_1_11' title="bbox 2047 317 3644 390">
     <span class='ocr_line' id='line_1_11' title="bbox 2047 317 3644 390; baseline -0.003 -14"><span class='ocrx_word' id='word_1_56' title='bbox 2047 325 2299 388; x_wconf 88' lang='lat' dir='ltr'><strong>vitemus,</strong></span> <span class='ocrx_word' id='word_1_57' title='bbox 2345 339 2560 378; x_wconf 87' lang='lat' dir='ltr'><strong>omnem</strong></span> <span class='ocrx_word' id='word_1_58' title='bbox 2606 320 3028 377; x_wconf 87' lang='lat' dir='ltr'><strong>misericordiam</strong></span> <span class='ocrx_word' id='word_1_59' title='bbox 3073 321 3127 374; x_wconf 91' lang='lat' dir='ltr'><strong>in</strong></span> <span class='ocrx_word' id='word_1_60' title='bbox 3165 332 3363 390; x_wconf 88' lang='lat' dir='ltr'><strong>egenos</strong></span> <span class='ocrx_word' id='word_1_61' title='bbox 3391 317 3644 372; x_wconf 73' lang='lat' dir='ltr'><strong>exhibea-</strong></span> 
     </span>
    </p>
   </div>
   <div class='ocr_carea' id='block_1_12' title="bbox 2049 413 3641 486">
    <p class='ocr_par' dir='ltr' id='par_1_12' title="bbox 2049 413 3641 486">
     <span class='ocr_line' id='line_1_12' title="bbox 2049 413 3641 486; baseline -0.003 -16"><span class='ocrx_word' id='word_1_62' title='bbox 2049 433 2190 484; x_wconf 89' lang='lat' dir='ltr'><strong>mus,</strong></span> <span class='ocrx_word' id='word_1_63' title='bbox 2225 427 2280 472; x_wconf 91' lang='lat' dir='ltr'><strong>ut</strong></span> <span class='ocrx_word' id='word_1_64' title='bbox 2305 427 2356 471; x_wconf 91' lang='lat' dir='ltr'><strong>et</strong></span> <span class='ocrx_word' id='word_1_65' title='bbox 2380 433 2478 471; x_wconf 91' lang='lat' dir='ltr'><strong>nos</strong></span> <span class='ocrx_word' id='word_1_66' title='bbox 2507 416 2721 486; x_wconf 77' lang='lat' dir='ltr'><strong>assequi</strong></span> <span class='ocrx_word' id='word_1_67' title='bbox 2762 416 2898 470; x_wconf 86' lang='lat' dir='ltr'><strong>bona</strong></span> <span class='ocrx_word' id='word_1_68' title='bbox 2937 415 3111 470; x_wconf 87' lang='lat' dir='ltr'><strong>futttra</strong></span> <span class='ocrx_word' id='word_1_69' title='bbox 3143 428 3448 468; x_wconf 80' lang='lat' dir='ltr'><strong>mereamur</strong></span> <span class='ocrx_word' id='word_1_70' title='bbox 3474 413 3641 482; x_wconf 78' lang='lat' dir='ltr'><strong>gratia</strong></span> 
     </span>
    </p>
   </div>
   <div class='ocr_carea' id='block_1_13' title="bbox 2049 505 3646 586">
    <p class='ocr_par' dir='ltr' id='par_1_13' title="bbox 2049 505 3646 586">
     <span class='ocr_line' id='line_1_13' title="bbox 2049 505 3646 586; baseline -0.004 -24"><span class='ocrx_word' id='word_1_71' title='bbox 2049 517 2104 562; x_wconf 90' lang='lat' dir='ltr'><strong>et</strong></span> <span class='ocrx_word' id='word_1_72' title='bbox 2131 509 2458 580; x_wconf 90' lang='lat' dir='ltr'><strong>benignitate</strong></span> <span class='ocrx_word' id='word_1_73' title='bbox 2489 509 2698 562; x_wconf 88' lang='lat' dir='ltr'><strong>Domini</strong></span> <span class='ocrx_word' id='word_1_74' title='bbox 2738 509 2905 562; x_wconf 87' lang='lat' dir='ltr'><strong>nostri</strong></span> <span class='ocrx_word' id='word_1_75' title='bbox 2950 508 3078 586; x_wconf 27' lang='lat' dir='ltr'><strong>Je’su</strong></span> <span class='ocrx_word' id='word_1_76' title='bbox 3115 505 3347 569; x_wconf 85' lang='lat' dir='ltr'><strong>Christi,</strong></span> <span class='ocrx_word' id='word_1_77' title='bbox 3388 519 3509 558; x_wconf 87' lang='lat' dir='ltr'><strong>cum</strong></span> <span class='ocrx_word' id='word_1_78' title='bbox 3539 517 3646 571; x_wconf 91' lang='lat' dir='ltr'><strong>quo</strong></span> 
     </span>
    </p>
   </div>
   <div class='ocr_carea' id='block_1_14' title="bbox 2049 596 3647 672">
    <p class='ocr_par' dir='ltr' id='par_1_14' title="bbox 2049 596 3647 672">
     <span class='ocr_line' id='line_1_14' title="bbox 2049 596 3647 672; baseline -0.004 -18"><span class='ocrx_word' id='word_1_79' title='bbox 2049 603 2215 672; x_wconf 84' lang='lat' dir='ltr'><strong>gloria</strong></span> <span class='ocrx_word' id='word_1_80' title='bbox 2243 602 2406 666; x_wconf 86' lang='lat' dir='ltr'><strong>Patri,</strong></span> <span class='ocrx_word' id='word_1_81' title='bbox 2440 616 2545 656; x_wconf 89' lang='lat' dir='ltr'><strong>una</strong></span> <span class='ocrx_word' id='word_1_82' title='bbox 2575 616 2698 656; x_wconf 89' lang='lat' dir='ltr'><strong>cum</strong></span> <span class='ocrx_word' id='word_1_83' title='bbox 2723 599 2926 670; x_wconf 90' lang='lat' dir='ltr'><strong>Spiritu</strong></span> <span class='ocrx_word' id='word_1_84' title='bbox 2953 609 3138 655; x_wconf 90' lang='lat' dir='ltr'><strong>sancto</strong></span> <span class='ocrx_word' id='word_1_85' title='bbox 3169 597 3219 651; x_wconf 89' lang='lat' dir='ltr'><strong>iu</strong></span> <span class='ocrx_word' id='word_1_86' title='bbox 3253 596 3449 652; x_wconf 70' lang='lat' dir='ltr'><strong>smcula</strong></span> <span class='ocrx_word' id='word_1_87' title='bbox 3476 610 3647 650; x_wconf 68' lang='lat' dir='ltr'><strong>saecu-</strong></span> 
     </span>
    </p>
   </div>
   <div class='ocr_carea' id='block_1_15' title="bbox 2051 694 2481 748">
    <p class='ocr_par' dir='ltr' id='par_1_15' title="bbox 2051 694 2481 748">
     <span class='ocr_line' id='line_1_15' title="bbox 2051 694 2481 748; baseline 0 -1"><span class='ocrx_word' id='word_1_88' title='bbox 2051 694 2248 748; x_wconf 87' lang='lat' dir='ltr'><strong>lorum.</strong></span> <span class='ocrx_word' id='word_1_89' title='bbox 2287 696 2481 748; x_wconf 82' lang='lat' dir='ltr'><strong>Amen.</strong></span> 
     </span>
    </p>
   </div>
   <div class='ocr_carea' id='block_1_16' title="bbox 2130 995 3604 1027">
    <p class='ocr_par' dir='ltr' id='par_1_16' title="bbox 2130 995 3604 1027">
     <span class='ocr_line' id='line_1_16' title="bbox 2130 995 3604 1027; baseline -0.005 0"><span class='ocrx_word' id='word_1_90' title='bbox 2130 1005 2462 1027; x_wconf 43' lang='lat' dir='ltr'><strong>17m»</strong></span> <span class='ocrx_word' id='word_1_91' title='bbox 2469 995 3604 1025; x_wconf 32' lang='lat' dir='ltr'><strong>ﬁxa—1.2%?</strong></span> 
     </span>
    </p>
   </div>
   <div class='ocr_carea' id='block_1_17' title="bbox 1818 1259 2171 1320">
    <p class='ocr_par' dir='ltr' id='par_1_17' title="bbox 1818 1259 2171 1320">
     <span class='ocr_line' id='line_1_17' title="bbox 1818 1259 2171 1320; baseline -0.006 -1"><span class='ocrx_word' id='word_1_92' title='bbox 1818 1259 2171 1320; x_wconf 73' lang='lat' dir='ltr'><strong>MONITUM</strong></span> 
     </span>
    </p>
   </div>
   <div class='ocr_carea' id='block_1_18' title="bbox 444 1459 3618 1538">
    <p class='ocr_par' dir='ltr' id='par_1_18' title="bbox 444 1459 3618 1538">
     <span class='ocr_line' id='line_1_18' title="bbox 444 1459 3618 1538; baseline -0.002 -22"><span class='ocrx_word' id='word_1_93' title='bbox 444 1461 595 1518; x_wconf 87' lang='lat' dir='ltr'><strong>Hauc</strong></span> <span class='ocrx_word' id='word_1_94' title='bbox 623 1463 1042 1532; x_wconf 85' lang='lat' dir='ltr'><strong>pulcherrimam</strong></span> <span class='ocrx_word' id='word_1_95' title='bbox 1077 1470 1395 1520; x_wconf 83' lang='lat' dir='ltr'><strong>concionem</strong></span> <span class='ocrx_word' id='word_1_96' title='bbox 1431 1466 1620 1520; x_wconf 85' lang='lat' dir='ltr'><strong>habuit</strong></span> <span class='ocrx_word' id='word_1_97' title='bbox 1644 1465 2074 1538; x_wconf 87' lang='lat' dir='ltr'><strong>Chrysostomus</strong></span> <span class='ocrx_word' id='word_1_98' title='bbox 2115 1465 2440 1529; x_wconf 78' lang='lat' dir='ltr'><strong>Antiochize,</strong></span> <span class='ocrx_word' id='word_1_99' title='bbox 2486 1474 2544 1518; x_wconf 91' lang='lat' dir='ltr'><strong>ut</strong></span> <span class='ocrx_word' id='word_1_100' title='bbox 2593 1465 2839 1533; x_wconf 80' lang='lat' dir='ltr'><strong>arguitur</strong></span> <span class='ocrx_word' id='word_1_101' title='bbox 2889 1478 2957 1517; x_wconf 83' lang='lat' dir='ltr'><strong>ex</strong></span> <span class='ocrx_word' id='word_1_102' title='bbox 3004 1461 3072 1516; x_wconf 87' lang='lat' dir='ltr'><strong>iis</strong></span> <span class='ocrx_word' id='word_1_103' title='bbox 3117 1474 3238 1530; x_wconf 72' lang='lat' dir='ltr'><strong>qua:</strong></span> <span class='ocrx_word' id='word_1_104' title='bbox 3271 1460 3373 1514; x_wconf 89' lang='lat' dir='ltr'><strong>sub</strong></span> <span class='ocrx_word' id='word_1_105' title='bbox 3403 1459 3618 1512; x_wconf 89' lang='lat' dir='ltr'><strong>initium</strong></span> 
     </span>
    </p>
   </div>
   <div class='ocr_carea' id='block_1_19' title="bbox 372 1572 3622 1650">
    <p class='ocr_par' dir='ltr' id='par_1_19' title="bbox 372 1572 3622 1650">
     <span class='ocr_line' id='line_1_19' title="bbox 372 1572 3622 1650; baseline -0.003 -20"><span class='ocrx_word' id='word_1_106' title='bbox 372 1577 646 1641; x_wconf 89' lang='lat' dir='ltr'><strong>dicuntur,</strong></span> <span class='ocrx_word' id='word_1_107' title='bbox 681 1593 873 1647; x_wconf 91' lang='lat' dir='ltr'><strong>nempe</strong></span> <span class='ocrx_word' id='word_1_108' title='bbox 897 1577 962 1631; x_wconf 90' lang='lat' dir='ltr'><strong>ad</strong></span> <span class='ocrx_word' id='word_1_109' title='bbox 989 1579 1131 1633; x_wconf 92' lang='lat' dir='ltr'><strong>hunc</strong></span> <span class='ocrx_word' id='word_1_110' title='bbox 1159 1591 1456 1650; x_wconf 86' lang='lat' dir='ltr'><strong>martyrum</strong></span> <span class='ocrx_word' id='word_1_111' title='bbox 1482 1580 1663 1632; x_wconf 91' lang='lat' dir='ltr'><strong>locum</strong></span> <span class='ocrx_word' id='word_1_112' title='bbox 1695 1579 1954 1649; x_wconf 82' lang='lat' dir='ltr'><strong>populum</strong></span> <span class='ocrx_word' id='word_1_113' title='bbox 1982 1579 2298 1633; x_wconf 86' lang='lat' dir='ltr'><strong>ventitasse.</strong></span> <span class='ocrx_word' id='word_1_114' title='bbox 2343 1577 2505 1631; x_wconf 84' lang='lat' dir='ltr'><strong>Extra</strong></span> <span class='ocrx_word' id='word_1_115' title='bbox 2533 1576 2722 1631; x_wconf 83' lang='lat' dir='ltr'><strong>urbem</strong></span> <span class='ocrx_word' id='word_1_116' title='bbox 2756 1588 2952 1644; x_wconf 87' lang='lat' dir='ltr'><strong>nempe</strong></span> <span class='ocrx_word' id='word_1_117' title='bbox 2972 1582 3093 1627; x_wconf 87' lang='lat' dir='ltr'><strong>erat</strong></span> <span class='ocrx_word' id='word_1_118' title='bbox 3115 1572 3368 1635; x_wconf 87' lang='lat' dir='ltr'><strong>ecclesia,</strong></span> <span class='ocrx_word' id='word_1_119' title='bbox 3396 1579 3622 1640; x_wconf 85' lang='lat' dir='ltr'><strong>propter</strong></span> 
     </span>
    </p>
   </div>
   <div class='ocr_carea' id='block_1_20' title="bbox 372 1683 3624 1762">
    <p class='ocr_par' dir='ltr' id='par_1_20' title="bbox 372 1683 3624 1762">
     <span class='ocr_line' id='line_1_20' title="bbox 372 1683 3624 1762; baseline -0.002 -19"><span class='ocrx_word' id='word_1_120' title='bbox 372 1700 670 1761; x_wconf 73' lang='lat' dir='ltr'><strong>martyrum</strong></span> <span class='ocrx_word' id='word_1_121' title='bbox 698 1687 957 1759; x_wconf 80' lang='lat' dir='ltr'><strong>reliquias</strong></span> <span class='ocrx_word' id='word_1_122' title='bbox 987 1689 1348 1760; x_wconf 80' lang='lat' dir='ltr'><strong>frequentata,</strong></span> <span class='ocrx_word' id='word_1_123' title='bbox 1375 1706 1484 1761; x_wconf 92' lang='lat' dir='ltr'><strong>quo</strong></span> <span class='ocrx_word' id='word_1_124' title='bbox 1518 1691 1818 1762; x_wconf 89' lang='lat' dir='ltr'><strong>pergebant</strong></span> <span class='ocrx_word' id='word_1_125' title='bbox 1842 1691 2027 1761; x_wconf 88' lang='lat' dir='ltr'><strong>populi</strong></span> <span class='ocrx_word' id='word_1_126' title='bbox 2061 1691 2279 1760; x_wconf 89' lang='lat' dir='ltr'><strong>pietatis</strong></span> <span class='ocrx_word' id='word_1_127' title='bbox 2309 1690 2514 1760; x_wconf 83' lang='lat' dir='ltr'><strong>gratia,</strong></span> <span class='ocrx_word' id='word_1_128' title='bbox 2547 1700 2600 1744; x_wconf 89' lang='lat' dir='ltr'><strong>et</strong></span> <span class='ocrx_word' id='word_1_129' title='bbox 2644 1690 2736 1744; x_wconf 92' lang='lat' dir='ltr'><strong>ubi</strong></span> <span class='ocrx_word' id='word_1_130' title='bbox 2776 1688 3072 1744; x_wconf 85' lang='lat' dir='ltr'><strong>conciones</strong></span> <span class='ocrx_word' id='word_1_131' title='bbox 3102 1684 3415 1756; x_wconf 86' lang='lat' dir='ltr'><strong>frequenter</strong></span> <span class='ocrx_word' id='word_1_132' title='bbox 3453 1683 3624 1738; x_wconf 87' lang='lat' dir='ltr'><strong>habe-</strong></span> 
     </span>
    </p>
   </div>
   <div class='ocr_carea' id='block_1_21' title="bbox 1039 1956 1338 1964">
    <p class='ocr_par' dir='ltr' id='par_1_21' title="bbox 1039 1956 1338 1964">
     <span class='ocr_line' id='line_1_21' title="bbox 1039 1956 1338 1964; baseline -0.013 0"><span class='ocrx_word' id='word_1_133' title='bbox 1039 1956 1338 1964; x_wconf 51' lang='grc' dir='ltr'><strong>,φημ’-’.ν’-</strong></span> 
     </span>
    </p>
   </div>
   <div class='ocr_carea' id='block_1_22' title="bbox 375 1957 1036 1972">
    <p class='ocr_par' dir='ltr' id='par_1_22' title="bbox 375 1957 1036 1972">
     <span class='ocr_line' id='line_1_22' title="bbox 375 1957 1036 1972; baseline -0.003 -2"><span class='ocrx_word' id='word_1_134' title='bbox 375 1959 810 1972; x_wconf 63' lang='lat' dir='ltr'><strong>-———————-—-————-—r——-</strong></span> <span class='ocrx_word' id='word_1_135' title='bbox 823 1957 1002 1964; x_wconf 47' lang='grc' dir='ltr'><strong>*σε’-</strong></span> <span class='ocrx_word' id='word_1_136' title='bbox 1009 1958 1036 1963; x_wconf 79' lang='lat'><strong>-</strong></span> 
     </span>
    </p>
   </div>
   <div class='ocr_carea' id='block_1_23' title="bbox 1294 2038 2699 2146">
    <p class='ocr_par' dir='ltr' id='par_1_23' title="bbox 1294 2038 2699 2146">
     <span class='ocr_line' id='line_1_23' title="bbox 1294 2038 2699 2146; baseline -0.003 -33"><span class='ocrx_word' id='word_1_137' title='bbox 1294 2046 1433 2146; x_wconf 71' lang='lat' dir='ltr'><strong>DE</strong></span> <span class='ocrx_word' id='word_1_138' title='bbox 1476 2040 2143 2113; x_wconf 84' lang='lat' dir='ltr'><strong>FUTURORUM</strong></span> <span class='ocrx_word' id='word_1_139' title='bbox 2189 2039 2258 2108; x_wconf 90' lang='lat' dir='ltr'><strong>D</strong></span> <span class='ocrx_word' id='word_1_140' title='bbox 2273 2039 2554 2108; x_wconf 85' lang='lat' dir='ltr'><strong>ELICI</strong></span> <span class='ocrx_word' id='word_1_141' title='bbox 2572 2039 2599 2106; x_wconf 94' lang='grc' dir='ltr'><strong>Ι</strong></span> <span class='ocrx_word' id='word_1_142' title='bbox 2617 2038 2699 2124; x_wconf 85' lang='lat' dir='ltr'><strong>S,</strong></span> 
     </span>
    </p>
   </div>
   <div class='ocr_carea' id='block_1_24' title="bbox 2995 1938 3626 1957">
    <p class='ocr_par' dir='ltr' id='par_1_24' title="bbox 2995 1938 3626 1957">
     <span class='ocr_line' id='line_1_24' title="bbox 2995 1938 3626 1957; baseline -0.008 0"><span class='ocrx_word' id='word_1_143' title='bbox 2995 1948 3344 1957; x_wconf 57' lang='lat'><strong>—.-———————-.._.</strong></span> <span class='ocrx_word' id='word_1_144' title='bbox 3377 1945 3474 1951; x_wconf 81' lang='lat'><strong>.-——--</strong></span> <span class='ocrx_word' id='word_1_145' title='bbox 3509 1938 3626 1948; x_wconf 57' lang='lat'><strong>-&quot;‘-</strong></span> 
     </span>
    </p>
   </div>
   <div class='ocr_carea' id='block_1_25' title="bbox 1466 2193 2490 2274">
    <p class='ocr_par' dir='ltr' id='par_1_25' title="bbox 1466 2193 2490 2274">
     <span class='ocr_line' id='line_1_25' title="bbox 1466 2193 2490 2274; baseline -0.003 -19"><span class='ocrx_word' id='word_1_146' title='bbox 1466 2215 1545 2256; x_wconf 81' lang='lat' dir='ltr'><strong>ET</strong></span> <span class='ocrx_word' id='word_1_147' title='bbox 1589 2212 2006 2256; x_wconf 60' lang='lat' dir='ltr'><strong>enmsnurwu</strong></span> <span class='ocrx_word' id='word_1_148' title='bbox 2051 2212 2344 2255; x_wconf 78' lang='lat' dir='ltr'><strong>\‘lLlTATE</strong></span> <span class='ocrx_word' id='word_1_149' title='bbox 2379 2193 2490 2274; x_wconf 83' lang='grc' dir='ltr'><strong>(α).</strong></span> 
     </span>
    </p>
   </div>
   <div class='ocr_carea' id='block_1_26' title="bbox 1639 2357 1926 2372">
    <p class='ocr_par' dir='ltr' id='par_1_26' title="bbox 1639 2357 1926 2372">
     <span class='ocr_line' id='line_1_26' title="bbox 1639 2357 1926 2372; baseline 0.01 -3"><span class='ocrx_word' id='word_1_150' title='bbox 1639 2357 1926 2372; x_wconf 76' lang='lat' dir='ltr'><strong>———i—</strong></span> 
     </span>
    </p>
   </div>
   <div class='ocr_carea' id='block_1_27' title="bbox 425 2461 1934 2531">
    <p class='ocr_par' dir='ltr' id='par_1_27' title="bbox 425 2461 1934 2531">
     <span class='ocr_line' id='line_1_27' title="bbox 425 2461 1934 2531; baseline -0.003 -13"><span class='ocrx_word' id='word_1_151' title='bbox 425 2463 467 2518; x_wconf 84' lang='grc'><strong>1.</strong></span> <span class='ocrx_word' id='word_1_152' title='bbox 516 2461 841 2516; x_wconf 77' lang='lat' dir='ltr'><strong>Auditoribus</strong></span> <span class='ocrx_word' id='word_1_153' title='bbox 887 2461 949 2515; x_wconf 84' lang='lat' dir='ltr'><strong>de</strong></span> <span class='ocrx_word' id='word_1_154' title='bbox 996 2461 1257 2515; x_wconf 76' lang='lat' dir='ltr'><strong>alacritate</strong></span> <span class='ocrx_word' id='word_1_155' title='bbox 1303 2462 1630 2531; x_wconf 75' lang='lat' dir='ltr'><strong>gratulatur;</strong></span> <span class='ocrx_word' id='word_1_156' title='bbox 1669 2477 1782 2530; x_wconf 75' lang='lat' dir='ltr'><strong>qum</strong></span> <span class='ocrx_word' id='word_1_157' title='bbox 1819 2475 1934 2513; x_wconf 82' lang='lat' dir='ltr'><strong>vera</strong></span> 
     </span>
    </p>
   </div>
   <div class='ocr_carea' id='block_1_28' title="bbox 345 2551 1938 2625">
    <p class='ocr_par' dir='ltr' id='par_1_28' title="bbox 345 2551 1938 2625">
     <span class='ocr_line' id='line_1_28' title="bbox 345 2551 1938 2625; baseline -0.003 -17"><span class='ocrx_word' id='word_1_158' title='bbox 345 2555 446 2608; x_wconf 85' lang='lat' dir='ltr'><strong>sint</strong></span> <span class='ocrx_word' id='word_1_159' title='bbox 487 2555 704 2625; x_wconf 82' lang='lat' dir='ltr'><strong>insignia</strong></span> <span class='ocrx_word' id='word_1_160' title='bbox 746 2555 1069 2625; x_wconf 78' lang='lat' dir='ltr'><strong>magistratus</strong></span> <span class='ocrx_word' id='word_1_161' title='bbox 1107 2551 1728 2622; x_wconf 56' lang='lat' dir='ltr'><strong>exponit—Vehemens</strong></span> <span class='ocrx_word' id='word_1_162' title='bbox 1774 2563 1938 2605; x_wconf 71' lang='lat' dir='ltr'><strong>mstus</strong></span> 
     </span>
    </p>
   </div>
   <div class='ocr_carea' id='block_1_29' title="bbox 346 2645 1934 2711">
    <p class='ocr_par' dir='ltr' id='par_1_29' title="bbox 346 2645 1934 2711">
     <span class='ocr_line' id='line_1_29' title="bbox 346 2645 1934 2711; baseline -0.003 -12"><span class='ocrx_word' id='word_1_163' title='bbox 346 2656 451 2711; x_wconf 89' lang='lat' dir='ltr'><strong>est,</strong></span> <span class='ocrx_word' id='word_1_164' title='bbox 482 2654 536 2700; x_wconf 90' lang='lat' dir='ltr'><strong>et</strong></span> <span class='ocrx_word' id='word_1_165' title='bbox 565 2646 819 2699; x_wconf 91' lang='lat' dir='ltr'><strong>molestus</strong></span> <span class='ocrx_word' id='word_1_166' title='bbox 845 2645 1038 2708; x_wconf 89' lang='lat' dir='ltr'><strong>ardor;</strong></span> <span class='ocrx_word' id='word_1_167' title='bbox 1081 2655 1314 2699; x_wconf 85' lang='lat' dir='ltr'><strong>attamen</strong></span> <span class='ocrx_word' id='word_1_168' title='bbox 1346 2645 1672 2698; x_wconf 85' lang='lat' dir='ltr'><strong>alacritatem</strong></span> <span class='ocrx_word' id='word_1_169' title='bbox 1704 2651 1934 2698; x_wconf 86' lang='lat' dir='ltr'><strong>vestram</strong></span> 
     </span>
    </p>
   </div>
   <div class='ocr_carea' id='block_1_30' title="bbox 351 2736 1934 2807">
    <p class='ocr_par' dir='ltr' id='par_1_30' title="bbox 351 2736 1934 2807">
     <span class='ocr_line' id='line_1_30' title="bbox 351 2736 1934 2807; baseline -0.004 -13"><span class='ocrx_word' id='word_1_170' title='bbox 351 2755 456 2794; x_wconf 87' lang='lat' dir='ltr'><strong>non</strong></span> <span class='ocrx_word' id='word_1_171' title='bbox 497 2739 812 2804; x_wconf 81' lang='lat' dir='ltr'><strong>debilitavit,</strong></span> <span class='ocrx_word' id='word_1_172' title='bbox 855 2753 954 2793; x_wconf 91' lang='lat' dir='ltr'><strong>nec</strong></span> <span class='ocrx_word' id='word_1_173' title='bbox 991 2738 1237 2794; x_wconf 82' lang='lat' dir='ltr'><strong>audiendi</strong></span> <span class='ocrx_word' id='word_1_174' title='bbox 1277 2738 1619 2807; x_wconf 89' lang='lat' dir='ltr'><strong>cupiditatem</strong></span> <span class='ocrx_word' id='word_1_175' title='bbox 1659 2736 1934 2805; x_wconf 83' lang='lat' dir='ltr'><strong>repressit.</strong></span> 
     </span>
    </p>
   </div>
   <div class='ocr_carea' id='block_1_31' title="bbox 346 2828 1934 2893">
    <p class='ocr_par' dir='ltr' id='par_1_31' title="bbox 346 2828 1934 2893">
     <span class='ocr_line' id='line_1_31' title="bbox 346 2828 1934 2893; baseline -0.002 -9"><span class='ocrx_word' id='word_1_176' title='bbox 346 2828 495 2884; x_wconf 83' lang='lat' dir='ltr'><strong>&#39;I&#39;alis</strong></span> <span class='ocrx_word' id='word_1_177' title='bbox 521 2838 602 2884; x_wconf 88' lang='lat' dir='ltr'><strong>est</strong></span> <span class='ocrx_word' id='word_1_178' title='bbox 636 2829 848 2886; x_wconf 86' lang='lat' dir='ltr'><strong>auditor</strong></span> <span class='ocrx_word' id='word_1_179' title='bbox 884 2829 1095 2886; x_wconf 80' lang='lat' dir='ltr'><strong>fervens</strong></span> <span class='ocrx_word' id='word_1_180' title='bbox 1125 2839 1181 2885; x_wconf 89' lang='lat' dir='ltr'><strong>et</strong></span> <span class='ocrx_word' id='word_1_181' title='bbox 1209 2838 1474 2893; x_wconf 87' lang='lat' dir='ltr'><strong>attentus;</strong></span> <span class='ocrx_word' id='word_1_182' title='bbox 1519 2829 1764 2883; x_wconf 89' lang='lat' dir='ltr'><strong>audiendi</strong></span> <span class='ocrx_word' id='word_1_183' title='bbox 1791 2828 1934 2882; x_wconf 90' lang='lat' dir='ltr'><strong>dcsi-</strong></span> 
     </span>
    </p>
   </div>
   <div class='ocr_carea' id='block_1_32' title="bbox 347 2923 1938 2992">
    <p class='ocr_par' dir='ltr' id='par_1_32' title="bbox 347 2923 1938 2992">
     <span class='ocr_line' id='line_1_32' title="bbox 347 2923 1938 2992; baseline -0.002 -14"><span class='ocrx_word' id='word_1_184' title='bbox 347 2924 497 2979; x_wconf 90' lang='lat' dir='ltr'><strong>derio</strong></span> <span class='ocrx_word' id='word_1_185' title='bbox 517 2923 893 2978; x_wconf 82' lang='lat' dir='ltr'><strong>corroboratus</strong></span> <span class='ocrx_word' id='word_1_186' title='bbox 927 2925 1105 2977; x_wconf 88' lang='lat' dir='ltr'><strong>omnia</strong></span> <span class='ocrx_word' id='word_1_187' title='bbox 1153 2923 1412 2992; x_wconf 88' lang='lat' dir='ltr'><strong>patienter</strong></span> <span class='ocrx_word' id='word_1_188' title='bbox 1456 2923 1592 2977; x_wconf 86' lang='lat' dir='ltr'><strong>ferre</strong></span> <span class='ocrx_word' id='word_1_189' title='bbox 1639 2930 1832 2991; x_wconf 87' lang='lat' dir='ltr'><strong>potest.</strong></span> <span class='ocrx_word' id='word_1_190' title='bbox 1882 2929 1938 2976; x_wconf 89' lang='lat' dir='ltr'><strong>ut</strong></span> 
     </span>
    </p>
   </div>
   <div class='ocr_carea' id='block_1_33' title="bbox 347 3005 1937 3084">
    <p class='ocr_par' dir='ltr' id='par_1_33' title="bbox 347 3005 1937 3084">
     <span class='ocr_line' id='line_1_33' title="bbox 347 3005 1937 3084; baseline -0.001 -18"><span class='ocrx_word' id='word_1_191' title='bbox 347 3005 690 3084; x_wconf 73' lang='lat' dir='ltr'><strong>cupiditatem</strong></span> <span class='ocrx_word' id='word_1_192' title='bbox 727 3013 864 3067; x_wconf 87' lang='lat' dir='ltr'><strong>hanc</strong></span> <span class='ocrx_word' id='word_1_193' title='bbox 902 3013 1209 3084; x_wconf 76' lang='lat' dir='ltr'><strong>przcclaram</strong></span> <span class='ocrx_word' id='word_1_194' title='bbox 1242 3024 1295 3066; x_wconf 85' lang='lat' dir='ltr'><strong>ct</strong></span> <span class='ocrx_word' id='word_1_195' title='bbox 1343 3011 1680 3080; x_wconf 85' lang='lat' dir='ltr'><strong>spiritualem</strong></span> <span class='ocrx_word' id='word_1_196' title='bbox 1708 3012 1937 3080; x_wconf 86' lang='lat' dir='ltr'><strong>expleat,</strong></span> 
     </span>
    </p>
   </div>
   <div class='ocr_carea' id='block_1_34' title="bbox 350 3105 1937 3176">
    <p class='ocr_par' dir='ltr' id='par_1_34' title="bbox 350 3105 1937 3176">
     <span class='ocr_line' id='line_1_34' title="bbox 350 3105 1937 3176; baseline 0.001 -18"><span class='ocrx_word' id='word_1_197' title='bbox 350 3119 398 3159; x_wconf 85' lang='lat' dir='ltr'><strong>et</strong></span> <span class='ocrx_word' id='word_1_198' title='bbox 449 3122 543 3160; x_wconf 89' lang='lat' dir='ltr'><strong>nec</strong></span> <span class='ocrx_word' id='word_1_199' title='bbox 575 3121 602 3160; x_wconf 90' lang='lat' dir='ltr'><strong>a</strong></span> <span class='ocrx_word' id='word_1_200' title='bbox 651 3105 879 3176; x_wconf 84' lang='lat' dir='ltr'><strong>frigore,</strong></span> <span class='ocrx_word' id='word_1_201' title='bbox 926 3123 1024 3161; x_wconf 81' lang='lat' dir='ltr'><strong>nec</strong></span> <span class='ocrx_word' id='word_1_202' title='bbox 1069 3107 1135 3160; x_wconf 90' lang='lat' dir='ltr'><strong>ab</strong></span> <span class='ocrx_word' id='word_1_203' title='bbox 1176 3117 1328 3171; x_wconf 69' lang='lat' dir='ltr'><strong>testu,</strong></span> <span class='ocrx_word' id='word_1_204' title='bbox 1384 3123 1487 3160; x_wconf 91' lang='lat' dir='ltr'><strong>non</strong></span> <span class='ocrx_word' id='word_1_205' title='bbox 1527 3123 1554 3159; x_wconf 91' lang='lat' dir='ltr'><strong>a</strong></span> <span class='ocrx_word' id='word_1_206' title='bbox 1603 3108 1937 3174; x_wconf 73' lang='lat' dir='ltr'><strong>negotiorum</strong></span> 
     </span>
    </p>
   </div>
   <div class='ocr_carea' id='block_1_35' title="bbox 351 3197 1941 3262">
    <p class='ocr_par' dir='ltr' id='par_1_35' title="bbox 351 3197 1941 3262">
     <span class='ocr_line' id='line_1_35' title="bbox 351 3197 1941 3262; baseline 0.001 -12"><span class='ocrx_word' id='word_1_207' title='bbox 351 3197 524 3262; x_wconf 90' lang='lat' dir='ltr'><strong>turba,</strong></span> <span class='ocrx_word' id='word_1_208' title='bbox 560 3213 662 3251; x_wconf 89' lang='lat' dir='ltr'><strong>non</strong></span> <span class='ocrx_word' id='word_1_209' title='bbox 694 3213 721 3250; x_wconf 90' lang='lat' dir='ltr'><strong>a</strong></span> <span class='ocrx_word' id='word_1_210' title='bbox 755 3198 1091 3252; x_wconf 89' lang='lat' dir='ltr'><strong>multitudine</strong></span> <span class='ocrx_word' id='word_1_211' title='bbox 1119 3215 1384 3260; x_wconf 84' lang='lat' dir='ltr'><strong>curarum,</strong></span> <span class='ocrx_word' id='word_1_212' title='bbox 1420 3215 1522 3252; x_wconf 91' lang='lat' dir='ltr'><strong>non</strong></span> <span class='ocrx_word' id='word_1_213' title='bbox 1544 3199 1611 3253; x_wconf 87' lang='lat' dir='ltr'><strong>ab</strong></span> <span class='ocrx_word' id='word_1_214' title='bbox 1637 3199 1754 3256; x_wconf 86' lang='lat' dir='ltr'><strong>aliis</strong></span> <span class='ocrx_word' id='word_1_215' title='bbox 1783 3200 1941 3254; x_wconf 84' lang='lat' dir='ltr'><strong>rebus</strong></span> 
     </span>
    </p>
   </div>
   <div class='ocr_carea' id='block_1_36' title="bbox 350 3288 1940 3361">
    <p class='ocr_par' dir='ltr' id='par_1_36' title="bbox 350 3288 1940 3361">
     <span class='ocr_line' id='line_1_36' title="bbox 350 3288 1940 3361; baseline 0.004 -21"><span class='ocrx_word' id='word_1_216' title='bbox 350 3289 472 3343; x_wconf 89' lang='lat' dir='ltr'><strong>ullis</strong></span> <span class='ocrx_word' id='word_1_217' title='bbox 500 3288 761 3358; x_wconf 82' lang='lat' dir='ltr'><strong>ejusmodi</strong></span> <span class='ocrx_word' id='word_1_218' title='bbox 792 3301 964 3360; x_wconf 86' lang='lat' dir='ltr'><strong>potest</strong></span> <span class='ocrx_word' id='word_1_219' title='bbox 995 3293 1325 3361; x_wconf 85' lang='lat' dir='ltr'><strong>supplantari</strong></span> <span class='ocrx_word' id='word_1_220' title='bbox 1363 3311 1374 3345; x_wconf 93' lang='lat'><strong>:</strong></span> <span class='ocrx_word' id='word_1_221' title='bbox 1404 3291 1854 3360; x_wconf 90' lang='lat' dir='ltr'><strong>quemadmodum</strong></span> <span class='ocrx_word' id='word_1_222' title='bbox 1888 3301 1940 3346; x_wconf 90' lang='lat' dir='ltr'><strong>et</strong></span> 
     </span>
    </p>
   </div>
   <div class='ocr_carea' id='block_1_37' title="bbox 350 3381 1938 3454">
    <p class='ocr_par' dir='ltr' id='par_1_37' title="bbox 350 3381 1938 3454">
     <span class='ocr_line' id='line_1_37' title="bbox 350 3381 1938 3454; baseline 0.003 -20"><span class='ocrx_word' id='word_1_223' title='bbox 350 3381 596 3448; x_wconf 82' lang='lat' dir='ltr'><strong>Supinttm</strong></span> <span class='ocrx_word' id='word_1_224' title='bbox 623 3396 686 3436; x_wconf 91' lang='lat' dir='ltr'><strong>ac</strong></span> <span class='ocrx_word' id='word_1_225' title='bbox 721 3381 960 3437; x_wconf 84' lang='lat' dir='ltr'><strong>desidem</strong></span> <span class='ocrx_word' id='word_1_226' title='bbox 991 3399 1097 3437; x_wconf 89' lang='lat' dir='ltr'><strong>non</strong></span> <span class='ocrx_word' id='word_1_227' title='bbox 1133 3384 1270 3438; x_wconf 86' lang='lat' dir='ltr'><strong>acris</strong></span> <span class='ocrx_word' id='word_1_228' title='bbox 1319 3385 1452 3437; x_wconf 90' lang='lat' dir='ltr'><strong>bona</strong></span> <span class='ocrx_word' id='word_1_229' title='bbox 1497 3386 1800 3454; x_wconf 87' lang='lat' dir='ltr'><strong>temperies,</strong></span> <span class='ocrx_word' id='word_1_230' title='bbox 1833 3401 1938 3439; x_wconf 84' lang='lat' dir='ltr'><strong>non</strong></span> 
     </span>
    </p>
   </div>
   <div class='ocr_carea' id='block_1_38' title="bbox 352 3474 1944 3548">
    <p class='ocr_par' dir='ltr' id='par_1_38' title="bbox 352 3474 1944 3548">
     <span class='ocr_line' id='line_1_38' title="bbox 352 3474 1944 3548; baseline 0.006 -24"><span class='ocrx_word' id='word_1_231' title='bbox 352 3474 516 3526; x_wconf 89' lang='lat' dir='ltr'><strong>otium</strong></span> <span class='ocrx_word' id='word_1_232' title='bbox 553 3483 606 3527; x_wconf 89' lang='lat' dir='ltr'><strong>et</strong></span> <span class='ocrx_word' id='word_1_233' title='bbox 647 3476 926 3541; x_wconf 85' lang='lat' dir='ltr'><strong>securitas,</strong></span> <span class='ocrx_word' id='word_1_234' title='bbox 955 3492 1059 3530; x_wconf 90' lang='lat' dir='ltr'><strong>non</strong></span> <span class='ocrx_word' id='word_1_235' title='bbox 1101 3477 1260 3531; x_wconf 84' lang='lat' dir='ltr'><strong>facilit</strong></span> <span class='ocrx_word' id='word_1_236' title='bbox 1295 3493 1321 3531; x_wconf 93' lang='lat' dir='ltr'><strong>s</strong></span> <span class='ocrx_word' id='word_1_237' title='bbox 1365 3488 1457 3530; x_wconf 90' lang='lat' dir='ltr'><strong>aut</strong></span> <span class='ocrx_word' id='word_1_238' title='bbox 1501 3479 1741 3548; x_wconf 83' lang='lat' dir='ltr'><strong>voluptas</strong></span> <span class='ocrx_word' id='word_1_239' title='bbox 1771 3490 1944 3547; x_wconf 85' lang='lat' dir='ltr'><strong>potest</strong></span> 
     </span>
    </p>
   </div>
   <div class='ocr_carea' id='block_1_39' title="bbox 351 3566 1939 3638">
    <p class='ocr_par' dir='ltr' id='par_1_39' title="bbox 351 3566 1939 3638">
     <span class='ocr_line' id='line_1_39' title="bbox 351 3566 1939 3638; baseline 0.003 -19"><span class='ocrx_word' id='word_1_240' title='bbox 351 3566 608 3629; x_wconf 87' lang='lat' dir='ltr'><strong>excitare,</strong></span> <span class='ocrx_word' id='word_1_241' title='bbox 653 3567 746 3620; x_wconf 84' lang='lat' dir='ltr'><strong>sed</strong></span> <span class='ocrx_word' id='word_1_242' title='bbox 781 3578 1060 3636; x_wconf 90' lang='lat' dir='ltr'><strong>correptus</strong></span> <span class='ocrx_word' id='word_1_243' title='bbox 1102 3585 1292 3623; x_wconf 91' lang='lat' dir='ltr'><strong>somno</strong></span> <span class='ocrx_word' id='word_1_244' title='bbox 1327 3571 1554 3638; x_wconf 86' lang='lat' dir='ltr'><strong>quodam</strong></span> <span class='ocrx_word' id='word_1_245' title='bbox 1602 3571 1798 3624; x_wconf 88' lang='lat' dir='ltr'><strong>residet</strong></span> <span class='ocrx_word' id='word_1_246' title='bbox 1832 3572 1939 3625; x_wconf 91' lang='lat' dir='ltr'><strong>cri-</strong></span> 
     </span>
    </p>
   </div>
   <div class='ocr_carea' id='block_1_40' title="bbox 355 3655 1941 3730">
    <p class='ocr_par' dir='ltr' id='par_1_40' title="bbox 355 3655 1941 3730">
     <span class='ocr_line' id='line_1_40' title="bbox 355 3655 1941 3730; baseline 0.004 -20"><span class='ocrx_word' id='word_1_247' title='bbox 355 3655 498 3711; x_wconf 91' lang='lat' dir='ltr'><strong>mine</strong></span> <span class='ocrx_word' id='word_1_248' title='bbox 541 3673 604 3711; x_wconf 91' lang='lat' dir='ltr'><strong>ac</strong></span> <span class='ocrx_word' id='word_1_249' title='bbox 642 3659 1033 3726; x_wconf 81' lang='lat' dir='ltr'><strong>vituperatiOne</strong></span> <span class='ocrx_word' id='word_1_250' title='bbox 1068 3660 1396 3730; x_wconf 86' lang='lat' dir='ltr'><strong>dignissimo.</strong></span> <span class='ocrx_word' id='word_1_251' title='bbox 1449 3662 1551 3714; x_wconf 72' lang='lat' dir='ltr'><strong>Vos</strong></span> <span class='ocrx_word' id='word_1_252' title='bbox 1599 3672 1774 3716; x_wconf 81' lang='lat' dir='ltr'><strong>autem</strong></span> <span class='ocrx_word' id='word_1_253' title='bbox 1809 3664 1941 3716; x_wconf 77' lang='lat' dir='ltr'><strong>tales</strong></span> 
     </span>
    </p>
   </div>
   <div class='ocr_carea' id='block_1_41' title="bbox 355 3749 1942 3819">
    <p class='ocr_par' dir='ltr' id='par_1_41' title="bbox 355 3749 1942 3819">
     <span class='ocr_line' id='line_1_41' title="bbox 355 3749 1942 3819; baseline 0.006 -19"><span class='ocrx_word' id='word_1_254' title='bbox 355 3762 460 3800; x_wconf 88' lang='lat' dir='ltr'><strong>non</strong></span> <span class='ocrx_word' id='word_1_255' title='bbox 492 3749 622 3802; x_wconf 79' lang='lat' dir='ltr'><strong>estis</strong></span> <span class='ocrx_word' id='word_1_256' title='bbox 649 3767 659 3800; x_wconf 75' lang='grc' dir='ltr'>ε</span> <span class='ocrx_word' id='word_1_257' title='bbox 691 3749 784 3803; x_wconf 83' lang='lat' dir='ltr'><strong>sed</strong></span> <span class='ocrx_word' id='word_1_258' title='bbox 816 3751 876 3802; x_wconf 81' lang='lat' dir='ltr'><strong>iis</strong></span> <span class='ocrx_word' id='word_1_259' title='bbox 909 3750 998 3819; x_wconf 90' lang='lat' dir='ltr'><strong>qui</strong></span> <span class='ocrx_word' id='word_1_260' title='bbox 1031 3765 1266 3805; x_wconf 86' lang='lat' dir='ltr'><strong>u05tram</strong></span> <span class='ocrx_word' id='word_1_261' title='bbox 1296 3752 1532 3805; x_wconf 80' lang='lat' dir='ltr'><strong>incolunt</strong></span> <span class='ocrx_word' id='word_1_262' title='bbox 1560 3753 1744 3808; x_wconf 83' lang='lat' dir='ltr'><strong>urbem</strong></span> <span class='ocrx_word' id='word_1_263' title='bbox 1777 3755 1942 3809; x_wconf 89' lang='lat' dir='ltr'><strong>multo</strong></span> 
     </span>
    </p>
   </div>
   <div class='ocr_carea' id='block_1_42' title="bbox 355 3838 1940 3914">
    <p class='ocr_par' dir='ltr' id='par_1_42' title="bbox 355 3838 1940 3914">
     <span class='ocr_line' id='line_1_42' title="bbox 355 3838 1940 3914; baseline 0.004 -22"><span class='ocrx_word' id='word_1_264' title='bbox 355 3838 602 3892; x_wconf 73' lang='lat' dir='ltr'><strong>meliores</strong></span> <span class='ocrx_word' id='word_1_265' title='bbox 642 3841 798 3914; x_wconf 75' lang='lat' dir='ltr'><strong>eSIis.</strong></span> <span class='ocrx_word' id='word_1_266' title='bbox 833 3841 1105 3910; x_wconf 73' lang='lat' dir='ltr'><strong>Siquidem</strong></span> <span class='ocrx_word' id='word_1_267' title='bbox 1145 3857 1238 3896; x_wconf 85' lang='lat' dir='ltr'><strong>vos</strong></span> <span class='ocrx_word' id='word_1_268' title='bbox 1274 3845 1420 3896; x_wconf 81' lang='lat' dir='ltr'><strong>urbis</strong></span> <span class='ocrx_word' id='word_1_269' title='bbox 1459 3854 1616 3912; x_wconf 73' lang='lat' dir='ltr'><strong>caput</strong></span> <span class='ocrx_word' id='word_1_270' title='bbox 1655 3861 1718 3898; x_wconf 88' lang='lat' dir='ltr'><strong>ac</strong></span> <span class='ocrx_word' id='word_1_271' title='bbox 1760 3856 1940 3899; x_wconf 85' lang='lat' dir='ltr'><strong>vertex</strong></span> 
     </span>
    </p>
   </div>
   <div class='ocr_carea' id='block_1_43' title="bbox 364 3929 1938 4003">
    <p class='ocr_par' dir='ltr' id='par_1_43' title="bbox 364 3929 1938 4003">
     <span class='ocr_line' id='line_1_43' title="bbox 364 3929 1938 4003; baseline 0.006 -23"><span class='ocrx_word' id='word_1_272' title='bbox 364 3929 482 3980; x_wconf 55' lang='lat' dir='ltr'><strong>&quot;stis</strong></span> <span class='ocrx_word' id='word_1_273' title='bbox 511 3929 644 3980; x_wconf 67' lang='lat' dir='ltr'><strong>adeo</strong></span> <span class='ocrx_word' id='word_1_274' title='bbox 672 3931 832 3982; x_wconf 80' lang='lat' dir='ltr'><strong>erecti</strong></span> <span class='ocrx_word' id='word_1_275' title='bbox 865 3947 926 3984; x_wconf 90' lang='lat' dir='ltr'><strong>ac</strong></span> <span class='ocrx_word' id='word_1_276' title='bbox 971 3932 1187 4000; x_wconf 82' lang='lat' dir='ltr'><strong>vigiles,</strong></span> <span class='ocrx_word' id='word_1_277' title='bbox 1226 3943 1278 3988; x_wconf 90' lang='lat' dir='ltr'><strong>et</strong></span> <span class='ocrx_word' id='word_1_278' title='bbox 1304 3936 1392 4002; x_wconf 93' lang='lat' dir='ltr'><strong>qui</strong></span> <span class='ocrx_word' id='word_1_279' title='bbox 1425 3949 1484 3988; x_wconf 86' lang='lat' dir='ltr'><strong>ea</strong></span> <span class='ocrx_word' id='word_1_280' title='bbox 1523 3951 1641 4003; x_wconf 76' lang='lat' dir='ltr'><strong>qua.-</strong></span> <span class='ocrx_word' id='word_1_281' title='bbox 1669 3936 1938 4002; x_wconf 85' lang='lat' dir='ltr'><strong>dicuntur,</strong></span> 
     </span>
    </p>
   </div>
   <div class='ocr_carea' id='block_1_44' title="bbox 356 4019 1934 4086">
    <p class='ocr_par' dir='ltr' id='par_1_44' title="bbox 356 4019 1934 4086">
     <span class='ocr_line' id='line_1_44' title="bbox 356 4019 1934 4086; baseline 0.008 -21"><span class='ocrx_word' id='word_1_282' title='bbox 356 4025 608 4083; x_wconf 62' lang='lat' dir='ltr'><strong>&#39;ierpetuo</strong></span> <span class='ocrx_word' id='word_1_283' title='bbox 631 4019 873 4086; x_wconf 86' lang='lat' dir='ltr'><strong>persequi</strong></span> <span class='ocrx_word' id='word_1_284' title='bbox 904 4019 1140 4074; x_wconf 87' lang='lat' dir='ltr'><strong>studiose</strong></span> <span class='ocrx_word' id='word_1_285' title='bbox 1161 4021 1362 4075; x_wconf 88' lang='lat' dir='ltr'><strong>soletis.</strong></span> <span class='ocrx_word' id='word_1_286' title='bbox 1384 4021 1495 4077; x_wconf 92' lang='lat' dir='ltr'><strong>lloc</strong></span> <span class='ocrx_word' id='word_1_287' title='bbox 1517 4023 1645 4079; x_wconf 88' lang='lat' dir='ltr'><strong>mihi</strong></span> <span class='ocrx_word' id='word_1_288' title='bbox 1670 4023 1934 4078; x_wconf 86' lang='lat' dir='ltr'><strong>theatrum</strong></span> 
     </span>
    </p>
   </div>
   <div class='ocr_carea' id='block_1_45' title="bbox 353 4109 1935 4186">
    <p class='ocr_par' dir='ltr' id='par_1_45' title="bbox 353 4109 1935 4186">
     <span class='ocr_line' id='line_1_45' title="bbox 353 4109 1935 4186; baseline 0.008 -27"><span class='ocrx_word' id='word_1_289' title='bbox 353 4121 538 4175; x_wconf 84' lang='lat' dir='ltr'><strong>regum</strong></span> <span class='ocrx_word' id='word_1_290' title='bbox 567 4109 700 4162; x_wconf 89' lang='lat' dir='ltr'><strong>aulis</strong></span> <span class='ocrx_word' id='word_1_291' title='bbox 732 4118 814 4163; x_wconf 90' lang='lat' dir='ltr'><strong>est</strong></span> <span class='ocrx_word' id='word_1_292' title='bbox 849 4113 1142 4180; x_wconf 85' lang='lat' dir='ltr'><strong>angustius.</strong></span> <span class='ocrx_word' id='word_1_293' title='bbox 1173 4112 1305 4167; x_wconf 84' lang='lat' dir='ltr'><strong>Nam</strong></span> <span class='ocrx_word' id='word_1_294' title='bbox 1338 4114 1444 4169; x_wconf 87' lang='lat' dir='ltr'><strong>illic</strong></span> <span class='ocrx_word' id='word_1_295' title='bbox 1471 4115 1684 4182; x_wconf 84' lang='lat' dir='ltr'><strong>quidem</strong></span> <span class='ocrx_word' id='word_1_296' title='bbox 1722 4131 1780 4170; x_wconf 90' lang='lat' dir='ltr'><strong>ca</strong></span> <span class='ocrx_word' id='word_1_297' title='bbox 1817 4133 1935 4186; x_wconf 65' lang='lat' dir='ltr'><strong>quae</strong></span> 
     </span>
    </p>
   </div>
   <div class='ocr_carea' id='block_1_46' title="bbox 353 4201 1937 4283">
    <p class='ocr_par' dir='ltr' id='par_1_46' title="bbox 353 4201 1937 4283">
     <span class='ocr_line' id='line_1_46' title="bbox 353 4201 1937 4283; baseline 0.007 -32"><span class='ocrx_word' id='word_1_298' title='bbox 353 4201 806 4283; x_wconf 27' lang='lat' dir='ltr'><strong>tribuunturpuna</strong></span> <span class='ocrx_word' id='word_1_299' title='bbox 849 4219 972 4256; x_wconf 85' lang='lat' dir='ltr'><strong>cum</strong></span> <span class='ocrx_word' id='word_1_300' title='bbox 1007 4202 1106 4259; x_wconf 89' lang='lat' dir='ltr'><strong>hac</strong></span> <span class='ocrx_word' id='word_1_301' title='bbox 1136 4205 1238 4257; x_wconf 87' lang='lat' dir='ltr'><strong>vita</strong></span> <span class='ocrx_word' id='word_1_302' title='bbox 1281 4205 1555 4270; x_wconf 82' lang='lat' dir='ltr'><strong>finiuntur,</strong></span> <span class='ocrx_word' id='word_1_303' title='bbox 1584 4216 1635 4260; x_wconf 89' lang='lat' dir='ltr'><strong>et</strong></span> <span class='ocrx_word' id='word_1_304' title='bbox 1681 4209 1937 4262; x_wconf 91' lang='lat' dir='ltr'><strong>tumultus</strong></span> 
     </span>
    </p>
   </div>
   <div class='ocr_carea' id='block_1_47' title="bbox 357 4292 1939 4364">
    <p class='ocr_par' dir='ltr' id='par_1_47' title="bbox 357 4292 1939 4364">
     <span class='ocr_line' id='line_1_47' title="bbox 357 4292 1939 4364; baseline 0.004 -18"><span class='ocrx_word' id='word_1_305' title='bbox 357 4293 508 4361; x_wconf 82' lang='lat' dir='ltr'><strong>plena</strong></span> <span class='ocrx_word' id='word_1_306' title='bbox 539 4303 660 4346; x_wconf 90' lang='lat' dir='ltr'><strong>sunt</strong></span> <span class='ocrx_word' id='word_1_307' title='bbox 688 4307 750 4347; x_wconf 91' lang='lat' dir='ltr'><strong>ac</strong></span> <span class='ocrx_word' id='word_1_308' title='bbox 792 4292 961 4348; x_wconf 82' lang='lat' dir='ltr'><strong>tuibis</strong></span> <span class='ocrx_word' id='word_1_309' title='bbox 990 4295 1285 4349; x_wconf 83' lang='lat' dir='ltr'><strong>redundant</strong></span> <span class='ocrx_word' id='word_1_310' title='bbox 1315 4315 1328 4350; x_wconf 91' lang='lat'><strong>:</strong></span> <span class='ocrx_word' id='word_1_311' title='bbox 1359 4297 1443 4351; x_wconf 92' lang='lat' dir='ltr'><strong>hic</strong></span> <span class='ocrx_word' id='word_1_312' title='bbox 1467 4311 1594 4351; x_wconf 84' lang='lat' dir='ltr'><strong>vero</strong></span> <span class='ocrx_word' id='word_1_313' title='bbox 1638 4297 1768 4352; x_wconf 90' lang='lat' dir='ltr'><strong>nihil</strong></span> <span class='ocrx_word' id='word_1_314' title='bbox 1799 4299 1939 4364; x_wconf 90' lang='lat' dir='ltr'><strong>talc;</strong></span> 
     </span>
    </p>
   </div>
   <div class='ocr_carea' id='block_1_48' title="bbox 353 4385 1940 4457">
    <p class='ocr_par' dir='ltr' id='par_1_48' title="bbox 353 4385 1940 4457">
     <span class='ocr_line' id='line_1_48' title="bbox 353 4385 1940 4457; baseline 0.002 -19"><span class='ocrx_word' id='word_1_315' title='bbox 353 4385 446 4440; x_wconf 87' lang='lat' dir='ltr'><strong>sed</strong></span> <span class='ocrx_word' id='word_1_316' title='bbox 469 4394 521 4440; x_wconf 81' lang='lat' dir='ltr'><strong>e‘t</strong></span> <span class='ocrx_word' id='word_1_317' title='bbox 540 4387 801 4443; x_wconf 88' lang='lat' dir='ltr'><strong>securitas</strong></span> <span class='ocrx_word' id='word_1_318' title='bbox 822 4390 1014 4451; x_wconf 88' lang='lat' dir='ltr'><strong>omnis,</strong></span> <span class='ocrx_word' id='word_1_319' title='bbox 1041 4398 1093 4441; x_wconf 88' lang='lat' dir='ltr'><strong>et</strong></span> <span class='ocrx_word' id='word_1_320' title='bbox 1121 4387 1290 4441; x_wconf 90' lang='lat' dir='ltr'><strong>honor</strong></span> <span class='ocrx_word' id='word_1_321' title='bbox 1316 4404 1344 4442; x_wconf 90' lang='lat' dir='ltr'><strong>a</strong></span> <span class='ocrx_word' id='word_1_322' title='bbox 1374 4388 1539 4442; x_wconf 88' lang='lat' dir='ltr'><strong>turbis</strong></span> <span class='ocrx_word' id='word_1_323' title='bbox 1566 4389 1814 4443; x_wconf 84' lang='lat' dir='ltr'><strong>immunis</strong></span> <span class='ocrx_word' id='word_1_324' title='bbox 1836 4401 1940 4457; x_wconf 83' lang='lat' dir='ltr'><strong>est,</strong></span> 
     </span>
    </p>
   </div>
   <div class='ocr_carea' id='block_1_49' title="bbox 353 4481 1942 4551">
    <p class='ocr_par' dir='ltr' id='par_1_49' title="bbox 353 4481 1942 4551">
     <span class='ocr_line' id='line_1_49' title="bbox 353 4481 1942 4551; baseline 0.004 -20"><span class='ocrx_word' id='word_1_325' title='bbox 353 4485 409 4532; x_wconf 82' lang='lat' dir='ltr'><strong>et</strong></span> <span class='ocrx_word' id='word_1_326' title='bbox 431 4481 765 4547; x_wconf 80' lang='lat' dir='ltr'><strong>magistratus</strong></span> <span class='ocrx_word' id='word_1_327' title='bbox 787 4481 873 4550; x_wconf 87' lang='lat' dir='ltr'><strong>qui</strong></span> <span class='ocrx_word' id='word_1_328' title='bbox 907 4497 1189 4551; x_wconf 88' lang='lat' dir='ltr'><strong>numquam</strong></span> <span class='ocrx_word' id='word_1_329' title='bbox 1219 4481 1491 4541; x_wconf 81' lang='lat' dir='ltr'><strong>finiuntur.</strong></span> <span class='ocrx_word' id='word_1_330' title='bbox 1517 4497 1616 4536; x_wconf 76' lang='lat' dir='ltr'><strong>nt-c</strong></span> <span class='ocrx_word' id='word_1_331' title='bbox 1637 4483 1746 4550; x_wconf 86' lang='lat' dir='ltr'><strong>ipsa</strong></span> <span class='ocrx_word' id='word_1_332' title='bbox 1772 4493 1942 4538; x_wconf 87' lang='lat' dir='ltr'><strong>morte</strong></span> 
     </span>
    </p>
   </div>
   <div class='ocr_carea' id='block_1_50' title="bbox 354 4568 1944 4642">
    <p class='ocr_par' dir='ltr' id='par_1_50' title="bbox 354 4568 1944 4642">
     <span class='ocr_line' id='line_1_50' title="bbox 354 4568 1944 4642; baseline 0.002 -19"><span class='ocrx_word' id='word_1_333' title='bbox 354 4568 830 4640; x_wconf 86' lang='lat' dir='ltr'><strong>iutcrrumpuntur,</strong></span> <span class='ocrx_word' id='word_1_334' title='bbox 853 4573 946 4627; x_wconf 88' lang='lat' dir='ltr'><strong>sed</strong></span> <span class='ocrx_word' id='word_1_335' title='bbox 970 4582 1078 4626; x_wconf 91' lang='lat' dir='ltr'><strong>tum</strong></span> <span class='ocrx_word' id='word_1_336' title='bbox 1106 4575 1361 4642; x_wconf 90' lang='lat' dir='ltr'><strong>temporis</strong></span> <span class='ocrx_word' id='word_1_337' title='bbox 1394 4575 1612 4628; x_wconf 77' lang='lat' dir='ltr'><strong>tutiores</strong></span> <span class='ocrx_word' id='word_1_338' title='bbox 1635 4575 1783 4628; x_wconf 86' lang='lat' dir='ltr'><strong>fiunt.</strong></span> <span class='ocrx_word' id='word_1_339' title='bbox 1808 4575 1944 4629; x_wconf 80' lang='lat' dir='ltr'><strong>Nolo</strong></span> 
     </span>
    </p>
   </div>
   <div class='ocr_carea' id='block_1_51' title="bbox 354 4663 1944 4734">
    <p class='ocr_par' dir='ltr' id='par_1_51' title="bbox 354 4663 1944 4734">
     <span class='ocr_line' id='line_1_51' title="bbox 354 4663 1944 4734; baseline 0.003 -18"><span class='ocrx_word' id='word_1_340' title='bbox 354 4664 496 4716; x_wconf 88' lang='lat' dir='ltr'><strong>enim</strong></span> <span class='ocrx_word' id='word_1_341' title='bbox 529 4663 656 4717; x_wconf 88' lang='lat' dir='ltr'><strong>mihi</strong></span> <span class='ocrx_word' id='word_1_342' title='bbox 679 4678 1070 4718; x_wconf 76' lang='lat' dir='ltr'><strong>commemores</strong></span> <span class='ocrx_word' id='word_1_343' title='bbox 1096 4680 1215 4718; x_wconf 90' lang='lat' dir='ltr'><strong>eum</strong></span> <span class='ocrx_word' id='word_1_344' title='bbox 1239 4666 1326 4734; x_wconf 86' lang='lat' dir='ltr'><strong>qui</strong></span> <span class='ocrx_word' id='word_1_345' title='bbox 1360 4665 1540 4718; x_wconf 85' lang='lat' dir='ltr'><strong>sedeat</strong></span> <span class='ocrx_word' id='word_1_346' title='bbox 1578 4664 1629 4718; x_wconf 90' lang='lat' dir='ltr'><strong>in</strong></span> <span class='ocrx_word' id='word_1_347' title='bbox 1652 4681 1830 4730; x_wconf 91' lang='lat' dir='ltr'><strong>curru,</strong></span> <span class='ocrx_word' id='word_1_348' title='bbox 1863 4682 1944 4720; x_wconf 89' lang='lat' dir='ltr'><strong>su-</strong></span> 
     </span>
    </p>
   </div>
   <div class='ocr_carea' id='block_1_52' title="bbox 355 4754 1940 4825">
    <p class='ocr_par' dir='ltr' id='par_1_52' title="bbox 355 4754 1940 4825">
     <span class='ocr_line' id='line_1_52' title="bbox 355 4754 1940 4825; baseline 0.002 -17"><span class='ocrx_word' id='word_1_349' title='bbox 355 4754 570 4822; x_wconf 83' lang='lat' dir='ltr'><strong>percilia</strong></span> <span class='ocrx_word' id='word_1_350' title='bbox 598 4755 824 4821; x_wconf 87' lang='lat' dir='ltr'><strong>attollat,</strong></span> <span class='ocrx_word' id='word_1_351' title='bbox 856 4757 1126 4824; x_wconf 85' lang='lat' dir='ltr'><strong>multoque</strong></span> <span class='ocrx_word' id='word_1_352' title='bbox 1156 4756 1222 4808; x_wconf 89' lang='lat' dir='ltr'><strong>sit</strong></span> <span class='ocrx_word' id='word_1_353' title='bbox 1244 4756 1494 4810; x_wconf 82' lang='lat' dir='ltr'><strong>satellitio</strong></span> <span class='ocrx_word' id='word_1_354' title='bbox 1511 4757 1736 4821; x_wconf 86' lang='lat' dir='ltr'><strong>cinctus,</strong></span> <span class='ocrx_word' id='word_1_355' title='bbox 1766 4773 1940 4825; x_wconf 80' lang='lat' dir='ltr'><strong>neque</strong></span> 
     </span>
    </p>
   </div>
   <div class='ocr_carea' id='block_1_53' title="bbox 355 4845 1937 4916">
    <p class='ocr_par' dir='ltr' id='par_1_53' title="bbox 355 4845 1937 4916">
     <span class='ocr_line' id='line_1_53' title="bbox 355 4845 1937 4916; baseline 0.004 -20"><span class='ocrx_word' id='word_1_356' title='bbox 355 4845 624 4914; x_wconf 84' lang='lat' dir='ltr'><strong>cingulum</strong></span> <span class='ocrx_word' id='word_1_357' title='bbox 655 4854 709 4899; x_wconf 92' lang='lat' dir='ltr'><strong>et</strong></span> <span class='ocrx_word' id='word_1_358' title='bbox 737 4861 920 4901; x_wconf 86' lang='lat' dir='ltr'><strong>vocem</strong></span> <span class='ocrx_word' id='word_1_359' title='bbox 950 4847 1243 4915; x_wconf 67' lang='lat' dir='ltr'><strong>pricconis:</strong></span> <span class='ocrx_word' id='word_1_360' title='bbox 1275 4846 1400 4900; x_wconf 78' lang='lat' dir='ltr'><strong>nolo</strong></span> <span class='ocrx_word' id='word_1_361' title='bbox 1423 4847 1551 4900; x_wconf 88' lang='lat' dir='ltr'><strong>mihi</strong></span> <span class='ocrx_word' id='word_1_362' title='bbox 1575 4849 1937 4916; x_wconf 88' lang='lat' dir='ltr'><strong>magistratum</strong></span> 
     </span>
    </p>
   </div>
   <div class='ocr_carea' id='block_1_54' title="bbox 354 4934 1943 5005">
    <p class='ocr_par' dir='ltr' id='par_1_54' title="bbox 354 4934 1943 5005">
     <span class='ocr_line' id='line_1_54' title="bbox 354 4934 1943 5005; baseline 0.004 -17"><span class='ocrx_word' id='word_1_363' title='bbox 354 4934 478 4990; x_wconf 83' lang='lat' dir='ltr'><strong>inde</strong></span> <span class='ocrx_word' id='word_1_364' title='bbox 507 4936 753 5005; x_wconf 80' lang='lat' dir='ltr'><strong>designes</strong></span> <span class='ocrx_word' id='word_1_365' title='bbox 783 4957 796 4991; x_wconf 85' lang='lat'><strong>:</strong></span> <span class='ocrx_word' id='word_1_366' title='bbox 829 4937 920 4991; x_wconf 61' lang='lat' dir='ltr'><strong>sal</strong></span> <span class='ocrx_word' id='word_1_367' title='bbox 967 4938 1035 4991; x_wconf 89' lang='lat' dir='ltr'><strong>ab</strong></span> <span class='ocrx_word' id='word_1_368' title='bbox 1072 4939 1232 4992; x_wconf 89' lang='lat' dir='ltr'><strong>anitni</strong></span> <span class='ocrx_word' id='word_1_369' title='bbox 1273 4947 1433 5003; x_wconf 86' lang='lat' dir='ltr'><strong>statu,</strong></span> <span class='ocrx_word' id='word_1_370' title='bbox 1458 4940 1500 4992; x_wconf 89' lang='lat' dir='ltr'><strong>si</strong></span> <span class='ocrx_word' id='word_1_371' title='bbox 1527 4939 1807 4995; x_wconf 68' lang='lat' dir='ltr'><strong>affectibus</strong></span> <span class='ocrx_word' id='word_1_372' title='bbox 1845 4942 1943 4995; x_wconf 91' lang='lat' dir='ltr'><strong>im-</strong></span> 
     </span>
    </p>
   </div>
   <div class='ocr_carea' id='block_1_55' title="bbox 353 5027 1946 5101">
    <p class='ocr_par' dir='ltr' id='par_1_55' title="bbox 353 5027 1946 5101">
     <span class='ocr_line' id='line_1_55' title="bbox 353 5027 1946 5101; baseline 0.003 -21"><span class='ocrx_word' id='word_1_373' title='bbox 353 5036 527 5095; x_wconf 84' lang='lat' dir='ltr'><strong>peret,</strong></span> <span class='ocrx_word' id='word_1_374' title='bbox 559 5027 601 5081; x_wconf 89' lang='lat' dir='ltr'><strong>si</strong></span> <span class='ocrx_word' id='word_1_375' title='bbox 638 5029 763 5082; x_wconf 91' lang='lat' dir='ltr'><strong>vitia</strong></span> <span class='ocrx_word' id='word_1_376' title='bbox 803 5031 1029 5094; x_wconf 76' lang='lat' dir='ltr'><strong>subigat.</strong></span> <span class='ocrx_word' id='word_1_377' title='bbox 1061 5029 1325 5094; x_wconf 83' lang='lat' dir='ltr'><strong>videlicet,</strong></span> <span class='ocrx_word' id='word_1_378' title='bbox 1375 5031 1420 5084; x_wconf 90' lang='lat' dir='ltr'><strong>si</strong></span> <span class='ocrx_word' id='word_1_379' title='bbox 1463 5031 1764 5086; x_wconf 86' lang='lat' dir='ltr'><strong>divitiarum</strong></span> <span class='ocrx_word' id='word_1_380' title='bbox 1803 5033 1946 5101; x_wconf 88' lang='lat' dir='ltr'><strong>cupi-</strong></span> 
     </span>
    </p>
   </div>
   <div class='ocr_carea' id='block_1_56' title="bbox 355 5118 1942 5191">
    <p class='ocr_par' dir='ltr' id='par_1_56' title="bbox 355 5118 1942 5191">
     <span class='ocr_line' id='line_1_56' title="bbox 355 5118 1942 5191; baseline 0.004 -20"><span class='ocrx_word' id='word_1_381' title='bbox 355 5119 505 5172; x_wconf 89' lang='lat' dir='ltr'><strong>ditati</strong></span> <span class='ocrx_word' id='word_1_382' title='bbox 535 5118 859 5184; x_wconf 89' lang='lat' dir='ltr'><strong>dominetur,</strong></span> <span class='ocrx_word' id='word_1_383' title='bbox 903 5122 945 5175; x_wconf 93' lang='lat' dir='ltr'><strong>si</strong></span> <span class='ocrx_word' id='word_1_384' title='bbox 982 5137 1262 5191; x_wconf 88' lang='lat' dir='ltr'><strong>corporum</strong></span> <span class='ocrx_word' id='word_1_385' title='bbox 1306 5122 1678 5190; x_wconf 79' lang='lat' dir='ltr'><strong>inexplebilem</strong></span> <span class='ocrx_word' id='word_1_386' title='bbox 1705 5138 1942 5178; x_wconf 89' lang='lat' dir='ltr'><strong>amorem</strong></span> 
     </span>
    </p>
   </div>
   <div class='ocr_carea' id='block_1_57' title="bbox 354 5209 1943 5280">
    <p class='ocr_par' dir='ltr' id='par_1_57' title="bbox 354 5209 1943 5280">
     <span class='ocr_line' id='line_1_57' title="bbox 354 5209 1943 5280; baseline 0.003 -17"><span class='ocrx_word' id='word_1_387' title='bbox 354 5209 647 5279; x_wconf 88' lang='lat' dir='ltr'><strong>subegerit,</strong></span> <span class='ocrx_word' id='word_1_388' title='bbox 665 5210 709 5264; x_wconf 89' lang='lat' dir='ltr'><strong>si</strong></span> <span class='ocrx_word' id='word_1_389' title='bbox 737 5226 842 5264; x_wconf 88' lang='lat' dir='ltr'><strong>non</strong></span> <span class='ocrx_word' id='word_1_390' title='bbox 870 5210 1066 5267; x_wconf 66' lang='lat' dir='ltr'><strong>invidia</strong></span> <span class='ocrx_word' id='word_1_391' title='bbox 1089 5212 1404 5275; x_wconf 87' lang='lat' dir='ltr'><strong>tabescat,si</strong></span> <span class='ocrx_word' id='word_1_392' title='bbox 1431 5229 1535 5270; x_wconf 91' lang='lat' dir='ltr'><strong>non</strong></span> <span class='ocrx_word' id='word_1_393' title='bbox 1564 5213 1736 5267; x_wconf 90' lang='lat' dir='ltr'><strong>inanis</strong></span> <span class='ocrx_word' id='word_1_394' title='bbox 1761 5213 1943 5280; x_wconf 65' lang='lat' dir='ltr'><strong>gloriae</strong></span> 
     </span>
    </p>
   </div>
   <div class='ocr_carea' id='block_1_58' title="bbox 354 5299 1945 5372">
    <p class='ocr_par' dir='ltr' id='par_1_58' title="bbox 354 5299 1945 5372">
     <span class='ocr_line' id='line_1_58' title="bbox 354 5299 1945 5372; baseline 0.003 -19"><span class='ocrx_word' id='word_1_395' title='bbox 354 5299 758 5368; x_wconf 78' lang='lat' dir='ltr'><strong>perturbatione</strong></span> <span class='ocrx_word' id='word_1_396' title='bbox 798 5301 1142 5366; x_wconf 84' lang='lat' dir='ltr'><strong>distrahatur,</strong></span> <span class='ocrx_word' id='word_1_397' title='bbox 1189 5303 1232 5356; x_wconf 90' lang='lat' dir='ltr'><strong>si</strong></span> <span class='ocrx_word' id='word_1_398' title='bbox 1273 5314 1565 5372; x_wconf 80' lang='lat' dir='ltr'><strong>egestatem</strong></span> <span class='ocrx_word' id='word_1_399' title='bbox 1607 5318 1713 5357; x_wconf 92' lang='lat' dir='ltr'><strong>non</strong></span> <span class='ocrx_word' id='word_1_400' title='bbox 1745 5312 1945 5365; x_wconf 82' lang='lat' dir='ltr'><strong>metuat</strong></span> 
     </span>
    </p>
   </div>
   <div class='ocr_carea' id='block_1_59' title="bbox 355 5393 1943 5460">
    <p class='ocr_par' dir='ltr' id='par_1_59' title="bbox 355 5393 1943 5460">
     <span class='ocr_line' id='line_1_59' title="bbox 355 5393 1943 5460; baseline 0.004 -19"><span class='ocrx_word' id='word_1_401' title='bbox 355 5401 407 5441; x_wconf 88' lang='lat' dir='ltr'><strong>et</strong></span> <span class='ocrx_word' id='word_1_402' title='bbox 435 5400 642 5454; x_wconf 87' lang='lat' dir='ltr'><strong>tremat,</strong></span> <span class='ocrx_word' id='word_1_403' title='bbox 677 5393 721 5447; x_wconf 91' lang='lat' dir='ltr'><strong>si</strong></span> <span class='ocrx_word' id='word_1_404' title='bbox 753 5407 855 5444; x_wconf 81' lang='lat' dir='ltr'><strong>non</strong></span> <span class='ocrx_word' id='word_1_405' title='bbox 900 5393 951 5446; x_wconf 92' lang='lat' dir='ltr'><strong>in</strong></span> <span class='ocrx_word' id='word_1_406' title='bbox 991 5395 1224 5448; x_wconf 87' lang='lat' dir='ltr'><strong>deterius</strong></span> <span class='ocrx_word' id='word_1_407' title='bbox 1264 5398 1635 5460; x_wconf 84' lang='lat' dir='ltr'><strong>mutationem,</strong></span> <span class='ocrx_word' id='word_1_408' title='bbox 1671 5395 1714 5448; x_wconf 92' lang='lat' dir='ltr'><strong>si</strong></span> <span class='ocrx_word' id='word_1_409' title='bbox 1743 5393 1844 5450; x_wconf 91' lang='lat' dir='ltr'><strong>hoc</strong></span> <span class='ocrx_word' id='word_1_410' title='bbox 1876 5395 1943 5448; x_wconf 82' lang='lat' dir='ltr'><strong>ti-</strong></span> 
     </span>
    </p>
   </div>
   <div class='ocr_carea' id='block_1_60' title="bbox 355 5483 1941 5554">
    <p class='ocr_par' dir='ltr' id='par_1_60' title="bbox 355 5483 1941 5554">
     <span class='ocr_line' id='line_1_60' title="bbox 355 5483 1941 5554; baseline 0.005 -22"><span class='ocrx_word' id='word_1_411' title='bbox 355 5497 507 5536; x_wconf 86' lang='lat' dir='ltr'><strong>more</strong></span> <span class='ocrx_word' id='word_1_412' title='bbox 535 5498 638 5536; x_wconf 91' lang='lat' dir='ltr'><strong>non</strong></span> <span class='ocrx_word' id='word_1_413' title='bbox 667 5483 1019 5537; x_wconf 77' lang='lat' dir='ltr'><strong>exanimetur.</strong></span> <span class='ocrx_word' id='word_1_414' title='bbox 1050 5484 1234 5540; x_wconf 88' lang='lat' dir='ltr'><strong>Talem</strong></span> <span class='ocrx_word' id='word_1_415' title='bbox 1267 5483 1398 5543; x_wconf 89' lang='lat' dir='ltr'><strong>mihi</strong></span> <span class='ocrx_word' id='word_1_416' title='bbox 1439 5485 1806 5554; x_wconf 83' lang='lat' dir='ltr'><strong>magistratum</strong></span> <span class='ocrx_word' id='word_1_417' title='bbox 1851 5500 1941 5540; x_wconf 91' lang='lat' dir='ltr'><strong>os-</strong></span> 
     </span>
    </p>
   </div>
   <div class='ocr_carea' id='block_1_61' title="bbox 356 5572 1941 5646">
    <p class='ocr_par' dir='ltr' id='par_1_61' title="bbox 356 5572 1941 5646">
     <span class='ocr_line' id='line_1_61' title="bbox 356 5572 1941 5646; baseline 0.004 -19"><span class='ocrx_word' id='word_1_418' title='bbox 356 5572 515 5627; x_wconf 73' lang='lat' dir='ltr'><strong>tende</strong></span> <span class='ocrx_word' id='word_1_419' title='bbox 558 5573 703 5628; x_wconf 85' lang='lat' dir='ltr'><strong>:hoc</strong></span> <span class='ocrx_word' id='word_1_420' title='bbox 746 5573 889 5627; x_wconf 89' lang='lat' dir='ltr'><strong>enim</strong></span> <span class='ocrx_word' id='word_1_421' title='bbox 931 5585 1014 5629; x_wconf 88' lang='lat' dir='ltr'><strong>est</strong></span> <span class='ocrx_word' id='word_1_422' title='bbox 1049 5591 1234 5645; x_wconf 80' lang='lat' dir='ltr'><strong>gerere</strong></span> <span class='ocrx_word' id='word_1_423' title='bbox 1278 5575 1668 5646; x_wconf 81' lang='lat' dir='ltr'><strong>magistratum.</strong></span> <span class='ocrx_word' id='word_1_424' title='bbox 1711 5576 1862 5645; x_wconf 86' lang='lat' dir='ltr'><strong>Quod</strong></span> <span class='ocrx_word' id='word_1_425' title='bbox 1897 5579 1941 5633; x_wconf 93' lang='lat' dir='ltr'><strong>si</strong></span> 
     </span>
    </p>
   </div>
   <div class='ocr_carea' id='block_1_62' title="bbox 419 5685 1672 5754">
    <p class='ocr_par' dir='ltr' id='par_1_62' title="bbox 419 5685 1672 5754">
     <span class='ocr_line' id='line_1_62' title="bbox 419 5685 1672 5754; baseline -0.001 -16"><span class='ocrx_word' id='word_1_426' title='bbox 419 5685 491 5743; x_wconf 74' lang='lat' dir='ltr'><strong>(tu</strong></span> <span class='ocrx_word' id='word_1_427' title='bbox 525 5685 702 5739; x_wconf 71' lang='lat' dir='ltr'><strong>collata</strong></span> <span class='ocrx_word' id='word_1_428' title='bbox 719 5700 834 5741; x_wconf 70' lang='lat' dir='ltr'><strong>etim</strong></span> <span class='ocrx_word' id='word_1_429' title='bbox 855 5695 963 5740; x_wconf 74' lang='lat' dir='ltr'><strong>Mss.</strong></span> <span class='ocrx_word' id='word_1_430' title='bbox 988 5695 1105 5754; x_wconf 70' lang='lat' dir='ltr'><strong>Heg.</strong></span> <span class='ocrx_word' id='word_1_431' title='bbox 1130 5689 1269 5749; x_wconf 70' lang='grc' dir='ltr'><strong>ιθτι,</strong></span> <span class='ocrx_word' id='word_1_432' title='bbox 1298 5694 1351 5740; x_wconf 85' lang='lat' dir='ltr'><strong>et</strong></span> <span class='ocrx_word' id='word_1_433' title='bbox 1373 5687 1503 5739; x_wconf 69' lang='grc' dir='ltr'><strong>σου).</strong></span> <span class='ocrx_word' id='word_1_434' title='bbox 1530 5688 1672 5739; x_wconf 75' lang='lat'><strong>3058.</strong></span> 
     </span>
    </p>
   </div>
   <div class='ocr_carea' id='block_1_63' title="bbox 1940 2335 2084 2390">
    <p class='ocr_par' dir='ltr' id='par_1_63' title="bbox 1940 2335 2084 2390">
     <span class='ocr_line' id='line_1_63' title="bbox 1940 2335 2084 2390; baseline -0.021 -7"><span class='ocrx_word' id='word_1_435' title='bbox 1940 2335 2084 2390; x_wconf 64' lang='grc' dir='ltr'>οξξΞο</span> 
     </span>
    </p>
   </div>
   <div class='ocr_carea' id='block_1_64' title="bbox 2087 2357 2393 2370">
    <p class='ocr_par' dir='ltr' id='par_1_64' title="bbox 2087 2357 2393 2370">
     <span class='ocr_line' id='line_1_64' title="bbox 2087 2357 2393 2370; baseline -0.003 -3"><span class='ocrx_word' id='word_1_436' title='bbox 2087 2357 2393 2370; x_wconf 70' lang='lat'><strong>—_</strong></span> 
     </span>
    </p>
   </div>
   <div class='ocr_carea' id='block_1_65' title="bbox 2051 2445 3645 2524">
    <p class='ocr_par' dir='ltr' id='par_1_65' title="bbox 2051 2445 3645 2524">
     <span class='ocr_line' id='line_1_65' title="bbox 2051 2445 3645 2524; baseline -0.01 -13"><span class='ocrx_word' id='word_1_437' title='bbox 2051 2455 2357 2511; x_wconf 91' lang='lat' dir='ltr'><strong>hominibus</strong></span> <span class='ocrx_word' id='word_1_438' title='bbox 2382 2453 2594 2524; x_wconf 89' lang='lat' dir='ltr'><strong>quidem</strong></span> <span class='ocrx_word' id='word_1_439' title='bbox 2637 2453 2881 2522; x_wconf 84' lang='lat' dir='ltr'><strong>imperet,</strong></span> <span class='ocrx_word' id='word_1_440' title='bbox 2915 2447 3007 2504; x_wconf 87' lang='lat' dir='ltr'><strong>sed</strong></span> <span class='ocrx_word' id='word_1_441' title='bbox 3035 2445 3313 2502; x_wconf 78' lang='lat' dir='ltr'><strong>achctibus</strong></span> <span class='ocrx_word' id='word_1_442' title='bbox 3341 2445 3500 2498; x_wconf 90' lang='lat' dir='ltr'><strong>animi</strong></span> <span class='ocrx_word' id='word_1_443' title='bbox 3522 2459 3645 2496; x_wconf 80' lang='lat' dir='ltr'><strong>ser-</strong></span> 
     </span>
    </p>
   </div>
   <div class='ocr_carea' id='block_1_66' title="bbox 2046 2536 3644 2615">
    <p class='ocr_par' dir='ltr' id='par_1_66' title="bbox 2046 2536 3644 2615">
     <span class='ocr_line' id='line_1_66' title="bbox 2046 2536 3644 2615; baseline -0.008 -14"><span class='ocrx_word' id='word_1_444' title='bbox 2046 2549 2172 2611; x_wconf 86' lang='lat' dir='ltr'><strong>viat,</strong></span> <span class='ocrx_word' id='word_1_445' title='bbox 2215 2545 2358 2600; x_wconf 91' lang='lat' dir='ltr'><strong>hunc</strong></span> <span class='ocrx_word' id='word_1_446' title='bbox 2407 2561 2506 2615; x_wconf 88' lang='lat' dir='ltr'><strong>ego</strong></span> <span class='ocrx_word' id='word_1_447' title='bbox 2549 2543 2775 2599; x_wconf 80' lang='lat' dir='ltr'><strong>dixerim</strong></span> <span class='ocrx_word' id='word_1_448' title='bbox 2825 2542 2944 2612; x_wconf 89' lang='lat' dir='ltr'><strong>plus</strong></span> <span class='ocrx_word' id='word_1_449' title='bbox 2973 2556 3130 2611; x_wconf 88' lang='lat' dir='ltr'><strong>quam</strong></span> <span class='ocrx_word' id='word_1_450' title='bbox 3163 2553 3350 2592; x_wconf 88' lang='lat' dir='ltr'><strong>onmes</strong></span> <span class='ocrx_word' id='word_1_451' title='bbox 3394 2536 3644 2590; x_wconf 83' lang='lat' dir='ltr'><strong>homines</strong></span> 
     </span>
    </p>
   </div>
   <div class='ocr_carea' id='block_1_67' title="bbox 2044 2626 3644 2702">
    <p class='ocr_par' dir='ltr' id='par_1_67' title="bbox 2044 2626 3644 2702">
     <span class='ocr_line' id='line_1_67' title="bbox 2044 2626 3644 2702; baseline -0.009 -7"><span class='ocrx_word' id='word_1_452' title='bbox 2044 2655 2165 2694; x_wconf 88' lang='lat' dir='ltr'><strong>esse</strong></span> <span class='ocrx_word' id='word_1_453' title='bbox 2193 2639 2435 2693; x_wconf 88' lang='lat' dir='ltr'><strong>servituti</strong></span> <span class='ocrx_word' id='word_1_454' title='bbox 2475 2637 2786 2689; x_wconf 83' lang='lat' dir='ltr'><strong>obnoxium.</strong></span> <span class='ocrx_word' id='word_1_455' title='bbox 2835 2630 3392 2702; x_wconf 80' lang='lat' dir='ltr'><strong>thuemadmodum</strong></span> <span class='ocrx_word' id='word_1_456' title='bbox 3423 2628 3507 2698; x_wconf 88' lang='lat' dir='ltr'><strong>qui</strong></span> <span class='ocrx_word' id='word_1_457' title='bbox 3560 2626 3644 2680; x_wconf 89' lang='lat' dir='ltr'><strong>fe-</strong></span> 
     </span>
    </p>
   </div>
   <div class='ocr_carea' id='block_1_68' title="bbox 2046 2721 3644 2786">
    <p class='ocr_par' dir='ltr' id='par_1_68' title="bbox 2046 2721 3644 2786">
     <span class='ocr_line' id='line_1_68' title="bbox 2046 2721 3644 2786; baseline -0.011 0"><span class='ocrx_word' id='word_1_458' title='bbox 2046 2732 2182 2786; x_wconf 91' lang='lat' dir='ltr'><strong>brim</strong></span> <span class='ocrx_word' id='word_1_459' title='bbox 2213 2731 2407 2785; x_wconf 90' lang='lat' dir='ltr'><strong>habeat</strong></span> <span class='ocrx_word' id='word_1_460' title='bbox 2441 2727 2732 2784; x_wconf 88' lang='lat' dir='ltr'><strong>visceribus</strong></span> <span class='ocrx_word' id='word_1_461' title='bbox 2758 2741 2820 2780; x_wconf 91' lang='lat' dir='ltr'><strong>ac</strong></span> <span class='ocrx_word' id='word_1_462' title='bbox 2851 2725 3004 2779; x_wconf 84' lang='lat' dir='ltr'><strong>venis</strong></span> <span class='ocrx_word' id='word_1_463' title='bbox 3051 2723 3194 2776; x_wconf 90' lang='lat' dir='ltr'><strong>intus</strong></span> <span class='ocrx_word' id='word_1_464' title='bbox 3241 2721 3520 2780; x_wconf 81' lang='lat' dir='ltr'><strong>inclusam,</strong></span> <span class='ocrx_word' id='word_1_465' title='bbox 3557 2728 3644 2770; x_wconf 81' lang='lat' dir='ltr'><strong>ta-</strong></span> 
     </span>
    </p>
   </div>
   <div class='ocr_carea' id='block_1_69' title="bbox 2049 2809 3644 2891">
    <p class='ocr_par' dir='ltr' id='par_1_69' title="bbox 2049 2809 3644 2891">
     <span class='ocr_line' id='line_1_69' title="bbox 2049 2809 3644 2891; baseline -0.011 -12"><span class='ocrx_word' id='word_1_466' title='bbox 2049 2825 2201 2879; x_wconf 87' lang='lat' dir='ltr'><strong>metsi</strong></span> <span class='ocrx_word' id='word_1_467' title='bbox 2231 2823 2360 2877; x_wconf 90' lang='lat' dir='ltr'><strong>nihil</strong></span> <span class='ocrx_word' id='word_1_468' title='bbox 2386 2823 2488 2876; x_wconf 91' lang='lat' dir='ltr'><strong>tale</strong></span> <span class='ocrx_word' id='word_1_469' title='bbox 2518 2821 2724 2891; x_wconf 87' lang='lat' dir='ltr'><strong>species</strong></span> <span class='ocrx_word' id='word_1_470' title='bbox 2752 2819 2992 2887; x_wconf 89' lang='lat' dir='ltr'><strong>corporis</strong></span> <span class='ocrx_word' id='word_1_471' title='bbox 3012 2825 3231 2870; x_wconf 78' lang='lat' dir='ltr'><strong>externa</strong></span> <span class='ocrx_word' id='word_1_472' title='bbox 3259 2828 3368 2883; x_wconf 61' lang='lat' dir='ltr'><strong>prie</strong></span> <span class='ocrx_word' id='word_1_473' title='bbox 3398 2827 3455 2866; x_wconf 90' lang='lat' dir='ltr'><strong>se</strong></span> <span class='ocrx_word' id='word_1_474' title='bbox 3483 2809 3644 2872; x_wconf 82' lang='lat' dir='ltr'><strong>ferat,</strong></span> 
     </span>
    </p>
   </div>
   <div class='ocr_carea' id='block_1_70' title="bbox 2051 2902 3643 2978">
    <p class='ocr_par' dir='ltr' id='par_1_70' title="bbox 2051 2902 3643 2978">
     <span class='ocr_line' id='line_1_70' title="bbox 2051 2902 3643 2978; baseline -0.013 -6"><span class='ocrx_word' id='word_1_475' title='bbox 2051 2918 2270 2972; x_wconf 90' lang='lat' dir='ltr'><strong>omnino</strong></span> <span class='ocrx_word' id='word_1_476' title='bbox 2291 2915 2439 2970; x_wconf 86' lang='lat' dir='ltr'><strong>febre</strong></span> <span class='ocrx_word' id='word_1_477' title='bbox 2470 2913 2700 2968; x_wconf 87' lang='lat' dir='ltr'><strong>maxime</strong></span> <span class='ocrx_word' id='word_1_478' title='bbox 2727 2919 3031 2978; x_wconf 88' lang='lat' dir='ltr'><strong>correptum</strong></span> <span class='ocrx_word' id='word_1_479' title='bbox 3063 2916 3307 2962; x_wconf 83' lang='lat' dir='ltr'><strong>asserem</strong></span> <span class='ocrx_word' id='word_1_480' title='bbox 3338 2902 3548 2964; x_wconf 89' lang='lat' dir='ltr'><strong>medici,</strong></span> <span class='ocrx_word' id='word_1_481' title='bbox 3573 2902 3643 2952; x_wconf 88' lang='lat' dir='ltr'><strong>li-</strong></span> 
     </span>
    </p>
   </div>
   <div class='ocr_carea' id='block_1_71' title="bbox 2047 2993 3647 3078">
    <p class='ocr_par' dir='ltr' id='par_1_71' title="bbox 2047 2993 3647 3078">
     <span class='ocr_line' id='line_1_71' title="bbox 2047 2993 3647 3078; baseline -0.011 -14"><span class='ocrx_word' id='word_1_482' title='bbox 2047 3019 2133 3063; x_wconf 89' lang='lat' dir='ltr'><strong>cet</strong></span> <span class='ocrx_word' id='word_1_483' title='bbox 2159 3009 2404 3078; x_wconf 85' lang='lat' dir='ltr'><strong>ignorent</strong></span> <span class='ocrx_word' id='word_1_484' title='bbox 2446 3005 2676 3074; x_wconf 88' lang='lat' dir='ltr'><strong>imperiti</strong></span> <span class='ocrx_word' id='word_1_485' title='bbox 2724 3021 2736 3057; x_wconf 93' lang='lat'>:</span> <span class='ocrx_word' id='word_1_486' title='bbox 2777 3003 2857 3056; x_wconf 92' lang='lat' dir='ltr'><strong>sic</strong></span> <span class='ocrx_word' id='word_1_487' title='bbox 2883 3012 2936 3056; x_wconf 87' lang='lat' dir='ltr'><strong>et</strong></span> <span class='ocrx_word' id='word_1_488' title='bbox 2962 3016 3060 3070; x_wconf 87' lang='lat' dir='ltr'><strong>ego</strong></span> <span class='ocrx_word' id='word_1_489' title='bbox 3085 2999 3230 3052; x_wconf 91' lang='lat' dir='ltr'><strong>illum</strong></span> <span class='ocrx_word' id='word_1_490' title='bbox 3272 2997 3354 3051; x_wconf 85' lang='lat' dir='ltr'><strong>cui</strong></span> <span class='ocrx_word' id='word_1_491' title='bbox 3390 3011 3543 3050; x_wconf 82' lang='lat' dir='ltr'><strong>serva</strong></span> <span class='ocrx_word' id='word_1_492' title='bbox 3573 2993 3647 3047; x_wconf 84' lang='lat' dir='ltr'><strong>sit</strong></span> 
     </span>
    </p>
   </div>
   <div class='ocr_carea' id='block_1_72' title="bbox 2048 3087 3646 3162">
    <p class='ocr_par' dir='ltr' id='par_1_72' title="bbox 2048 3087 3646 3162">
     <span class='ocr_line' id='line_1_72' title="bbox 2048 3087 3646 3162; baseline -0.012 -4"><span class='ocrx_word' id='word_1_493' title='bbox 2048 3106 2224 3158; x_wconf 88' lang='lat' dir='ltr'><strong>anima</strong></span> <span class='ocrx_word' id='word_1_494' title='bbox 2253 3112 2305 3156; x_wconf 91' lang='lat' dir='ltr'><strong>et</strong></span> <span class='ocrx_word' id='word_1_495' title='bbox 2338 3100 2499 3154; x_wconf 90' lang='lat' dir='ltr'><strong>animi</strong></span> <span class='ocrx_word' id='word_1_496' title='bbox 2543 3097 2819 3152; x_wconf 81' lang='lat' dir='ltr'><strong>affectibus</strong></span> <span class='ocrx_word' id='word_1_497' title='bbox 2865 3095 3187 3162; x_wconf 83' lang='lat' dir='ltr'><strong>mancipata,</strong></span> <span class='ocrx_word' id='word_1_498' title='bbox 3218 3091 3344 3145; x_wconf 90' lang='lat' dir='ltr'><strong>licet</strong></span> <span class='ocrx_word' id='word_1_499' title='bbox 3373 3088 3503 3143; x_wconf 84' lang='lat' dir='ltr'><strong>nihil</strong></span> <span class='ocrx_word' id='word_1_500' title='bbox 3536 3087 3646 3140; x_wconf 83' lang='lat' dir='ltr'><strong>tale</strong></span> 
     </span>
    </p>
   </div>
   <div class='ocr_carea' id='block_1_73' title="bbox 2051 3179 3645 3254">
    <p class='ocr_par' dir='ltr' id='par_1_73' title="bbox 2051 3179 3645 3254">
     <span class='ocr_line' id='line_1_73' title="bbox 2051 3179 3645 3254; baseline -0.009 -7"><span class='ocrx_word' id='word_1_501' title='bbox 2051 3195 2214 3248; x_wconf 86' lang='lat' dir='ltr'><strong>facies</strong></span> <span class='ocrx_word' id='word_1_502' title='bbox 2237 3201 2475 3252; x_wconf 82' lang='lat' dir='ltr'><strong>externa.</strong></span> <span class='ocrx_word' id='word_1_503' title='bbox 2501 3190 2594 3244; x_wconf 91' lang='lat' dir='ltr'><strong>sed</strong></span> <span class='ocrx_word' id='word_1_504' title='bbox 2621 3187 2946 3243; x_wconf 90' lang='lat' dir='ltr'><strong>contrarium</strong></span> <span class='ocrx_word' id='word_1_505' title='bbox 2980 3201 3087 3254; x_wconf 67' lang='lat' dir='ltr'><strong>prae</strong></span> <span class='ocrx_word' id='word_1_506' title='bbox 3115 3201 3173 3238; x_wconf 90' lang='lat' dir='ltr'><strong>se</strong></span> <span class='ocrx_word' id='word_1_507' title='bbox 3209 3182 3363 3246; x_wconf 82' lang='lat' dir='ltr'><strong>ferat,</strong></span> <span class='ocrx_word' id='word_1_508' title='bbox 3400 3179 3645 3234; x_wconf 82' lang='lat' dir='ltr'><strong>servituti</strong></span> 
     </span>
    </p>
   </div>
   <div class='ocr_carea' id='block_1_74' title="bbox 2050 3272 3646 3353">
    <p class='ocr_par' dir='ltr' id='par_1_74' title="bbox 2050 3272 3646 3353">
     <span class='ocr_line' id='line_1_74' title="bbox 2050 3272 3646 3353; baseline -0.012 -13"><span class='ocrx_word' id='word_1_509' title='bbox 2050 3286 2341 3340; x_wconf 78' lang='lat' dir='ltr'><strong>obnoxium</strong></span> <span class='ocrx_word' id='word_1_510' title='bbox 2386 3299 2493 3353; x_wconf 65' lang='lat' dir='ltr'><strong>prie</strong></span> <span class='ocrx_word' id='word_1_511' title='bbox 2532 3281 2741 3336; x_wconf 59' lang='lat' dir='ltr'><strong>cancris</strong></span> <span class='ocrx_word' id='word_1_512' title='bbox 2780 3277 3028 3338; x_wconf 86' lang='lat' dir='ltr'><strong>dixerim,</strong></span> <span class='ocrx_word' id='word_1_513' title='bbox 3059 3285 3240 3344; x_wconf 89' lang='lat' dir='ltr'><strong>utpote</strong></span> <span class='ocrx_word' id='word_1_514' title='bbox 3269 3273 3360 3343; x_wconf 90' lang='lat' dir='ltr'><strong>qui</strong></span> <span class='ocrx_word' id='word_1_515' title='bbox 3391 3272 3646 3325; x_wconf 89' lang='lat' dir='ltr'><strong>vitiorum</strong></span> 
     </span>
    </p>
   </div>
   <div class='ocr_carea' id='block_1_75' title="bbox 2052 3365 3649 3444">
    <p class='ocr_par' dir='ltr' id='par_1_75' title="bbox 2052 3365 3649 3444">
     <span class='ocr_line' id='line_1_75' title="bbox 2052 3365 3649 3444; baseline -0.011 -14"><span class='ocrx_word' id='word_1_516' title='bbox 2052 3377 2240 3430; x_wconf 82' lang='lat' dir='ltr'><strong>febrim</strong></span> <span class='ocrx_word' id='word_1_517' title='bbox 2271 3383 2599 3444; x_wconf 86' lang='lat' dir='ltr'><strong>grassantem</strong></span> <span class='ocrx_word' id='word_1_518' title='bbox 2643 3375 2783 3426; x_wconf 82' lang='lat' dir='ltr'><strong>intus</strong></span> <span class='ocrx_word' id='word_1_519' title='bbox 2815 3370 3027 3435; x_wconf 86' lang='lat' dir='ltr'><strong>habeat,</strong></span> <span class='ocrx_word' id='word_1_520' title='bbox 3059 3381 3123 3422; x_wconf 91' lang='lat' dir='ltr'><strong>ac</strong></span> <span class='ocrx_word' id='word_1_521' title='bbox 3162 3365 3494 3436; x_wconf 82' lang='lat' dir='ltr'><strong>tyrannidem</strong></span> <span class='ocrx_word' id='word_1_522' title='bbox 3523 3377 3649 3430; x_wconf 85' lang='lat' dir='ltr'><strong>pas-</strong></span> 
     </span>
    </p>
   </div>
   <div class='ocr_carea' id='block_1_76' title="bbox 2052 3459 3647 3537">
    <p class='ocr_par' dir='ltr' id='par_1_76' title="bbox 2052 3459 3647 3537">
     <span class='ocr_line' id='line_1_76' title="bbox 2052 3459 3647 3537; baseline -0.01 -13"><span class='ocrx_word' id='word_1_523' title='bbox 2052 3469 2260 3524; x_wconf 87' lang='lat' dir='ltr'><strong>sionum</strong></span> <span class='ocrx_word' id='word_1_524' title='bbox 2293 3469 2390 3537; x_wconf 90' lang='lat' dir='ltr'><strong>ipsi</strong></span> <span class='ocrx_word' id='word_1_525' title='bbox 2423 3467 2613 3519; x_wconf 73' lang='lat' dir='ltr'><strong>anima:</strong></span> <span class='ocrx_word' id='word_1_526' title='bbox 2656 3463 2977 3518; x_wconf 89' lang='lat' dir='ltr'><strong>insidentem</strong></span> <span class='ocrx_word' id='word_1_527' title='bbox 3010 3478 3023 3514; x_wconf 91' lang='lat'><strong>:</strong></span> <span class='ocrx_word' id='word_1_528' title='bbox 3069 3459 3435 3529; x_wconf 86' lang='lat' dir='ltr'><strong>magistratum</strong></span> <span class='ocrx_word' id='word_1_529' title='bbox 3461 3463 3647 3508; x_wconf 88' lang='lat' dir='ltr'><strong>autem</strong></span> 
     </span>
    </p>
   </div>
   <div class='ocr_carea' id='block_1_77' title="bbox 2049 3546 3643 3628">
    <p class='ocr_par' dir='ltr' id='par_1_77' title="bbox 2049 3546 3643 3628">
     <span class='ocr_line' id='line_1_77' title="bbox 2049 3546 3643 3628; baseline -0.013 -13"><span class='ocrx_word' id='word_1_530' title='bbox 2049 3575 2256 3628; x_wconf 71' lang='lat' dir='ltr'><strong>gerere.</strong></span> <span class='ocrx_word' id='word_1_531' title='bbox 2289 3568 2343 3612; x_wconf 88' lang='lat' dir='ltr'><strong>ct</strong></span> <span class='ocrx_word' id='word_1_532' title='bbox 2365 3558 2588 3612; x_wconf 84' lang='lat' dir='ltr'><strong>liberum</strong></span> <span class='ocrx_word' id='word_1_533' title='bbox 2617 3570 2737 3610; x_wconf 88' lang='lat' dir='ltr'><strong>esse</strong></span> <span class='ocrx_word' id='word_1_534' title='bbox 2765 3568 2828 3607; x_wconf 91' lang='lat' dir='ltr'><strong>ac</strong></span> <span class='ocrx_word' id='word_1_535' title='bbox 2855 3553 3066 3621; x_wconf 87' lang='lat' dir='ltr'><strong>regibus</strong></span> <span class='ocrx_word' id='word_1_536' title='bbox 3101 3549 3231 3618; x_wconf 83' lang='lat' dir='ltr'><strong>ipsis</strong></span> <span class='ocrx_word' id='word_1_537' title='bbox 3257 3546 3643 3616; x_wconf 83' lang='lat' dir='ltr'><strong>augustiorem,</strong></span> 
     </span>
    </p>
   </div>
   <div class='ocr_carea' id='block_1_78' title="bbox 2050 3635 3647 3723">
    <p class='ocr_par' dir='ltr' id='par_1_78' title="bbox 2050 3635 3647 3723">
     <span class='ocr_line' id='line_1_78' title="bbox 2050 3635 3647 3723; baseline -0.011 -17"><span class='ocrx_word' id='word_1_538' title='bbox 2050 3652 2293 3723; x_wconf 83' lang='lat' dir='ltr'><strong>quamvis</strong></span> <span class='ocrx_word' id='word_1_539' title='bbox 2320 3653 2510 3720; x_wconf 91' lang='lat' dir='ltr'><strong>pannis</strong></span> <span class='ocrx_word' id='word_1_540' title='bbox 2551 3647 2764 3703; x_wconf 90' lang='lat' dir='ltr'><strong>indutus</strong></span> <span class='ocrx_word' id='word_1_541' title='bbox 2799 3646 2888 3709; x_wconf 87' lang='lat' dir='ltr'><strong>sit,</strong></span> <span class='ocrx_word' id='word_1_542' title='bbox 2933 3642 3176 3713; x_wconf 85' lang='lat' dir='ltr'><strong>quamvis</strong></span> <span class='ocrx_word' id='word_1_543' title='bbox 3216 3641 3268 3694; x_wconf 86' lang='lat' dir='ltr'><strong>iii</strong></span> <span class='ocrx_word' id='word_1_544' title='bbox 3303 3651 3518 3694; x_wconf 86' lang='lat' dir='ltr'><strong>carcere</strong></span> <span class='ocrx_word' id='word_1_545' title='bbox 3547 3635 3647 3689; x_wconf 86' lang='lat' dir='ltr'><strong>ha-</strong></span> 
     </span>
    </p>
   </div>
   <div class='ocr_carea' id='block_1_79' title="bbox 2050 3728 3646 3814">
    <p class='ocr_par' dir='ltr' id='par_1_79' title="bbox 2050 3728 3646 3814">
     <span class='ocr_line' id='line_1_79' title="bbox 2050 3728 3646 3814; baseline -0.013 -15"><span class='ocrx_word' id='word_1_546' title='bbox 2050 3745 2201 3807; x_wconf 88' lang='lat' dir='ltr'><strong>bitet,</strong></span> <span class='ocrx_word' id='word_1_547' title='bbox 2230 3742 2470 3814; x_wconf 87' lang='lat' dir='ltr'><strong>quamvis</strong></span> <span class='ocrx_word' id='word_1_548' title='bbox 2500 3749 2685 3794; x_wconf 87' lang='lat' dir='ltr'><strong>catena</strong></span> <span class='ocrx_word' id='word_1_549' title='bbox 2713 3739 2782 3792; x_wconf 92' lang='lat' dir='ltr'><strong>sit</strong></span> <span class='ocrx_word' id='word_1_550' title='bbox 2805 3735 3187 3800; x_wconf 89' lang='lat' dir='ltr'><strong>circumdatus,</strong></span> <span class='ocrx_word' id='word_1_551' title='bbox 3218 3747 3340 3786; x_wconf 90' lang='lat' dir='ltr'><strong>eum</strong></span> <span class='ocrx_word' id='word_1_552' title='bbox 3367 3731 3455 3800; x_wconf 87' lang='lat' dir='ltr'><strong>qui</strong></span> <span class='ocrx_word' id='word_1_553' title='bbox 3481 3728 3646 3796; x_wconf 87' lang='lat' dir='ltr'><strong>hujus</strong></span> 
     </span>
    </p>
   </div>
   <div class='ocr_carea' id='block_1_80' title="bbox 2053 3821 3644 3908">
    <p class='ocr_par' dir='ltr' id='par_1_80' title="bbox 2053 3821 3644 3908">
     <span class='ocr_line' id='line_1_80' title="bbox 2053 3821 3644 3908; baseline -0.01 -20"><span class='ocrx_word' id='word_1_554' title='bbox 2053 3836 2346 3908; x_wconf 79' lang='lat' dir='ltr'><strong>tyrannidis</strong></span> <span class='ocrx_word' id='word_1_555' title='bbox 2370 3839 2553 3903; x_wconf 86' lang='lat' dir='ltr'><strong>jugum</strong></span> <span class='ocrx_word' id='word_1_556' title='bbox 2591 3830 2906 3892; x_wconf 84' lang='lat' dir='ltr'><strong>excusserit,</strong></span> <span class='ocrx_word' id='word_1_557' title='bbox 2931 3840 2986 3883; x_wconf 84' lang='lat' dir='ltr'><strong>et</strong></span> <span class='ocrx_word' id='word_1_558' title='bbox 3023 3842 3194 3896; x_wconf 91' lang='lat' dir='ltr'><strong>neque</strong></span> <span class='ocrx_word' id='word_1_559' title='bbox 3224 3824 3401 3891; x_wconf 84' lang='lat' dir='ltr'><strong>pravis</strong></span> <span class='ocrx_word' id='word_1_560' title='bbox 3433 3821 3644 3889; x_wconf 83' lang='lat' dir='ltr'><strong>cupidi-</strong></span> 
     </span>
    </p>
   </div>
   <div class='ocr_carea' id='block_1_81' title="bbox 2054 3913 3649 3989">
    <p class='ocr_par' dir='ltr' id='par_1_81' title="bbox 2054 3913 3649 3989">
     <span class='ocr_line' id='line_1_81' title="bbox 2054 3913 3649 3989; baseline -0.011 -8"><span class='ocrx_word' id='word_1_561' title='bbox 2054 3929 2250 3982; x_wconf 89' lang='lat' dir='ltr'><strong>tatibus</strong></span> <span class='ocrx_word' id='word_1_562' title='bbox 2281 3935 2543 3989; x_wconf 86' lang='lat' dir='ltr'><strong>teneatur,</strong></span> <span class='ocrx_word' id='word_1_563' title='bbox 2571 3939 2671 3978; x_wconf 88' lang='lat' dir='ltr'><strong>nec</strong></span> <span class='ocrx_word' id='word_1_564' title='bbox 2707 3921 2940 3975; x_wconf 89' lang='lat' dir='ltr'><strong>absurdo</strong></span> <span class='ocrx_word' id='word_1_565' title='bbox 2978 3917 3303 3988; x_wconf 90' lang='lat' dir='ltr'><strong>paupertatis</strong></span> <span class='ocrx_word' id='word_1_566' title='bbox 3334 3923 3389 3968; x_wconf 90' lang='lat' dir='ltr'><strong>ct</strong></span> <span class='ocrx_word' id='word_1_567' title='bbox 3414 3913 3649 3983; x_wconf 74' lang='lat' dir='ltr'><strong>ignomi-</strong></span> 
     </span>
    </p>
   </div>
   <div class='ocr_carea' id='block_1_82' title="bbox 2054 4008 3644 4088">
    <p class='ocr_par' dir='ltr' id='par_1_82' title="bbox 2054 4008 3644 4088">
     <span class='ocr_line' id='line_1_82' title="bbox 2054 4008 3644 4088; baseline -0.008 -16"><span class='ocrx_word' id='word_1_568' title='bbox 2054 4020 2176 4084; x_wconf 64' lang='lat' dir='ltr'><strong>nite,</strong></span> <span class='ocrx_word' id='word_1_569' title='bbox 2202 4033 2372 4088; x_wconf 90' lang='lat' dir='ltr'><strong>neque</strong></span> <span class='ocrx_word' id='word_1_570' title='bbox 2400 4034 2584 4072; x_wconf 89' lang='lat' dir='ltr'><strong>eorum</strong></span> <span class='ocrx_word' id='word_1_571' title='bbox 2615 4032 2734 4086; x_wconf 80' lang='lat' dir='ltr'><strong>quae</strong></span> <span class='ocrx_word' id='word_1_572' title='bbox 2775 4018 2828 4069; x_wconf 93' lang='lat' dir='ltr'><strong>in</strong></span> <span class='ocrx_word' id='word_1_573' title='bbox 2854 4013 2955 4068; x_wconf 91' lang='lat' dir='ltr'><strong>hac</strong></span> <span class='ocrx_word' id='word_1_574' title='bbox 2985 4014 3088 4066; x_wconf 90' lang='lat' dir='ltr'><strong>vita</strong></span> <span class='ocrx_word' id='word_1_575' title='bbox 3122 4011 3344 4065; x_wconf 66' lang='lat' dir='ltr'><strong>moles‘ta</strong></span> <span class='ocrx_word' id='word_1_576' title='bbox 3369 4008 3644 4071; x_wconf 84' lang='lat' dir='ltr'><strong>videntur,</strong></span> 
     </span>
    </p>
   </div>
   <div class='ocr_carea' id='block_1_83' title="bbox 2057 4103 2978 4176">
    <p class='ocr_par' dir='ltr' id='par_1_83' title="bbox 2057 4103 2978 4176">
     <span class='ocr_line' id='line_1_83' title="bbox 2057 4103 2978 4176; baseline -0.008 -14"><span class='ocrx_word' id='word_1_577' title='bbox 2057 4113 2247 4162; x_wconf 90' lang='lat' dir='ltr'><strong>timore</strong></span> <span class='ocrx_word' id='word_1_578' title='bbox 2275 4116 2554 4176; x_wconf 90' lang='lat' dir='ltr'><strong>correptus</strong></span> <span class='ocrx_word' id='word_1_579' title='bbox 2580 4103 2978 4161; x_wconf 84' lang='lat' dir='ltr'><strong>contremiscat.</strong></span> 
     </span>
    </p>
   </div>
   <div class='ocr_carea' id='block_1_84' title="bbox 2125 4189 3648 4270">
    <p class='ocr_par' dir='ltr' id='par_1_84' title="bbox 2125 4189 3648 4270">
     <span class='ocr_line' id='line_1_84' title="bbox 2125 4189 3648 4270; baseline -0.009 -15"><span class='ocrx_word' id='word_1_580' title='bbox 2125 4200 2180 4255; x_wconf 75' lang='lat'><strong>2.</strong></span> <span class='ocrx_word' id='word_1_581' title='bbox 2215 4199 2488 4270; x_wconf 83' lang='lat' dir='ltr'><strong>Ejusmodi</strong></span> <span class='ocrx_word' id='word_1_582' title='bbox 2519 4197 2856 4266; x_wconf 85' lang='lat' dir='ltr'><strong>magistratus</strong></span> <span class='ocrx_word' id='word_1_583' title='bbox 2883 4208 2986 4248; x_wconf 90' lang='lat' dir='ltr'><strong>non</strong></span> <span class='ocrx_word' id='word_1_584' title='bbox 3017 4193 3238 4262; x_wconf 88' lang='lat' dir='ltr'><strong>pecunia</strong></span> <span class='ocrx_word' id='word_1_585' title='bbox 3271 4189 3488 4246; x_wconf 87' lang='lat' dir='ltr'><strong>venales</strong></span> <span class='ocrx_word' id='word_1_586' title='bbox 3513 4201 3648 4258; x_wconf 65' lang='lat' dir='ltr'><strong>pro.</strong></span> 
     </span>
    </p>
   </div>
   <div class='ocr_carea' id='block_1_85' title="bbox 2051 4281 3616 4361">
    <p class='ocr_par' dir='ltr' id='par_1_85' title="bbox 2051 4281 3616 4361">
     <span class='ocr_line' id='line_1_85' title="bbox 2051 4281 3616 4361; baseline -0.009 -13"><span class='ocrx_word' id='word_1_587' title='bbox 2051 4303 2214 4357; x_wconf 88' lang='lat' dir='ltr'><strong>stant,</strong></span> <span class='ocrx_word' id='word_1_588' title='bbox 2246 4307 2419 4361; x_wconf 88' lang='lat' dir='ltr'><strong>neque</strong></span> <span class='ocrx_word' id='word_1_589' title='bbox 2456 4289 2754 4344; x_wconf 84' lang='lat' dir='ltr'><strong>invidorum</strong></span> <span class='ocrx_word' id='word_1_590' title='bbox 2794 4296 2976 4357; x_wconf 85' lang='lat' dir='ltr'><strong>patent</strong></span> <span class='ocrx_word' id='word_1_591' title='bbox 3019 4283 3358 4339; x_wconf 90' lang='lat' dir='ltr'><strong>incursibus:</strong></span> <span class='ocrx_word' id='word_1_592' title='bbox 3387 4281 3528 4335; x_wconf 90' lang='lat' dir='ltr'><strong>hunc</strong></span> <span class='ocrx_word' id='word_1_593' title='bbox 3551 4295 3616 4334; x_wconf 85' lang='lat' dir='ltr'><strong>ac</strong></span> 
     </span>
    </p>
   </div>
   <div class='ocr_carea' id='block_1_86' title="bbox 2049 4373 3646 4451">
    <p class='ocr_par' dir='ltr' id='par_1_86' title="bbox 2049 4373 3646 4451">
     <span class='ocr_line' id='line_1_86' title="bbox 2049 4373 3646 4451; baseline -0.009 -12"><span class='ocrx_word' id='word_1_594' title='bbox 2049 4384 2312 4439; x_wconf 85' lang='lat' dir='ltr'><strong>cusatoris</strong></span> <span class='ocrx_word' id='word_1_595' title='bbox 2344 4383 2519 4451; x_wconf 88' lang='lat' dir='ltr'><strong>lingua</strong></span> <span class='ocrx_word' id='word_1_596' title='bbox 2557 4395 2662 4434; x_wconf 92' lang='lat' dir='ltr'><strong>non</strong></span> <span class='ocrx_word' id='word_1_597' title='bbox 2710 4380 2895 4442; x_wconf 84' lang='lat' dir='ltr'><strong>novit,</strong></span> <span class='ocrx_word' id='word_1_598' title='bbox 2941 4391 3039 4431; x_wconf 90' lang='lat' dir='ltr'><strong>nec</strong></span> <span class='ocrx_word' id='word_1_599' title='bbox 3080 4375 3267 4430; x_wconf 90' lang='lat' dir='ltr'><strong>oculus</strong></span> <span class='ocrx_word' id='word_1_600' title='bbox 3296 4373 3598 4430; x_wconf 66' lang='lat' dir='ltr'><strong>invidorum</strong></span> <span class='ocrx_word' id='word_1_601' title='bbox 3624 4414 3646 4440; x_wconf 84' lang='lat'><strong>,</strong></span> 
     </span>
    </p>
   </div>
   <div class='ocr_carea' id='block_1_87' title="bbox 2051 4465 3645 4547">
    <p class='ocr_par' dir='ltr' id='par_1_87' title="bbox 2051 4465 3645 4547">
     <span class='ocr_line' id='line_1_87' title="bbox 2051 4465 3645 4547; baseline -0.009 -16"><span class='ocrx_word' id='word_1_602' title='bbox 2051 4493 2225 4547; x_wconf 84' lang='lat' dir='ltr'><strong>neque</strong></span> <span class='ocrx_word' id='word_1_603' title='bbox 2257 4476 2626 4530; x_wconf 89' lang='lat' dir='ltr'><strong>insidiatorum</strong></span> <span class='ocrx_word' id='word_1_604' title='bbox 2659 4472 2940 4534; x_wconf 67' lang='lat' dir='ltr'><strong>machinae,</strong></span> <span class='ocrx_word' id='word_1_605' title='bbox 2975 4469 3069 4524; x_wconf 89' lang='lat' dir='ltr'><strong>sed</strong></span> <span class='ocrx_word' id='word_1_606' title='bbox 3102 4479 3366 4539; x_wconf 89' lang='lat' dir='ltr'><strong>tamquam</strong></span> <span class='ocrx_word' id='word_1_607' title='bbox 3394 4469 3444 4521; x_wconf 90' lang='lat' dir='ltr'><strong>in</strong></span> <span class='ocrx_word' id='word_1_608' title='bbox 3475 4465 3645 4520; x_wconf 83' lang='lat' dir='ltr'><strong>invio-</strong></span> 
     </span>
    </p>
   </div>
   <div class='ocr_carea' id='block_1_88' title="bbox 2053 4560 3652 4638">
    <p class='ocr_par' dir='ltr' id='par_1_88' title="bbox 2053 4560 3652 4638">
     <span class='ocr_line' id='line_1_88' title="bbox 2053 4560 3652 4638; baseline -0.008 -15"><span class='ocrx_word' id='word_1_609' title='bbox 2053 4570 2198 4624; x_wconf 88' lang='lat' dir='ltr'><strong>labili</strong></span> <span class='ocrx_word' id='word_1_610' title='bbox 2221 4569 2450 4638; x_wconf 91' lang='lat' dir='ltr'><strong>quodam</strong></span> <span class='ocrx_word' id='word_1_611' title='bbox 2485 4564 2836 4635; x_wconf 76' lang='lat' dir='ltr'><strong>philosophia:</strong></span> <span class='ocrx_word' id='word_1_612' title='bbox 2863 4563 3137 4616; x_wconf 90' lang='lat' dir='ltr'><strong>domicilio</strong></span> <span class='ocrx_word' id='word_1_613' title='bbox 3165 4560 3403 4615; x_wconf 84' lang='lat' dir='ltr'><strong>residens</strong></span> <span class='ocrx_word' id='word_1_614' title='bbox 3432 4570 3652 4629; x_wconf 77' lang='lat' dir='ltr'><strong>pernu-</strong></span> 
     </span>
    </p>
   </div>
   <div class='ocr_carea' id='block_1_89' title="bbox 2053 4652 3646 4730">
    <p class='ocr_par' dir='ltr' id='par_1_89' title="bbox 2053 4652 3646 4730">
     <span class='ocr_line' id='line_1_89' title="bbox 2053 4652 3646 4730; baseline -0.009 -13"><span class='ocrx_word' id='word_1_615' title='bbox 2053 4673 2145 4717; x_wconf 90' lang='lat' dir='ltr'><strong>net</strong></span> <span class='ocrx_word' id='word_1_616' title='bbox 2189 4676 2402 4730; x_wconf 90' lang='lat' dir='ltr'><strong>semper</strong></span> <span class='ocrx_word' id='word_1_617' title='bbox 2445 4660 2670 4713; x_wconf 87' lang='lat' dir='ltr'><strong>invictus</strong></span> <span class='ocrx_word' id='word_1_618' title='bbox 2696 4699 2710 4722; x_wconf 90' lang='lat'><strong>,</strong></span> <span class='ocrx_word' id='word_1_619' title='bbox 2761 4671 2934 4724; x_wconf 87' lang='lat' dir='ltr'><strong>neque</strong></span> <span class='ocrx_word' id='word_1_620' title='bbox 2965 4665 3170 4708; x_wconf 90' lang='lat' dir='ltr'><strong>tantum</strong></span> <span class='ocrx_word' id='word_1_621' title='bbox 3200 4652 3412 4707; x_wconf 64' lang='lat' dir='ltr'><strong>caeteris</strong></span> <span class='ocrx_word' id='word_1_622' title='bbox 3459 4663 3646 4705; x_wconf 85' lang='lat' dir='ltr'><strong>rerum</strong></span> 
     </span>
    </p>
   </div>
   <div class='ocr_carea' id='block_1_90' title="bbox 2053 4745 3413 4816">
    <p class='ocr_par' dir='ltr' id='par_1_90' title="bbox 2053 4745 3413 4816">
     <span class='ocr_line' id='line_1_90' title="bbox 2053 4745 3413 4816; baseline -0.009 -7"><span class='ocrx_word' id='word_1_623' title='bbox 2053 4758 2397 4810; x_wconf 81' lang='lat' dir='ltr'><strong>adversarum</strong></span> <span class='ocrx_word' id='word_1_624' title='bbox 2430 4754 2662 4814; x_wconf 82' lang='lat' dir='ltr'><strong>casibus,</strong></span> <span class='ocrx_word' id='word_1_625' title='bbox 2694 4751 2787 4804; x_wconf 89' lang='lat' dir='ltr'><strong>sed</strong></span> <span class='ocrx_word' id='word_1_626' title='bbox 2816 4766 2913 4805; x_wconf 89' lang='lat' dir='ltr'><strong>nec</strong></span> <span class='ocrx_word' id='word_1_627' title='bbox 2937 4749 3034 4816; x_wconf 88' lang='lat' dir='ltr'><strong>ipsi</strong></span> <span class='ocrx_word' id='word_1_628' title='bbox 3066 4747 3221 4801; x_wconf 92' lang='lat' dir='ltr'><strong>morti</strong></span> <span class='ocrx_word' id='word_1_629' title='bbox 3252 4745 3413 4800; x_wconf 88' lang='lat' dir='ltr'><strong>cedit.</strong></span> 
     </span>
    </p>
   </div>
   <div class='ocr_carea' id='block_1_91' title="bbox 2127 4833 3651 4916">
    <p class='ocr_par' dir='ltr' id='par_1_91' title="bbox 2127 4833 3651 4916">
     <span class='ocr_line' id='line_1_91' title="bbox 2127 4833 3651 4916; baseline -0.009 -17"><span class='ocrx_word' id='word_1_630' title='bbox 2127 4847 2413 4916; x_wconf 83' lang='lat' dir='ltr'><strong>Martyrum</strong></span> <span class='ocrx_word' id='word_1_631' title='bbox 2443 4854 2658 4911; x_wconf 75' lang='lat' dir='ltr'><strong>potestas</strong></span> <span class='ocrx_word' id='word_1_632' title='bbox 2683 4852 2907 4911; x_wconf 83' lang='lat' dir='ltr'><strong>quanta;</strong></span> <span class='ocrx_word' id='word_1_633' title='bbox 2938 4839 3227 4908; x_wconf 84' lang='lat' dir='ltr'><strong>spirituales</strong></span> <span class='ocrx_word' id='word_1_634' title='bbox 3256 4836 3444 4890; x_wconf 74' lang='lat' dir='ltr'><strong>divitiae</strong></span> <span class='ocrx_word' id='word_1_635' title='bbox 3468 4833 3651 4888; x_wconf 75' lang='lat' dir='ltr'><strong>distri-</strong></span> 
     </span>
    </p>
   </div>
   <div class='ocr_carea' id='block_1_92' title="bbox 2052 4928 3651 5002">
    <p class='ocr_par' dir='ltr' id='par_1_92' title="bbox 2052 4928 3651 5002">
     <span class='ocr_line' id='line_1_92' title="bbox 2052 4928 3651 5002; baseline -0.01 -8"><span class='ocrx_word' id='word_1_636' title='bbox 2052 4941 2255 4994; x_wconf 86' lang='lat' dir='ltr'><strong>butione</strong></span> <span class='ocrx_word' id='word_1_637' title='bbox 2297 4947 2565 5002; x_wconf 84' lang='lat' dir='ltr'><strong>crescunt;</strong></span> <span class='ocrx_word' id='word_1_638' title='bbox 2607 4952 2696 4988; x_wconf 85' lang='lat' dir='ltr'><strong>cur</strong></span> <span class='ocrx_word' id='word_1_639' title='bbox 2735 4935 2954 4987; x_wconf 82' lang='lat' dir='ltr'><strong>caducas</strong></span> <span class='ocrx_word' id='word_1_640' title='bbox 2983 4949 3088 4984; x_wconf 75' lang='lat' dir='ltr'><strong>esse</strong></span> <span class='ocrx_word' id='word_1_641' title='bbox 3113 4947 3192 4984; x_wconf 85' lang='lat' dir='ltr'><strong>res</strong></span> <span class='ocrx_word' id='word_1_642' title='bbox 3217 4931 3334 4983; x_wconf 65' lang='lat' dir='ltr'><strong>vita</strong></span> <span class='ocrx_word' id='word_1_643' title='bbox 3359 4928 3513 4997; x_wconf 81' lang='lat' dir='ltr'><strong>hujus</strong></span> <span class='ocrx_word' id='word_1_644' title='bbox 3556 4942 3651 4979; x_wconf 78' lang='lat' dir='ltr'><strong>ao-</strong></span> 
     </span>
    </p>
   </div>
   <div class='ocr_carea' id='block_1_93' title="bbox 2054 5021 3654 5100">
    <p class='ocr_par' dir='ltr' id='par_1_93' title="bbox 2054 5021 3654 5100">
     <span class='ocr_line' id='line_1_93' title="bbox 2054 5021 3654 5100; baseline -0.008 -13"><span class='ocrx_word' id='word_1_645' title='bbox 2054 5036 2202 5089; x_wconf 83' lang='lat' dir='ltr'><strong>luerit</strong></span> <span class='ocrx_word' id='word_1_646' title='bbox 2234 5031 2370 5085; x_wconf 84' lang='lat' dir='ltr'><strong>Deus</strong></span> <span class='ocrx_word' id='word_1_647' title='bbox 2393 5049 2411 5097; x_wconf 86' lang='lat'><strong><em>;</em></strong></span> <span class='ocrx_word' id='word_1_648' title='bbox 2437 5029 2667 5100; x_wconf 77' lang='lat' dir='ltr'><strong>angelica</strong></span> <span class='ocrx_word' id='word_1_649' title='bbox 2697 5040 2769 5082; x_wconf 87' lang='lat' dir='ltr'><strong>est</strong></span> <span class='ocrx_word' id='word_1_650' title='bbox 2799 5028 2899 5081; x_wconf 77' lang='lat' dir='ltr'><strong>vita</strong></span> <span class='ocrx_word' id='word_1_651' title='bbox 2925 5026 3228 5096; x_wconf 85' lang='lat' dir='ltr'><strong>evangelica.</strong></span> <span class='ocrx_word' id='word_1_652' title='bbox 3256 5021 3654 5078; x_wconf 86' lang='lat' dir='ltr'><strong>—05tcnduut</strong></span> 
     </span>
    </p>
   </div>
   <div class='ocr_carea' id='block_1_94' title="bbox 2055 5117 3648 5196">
    <p class='ocr_par' dir='ltr' id='par_1_94' title="bbox 2055 5117 3648 5196">
     <span class='ocr_line' id='line_1_94' title="bbox 2055 5117 3648 5196; baseline -0.01 -15"><span class='ocrx_word' id='word_1_653' title='bbox 2055 5128 2155 5181; x_wconf 85' lang='lat' dir='ltr'><strong>hoc</strong></span> <span class='ocrx_word' id='word_1_654' title='bbox 2176 5135 2460 5196; x_wconf 81' lang='lat' dir='ltr'><strong>martyres,</strong></span> <span class='ocrx_word' id='word_1_655' title='bbox 2486 5138 2710 5193; x_wconf 88' lang='lat' dir='ltr'><strong>quorum</strong></span> <span class='ocrx_word' id='word_1_656' title='bbox 2733 5135 2960 5189; x_wconf 90' lang='lat' dir='ltr'><strong>corpora</strong></span> <span class='ocrx_word' id='word_1_657' title='bbox 2983 5119 3198 5188; x_wconf 85' lang='lat' dir='ltr'><strong>quidem</strong></span> <span class='ocrx_word' id='word_1_658' title='bbox 3221 5117 3472 5170; x_wconf 87' lang='lat' dir='ltr'><strong>dissoluta</strong></span> <span class='ocrx_word' id='word_1_659' title='bbox 3497 5125 3648 5172; x_wconf 83' lang='lat' dir='ltr'><strong>sunt.</strong></span> 
     </span>
    </p>
   </div>
   <div class='ocr_carea' id='block_1_95' title="bbox 2052 5207 3651 5284">
    <p class='ocr_par' dir='ltr' id='par_1_95' title="bbox 2052 5207 3651 5284">
     <span class='ocr_line' id='line_1_95' title="bbox 2052 5207 3651 5284; baseline -0.009 -13"><span class='ocrx_word' id='word_1_660' title='bbox 2052 5225 2106 5271; x_wconf 92' lang='lat' dir='ltr'><strong>ct</strong></span> <span class='ocrx_word' id='word_1_661' title='bbox 2133 5217 2184 5270; x_wconf 92' lang='lat' dir='ltr'><strong>in</strong></span> <span class='ocrx_word' id='word_1_662' title='bbox 2217 5216 2488 5284; x_wconf 86' lang='lat' dir='ltr'><strong>pulverem</strong></span> <span class='ocrx_word' id='word_1_663' title='bbox 2517 5214 2859 5278; x_wconf 86' lang='lat' dir='ltr'><strong>cineremque</strong></span> <span class='ocrx_word' id='word_1_664' title='bbox 2890 5209 3104 5264; x_wconf 85' lang='lat' dir='ltr'><strong>redacta</strong></span> <span class='ocrx_word' id='word_1_665' title='bbox 3138 5226 3152 5259; x_wconf 91' lang='lat'><strong>:</strong></span> <span class='ocrx_word' id='word_1_666' title='bbox 3181 5207 3522 5275; x_wconf 85' lang='lat' dir='ltr'><strong>magistratus</strong></span> <span class='ocrx_word' id='word_1_667' title='bbox 3548 5223 3651 5257; x_wconf 61' lang='lat' dir='ltr'><strong>an-</strong></span> 
     </span>
    </p>
   </div>
   <div class='ocr_carea' id='block_1_96' title="bbox 2057 5298 3650 5378">
    <p class='ocr_par' dir='ltr' id='par_1_96' title="bbox 2057 5298 3650 5378">
     <span class='ocr_line' id='line_1_96' title="bbox 2057 5298 3650 5378; baseline -0.009 -13"><span class='ocrx_word' id='word_1_668' title='bbox 2057 5321 2162 5365; x_wconf 88' lang='lat' dir='ltr'><strong>tem</strong></span> <span class='ocrx_word' id='word_1_669' title='bbox 2199 5324 2261 5363; x_wconf 88' lang='lat' dir='ltr'><strong>ac</strong></span> <span class='ocrx_word' id='word_1_670' title='bbox 2291 5308 2620 5378; x_wconf 89' lang='lat' dir='ltr'><strong>principatus</strong></span> <span class='ocrx_word' id='word_1_671' title='bbox 2649 5304 2887 5375; x_wconf 86' lang='lat' dir='ltr'><strong>quotidie</strong></span> <span class='ocrx_word' id='word_1_672' title='bbox 2917 5303 3042 5355; x_wconf 89' lang='lat' dir='ltr'><strong>vivit</strong></span> <span class='ocrx_word' id='word_1_673' title='bbox 3063 5345 3078 5364; x_wconf 90' lang='lat'><strong>,</strong></span> <span class='ocrx_word' id='word_1_674' title='bbox 3125 5312 3179 5356; x_wconf 88' lang='lat' dir='ltr'><strong>et</strong></span> <span class='ocrx_word' id='word_1_675' title='bbox 3207 5311 3492 5368; x_wconf 89' lang='lat' dir='ltr'><strong>operatur,</strong></span> <span class='ocrx_word' id='word_1_676' title='bbox 3518 5298 3650 5352; x_wconf 89' lang='lat' dir='ltr'><strong>dum</strong></span> 
     </span>
    </p>
   </div>
   <div class='ocr_carea' id='block_1_97' title="bbox 2053 5391 3650 5469">
    <p class='ocr_par' dir='ltr' id='par_1_97' title="bbox 2053 5391 3650 5469">
     <span class='ocr_line' id='line_1_97' title="bbox 2053 5391 3650 5469; baseline -0.008 -12"><span class='ocrx_word' id='word_1_677' title='bbox 2053 5403 2325 5457; x_wconf 57' lang='lat' dir='ltr'><strong>daemones</strong></span> <span class='ocrx_word' id='word_1_678' title='bbox 2349 5401 2540 5469; x_wconf 88' lang='lat' dir='ltr'><strong>abigit,</strong></span> <span class='ocrx_word' id='word_1_679' title='bbox 2583 5408 2638 5452; x_wconf 92' lang='lat' dir='ltr'><strong>et</strong></span> <span class='ocrx_word' id='word_1_680' title='bbox 2665 5399 2884 5451; x_wconf 86' lang='lat' dir='ltr'><strong>morbos</strong></span> <span class='ocrx_word' id='word_1_681' title='bbox 2911 5397 2960 5449; x_wconf 91' lang='lat' dir='ltr'><strong>in</strong></span> <span class='ocrx_word' id='word_1_682' title='bbox 2994 5395 3170 5465; x_wconf 90' lang='lat' dir='ltr'><strong>fugam</strong></span> <span class='ocrx_word' id='word_1_683' title='bbox 3198 5393 3490 5454; x_wconf 89' lang='lat' dir='ltr'><strong>convertit,</strong></span> <span class='ocrx_word' id='word_1_684' title='bbox 3517 5391 3650 5445; x_wconf 90' lang='lat' dir='ltr'><strong>dum</strong></span> 
     </span>
    </p>
   </div>
   <div class='ocr_carea' id='block_1_98' title="bbox 2056 5483 3652 5562">
    <p class='ocr_par' dir='ltr' id='par_1_98' title="bbox 2056 5483 3652 5562">
     <span class='ocr_line' id='line_1_98' title="bbox 2056 5483 3652 5562; baseline -0.006 -16"><span class='ocrx_word' id='word_1_685' title='bbox 2056 5494 2292 5562; x_wconf 89' lang='lat' dir='ltr'><strong>integras</strong></span> <span class='ocrx_word' id='word_1_686' title='bbox 2320 5491 2477 5546; x_wconf 89' lang='lat' dir='ltr'><strong>urbes</strong></span> <span class='ocrx_word' id='word_1_687' title='bbox 2497 5491 2724 5554; x_wconf 84' lang='lat' dir='ltr'><strong>excitat,</strong></span> <span class='ocrx_word' id='word_1_688' title='bbox 2765 5499 2818 5542; x_wconf 89' lang='lat' dir='ltr'><strong>et</strong></span> <span class='ocrx_word' id='word_1_689' title='bbox 2847 5488 3069 5558; x_wconf 88' lang='lat' dir='ltr'><strong>populos</strong></span> <span class='ocrx_word' id='word_1_690' title='bbox 3101 5490 3152 5539; x_wconf 91' lang='lat' dir='ltr'><strong>iu</strong></span> <span class='ocrx_word' id='word_1_691' title='bbox 3185 5485 3327 5539; x_wconf 87' lang='lat' dir='ltr'><strong>hunc</strong></span> <span class='ocrx_word' id='word_1_692' title='bbox 3349 5485 3522 5539; x_wconf 91' lang='lat' dir='ltr'><strong>locum</strong></span> <span class='ocrx_word' id='word_1_693' title='bbox 3552 5483 3652 5536; x_wconf 67' lang='lat' dir='ltr'><strong>de-</strong></span> 
     </span>
    </p>
   </div>
   <div class='ocr_carea' id='block_1_99' title="bbox 2052 5579 3649 5652">
    <p class='ocr_par' dir='ltr' id='par_1_99' title="bbox 2052 5579 3649 5652">
     <span class='ocr_line' id='line_1_99' title="bbox 2052 5579 3649 5652; baseline -0.009 -11"><span class='ocrx_word' id='word_1_694' title='bbox 2052 5585 2218 5642; x_wconf 92' lang='lat' dir='ltr'><strong>ducit.</strong></span> <span class='ocrx_word' id='word_1_695' title='bbox 2250 5583 2419 5639; x_wconf 88' lang='lat' dir='ltr'><strong>Tanta</strong></span> <span class='ocrx_word' id='word_1_696' title='bbox 2449 5584 2789 5652; x_wconf 84' lang='lat' dir='ltr'><strong>magistratus</strong></span> <span class='ocrx_word' id='word_1_697' title='bbox 2815 5592 2863 5636; x_wconf 90' lang='lat' dir='ltr'><strong>et</strong></span> <span class='ocrx_word' id='word_1_698' title='bbox 2911 5579 3120 5648; x_wconf 89' lang='lat' dir='ltr'><strong>imperii</strong></span> <span class='ocrx_word' id='word_1_699' title='bbox 3152 5579 3305 5634; x_wconf 88' lang='lat' dir='ltr'><strong>istius</strong></span> <span class='ocrx_word' id='word_1_700' title='bbox 3333 5585 3416 5633; x_wconf 89' lang='lat' dir='ltr'><strong>est</strong></span> <span class='ocrx_word' id='word_1_701' title='bbox 3441 5579 3609 5630; x_wconf 88' lang='lat' dir='ltr'><strong>virtus</strong></span> <span class='ocrx_word' id='word_1_702' title='bbox 3628 5616 3649 5638; x_wconf 89' lang='grc'><em>,</em></span> 
     </span>
    </p>
   </div>
   <div class='ocr_carea' id='block_1_100' title="bbox 2057 5667 3651 5748">
    <p class='ocr_par' dir='ltr' id='par_1_100' title="bbox 2057 5667 3651 5748">
     <span class='ocr_line' id='line_1_100' title="bbox 2057 5667 3651 5748; baseline -0.007 -14"><span class='ocrx_word' id='word_1_703' title='bbox 2057 5694 2163 5735; x_wconf 88' lang='lat' dir='ltr'><strong>non</strong></span> <span class='ocrx_word' id='word_1_704' title='bbox 2189 5691 2427 5734; x_wconf 84' lang='lat' dir='ltr'><strong>vivorum</strong></span> <span class='ocrx_word' id='word_1_705' title='bbox 2457 5686 2659 5732; x_wconf 86' lang='lat' dir='ltr'><strong>tantum</strong></span> <span class='ocrx_word' id='word_1_706' title='bbox 2697 5675 3017 5748; x_wconf 86' lang='lat' dir='ltr'><strong>principum,</strong></span> <span class='ocrx_word' id='word_1_707' title='bbox 3063 5672 3158 5730; x_wconf 84' lang='lat' dir='ltr'><strong>sed</strong></span> <span class='ocrx_word' id='word_1_708' title='bbox 3188 5673 3348 5730; x_wconf 87' lang='lat' dir='ltr'><strong>etiam</strong></span> <span class='ocrx_word' id='word_1_709' title='bbox 3380 5671 3485 5726; x_wconf 80' lang='lat' dir='ltr'><strong>vita</strong></span> <span class='ocrx_word' id='word_1_710' title='bbox 3517 5667 3651 5724; x_wconf 85' lang='lat' dir='ltr'><strong>fua-</strong></span> 
     </span>
    </p>
   </div>
  </div>
