4020 6370
265 356 371 410 5ίῖ

264 474 327 528 δὲ
357 474 455 529 καὶ
486 470 828 546 προφητείας
871 478 1287 550 μετεσχηκότες,
1332 481 1425 537 καὶ
1471 483 1664 539 θεῖκῶν
1701 486 1839 540 ἀπο-

264 563 522 628 λαύοντες
544 565 906 636 διδαγμάτων,
932 568 1025 622 καὶ
1058 571 1228 628 πολλὰ
1254 574 1380 645 περὶ
1405 574 1512 627 τῶν
1545 575 1843 647 μελλόντων

261 657 581 725 φιλοσοφεῖν
607 655 844 726 ἔχοντες,
873 661 968 714 καὶ
1010 661 1131 715 οὐδὲ
1161 662 1320 734 λιμὸν
1359 665 1596 736 ὁρῶντες
1628 668 1841 720 ἐπικεί-

263 763 453 817 μενον,
484 749 579 801 καὶ
616 747 751 801 πολὺ
791 750 1014 806 πλείονα
1059 755 1385 825 κεκτημένοι
1422 758 1520 828 τῆς
1565 759 1844 826 γυναικὸς,

262 838 429 889 ποίαν
451 836 796 908 δυνησόμεθα
823 838 1119 908 ἀπολογίαν
1148 842 1515 912 προὸαλέσθαι
1541 844 1845 914 φειδόμενοι

260 927 374 978 τῶν
405 927 594 989 ὄντων,
627 927 720 979 καλ⁸
760 928 858 996 τῆς
900 928 1112 984 ἑαυτῶν
1161 930 1435 1002 σωτηρίας
1465 929 1843 1000 ἀφειδοῦντες;

259 1014 458 1080 Ὅπως
488 1018 554 1071 ἂν
597 1014 690 1071 οὖν
722 1018 794 1073 τὰ
826 1020 1040 1089 χαλεπά
1084 1021 1273 1085 ἐκεῖνα
1315 1023 1648 1096 κολαστήρια
1682 1021 1848 1093 ἐκφύ-

272 1184 1747 1214 Hm:

303 1206 669 1219 ———-—-—————

1754 1181 2103 1189 __.———-———-———

1395 386 1480 441 DE
1522 380 1839 443 FUTURJE

1956 379 2064 435 ΤᾹΞ
2100 377 2411 436 DELICIIS.
3410 358 3514 412 318

1949 503 2154 557 γωμεν,
2191 487 2373 540 πᾶσαν
2409 479 2809 551 εύσπλαγχνίαν
2838 479 2920 541 εἰς
2960 477 3084 540 τοὺς
3128 475 3364 545 πένητας
3398 474 3519 527 ἐπι-

1949 577 2271 649 δειξὼμεθα,
2324 575 2412 629 ἵνα
2460 575 2555 627 καί¹
2592 570 2752 643 ἡμεῖς
2798 567 2909 623 τῶν
2957 565 3254 639 μελλόντων
3302 561 3521 632 ἀγαθῶν

1948 667 2392 738 καταξιωθῶμεν,
2421 665 2605 736 χάριτι
2632 663 2726 715 καὶ
2773 659 3152 732 φιλανθρωπίᾳ
3184 655 3279 711 τοῦ
3315 652 3521 725 Κυρίου

1945 756 2105 827 ἡμῶν
2143 757 2317 829 Ἰησοῦ
2370 753 2627 826 Χριστοῦ,
2662 750 2779 822 μεθ’
2821 742 2882 804 οὗ
2916 748 3043 814 δόξα
3085 747 3163 818 τῷ
3198 745 3393 817 Πατρὶ,
3425 744 3524 797 σὺν

1947 846 2026 918 τῷ
2066 847 2206 920 ἁγίῳ
2259 846 2569 918 Πνεύματι,
2609 845 2688 906 είς
2724 843 2850 906 τοὺς
2892 839 3096 902 αἰῶνας
3137 836 3247 890 τῶν
3292 835 3522 889 αἰώνων.

1960 939 2151 1012 Ἀμήν.

2108 1178 2323 1188 ---ι--
2359 1178 2387 1185 ἰ

1802 1198 1973 1206 -σ-ι.

1026 1429 1127 1494 AD
1165 1430 1543 1493 HOMILIAM
1584 1430 1681 1490 DE
1722 1427 2200 1491 FUTURORUM
2240 1421 2589 1497 DELICIIS,
2631 1437 2768 1484 ETC.

274 1614 499 1683 bantur,
522 1628 582 1674 ut
603 1617 720 1689 jam
750 1633 858 1674 non
888 1617 1056 1674 semel
1087 1619 1343 1675 vidimus.
1381 1616 1591 1673 AEslate
1637 1631 1770 1672 vero
1819 1615 2018 1671 dictam
2047 1611 2333 1669 humilium
2377 1610 2618 1666 declarat
2649 1607 2825 1665 initio.
2871 1605 2991 1675 Quo
3036 1615 3215 1664 autem
3252 1619 3396 1661 anno
3447 1617 3517 1657 ne

270 1733 597 1804 conjecwra
622 1735 844 1804 quidem
877 1735 1100 1804 assequi
1129 1748 1442 1805 possumus.

351 1850 725 1920 lulerpretatno
748 1847 938 1904 Latium
965 1859 1049 1905 est
1071 1847 1367 1906 Frontonis
1398 1847 1598 1905 Ducai.

276 2078 1087 2088 -——_——_——————._-_—

1114 2186 1375 2275 ΠΕΡΙ
1422 2183 1639 2273 ΤΗΣ
1693 2183 1921 2273 ΤΩΝ
1976 2184 2671 2274 ΜΕΛΛΟΝΤΩΝ

2707 2071 2826 2081 ...ς-.-

1051 2330 1492 2397 Ἆετολαὺσεως,
1547 2329 1646 2384 καὶ
1710 2325 1820 2396 τῆς
1882 2327 2003 2383 τῶν
2054 2330 2368 2398 παρόντων
2418 2326 2744 2391 εὐτελείας.

314 2572 401 2620 ίαν.
431 2555 666 2631 Σφοδρὸν
707 2555 770 2610 τὸ
800 2554 1012 2626 καῦμα,
1053 2552 1149 2607 καὶ
1179 2553 1348 2626 βαρῦς
1374 2556 1402 2608 ὁ
1431 2553 1672 2625 αὐχμός·
1708 2555 1844 2608 ἀλλά

254 2653 362 2724 τὴν
392 2648 701 2723 προθυμίαν
714 2646 867 2719 ὑμῶν
883 2647 985 2700 οὐκ
1005 2645 1277 2710 ἐξέλυσεν,
1294 2645 1414 2698 οὐδὲ
1447 2645 1539 2698 τὸν
1561 2646 1723 2699 πόθον
1746 2648 1847 2718 τῆς

185 2799 191 2803 _
254 2742 579 2812 ἀκροάσεως
617 2737 880 2810 ἐμάρανε.
917 2735 1169 2789 Τοιοῦτον
1197 2736 1306 2808 γὰρ
1341 2736 1615 2808 ἀκροατὴς
1646 2737 1848 2810 θερμὸς

258 2834 358 2887 καὶ
395 2830 851 2902 διεγηγερμένοςο
885 2827 961 2899 τῷ
1002 2828 1100 2898 τῆς
1149 2828 1467 2899 ἀκροάσεως
1517 2828 1680 2901 ἔρωτι
1722 2848 1846 2885 νευ-

262 2924 546 2997 ρούμενος,
581 2922 758 2976 πάντα
809 2919 1008 2993 ῥᾳδίως
1054 2918 1121 2972 ἂν
1151 2917 1393 2987 ἐνέγκαι,
1423 2918 1567 2973 ὥστε
1606 2920 1707 2991 τὴν
1735 2923 1849 2975 ἐπι·

261 3017 461 3089 θυμίαν
492 3013 771 3085 ἐμπλῆσαι
813 3012 1019 3082 ταύτην
1050 3009 1149 3083 τὴν
1182 3010 1354 3083 καλὴν
1408 3012 1502 3065 καὶ
1551 3029 1848 3083 πνευματι-

260 3112 399 3182 κήν·
430 3108 580 3181 [558]
612 3107 706 3161 καὶ
748 3104 871 3159 οὔτε
904 3103 1137 3174 κρυμὸς,
1172 3102 1295 3157 οὔτε
1339 3104 1570 3174 αὐχμός,
1603 3104 1664 3157 ού
1700 3122 1847 3177 πραε-

261 3202 490 3272 γμάτων
513 3199 691 3270 δχλος,
718 3197 779 3250 ού
811 3196 1108 3270 φροντίδων
1140 3195 1346 3267 πλῆθος
1365 3234 1381 3260 ,
1430 3196 1530 3250 οὐκ
1579 3194 1707 3250 ἄλλο
1738 3195 1847 3251 τῶν

260 3292 518 3347 τοιούτων
555 3291 708 3345 οὐδὲν
755 3288 1111 3344 ὑποσκελίσαι
1158 3287 1363 3342 δύναιτ’
1389 3288 1482 3342 ἄν’
1518 3288 1708 3362 ὥσπερ
1754 3284 1848 3344 οὖν

261 3382 360 3435 τὸν
389 3380 580 3434 ὕπτιον
606 3380 702 3433 καὶ
732 3377 1166 3433 ἀναπεπτωκότα
1194 3377 1295 3430 οὐκ
1323 3376 1503 3448 ἀέρων
1536 3378 1847 3448 εὐκρασίαι,

262 3475 330 3528 ού
366 3472 529 3544 σχολὴ
569 3471 665 3525 καί⁴
700 3469 877 3535 ἄδεια,
915 3470 976 3523 ού
1007 3468 1260 3541 ῥᾳστώνη
1307 3470 1400 3522 καὶ
1437 3468 1621 3533 ἄνεσις
1661 3470 1852 3539 διεγεί-

265 3580 414 3635 ρειεν
447 3562 535 3627 ἂν,
577 3558 714 3614 ἀλλά
750 3558 900 3630 μένει
955 3557 1232 3612 καθεύδων
1282 3557 1451 3612 ὕπνον
1494 3556 1615 3612 τινὰ
1651 3558 1851 3629 πολλῆς

267 3655 604 3727 κατηγορίας
662 3653 832 3719 ἄξιον.
876 3651 1017 3703 Ἀλλ’
1063 3650 1161 3721 οὐχ
1221 3651 1379 3721 ὑμεῖς
1420 3650 1673 3716 τοιοῦτοι,
1715 3649 1851 3704 ἀλλὰ

268 3748 422 3818 παρά
443 3758 470 3786 ι
500 3745 607 3799 τῶν
644 3743 740 3815 τὴν
782 3743 934 3796 πόλιν
972 3741 1263 3796 οἰκούντων
1286 3743 1415 3812 ἡμῖν
1450 3741 1852 3811 ἁμείνους.Καὶ

265 3838 380 3907 γὰρ
399 3835 459 3889 τὸ
487 3834 782 3903 κεφάλαιον
806 3832 906 3903 τῆς
936 3832 1140 3895 πόλεως
1168 3831 1343 3902 ὑμεῖς,
1369 3829 1509 3884 οὕτω
1531 3829 1853 3902 συντεταμέ-

270 3945 355 3982 νοι
379 3929 474 3981 καὶ
496 3928 698 3996 νήφοντ
715 3942 779 3989 .ς,
811 3926 1036 3986 καὶτοῖς
1057 3921 1375 3993 λεγομένοις
1400 3921 1541 3993 μετὰ
1566 3920 1852 3995 ἀκριϐείας

270 4014 806 4089 παρακολουθοῦντες
843 4012 949 4068 ἀεί.
993 4011 1163 4066 Τοῦτο
1214 4012 1340 4083 ἐμοὶ
1379 4011 1441 4065 τὸ
1473 4011 1699 4083 θέατρον
1744 4011 1851 4065 τῶν

266 4108 568 4181 βασιλικῶν
591 4106 772 4163 αὐλῶν
800 4105 1144 4177 σεμνότερον.
1180 4103 1328 4156 Ἐκεῖ
1354 4103 1453 4173 μὲν
1482 4103 1593 4175 γὰρ
1621 4103 1689 4157 τά
1713 4102 1852 4157 διδό-

268 4218 429 4272 μενα.
462 4197 549 4253 οἷα
579 4199 646 4253 ἂν
673 4195 731 4271 ᾗ,
762 4196 840 4268 τῷ
880 4197 1107 4268 παρόντι
1148 4192 1582 4264 συγκαταλύεται
1610 4194 1730 4268 βίῳ,
1758 4197 1853 4250 καὶ

264 4292 502 4364 θορύϐου
538 4291 699 4362 γέμει
747 4289 841 4343 καὶ
871 4287 1121 4361 ταραχῆς
1166 4285 1584 4358 ἐμπέπλησταιο
1620 4286 1853 4340 ἐνταῦθα

264 4387 329 4440 δέ
352 4384 594 4440 τοιοῦτον
616 4383 788 4447 οὐδὲν,
815 4382 950 4436 ἀλλά
976 4381 1071 4436 καὶ
1096 4380 1364 4451 ἀσφάλεια
1394 4381 1563 4445 πᾶσα,
1595 4380 1690 4433 καὶ
1719 4379 1853 4452 τιμὴ

268 4479 518 4551 ταραχῆς
540 4474 958 4547 ἀπηλλαγμένη,
987 4474 1083 4527 καὶ
1110 4474 1277 4544 ἀρχαὶ
1303 4470 1455 4535 τέλος
1480 4472 1581 4525 οὐκ
1610 4471 1850 4543 ἔχουσαι,

265 4571 389 4625 οὐδὲ
411 4568 558 4641 αύτῷ
580 4568 659 4640 τῷ
680 4567 895 4638 θανάτῳ
917 4566 1363 4637 διακοπτόμεναι,
1382 4564 1518 4618 ἀλλὰ
1539 4564 1661 4618 τότε
1684 4566 1854 4635 ἀσφα-

266 4663 520 4733 λέστεραι
559 4659 861 4729 γινόμεναι.
901 4658 995 4729 Μὴ
1046 4656 1157 4730 γάρ
1208 4673 1298 4728 μοι
1329 4655 1421 4709 τὸν
1466 4656 1550 4709 ἐπ’
1580 4656 1853 4727 ὀχήματος

266 4752 433 4825 εἴπῃς
479 4749 813 4821 καθήμενον,
859 4748 1087 4811 καὶτὰς
1133 4746 1305 4819 ὀφρῦς
1348 4746 1714 4813 ἀνασπῶντα,
1760 4749 1854 4802 καὶ⁴

268 4844 500 4906 πολλοὺς
537 4842 729 4913 ἔχοντα
754 4841 1253 4913 δορυφόρους,μήτε
1284 4840 1395 4911 ιτὴν
1425 4839 1602 4911 ζώνην
1631 4841 1724 4894 καὶ
1755 4842 1853 4913 τὴν

264 4933 363 4990 τοῦ
401 4936 644 5007 κήρυκος
678 4934 864 5004 φωνήν
888 4952 901 4964 ·
956 4932 1032 5005 μὴ
1076 4932 1325 4987 ἐντεῦθέν
1360 4951 1449 5004 μοι
1495 4933 1587 4986 τὸν
1617 4932 1852 5006 ἄρχοντα

265 5026 705 5099 χαρακτηρίσῃς,
730 5026 845 5080 ἀλλ’
871 5026 979 5079 ἀπὸ
1026 5025 1127 5095 τῆς
1166 5025 1551 5090 καταστάσεως
1576 5027 1676 5096 τῆς
1711 5028 1850 5082 κατά

264 5118 468 5190 ψυχὴν,
502 5121 551 5172 εἰ
591 5118 701 5172 τῶν
728 5118 923 5172 ἐαυτοῦ
949 5117 1137 5171 παθῶν
1162 5119 1340 5190 ἄρχει,
1372 5121 1422 5173 εί
1465 5119 1574 5172 τῶν
1606 5121 1850 5191 νοσημάο

264 5229 379 5267 των
412 5211 780 5282 περιγίνεται’
810 5204 960 5274 οἷον,ι
985 5212 1034 5264 εί
1067 5212 1364 5283 χρημάτων
1394 5212 1687 5283 ἐπιθυμίας
1714 5230 1851 5284 κρα-

263 5307 370 5370 τεῖ,
411 5307 461 5359 εί
493 5304 761 5376 σωμάτων
787 5304 1085 5377 ἀκόρεστον
1135 5305 1315 5377 ἔρωτα
1353 5305 1641 5372 ὑπέταξεν,
1678 5307 1728 5358 εἰ
1773 5306 1848 5376 μὴ

263 5398 497 5467 τήκεται
523 5395 725 5467 φθόνῳ,
752 5398 802 5449 εί
838 5396 912 5467 μὴ
942 5394 1164 5466 σύρεται
1184 5394 1266 5466 τῷ
1300 5396 1524 5468 χαλεπῷ
1551 5397 1652 5467 τῆς
1693 5414 1851 5451 κενο-

264 5485 454 5554 δοξίας
485 5487 669 5554 πάθει,
695 5488 743 5540 εί
777 5487 853 5559 μὴ
883 5486 1087 5540 δέδοικε
1117 5488 1211 5540 καὶ
1233 5488 1427 5559 τρέμει
1455 5489 1665 5555 πενίαν,
1687 5491 1737 5542 εί
1774 5489 1848 5560 μὴ

262 5579 371 5648 τὴν
401 5578 495 5631 ἐπὶ
533 5577 596 5631 τὸ
630 5577 1083 5651 σκυθρωπότερον
1115 5578 1438 5651 μεταδολὴν,
1467 5581 1515 5632 εἰ
1547 5580 1620 5652 μὴ
1646 5579 1850 5634 ἀποτέ-

262 5669 439 5741 Θνηκε
481 5669 562 5743 τῷ
606 5670 716 5725 δέει
755 5670 947 5736 τούτῳ.
976 5671 1231 5724 Τοιοῦτόν
1268 5688 1357 5742 μοι
1403 5671 1576 5736 δεῖξον
1606 5673 1699 5726 τὸν
1747 5672 1847 5744 ἄρ-

263 5778 459 5834 χοντα·
488 5761 647 5816 τοῦτο
675 5761 784 5832 γάρ
806 5763 969 5834 ἀρχή.
994 5762 1058 5815 Ei
1087 5762 1145 5816 δέ
1175 5765 1369 5833 κρατεῖ
1393 5765 1490 5834 μὲν
1520 5763 1847 5837 ἀνθρώπων,

331 5853 361 5884 ⁸
386 5852 534 5903 SaviL
554 5853 677 5917 conj.
704 5853 841 5903 πολύ.

599 5966 877 6026 rum.
921 5918 1040 6027 Cn.
1087 5963 1186 6024 LI.

1946 2557 2185 2611 δουλεύει
2213 2556 2272 2610 δὲ
2301 2555 2518 2619 πάθεσι,
2547 2554 2763 2609 πάντων
2798 2550 3098 2625 ἀνθρώπων
3138 2551 3525 2625 δουλικώτερον

1946 2648 2038 2701 τὸν
2065 2645 2304 2700 τοιοῦτον
2336 2645 2546 2714 εἴποιμι
2582 2640 2648 2697 ἂν
2687 2641 2884 2711 ἔγωγε.
2921 2642 3031 2695 Καὶ
3063 2641 3313 2713 καθάπερ
3340 2642 3429 2696 τὸν
3467 2646 3526 2696 ἐν

1947 2737 2026 2808 τῷ
2057 2738 2209 2809 βάθει
2248 2738 2340 2791 τὸν
2390 2736 2627 2809 πυρετὸν
2670 2735 2863 2807 ἔχοντα
2910 2734 3387 2807 κατακλειόμενον,
3423 2733 3527 2788 κᾶν

1951 2832 2116 2903 μηδὲν
2144 2829 2385 2884 τοιοῦτον
2432 2831 2465 2902 ἡ
2499 2828 2790 2900 ἐπιφάνεια
2832 2827 2925 2881 τοῦ
2958 2827 3212 2898 σώματος
3258 2828 3531 2881 ἐνδείκνυ-

1947 2942 2066 2991 ται,
2116 2925 2334 2987 πάντως
2385 2922 2620 2994 μάλιστα
2675 2923 2832 2990 φαῖεν
2885 2919 2952 2974 ἂν
3005 2920 3292 2990 πυρέττειν
3326 2922 3375 2974 οἱ
3420 2921 3530 2973 τῶν

1951 3015 2150 3089 ἰατρῶν
2195 3014 2403 3078 παῖδες,
2429 3015 2533 3069 κᾶν
2573 3015 2620 3067 οί
2671 3011 2873 3067 ἰδιῶται
2930 3011 3229 3079 ἀγνοῶσιν·
3283 3011 3425 3064 οὕτω
3465 3011 3530 3083 δὴ

1949 3107 2104 3177 κάγὼ
2151 3106 2244 3160 τὸν
2293 3106 2473 3178 ψυχὴν
2518 3104 2710 3175 ἔχοντα
2750 3103 2965 3172 δούλην,
3017 3103 3111 3156 καὶ
3167 3101 3275 3155 τῶν
3340 3101 3533 3155 παθῶν

1948 3199 2293 3271 αἰχμάλωτον
2324 3200 2374 3261 b,
2407 3197 2512 3252 κᾶν
2547 3198 2621 3269 μή
2653 3214 2704 3249 τι
2743 3194 2986 3248 τοιοῦτον
3034 3195 3068 3265 ἡ
3098 3193 3296 3261 ἔξωθεν
3330 3194 3534 3247 ἐπιδεί-

1948 3310 2137 3346 κνυται
2163 3291 2304 3362 ὄψις,
2335 3291 2472 3345 ἀλλά
2494 3288 2823 3352 τούναντίον,
2859 3287 3114 3341 ἁπάντων
3142 3285 3532 3356 δουλικώτερον

1951 3385 2116 3454 φαίην
2148 3383 2214 3437 ἂν
2253 3383 2345 3437 τὸν
2388 3384 2445 3436 ἐν
2489 3382 2568 3453 τῷ
2612 3381 2764 3452 βάθει
2802 3380 2893 3434 τὸν
2924 3380 3156 3451 πυρετὸν
3196 3378 3305 3432 τῶν
3346 3376 3533 3431 κακῶν

1950 3477 2161 3547 ἔχοντα,
2188 3474 2282 3529 καὶ
2315 3475 2414 3545 τὴν
2451 3471 2742 3546 τυραννίδα
2767 3473 2877 3524 τῶν
2911 3470 3100 3524 παθῶν
3129 3471 3186 3523 ἐν
3211 3469 3348 3540 αὐτῇ
3391 3468 3536 3539 ἱδρυ-

1954 3569 2121 3639 μένην
2144 3569 2211 3638 τῇ
2254 3566 2399 3638 ψυχῇ
2421 3583 2434 3596 ·
2467 3566 2704 3637 ἄρχοντα
2741 3564 2798 3618 δέ
2832 3563 2925 3617 καὶ
2952 3561 3256 3634 ἐλεύθερον,
3302 3560 3396 3614 καὶ
3436 3560 3537 3630 βα-

1954 3659 2145 3713 σιλέων
2185 3655 2626 3729 βασιλικώτερον,
2654 3655 2759 3710 κᾶν
2791 3655 2955 3726 ῥάκια
2982 3651 3448 3724 περιϐεόλημένος
3475 3647 3533 3726 ᾗ,

1952 3751 2055 3806 κᾶν
2098 3750 2471 3821 δεσμωτήριον
2506 3751 2651 3820 οἰκῇ,
2682 3747 2786 3801 κᾶν
2829 3746 3019 3800 ἅλυσιν
3063 3745 3412 3818 περικὲηται,
3445 3743 3537 3797 τὸν

1953 3842 2158 3911 ταύτην
2191 3841 2599 3913 ἀποδυσάμενον
2630 3840 2730 3913 τὴν
2761 3838 3073 3910 τυραννίδα,
3118 3838 3212 3891 καὶ
3261 3836 3383 3889 οὔτε
3415 3838 3537 3898 ταῖς

1954 3935 2220 4005 πονηραῖς
2252 3932 2568 4004 ἐπιθυμίαις
2596 3932 2981 4002 κατεχόμενον,
3021 3928 3147 3982 οὔτε
3188 3928 3381 3997 ἄλογον
3422 3927 3540 3990 δέος

1954 4022 2147 4086 πενίας
2201 4023 2297 4075 καὶ
2334 4021 2597 4093 ἀτιμίας,
2650 4019 2830 4074 αὐτῶν
2884 4019 2993 4072 τῶν
3048 4018 3350 4073 δοκούντων
3400 4013 3539 4070 εἶναι

1953 4112 2215 4185 λυπηρῶν
2249 4114 2308 4166 ἐν
2339 4113 2418 4184 τῷ
2468 4112 2700 4182 παρόντι
2753 4111 2875 4182 βίῳ,
2927 4109 3207 4163 δεδοικότα
3267 4109 3362 4162 καὶ
3409 4108 3538 4179 τρέ-

1956 4222 2145 4277 μοντα.
3210 4252 3215 4257 ,

2029 4297 2093 4369 β’.
2114 4292 2283 4353 Αῦται
2311 4299 2367 4351 αἱ
2391 4296 2558 4370 ἀρχαὶ
2585 4298 2686 4349 οὐκ
2712 4296 2817 4349 είσὶ
2834 4294 3134 4367 χρημάτων
3168 4293 3395 4364 ὠνηταὶ,
3418 4292 3541 4346 οὐδὲ

1953 4393 2080 4454 τοὺς
2109 4389 2443 4461 φθονοῦντας
2485 4388 2666 4459 ἔχουσι
2688 4406 2703 4420 ο
2735 4387 2940 4456 ταύτην
2967 4388 3068 4439 οὐκ
3094 4382 3201 4440 οἶδε
3232 4385 3538 4458 κατηγόρου

1954 4483 2193 4554 γλῶττα,
2242 4480 2367 4536 οὔτε
2403 4480 2689 4552 βασκάνων
2735 4479 3033 4550 ὀφθαλμὸς,
3067 4480 3187 4533 οὐδὲ
3237 4479 3541 4532 ἐπιϐούλων

1959 4578 2349 4649 μηχανήματα,
2383 4573 2498 4628 ἀλλ’
2529 4573 2719 4645 ὥσπερ
2755 4576 2812 4627 ἐν
2856 4572 3041 4644 ἀσύλῳ
3076 4572 3266 4643 χωρίῳ
3308 4574 3416 4626 τινὶ
3460 4572 3540 4643 τῷ

1953 4670 2054 4742 τῆς
2081 4663 2399 4739 φιλοσοφίας
2447 4665 2860 4736 ὲνδιαιτωμένη,
2895 4664 3046 4735 μένει
3091 4663 3353 4733 διηνεκῶς
3387 4663 3539 4733 ἀχεί-

1957 4777 2149 4833 ρωτος,
2171 4759 2248 4811 ὀὐ
2287 4757 2446 4829 μόνον
2485 4758 2607 4820 ταῖς
2646 4757 2836 4819 ἄλλαις
2863 4756 2972 4808 τῶν
3006 4756 3345 4831 πραγμάτων
3380 4772 3538 4826 περι-

1957 4850 2232 4912 στάσεσιν,
2260 4848 2375 4901 ἀλλ’
2398 4847 2521 4900 οὐδὲ
2557 4847 2696 4917 αὐτῇ
2725 4846 2948 4900 εἴκουσα
2976 4848 3043 4918 τῇ
3077 4846 3323 4915 τελευτῇ.

2024 4944 2136 4998 Καὶ
2162 4941 2466 4995 δεικνύουσι
2513 4941 2685 4994 ταῦτα
2709 4941 2759 4993 οἱ
2789 4940 3085 5012 μάρτυρες,
3114 4933 3188 4994 ὧν
3214 4938 3282 4993 τὰ
3312 4937 3539 5009 σώματα

1958 5037 2055 5107 μὲν
2092 5032 2309 5104 διελύθη
2350 5033 2444 5086 καὶ
2471 5033 2618 5095 κόνις
2650 5034 2842 5101 γέγονε
2877 5032 2971 5086 καὶ
3000 5032 3199 5104 τέφρα,
3237 5033 3270 5102 ἡ
3312 5031 3369 5085 δὲ
3400 5031 3541 5102 ἀρχὴ

1956 5126 2078 5181 καθ’
2122 5125 2360 5197 ἑκάστην
2401 5123 2467 5197 ζῇ
2505 5124 2602 5196 τὴν
2631 5112 2843 5197 ἡμέραν
2871 5124 2966 5178 καὶ
2997 5126 3239 5196 ἐνεργεῖ,
3277 5123 3540 5195 δαίμονας

1957 5215 2107 5292 [539]
2158 5213 2560 5275 ἀπελαύνουσα,
2599 5217 2694 5268 καὶ
2730 5216 3017 5286 νοσήματα
3050 5214 3404 5287 δραπετεύειν
3437 5232 3543 5269 πα·-

1961 5308 2395 5384 ρασκευάζουσα,
2427 5310 2521 5360 καλ⁵
2556 5308 2739 5371 πόλεις
2772 5307 3099 5378 ὁλοκλήρους
3135 5306 3537 5379 ἀναπτεροῦσα.

1958 5401 2053 5455 καὶ
2092 5401 2298 5472 δήμους
2339 5396 2574 5451 ἐνταῦθα
2621 5396 2848 5465 ἄγουσα.
2912 5395 3163 5466 Τοσαύτη
3216 5395 3315 5465 τῆς
3366 5393 3540 5466 ἀρχῆς

1956 5492 2163 5562 ταύτης
2201 5492 2236 5562 ἡ
2274 5488 2524 5561 δύναμις,
2554 5490 2676 5560 οὐχὶ
2709 5487 2928 5552 ζώντων
2974 5485 3084 5541 τῶν
3118 5488 3397 5559 ἀρχόντων
3443 5484 3540 5556 μό-

1955 5601 2064 5648 νον,
2105 5580 2240 5636 ἀλλά
2283 5582 2378 5635 καὶ
2420 5580 2876 5650 τελευτησάντων,
2917 5578 2993 5643 ὡς
3022 5579 3236 5649 ἀνάγκη
3284 5577 3382 5647 μὲν
3433 5593 3538 5647 μη-

1954 5673 2100 5740 δένα,
2132 5671 2327 5744 γνώμῃ
2349 5671 2407 5725 δέ
2435 5670 2530 5724 καὶ
2553 5671 2702 5742 πόθῳ
2727 5670 2931 5734 πάντας
2957 5668 3192 5725 ἐνταῦθα
3218 5666 3411 5732 ἐλθεῖν,
3443 5666 3538 5722 καὶ

2020 5850 2048 5890 δ
2071 5854 2178 5905 Duo
2200 5865 2313 5902 mss.
2338 5855 2434 5902 τῶν
2453 5854 2615 5902 παθῶν
2637 5852 2716 5902 καὶ
2736 5852 2830 5901 τῶν
2849 5851 3004 5901 νόσων
3028 5853 3163 5916 αἰχμ.

3134 5957 3216 6017 22
