4020 6370
508 305 540 357 3
560 302 615 355 ίί)

518 424 711 496 μηδενὶ
763 425 1123 497 μαραίνεσθαι
1177 427 1374 500 χρόνῳ.
1427 428 1622 501 Ὁρᾶτε
1674 430 1751 493 ὡς
1801 428 1862 484 οὐ
1919 429 2096 502 μάτην

509 518 659 572 τουτὶ
683 517 744 572 τὸ
775 518 999 591 θέατρον
1040 521 1361 592 σεμνότερον
1397 521 1534 593 ἐφην
1573 519 1712 576 εἶναι
1742 522 1852 577 τῶν
1889 523 2097 594 βασιλι-

511 611 624 664 κῶν
651 609 861 678 αὐλῶν;
893 613 937 663 Τ
942 611 975 664 ἀ
1009 613 1106 683 μὲν
1139 612 1248 685 7&9
1294 616 1412 668 ἐκεῖ
1449 614 1670 684 φύλλοις
1699 614 1844 669 ἐοικε
1889 633 2093 688 μαραι-

509 703 775 772 νομένοις,
805 705 898 758 καὶ
937 709 1113 769 σκιαῖς
1145 708 1614 779 παρατρεχούσαις
1633 725 1647 738 ·
1674 707 1742 760 τά
1769 709 1826 762 δέ
1859 708 2090 762 ἐνταῦθα

505 795 756 866 διδόμενα
785 796 875 852 τὸν
903 797 1182 870 ἀδάμαντα
1220 803 1492 871 μιμεῖται,
1526 801 1725 872 μᾶλλον
1749 800 1807 854 δὲ
1835 801 2088 856 κάκείνου

507 887 856 959 στερρότερα,
890 888 987 943 am
1014 888 1259 944 ἀθάνατα
1294 890 1422 944 ὄντα
1455 892 1550 945 καὶ
1599 891 1831 962 ἀκίνητα
1876 892 1970 945 καὶ
2001 893 2090 946 οὐ·

501 981 558 1033 δε
566 983 664 1053 μιᾷ
693 981 913 1036 είκοντά
933 999 1062 1036 ποτε
1095 982 1385 1054 μεταϐολῇ,
1409 984 1504 1037 καὶ
1528 986 1640 1047 τοῖς
1672 983 1870 1056 ἐρῶσιν
1908 984 2087 1039 αὐτῶν

500 1071 671 1136 ἀδεῶς
705 1074 951 1140 ἐπιόντα,
980 1075 1159 1146 μάχης
1183 1075 1583 1147 ἀπηλλαγμένα
1609 1077 1704 1129 καὶ
1730 1076 2085 1146 φιλονεικίας,

500 1166 594 1218 καὶ
624 1165 817 1236 φθόνου
847 1167 942 1220 καὶ
969 1167 1354 1238 δικαστηρίων,
1398 1169 1492 1222 καὶ
1523 1167 1824 1222 ἐπιϐούλων
1864 1169 1959 1223 καὶ
1992 1186 2086 1222 συ-

498 1260 812 1328 κοφαντίας.
860 1261 941 1314 Τά
973 1261 1070 1331 μὲν
1103 1261 1212 1334 γάρ
1263 1261 1494 1332 βιωτικά
1535 1261 1764 1326 πολλοὺς
1801 1262 1913 1333 ἐχει
1958 1265 2084 1328 τοὺς

497 1349 856 1419 φθονοῦντας·
887 1353 954 1407 τά
985 1353 1043 1407 δέ
1073 1354 1446 1424 πνευματικὰ,
1473 1355 1595 1408 ὅσον
1624 1355 1692 1409 ἂν
1719 1357 1800 1420 είς
1829 1356 2084 1421 πλείονας

495 1443 644 1518 ἔλθῃ,
670 1443 922 1499 τοσοῦτον
953 1447 1152 1516 μᾶλλον
1175 1447 1274 1518 τὴν
1311 1447 1571 1517 εὐπορίαν
1614 1446 1949 1502 ἐνδείκνυται
1980 1449 2080 1520 τὴν

493 1537 722 1593 ἑαυτῶν.
750 1538 860 1592 Καὶ
886 1538 1044 1593 τοῦτο
1071 1539 1278 1605 ἔξεστιν
1305 1540 1434 1612 ὑμῖν
1463 1543 1526 1595 ἐκ
1564 1540 1659 1594 τοῦ
1693 1541 1852 1611 λόγου
1885 1541 2076 1597 τούτου

495 1628 706 1698 μαθεῖν.
737 1630 842 1683 Τὸν
870 1629 978 1701 γὰρ
1009 1630 1187 1700 λόγον,
1212 1631 1272 1684 δν
1301 1633 1381 1695 είς
1425 1632 1632 1696 πάντας
1657 1633 1853 1704 ἐκχέω,
1881 1633 1948 1687 ἂν
1979 1635 2078 1704 μὲν

488 1721 626 1773 οἴκοι
663 1721 921 1791 κατάσχω
971 1724 1100 1793 παρ’
1141 1724 1381 1794 ἐμαυτῷ,
1424 1723 1774 1796 ἀπορώτερος
1811 1725 2071 1796 γίνομαιο

488 1810 556 1863 ἂν
584 1810 641 1863 δέ
667 1811 746 1874 είς
776 1811 981 1876 πάντας
1004 1811 1197 1882 ἐκχέω,
1227 1811 1415 1884 ὥσπερ
1443 1814 1522 1876 είς
1553 1813 1793 1884 ἄρουραν
1822 1811 2072 1883 καθαράν

489 1904 696 1973 βάλλων
735 1905 803 1960 τά
847 1905 1158 1976 σπέρματα,
1208 1906 1464 1961 ἐπιτείνω
1509 1922 1612 1977 μου
1650 1904 1750 1976 τὴν
1787 1903 2070 1976 εὐπορίαν,

485 1998 708 2052 πλείονα
735 2000 875 2054 ποιῶ
901 2000 992 2054 τὸν
1023 2000 1278 2065 πλοῦτον,
1307 2001 1551 2064 ἅπαντας
1593 2001 1736 2071 ὑμᾶς
1767 1999 2072 2071 εὐπορωτέ-

486 2105 612 2159 ρους
645 2090 1032 2164 ἐργαζόμενος,
1061 2093 1223 2156 αὐτὸς
1251 2093 1306 2146 δέ
1331 2091 1482 2146 οὐδὲν
1511 2093 1569 2145 ἐν
1607 2091 1781 2166 ταύτῃ
1814 2093 2070 2146 πενέστε-

483 2199 575 2251 ρος
631 2183 916 2254 γινόμενος
935 2225 949 2247 .
994 2183 1131 2238 ἀλλά
1169 2183 1264 2238 καὶ
1310 2181 1706 2254 πλουσιώτερος
1769 2181 2029 2253 μειζόνως
2050 2199 2065 2215 ο

479 2273 616 2344 ὅπερ
648 2274 741 2327 ἐπὶ
770 2276 1068 2347 χρημάτων
1096 2275 1196 2328 οὐκ
1240 2274 1341 2338 ἐνι,
1386 2273 1524 2327 ἀλλά
1554 2273 1864 2328 τούναντίον
1895 2273 2062 2328 άπαν.

479 2365 542 2418 Et
580 2367 690 2438 7&9
717 2368 856 2438 ἔχων
897 2367 1116 2438 χρυσίον
1155 2366 1534 2436 ἀποκείμενον,
1581 2367 1660 2428 είς
1696 2365 1902 2428 πάντας
1933 2365 2064 2419 αὐτὸ

476 2453 745 2532 διανεῖμαι
803 2460 1048 2531 ἑλοίμην,
1099 2458 1281 2512 οὐκέτι
1328 2458 1395 2513 ἂν
1445 2457 1713 2528 δυναίμην
1761 2455 1904 2527 ἐχειν
1963 2457 2062 2526 τὴν

477 2555 748 2627 προτέραν
801 2553 1082 2622 εὐπορίαν,
1133 2553 1200 2622 τῇ
1253 2550 1516 2623 διαιρέσει
1559 2549 1761 2620 ταύτης
1807 2550 2059 2603 ἐλαττου-

478 2646 667 2716 μένης.

544 2739 614 2805 7'.
633 2737 784 2790 Ἐπεὶ
801 2731 892 2790 οὖν
907 2736 1143 2789 τοσαῦτα
1176 2734 1278 2788 τῶν
1297 2733 1684 2805 πνευματικῶν
1701 2733 1769 2787 τὰ
1780 2735 2054 2806 ἐξαίρετα,

465 2822 566 2873 -καὶ
593 2820 792 2892 πολλὴν
821 2820 931 2892 ἔχει
957 2821 1058 2893 τὴν
1099 2819 1368 2884 εὐκολίαν,
1409 2819 1505 2872 ἆτε
1543 2819 1677 2870 πᾶσι
1708 2821 1821 2882 τοῖς
1867 2818 2056 2888 βουλος

474 2904 654 2973 μένοις
671 2906 879 2978 δωρεὰν
907 2904 1332 2976 παραγινόμενα,
1360 2901 1564 2956 τούτων
1593 2901 1792 2972 μᾶλλον
1815 2903 2055 2974 ἐρῶμεν,

463 2988 565 3052 τὰς
595 2988 753 3053 σκιὰς
795 2989 1043 3058 ἀφέντες,
1077 2989 1172 3042 καὶ
1207 2987 1282 3058 μὴ
1313 2987 1440 3050 τοὺς
1480 2987 1758 3058 κρημνοὺς
1791 2987 1884 3040 καὶ
1927 2988 2056 3051 τοὺς

468 3072 768 3136 σκοπέλους
796 3071 1104 3134 διώκοντες.
1131 3071 1242 3124 Καὶ
1280 3070 1388 3142 7&9
1428 3070 1516 3123 ἵνα
1544 3069 1732 3125 τοῦτον
1756 3070 1846 3122 τὸν
1875 3070 2054 3141 ἔρωτα

461 3159 492 3209 ὁ
520 3156 652 3220 Θεὸς
689 3155 957 3230 ἐπιτείνῃ.
999 3156 1094 3208 καὶ
1139 3155 1247 3225 πρὸ
1289 3155 1387 3225 τῆς
1429 3153 1684 3224 τελευτῆς
1720 3153 1815 3208 τοῦ
1855 3171 2053 3225 κεκτη-

467 3240 631 3307 μένου
668 3239 846 3294 ταῦτα
879 3238 1171 3311 ἀνθρώπου
1215 3238 1445 3292 θάνατον
1477 3239 1662 3301 αὐτοῖς
1705 3238 2050 3309 συνεκλήρω-

466 3342 576 3378 σεν.
610 3319 733 3379 Οἶόν
776 3342 830 3377 τι
871 3324 1047 3392 λέγω·
1098 3323 1197 3393 οὐχ
1247 3323 1373 3377 ὅταν
1419 3324 1447 3376 ὁ
1491 3323 1826 3394 κεκτημένος
1877 3323 2050 3376 ταῦτα

462 3409 781 3480 τελευτήσῃ,
822 3408 943 3462 τότε
975 3407 1070 3461 καὶ
1101 3406 1240 3460 αὐτά
1269 3406 1513 3477 τελευτᾷ,
1559 3406 1693 3460 ἀλλά
1725 3406 1818 3460 καὶ
1851 3407 2050 3472 ζῶντος

463 3493 543 3545 ἔτι
581 3495 904 3565 μαραίνεται
954 3493 1126 3546 ταῦτα
1168 3491 1262 3544 καὶ
1295 3489 1650 3560 ἀποθνήσκει,
1693 3491 1782 3543 ἵνα
1814 3491 1874 3545 τὸ
1912 3492 2048 3545 ἐπί-

463 3596 632 3649 κηρον
663 3577 841 3630 αὐτῶν
883 3575 976 3629 καὶ
1005 3577 1130 3640 τοὺς
1176 3575 1378 3644 σφόδρα
1429 3575 1608 3628 αὐτῶν
1657 3574 1899 3644 ἐρῶντας
1952 3577 2048 3630 καὶ

462 3661 591 3734 περὶ
616 3661 755 3715 αὐτά
786 3659 1099 3730 μεμηνότας
1131 3659 1230 3727 τῆς
1261 3659 1503 3729 χαλεπῆς
1531 3658 1736 3730 ταύτης
1779 3660 2044 3734 ἀπαγάγῃ

460 3746 678 3817 λύττης,
715 3744 1039 3799 παιδεύοντα
1066 3743 1246 3796 αὐτῶν
1268 3742 1367 3812 τὴν
1396 3743 1576 3810 φύσιν,
1607 3745 1702 3797 καὶ
1726 3744 2046 3800 διδάσκοντα

457 3833 546 3883 διὰ
576 3833 675 3901 τῆς
717 3829 942 3898 πείρας,
984 3829 1064 3880 ὅτι
1100 3828 1258 3890 σκιᾶς
1310 3827 1460 3880 ἐστιν
1509 3827 1910 3901 ἀδρανέστερα,
1948 3832 2043 3884 καὶ

455 3913 630 3987 ταύτῃ
663 3913 754 3966 τὸν
805 3912 981 3982 ἔρωτα
1015 3910 1370 3965 καταλύοντα.
1396 3905 1520 3965 Οἴον
1549 3911 1623 3975 ώς
1659 3913 1752 3966 ἐπὶ
1785 3915 2043 3984 παραδεί-

455 4015 664 4068 γματος
684 4014 698 4028 ⁸
721 3997 750 4048 ὁ
778 3995 1006 4059 πλοῦτος
1029 3995 1150 4066 οὐχὶ
1174 3993 1267 4048 τοῦ
1298 3994 1651 4059 πλουτοῦντος
1684 3996 1841 4066 μόνον
1864 3998 2044 4052 τελευ-

452 4082 655 4144 τῶντος
687 4078 1037 4142 καταλύεται,
1062 4078 1200 4132 ἀλλά
1229 4081 1323 4132 καὶ
1350 4077 1550 4142 ζῶντος
1584 4079 1784 4150 μᾶλλον
1804 4081 2037 4153 ἀπέστη.

467 4166 531 4218 Ἠ
556 4165 747 4234 νεότης
772 4163 862 4216 τὸν
892 4162 1080 4233 ἔχοντα
1109 4162 1230 4233 οὐχὶ
1256 4162 1655 4233 τελευτήσαντα
1697 4163 1878 4233 μόνον,
1903 4164 2040 4219 ἀλλά

453 4248 547 4301 καὶ
598 4246 900 4317 ἐμπνέοντα
942 4245 1020 4298 ἐτι
1067 4244 1408 4299 ἀπολιποῦσα
1451 4245 1687 4315 οἴχεται,
1726 4247 1784 4300 ἐν
1820 4249 1887 4318 τῇ
1942 4248 2039 4320 τῆς

453 4330 669 4400 ἡλικίας
695 4329 801 4392 ὁδῷ
828 4327 1190 4392 καταλύουσα,
1211 4329 1303 4381 καὶ
1332 4329 1409 4398 τῷ
1438 4329 1585 4400 γήρᾳ
1608 4328 2034 4402 παραχωροῦσα.

453 4415 528 4468 Τὸ
567 4415 763 4478 κάλλος
813 4409 947 4483 ὁμοῦ
988 4413 1080 4465 καὶ
1123 4413 1156 4483 ἡ
1201 4412 1506 4483 εὐμορφία,
1555 4413 1638 4466 ἐτι
1691 4413 1872 4485 ζώσης
1936 4417 2038 4487 τῆς

451 4498 731 4568 γυναικὸς,
775 4494 1116 4567 ἐτελεύτησε,
1151 4495 1246 4548 καὶ
1276 4496 1413 4566 πρὸς
1454 4496 1729 4568 ἀμορφίαν
1763 4499 1994 4571 μετέστη
2019 4517 2034 4532 ο

449 4584 506 4636 αἱ
541 4582 710 4649 δόξαι,
747 4581 802 4634 αἱ
839 4582 1145 4635 δυναστεῖαι
1195 4579 1357 4634 πάλιν
1399 4580 1630 4652 ὁμοίως·
1678 4584 1732 4636 αί
1765 4584 1942 4654 τιμαὶ,
1978 4585 2036 4637 αἱ

448 4675 636 4746 ἁρχαὶ,
680 4675 947 4746 ἐφήμεροι
986 4672 1082 4727 καὶ
1123 4671 1470 4744 πρόσκαιροι,
1508 4676 1601 4727 καὶ
1639 4676 1747 4727 τῶν
1799 4675 2033 4746 ἐχόντων

447 4764 588 4817 αὐτά
643 4761 946 4833 ἀνθρώπων
1000 4762 1353 4834 θνητότεραι·
1402 4764 1495 4817 καὶ
1544 4764 1732 4836 ὥσπερ
1764 4765 2032 4837 σωμάτων

448 4854 711 4917 θανάτους
736 4852 852 4906 ἐστι
879 4852 1279 4925 καθημρινούς
1301 4857 1454 4926 όρᾷν,
1481 4855 1622 4909 οὕτω
1652 4858 1748 4910 καὶ
1781 4859 2035 4930 πραγμά-

445 4961 570 4996 των.
596 4943 765 4996 Τοῦτο
797 4944 852 4996 δὲ
881 4944 1126 5012 γέγονεν,
1150 4945 1236 4997 ἵνα
1258 4944 1367 4998 τῶν
1405 4947 1689 5017 παρόντων
1721 4948 2033 5020 ὑπερορῶν-

444 5054 557 5099 τες.
585 5036 735 5109 [540]
773 5037 881 5090 τῶν
915 5037 1216 5108 μελλόντων
1245 5037 1519 5109 ἐχώμεθα,
1560 5041 1654 5093 καὶ
1681 5041 1778 5111 τῆς
1807 5043 2030 5096 ἐκείνων

443 5132 544 5184 ἐκκ
553 5147 609 5200 ρε
619 5128 848 5200 μώμεθα
864 5129 1239 5194 ἀπολαύσεως,
1259 5131 1353 5184 καί
1369 5133 1426 5184 ἐν
1440 5135 1508 5202 τῇ
1525 5135 1596 5204 γῇ
1621 5132 2030 5206 βαδίζοντες,τῷ

442 5224 594 5296 πόθῳ
611 5227 668 5278 ἐν
691 5225 941 5295 οὐρανοῖς
971 5224 1354 5298 διατρίϐωμεν.
1390 5226 1502 5280 Καὶ
1553 5229 1662 5300 γὰρ
1686 5227 1780 5283 δύο
1802 5229 2028 5294 τούτους

442 5317 645 5382 αἰῶνας
664 5315 919 5388 ἐποίησεν
937 5317 1131 5380 όΘεὸς.
1148 5317 1242 5372 τὸν
1271 5318 1370 5389 μὲν
1397 5319 1663 5391 παρόντα,
1693 5321 1785 5374 τὸν
1806 5321 1863 5375 δὲ
1896 5323 2026 5394 μέλι

441 5413 633 5466 λοντα·
664 5408 758 5462 τὸν
799 5409 897 5480 μέν
927 5409 1142 5482 ὁρατὸν,
1174 5411 1266 5464 τὸν
1290 5412 1350 5464 δέ
1379 5412 1640 5483 ἀόρατονο
1675 5415 1766 5468 τὸν
1810 5415 1909 5486 μὲν
1939 5419 2025 5470 αί-

443 5504 662 5573 σθητὺν,
694 5501 789 5556 τδν
827 5501 884 5554 δέ
915 5501 1138 5570 νοητόν·
1168 5503 1260 5556 τδν
1311 5505 1409 5575 μὲν
1461 5507 1782 5578 σωματικὴν
1833 5507 2025 5578 ἔχοντα

442 5599 769 5663 ἀνάπαυσιν,
801 5593 892 5648 τὸν
917 5595 974 5648 δέ
1009 5594 1301 5667 ἀσώματον
1320 5613 1334 5626 ο
1359 5597 1450 5652 τδν
1487 5598 1588 5669 μὲν
1618 5602 1676 5653 ἐν
1709 5601 1895 5673 πείρᾳ,
1932 5601 2024 5656 τὸν

441 5687 497 5740 δέ
525 5691 581 5741 ἐν
607 5689 821 5743 πίστειο
851 5688 943 5740 τὸν
970 5688 1068 5758 μὲν
1095 5690 1152 5741 ἐν
1176 5690 1355 5762 χερσὶ,
1391 5691 1482 5743 τὸν
1507 5691 1564 5744 δέ
1602 5693 1658 5745 ἐν
1683 5693 1864 5746 ἐλπίσι
1889 5710 1901 5726 ·
1929 5695 2025 5748 καὶ

451 5777 542 5831 τδν
579 5780 675 5849 μὲν
694 5776 833 5834 εἶναι
861 5777 1074 5835 στάδιον
1107 5780 1377 5852 ἐκέλευσε,
1401 5782 1492 5836 τὸν
1518 5783 1575 5838 δέ
1620 5783 1871 5856 βραϐεῖον
1890 5800 1905 5820 ο
1931 5786 2023 5840 καὶ

1235 323 1292 378 S.
1331 324 1616 382 JOANNIS
1653 327 2148 386 CIIRYSOSTOMI
2184 326 2502 385 AliClllEP.
2536 325 3080 384 CONSTANTINOP.

3674 323 3778 378 350

2197 421 2372 499 τούτῳ
2399 427 2498 500 μὲν
2525 429 2828 504 σκάμματα
2869 433 2964 486 καὶ
3011 432 3210 496 πόνους
3243 433 3337 487 καὶ
3387 434 3619 506 ἱδρῶτας
3652 455 3776 490 συν-

2193 518 2326 591 εκλή
2336 536 2530 590 ρωσεν,
2547 523 2741 594 ἐκείνῳ
2762 524 2819 577 δὲ
2842 524 3137 593 στεφάνους
3158 525 3252 578 καὶ
3270 524 3484 580 ἐπαθλα
3508 529 3602 581 καὶ
3620 530 3778 599 ἀμοις

2193 608 2326 671 ϐάς·
2357 610 2448 664 τὸν
2483 611 2581 681 μὲν
2617 613 2875 682 πέλαγος,
2922 615 3012 667 τὸν
3055 613 3112 666 δέ
3139 613 3334 684 λιμένα
3369 619 3776 674 κατεσκεύασε*

2191 701 2287 754 καὶ
2333 701 2428 755 τὸν
2481 703 2582 773 μὲν
2614 704 2843 776 βραχὺν,
2877 705 2969 760 τὸν
3017 705 3076 758 δὲ
3117 707 3312 777 ἀγήρω
3349 709 3444 761 καὶ
3484 709 3778 768 ἀθάνατον.

2203 793 2354 847 Ἐπεὶ
2375 789 2476 848 οὖν
2511 795 2697 850 πολλοὶ
2720 797 2828 850 τῶν
2853 796 3155 870 ἀνθρώπιον
3185 798 3292 853 τῶν
3318 799 3525 870 νοητῶν
3553 802 3779 856 ἐκείνων

2186 884 2256 937 τά
2291 885 2528 958 αἰσθητὰ
2554 890 2886 961 προετίμων,
2917 890 3298 961 συνεκλήρωσε
3337 891 3551 958 τούτοις
3574 894 3635 947 τὸ
3659 895 3778 950 ἐπί-

2187 993 2357 1048 κηρον
2390 979 2484 1032 καὶ
2519 979 2582 1033 τὸ
2631 982 2983 1053 πρόσκαιρον,
3010 983 3099 1038 ἵνα
3127 982 3299 1054 ταύτῃ
3345 983 3456 1038 τῶν
3488 986 3775 1058 παρόντων

2184 1063 2510 1134 ἀπαγαγὼν,
2531 1067 2609 1138 τῷ
2636 1068 2800 1142 ἔρωτι
2821 1069 2930 1124 τῶν
2954 1072 3255 1141 μελλόντων
3275 1073 3417 1143 μετὰ
3440 1075 3644 1147 πολλῆς
3671 1078 3774 1130 αὐ-

2181 1155 2310 1219 τοὺς
2343 1159 2627 1232 προσδήσῃ
2650 1161 2751 1231 τῆς
2781 1159 3232 1234 ἀκριϐείας.Εἴτα
3255 1165 3444 1238 ἐπειδὴ
3465 1167 3673 1238 ἀόρατα
3704 1165 3772 1240 ἦν

2183 1249 2366 1302 ἐκεῖνα
2395 1252 2488 1305 καὶ
2523 1252 2708 1326 νοερά,
2739 1255 2834 1308 καὶ
2875 1257 2934 1309 ἐν
2972 1257 3158 1310 πίστει
3193 1257 3285 1310 καὶ
3318 1258 3379 1310 ἐν
3401 1259 3638 1326 ἐλπίσιν,
3669 1263 3774 1331 ἔρα

2179 1343 2234 1394 τί
2267 1346 2431 1397 ποιεῖ.
2465 1346 2919 1419 Παραγενόμενος
2935 1349 3190 1417 ἐνταῦθα,
3221 1353 3316 1406 καὶ
3342 1353 3440 1425 τὴν
3468 1355 3648 1425 σάρκα
3678 1357 3774 1410 λα-

2179 1432 2289 1487 ϐῶν
2319 1436 2419 1507 τὴν
2447 1439 2753 1510 ἡμετέραν,
2786 1440 2882 1494 καὶ
2904 1441 3006 1512 τὴν
3036 1441 3359 1517 θαυμαστὴν
3382 1447 3601 1518 ἐκείνην
3625 1451 3772 1502 οἰκο-

2180 1527 2376 1596 νομίαν
2397 1530 2793 1601 ἐργασάμενος,
2835 1533 2927 1585 ὑπ’
2955 1532 3078 1602 ὄψιν
3107 1534 3322 1602 ἀγειτά
3353 1537 3639 1606 μέλλοντα,
3669 1541 3771 1605 τὰς

2177 1617 2495 1690 παχυτέρας
2527 1623 2622 1676 καὶ
2653 1617 2824 1696 ταύτῃ
2851 1625 3210 1696 πληροφορῶν
3245 1628 3507 1692 διανοίας.
3545 1631 3767 1704 Ἐπειδὴ

2175 1712 2286 1782 γὰρ
2315 1708 2450 1783 ἦλθε
2479 1713 2722 1784 κομίζων
2751 1714 3027 1769 πολιτείαν
3058 1717 3378 1790 ἀγγελικὴν,
3415 1719 3511 1773 καὶ
3540 1721 3640 1791 τὴν
3661 1721 3769 1790 γῆν

2173 1803 2402 1874 οὐρανὸν
2443 1805 2837 1878 ἐργαζόμενος,
2887 1807 3184 1862 καὶταῦτα
3216 1810 3539 1876 ἐπιτάττων,
3575 1810 3614 1864 ἃ.
3651 1816 3768 1877 τοῖς

2171 1895 2490 1966 ἀσωμάτοις
2522 1896 2824 1968 ἐξωμοίουν
2867 1900 3135 1971 δυνάμεσι
3172 1901 3301 1965 τοὺς
3335 1902 3641 1972 μετιόντας,
3668 1907 3768 1960 καὶ

2168 1989 2296 2052 τούς
2329 1987 2654 2059 ἀνθρώπους
2681 1991 2948 2060 ἀγγέλους
2979 1993 3228 2064 ἐποίησε,
3258 1997 3354 2049 καὶ
3383 1996 3520 2068 πρὸς
3543 1997 3647 2063 τὰς
3678 2001 3768 2054 ἐλ-

2170 2080 2330 2144 πίδας
2360 2082 2546 2136 ἐκάλει
2577 2083 2676 2146 τὰς
2698 2085 2832 2148 ἄνω,
2860 2087 2956 2139 καὶ
2990 2087 3161 2159 μικρὰ
3187 2088 3489 2160 σκάμματα
3513 2090 3763 2156 διέτεινε,

2167 2172 2264 2225 καὶ
2303 2171 2611 2245 ὑψηλότερα
2658 2174 2923 2228 ἵπτασθαι
2965 2176 3246 2242 ἐκέλευσε,
3278 2179 3374 2232 καὶ
3416 2180 3553 2252 πρὸς
3590 2183 3764 2248 αὐτὰς

2165 2265 2485 2319 ἀναϐαίνειν
2516 2267 2626 2319 τῶν
2654 2267 2902 2339 οὐρανῶν
2931 2268 3032 2333 τάς
3055 2269 3273 2338 ἀψῖδας,
3324 2273 3419 2326 καὶ
3459 2273 3599 2345 πρὸς
3641 2274 3762 2328 δαί-

2164 2374 2336 2426 μονας
2382 2358 2735 2426 ἀποδύεσθαι,
2764 2360 2856 2414 καὶ⁵
2915 2361 3055 2433 πρὸς
3086 2362 3308 2416 ἃπασαν
3355 2363 3451 2418 τοῦ
3501 2366 3758 2421 διαϐόλου

2160 2449 2261 2521 τὴν
2300 2450 2558 2519 φάλαγγα
2598 2451 3066 2521 παρατάττεσθαι,
3098 2454 3260 2526 σῶμα
3299 2455 3542 2527 ἔχοντας,
3591 2461 3761 2530 σαρκὶ

2161 2542 2719 2614 συμπεπλεγμένους,
2760 2546 2854 2599 καὶ
2888 2546 2958 2601 τὰ
2987 2545 3220 2618 σώματα
3249 2545 3498 2620 νεκροῦν,
3531 2552 3627 2603 καὶ
3646 2554 3760 2607 τῶν

2158 2632 2349 2686 παθῶν
2379 2633 2645 2706 ἐξορίζειν
2691 2636 2780 2689 τὸν
2813 2636 3062 2707 θόρυϐον,
3091 2638 3186 2690 καὶ
3214 2638 3315 2709 τὴν
3354 2639 3535 2710 σάρκα
3568 2641 3759 2706 ἁπλῶς

2157 2727 2525 2798 περικεῖσθαι,
2573 2728 2675 2799 τὴν
2732 2728 2967 2799 ἅμιλλαν
2999 2729 3057 2783 δέ
3087 2729 3226 2799 πρὸς
3278 2730 3378 2794 τὰς
3425 2732 3760 2802 ἀσωμάτους

2154 2816 2415 2889 δυνάμεις
2447 2819 2746 2874 τείνασθαι.

2223 2909 2285 2965 δ’.
2323 2911 2543 2984 Ἐπειδὴ
2561 2911 2734 2966 ταῦτα
2755 2913 3153 2986 ἐπέταξεν,ὅρα
3173 2916 3228 2968 τί
3257 2920 3421 2982 ποιεῖ,
3446 2920 3564 2983 πῶς
3591 2919 3755 2974 εὐκο-

2151 3001 2244 3054 λον
2266 3001 2356 3055 τὸν
2379 3002 2566 3071 ἀγῶνα
2581 3005 2894 3076 ἐργάζεται.
2921 3005 3139 3060 Μᾶλλον
3166 3007 3244 3070 δέ,
3269 3010 3318 3060 εἰ
3347 3009 3514 3075 δοκεῖ,
3547 3012 3753 3082 πρότε-

2155 3111 2249 3165 ρον
2278 3094 2524 3166 εἴπωμεν
2552 3095 2662 3149 τῶν
2689 3097 3080 3168 ἐπιταγμάτων
3114 3098 3174 3151 τὸ
3207 3099 3457 3169 μέγεθος,
3495 3103 3592 3156 καὶ
3623 3107 3749 3168 πῶς

2153 3186 2358 3256 ὑψηλὸν
2395 3188 2457 3240 τὸ
2488 3188 2686 3259 πτερὸν
2714 3191 3108 3256 κατεσκεύαζε,
3135 3194 3228 3246 καὶ
3261 3193 3364 3263 τῆς
3395 3193 3750 3266 ἀνθρωπίνης

2152 3279 2341 3349 σχεδὸν
2361 3280 2643 3345 ἐξοικίζων
2683 3283 2916 3352 φύσεως,
2951 3283 3088 3355 πρὸς
3106 3285 3336 3359 οὐρανὸν
3368 3285 3751 3358 μεθωρμὶσθαι

2149 3372 2359 3436 πάντας
2393 3371 2671 3426 ἐκέλευσε.
2706 3373 2812 3428 Τοῦ
2850 3377 2959 3447 γὰρ
2997 3375 3162 3447 νόμου
3205 3376 3514 3442 κελεύοντος
3545 3379 3751 3448 ὀφθαλ-

2151 3461 2252 3532 μδν
2277 3464 2399 3517 ἀντὶ
2411 3464 2715 3536 ὀφθαλμοῦ,
2754 3467 2918 3530 αὐτός
2939 3484 3104 3539 φησιν
3121 3483 3136 3500 ο
3181 3467 3324 3523 Ἐάν
3347 3469 3440 3536 τίς
3473 3486 3548 3524 σε
3563 3472 3750 3538 ῥαπι-

2147 3571 2229 3627 σῃ
2259 3559 2346 3625 εἰς
2380 3559 2494 3627 τὴν
2524 3558 2732 3624 δεξιὰν
2763 3562 3040 3630 σιαγόνα,
3111 3561 3381 3631 στρέψον
3427 3563 3588 3629 αὐτῷ
3643 3565 3747 3617 καὶ

2145 3647 2262 3717 τὴν
2297 3651 2518 3719 ἀλλην.
2559 3653 2674 3705 Οὐκ
2719 3647 2867 3718 εἷπε,
2909 3654 3043 3724 φέρε
3097 3656 3362 3722 γενναίως
3425 3657 3589 3727 μόνον
3651 3658 3748 3712 καὶ

2144 3743 2337 3814 πράως
2363 3745 2462 3814 τὴν
2505 3745 2814 3816 παροινίαν,
2855 3746 2995 3800 ἀλλά
3031 3747 3126 3800 καὶ
3177 3747 3364 3819 πρόῖθι
3427 3749 3748 3820 περαιτέρω

2141 3834 2241 3907 τὴν
2262 3835 2602 3905 φιλοσοφίαν,
2628 3837 2722 3890 καὶ
2764 3837 2987 3908 μείζονα
3035 3840 3457 3909 παρασκευάζου
3481 3841 3743 3911 πάσχειν,

2143 3927 2176 3998 ἢ
2206 3929 2414 3993 ἐκεῖνος
2442 3929 2668 3998 ποιῆσαι
2703 3929 2996 4002 ἐπιθυμείο
3036 3933 3104 4002 τῇ
3139 3931 3390 4004 δαψιλείᾳ
3432 3932 3536 4002 τῆς
3585 3933 3744 4003 φιλο-

2141 4022 2336 4092 σοφίας
2368 4022 2592 4094 νίκησον
2629 4022 2798 4077 αὐτοῦ
2831 4023 2894 4077 τὸ
2942 4023 3217 4096 προπετὲς
3262 4025 3364 4096 τῆς
3419 4027 3740 4098 παροινίας,

2139 4114 2227 4169 ἵνα
2250 4114 2514 4179 αἰδεσθείς
2537 4131 2631 4169 σου
2659 4116 2758 4188 τὴν
2783 4115 3228 4188 ὑπερϐάλλουσαν
3255 4117 3574 4181 ἐπιείκειαν,
3605 4120 3743 4172 ἀνα-

2137 4207 2385 4278 χωρήσῃ.
2417 4206 2524 4262 Kal
2550 4207 2711 4262 πάλιν
2737 4207 2903 4279 φησίν
2923 4225 2938 4240 ·
2970 4209 3243 4279 Εὔχεσθε
3272 4209 3423 4278 ὑπὲρ
3446 4207 3566 4263 τῶν
3587 4210 3740 4278 ἐπη-

2130 4294 2463 4365 ρεαζόντων
2485 4299 2643 4368 ὑμᾶς
2657 4317 2671 4332 ⁸
2693 4299 2950 4370 εὔχεσθε
2968 4299 3123 4369 ὑπὲρ
3134 4299 3253 4354 τῶν
3266 4299 3498 4370 ἐχθρῶν
3524 4303 3698 4372 ὑμῶν
3719 4320 3734 4333 ⁸

2138 4383 2340 4453 καλῶς
2367 4388 2588 4443 ποιεῖτε
2638 4389 2763 4455 τοῖς
2783 4389 3078 4460 μισοῦσιν
3105 4389 3286 4461 ὑμᾶς.
3319 4390 3429 4462 Τὴν
3471 4394 3602 4464 περὶ
3635 4393 3739 4463 τῆς

2137 4475 2434 4546 παρθενίας
2464 4476 2626 4531 πάλιν
2653 4479 2918 4550 εἰσήγαγε
2951 4479 3264 4551 συμϐουλὴν
3290 4480 3463 4550 λέγων
3480 4499 3495 4511 ·
3541 4482 3604 4536 '0
3629 4482 3740 4536 δυσ-

2135 4565 2396 4636 νάμενος
2422 4570 2656 4638 χωρεῖν,
2695 4571 2972 4640 χωρείτω.
3013 4573 3232 4644 Ἐπειδὴ
3263 4573 3373 4644 γὰρ
3428 4576 3495 4627 ἐκ
3547 4593 3733 4645 παρα-

2133 4659 2313 4712 δείσου
2339 4660 2400 4713 τὸ
2436 4663 2670 4732 πρᾶγμα
2713 4662 2956 4734 ἀπέπτη,
2995 4663 3091 4716 καὶ
3142 4665 3281 4734 μετὰ
3309 4665 3408 4737 τὴν
3443 4667 3732 4737 παρακοήν

2133 4753 2448 4827 ἀνεχώρησε
2485 4755 2689 4808 κατιὼν
2713 4758 2778 4810 ἐκ
2805 4757 2900 4810 τοῦ
2917 4756 3171 4827 οὐρανοῦ,
3203 4759 3364 4812 πάλιν
3411 4758 3586 4828 αὐτὴν
3629 4757 3732 4812 ἐπ-

2132 4849 2398 4920 ανήγαγε,
2427 4847 2679 4921 καθάπερ
2717 4837 2938 4918 φυγάδα
2977 4850 3114 4921 πρὸς
3143 4851 3241 4921 τὴν
3270 4851 3504 4921 ἀρχαίαν
3552 4852 3728 4905 ἐπαν-

2130 4936 2357 5007 αγαγὼν
2382 4938 2634 5010 πατρίδα,
2655 4938 2748 4992 καὶ
2776 4938 2928 5011 [541]
2949 4939 3050 5010 τῆς
3078 4941 3296 5012 μακρᾶς
3313 4940 3528 5013 ἐξορίας
3548 4942 3726 4994 ἀπαλ-

2128 5028 2370 5084 λάττων·
2411 5031 2507 5085 καὶ
2539 5029 2710 5084 ἐλθὼν
2751 5031 2970 5102 πρῶτον
3019 5034 3083 5086 ἐκ
3123 5032 3396 5102 παρθένου
3452 5033 3722 5094 ἐτίκτετο.

2129 5115 2372 5179 καὶτοὺς
2394 5115 2497 5184 τῆς
2532 5115 2748 5185 φύσεως
2773 5117 2945 5169 ἐκίνει
2978 5116 3199 5186 νόμους,
3223 5119 3288 5170 ἐκ
3306 5117 3610 5189 προοιμίων
3639 5137 3726 5171 τι·

2132 5198 2248 5269 μῶν
2277 5199 2470 5270 αὐτὴν,
2493 5200 2587 5252 καὶ
2645 5199 2857 5271 μητέρα
2904 5201 3004 5271 τὴν
3053 5199 3323 5270 παρθένον
3379 5200 3722 5267 ἀποφαίνων.

2139 5282 2356 5354 Ἐπειδὴ
2383 5284 2560 5337 τοίνυν
2582 5283 3029 5353 παραγενόμενος
3058 5282 3283 5336 τοιαῦτα
3308 5283 3592 5349 ἐπέταττε,
3631 5286 3726 5336 καὶ

2125 5363 2337 5436 ὑψηλὴν
2357 5367 2458 5439 τὴν
2488 5366 2766 5420 πολιτείαν
2800 5368 3106 5438 εἰργάζετο,
3133 5367 3260 5431 ἀξια
3289 5368 3382 5421 καὶ
3412 5371 3479 5421 τὰ
3513 5367 3726 5420 ἔπαθλα

2122 5452 2232 5504 τῶν
2286 5452 2465 5506 πόνων
2515 5452 2713 5516 ἐδίδου,
2773 5453 2973 5524 μᾶλλον
3023 5452 3082 5504 δέ
3130 5451 3311 5522 πολλῷ
3343 5453 3571 5523 μείζονα
3624 5454 3717 5506 καὶ

2125 5535 2454 5606 ὑψηλότερα.
2515 5537 2655 5590 Ἀλλ’
2679 5533 2748 5608 ἦν
2783 5538 2876 5591 καὶ
2909 5535 3084 5591 ταῦτα
3137 5537 3364 5607 ἀόρατα,
3423 5538 3519 5590 καὶ
3550 5539 3610 5590 ἐν
3637 5537 3723 5591 ἐλ-

2126 5623 2246 5676 πίσι
2271 5621 2366 5674 κα)⁸
2393 5623 2450 5674 ἐν
2485 5624 2666 5675 πίστει
2699 5623 2793 5675 καὶ
2839 5623 2898 5674 ἐν
2945 5619 3246 5691 προσδοκίᾳ
3271 5624 3335 5691 τῇ
3361 5620 3474 5674 τῶν
3500 5622 3720 5692 μελλόν-

2124 5723 2254 5759 των.
2305 5706 2459 5758 Ἐπεὶ
2500 5701 2600 5759 οὖν
2647 5705 2717 5758 τά
2776 5705 2876 5778 μέν
2915 5704 3266 5773 ἐπιτάγματα
3329 5704 3564 5759 ἐπίπονα
3623 5705 3718 5759 καὶ

2133 5788 2337 5861 ὑψηλὰ,
2371 5787 2439 5842 τὰ
2481 5789 2537 5844 δέ
2572 5789 2782 5844 ἔπαθλα
2809 5790 2904 5845 καὶ
2943 5787 3010 5843 τά
3045 5786 3270 5860 βραδεῖα
3300 5788 3357 5842 ἐν
3384 5790 3589 5859 πίστει,
3619 5790 3716 5861 ὅρα
