4020 6370
256 442 358 501 ΜΟ
1416 436 1504 493 DE
1545 436 1851 495 FUTURE
1893 436 2078 494 VlT/E
2119 438 2431 495 DELICHS.

244 568 485 623 cturtzm,
510 563 567 609 ut
589 554 907 609 necessitate
929 553 1238 623 compulsus
1256 567 1433 620 nemo,
1456 552 1550 608 sed
1571 562 1762 623 sponte
1777 567 1840 607 ac

245 649 468 720 proprio
491 646 691 702 inducti
714 646 903 700 affectu
931 645 1035 700 huc
1062 660 1250 700 omnes
1283 655 1585 711 accurrant,
1617 659 1715 699 nec
1737 644 1842 698 ulla

246 741 509 809 temporis
553 738 937 809 longinquitate
979 737 1265 790 minuatur.
1296 735 1501 791 Videtis
1546 751 1703 807 quam
1735 751 1842 790 non

244 834 365 889 sine
393 846 554 886 causa
584 831 850 885 theatrum
874 829 1012 883 istud
1034 843 1217 900 regum
1244 829 1382 883 aulis
1407 829 1685 899 augustius
1710 843 1834 883 esse

243 925 474 979 dixerim
495 923 521 977 ἵ
548 921 680 977 Nam
701 937 820 992 quae
846 921 952 975 illic
977 930 1132 987 sunt,
1172 921 1315 976 foliis
1343 921 1535 975 similia
1563 930 1686 975 sunt
1713 936 1845 975 exa-

252 1016 589 1073 resceutibus
610 1057 624 1080 ,
655 1026 710 1071 et
732 1015 932 1071 umbris
958 1014 1404 1086 praetereuntibus
1433 1030 1447 1067 :
1478 1029 1539 1070 ea
1576 1029 1705 1070 vero
1723 1030 1844 1084 quae

247 1109 339 1164 hic
368 1108 675 1171 traduntur,
724 1106 1060 1161 adarnantem
1106 1106 1402 1171 imitantur,
1435 1106 1518 1159 vel
1549 1106 1728 1175 potius
1753 1105 1844 1159 illo

244 1201 485 1255 firmiora
505 1209 650 1263 sunt,
679 1208 863 1268 utpote
882 1213 1001 1269 quae
1023 1197 1340 1252 immortalia
1363 1200 1491 1262 sint,
1515 1208 1570 1252 et
1594 1198 1837 1263 immota,

253 1307 355 1346 nec
377 1290 469 1344 ulli
498 1290 692 1344 cedant
720 1304 971 1359 umquam
1001 1289 1301 1353 mutationi,
1325 1298 1379 1343 et
1401 1292 1468 1343 ad
1491 1303 1616 1343 suos
1635 1296 1843 1343 amato-

245 1398 337 1437 res
364 1382 629 1453 intrepide
649 1383 927 1446 accedant,
960 1396 1149 1451 pugna:
1177 1396 1242 1435 ac
1271 1381 1630 1436 contentionis
1654 1396 1845 1450 exper-

248 1476 343 1540 tia,
372 1486 568 1544 atque,
595 1473 663 1528 ab
686 1473 914 1537 invidia,
940 1471 1154 1541 judiciis
1174 1514 1188 1538 ,
1218 1482 1273 1527 et
1293 1472 1529 1538 insidiis,
1558 1487 1621 1527 ac
1641 1474 1847 1527 calum-

247 1566 355 1621 niis
399 1567 506 1620 sint
551 1566 827 1619 immania.
874 1564 1146 1635 Siquidem
1189 1565 1463 1620 saecularia
1512 1566 1707 1620 multos
1748 1582 1841 1635 pa-

247 1660 457 1714 tiuntur
494 1659 743 1724 invidos,
798 1658 1085 1729 spiritualia
1141 1673 1306 1725 vero,
1365 1669 1564 1730 quanto
1604 1659 1843 1730 pluribus

246 1750 639 1804 communicata
676 1750 905 1816 fuerint,
949 1765 1016 1804 eo
1061 1750 1319 1819 majorem
1365 1766 1514 1805 suam
1548 1751 1840 1806 ubertatem

246 1841 559 1897 ostendunt.
599 1844 775 1913 Atque
820 1843 873 1897 id
894 1858 960 1898 ex
994 1842 1095 1898 hac
1123 1844 1236 1914 ipsa
1277 1846 1520 1899 oratione
1546 1844 1842 1916 intelligere

248 1934 494 2003 potestis.
521 1933 689 2001 Quam
712 1935 854 1989 enim
886 1935 938 1989 in
976 1951 1164 1991 omnes
1185 1936 1483 1991 orationem
1510 1937 1727 1992 effunde
1750 1979 1764 2004 ,
1796 1939 1842 1995 si

249 2026 469 2095 quidem
494 2025 638 2081 domi
676 2025 815 2096 apud
856 2042 942 2082 me
985 2027 1287 2092 detineam,
1338 2029 1622 2098 pauperior
1669 2029 1839 2086 fiam:

246 2117 332 2171 sin
353 2126 535 2172 autem
564 2117 619 2172 in
640 2132 829 2173 omnes
850 2117 1142 2183 effundam,
1174 2128 1443 2189 tamquam
1471 2121 1514 2174 si
1543 2120 1594 2175 in
1615 2136 1840 2177 vacuum

246 2208 518 2278 quoddam
548 2224 732 2263 arvum
769 2224 952 2265 semen
975 2211 1173 2277 jactem
1195 2250 1211 2277 ,
1244 2209 1524 2266 facultates
1567 2226 1716 2266 meas
1741 2227 1840 2266 au~

242 2316 370 2371 geo,
403 2301 617 2356 divitias
643 2317 790 2357 meas
813 2303 1080 2373 amplifico
1100 2344 1114 2369 ,
1142 2303 1518 2373 locupletiores
1547 2304 1715 2360 reddo
1745 2320 1842 2361 vos

243 2411 437 2449 omnes
460 2410 476 2460 ;
512 2409 613 2449 nec
637 2393 836 2450 idcirco
861 2403 1037 2450 tamen
1064 2398 1349 2465 pauperior
1372 2396 1560 2461 evado,
1585 2396 1680 2451 sed
1710 2412 1842 2466 opu-

248 2486 446 2540 lentior
472 2486 643 2540 multo
670 2502 685 2540 :
717 2485 858 2556 quod
890 2487 941 2541 in
963 2487 1203 2555 pecuniis
1230 2501 1335 2542 non
1363 2486 1520 2555 licet,
1551 2487 1658 2542 imo
1684 2488 1842 2557 plane

242 2579 575 2635 contrarium
614 2580 814 2634 evenit.
857 2579 990 2634 Nam
1034 2580 1079 2635 si
1128 2579 1463 2635 reconditum
1508 2594 1697 2635 aurum
1747 2580 1841 2635 ha~

244 2676 401 2730 beam
424 2716 439 2741 ,
473 2683 527 2728 et
556 2674 610 2728 in
637 2689 825 2729 omnes
850 2674 977 2729 illud
1010 2675 1164 2729 velim
1191 2674 1516 2731 distribuere
1539 2717 1553 2740 ,
1588 2690 1694 2730 non
1724 2690 1840 2730 am-

250 2766 391 2836 plius
415 2776 592 2821 tantas
618 2765 896 2836 possidere
932 2777 1118 2836 potero
1151 2766 1398 2834 divitias,
1433 2782 1553 2822 cum
1577 2767 1677 2822 hac
1699 2768 1838 2823 divi-

241 2860 400 2913 sione
423 2858 621 2913 fuerint
645 2858 962 2915 imminutae.

318 2953 372 3008 3.
423 2952 557 3007 Cum
601 2952 764 3024 igitur
800 2954 1157 3023 spiritualium
1203 2970 1384 3011 rerum
1425 2964 1569 3012 tanta
1600 2958 1669 3011 sit
1694 2973 1836 3029 prae-

240 3043 465 3108 stantia,
497 3052 642 3099 tanta
668 3044 915 3112 facilitas,
948 3053 1133 3117 utpote
1151 3062 1271 3117 quae
1298 3048 1505 3103 cunctis
1535 3048 1838 3104 volentibus

240 3137 411 3206 gratis
436 3138 744 3204 obveniant,
779 3138 875 3194 has
904 3140 1241 3210 potissimum
1268 3140 1601 3207 adamemus,
1632 3151 1687 3196 et
1714 3157 1834 3195 um~

243 3230 374 3283 bras
419 3230 757 3296 omittamus,
796 3245 896 3285 nec
922 3231 1219 3301 praecipitia
1260 3241 1317 3287 et
1359 3232 1609 3302 scopulos
1655 3247 1839 3303 perse-

242 3336 490 3391 quamur.
520 3321 589 3378 Ut
606 3323 750 3377 enim
783 3322 925 3378 hunc
949 3338 1187 3379 amorem
1220 3323 1358 3379 Deus
1377 3332 1627 3393 augeret,
1671 3325 1833 3379 etiam

244 3423 375 3469 ante
415 3415 619 3469 obitum
651 3414 905 3481 hominis,
949 3429 979 3469 a
1023 3430 1130 3485 quo
1154 3415 1515 3485 possidentur,
1549 3415 1647 3471 ista
1675 3416 1837 3471 morti

244 3505 479 3561 obnoxia
504 3521 624 3562 esse
654 3508 928 3577 pra-cepit.
955 3506 1117 3563 Verbi
1158 3508 1325 3578 gratia
1353 3524 1367 3561 :
1399 3522 1506 3563 non
1538 3511 1841 3568 cuminter—

239 3599 367 3657 ierit
422 3600 499 3667 is,
540 3600 630 3670 qui
661 3599 777 3655 hmo
804 3600 1075 3669 possidet,
1109 3608 1163 3655 et
1191 3600 1291 3654 ista
1322 3600 1622 3666 intereunt,
1661 3603 1754 3657 sed
1783 3610 1838 3657 et

241 3694 362 3761 ipso
391 3691 566 3746 adhuc
595 3692 808 3747 vivente
835 3700 1174 3748 marcescunt
1198 3700 1253 3748 et
1278 3701 1524 3762 pereunt,
1568 3702 1622 3749 ut
1648 3708 1835 3749 eorum

241 3784 446 3839 caduca
470 3783 708 3839 conditio
745 3797 956 3839 summo
982 3785 1193 3839 illorum
1213 3799 1396 3840 amore
1422 3784 1704 3856 flagrantes
1728 3827 1743 3851 ,
1782 3794 1838 3841 et

243 3876 431 3929 insana
458 3874 750 3944 cupiditate
777 3874 987 3941 ductos,
1015 3875 1083 3930 ab
1111 3875 1200 3931 illa
1228 3890 1368 3931 szeva
1400 3878 1548 3932 rabie
1578 3890 1791 3933 revocet
1818 3897 1834 3934 :

241 3980 541 4035 eorumque
565 3974 808 4020 naturam
826 3966 1133 4032 admoneat,
1160 3974 1213 4021 et
1235 3968 1561 4037 experientia
1583 3970 1834 4040 magistra

240 4057 455 4123 doceat,
488 4071 551 4111 ea
575 4056 762 4127 quavis
789 4058 976 4113 umbra
1006 4059 1353 4114 imbecilliora
1379 4075 1519 4128 esse,
1549 4070 1709 4131 atque
1735 4062 1836 4119 hac

240 4150 450 4204 ratione
470 4149 815 4219 cupiditatem
836 4151 981 4205 illam
1006 4152 1327 4221 exstinguat.
1358 4152 1599 4224 Exempli
1625 4169 1785 4210 causa
1816 4172 1830 4208 :

238 4242 442 4297 divitiae
472 4256 579 4297 non
606 4242 780 4297 solum
805 4258 927 4299 cum
955 4243 1136 4299 interit
1160 4243 1332 4309 dives,
1356 4257 1602 4315 pereunt,
1626 4248 1719 4303 sed
1742 4250 1834 4304 illo

237 4336 419 4407 potius
440 4336 649 4392 vivente
673 4337 974 4393 discedunt.
1000 4337 1261 4393 iuventus
1282 4354 1647 4409 possessorem
1675 4356 1830 4397 suum

239 4442 348 4481 non
391 4429 707 4484 morientem
750 4428 962 4493 solum,
1010 4428 1105 4484 sed
1144 4429 1434 4499 spirantem
1461 4432 1635 4487 adhuc
1665 4435 1830 4489 relin-

236 4534 410 4590 quens
440 4520 752 4585 evanescit;
784 4535 905 4589 quas
931 4519 985 4579 in
1011 4521 1186 4575 aetatis
1209 4520 1403 4575 adultae
1431 4522 1514 4576 via
1547 4523 1748 4591 finitur,
1777 4534 1833 4581 et

232 4611 502 4667 senectuti
536 4612 711 4668 locum
742 4612 903 4668 cedit.
946 4611 1288 4667 Pulchritudo
1316 4613 1474 4670 simul
1517 4623 1574 4670 et
1620 4614 1788 4671 forma
1811 4658 1827 4684 ,

230 4705 453 4758 vivente
482 4704 657 4759 adhuc
695 4704 955 4771 muliere,
1007 4704 1207 4761 desinit
1250 4715 1306 4760 et
1344 4705 1395 4758 in
1436 4704 1829 4763 deformitatem

230 4798 432 4851 transit
456 4814 471 4850 :
495 4796 662 4867 gloria
685 4836 701 4863 ,
737 4797 1065 4866 principatus
1093 4812 1282 4853 rursus
1308 4799 1420 4868 pari
1452 4800 1659 4855 ratione
1687 4818 1699 4854 :
1730 4800 1831 4857 ho-

232 4904 398 4943 nores
418 4929 433 4953 ,
479 4889 849 4959 magistratus,
894 4888 1071 4944 diurni
1093 4899 1221 4944 sunt
1247 4899 1303 4946 et
1325 4890 1391 4945 ad
1417 4891 1580 4947 breve
1619 4901 1831 4963 tempus

230 4981 456 5045 durant,
489 4990 541 5034 et
569 4980 802 5049 amplius
829 4995 989 5052 quam
1016 4982 1262 5037 homines
1292 4981 1414 5052 ipsi,
1446 4984 1536 5055 qui
1564 4999 1659 5038 eos
1688 4986 1827 5041 obti-

232 5083 367 5127 nent
386 5115 402 5140 ,
451 5074 704 5129 mortales
731 5083 857 5129 sunt
882 5088 896 5126 :
924 5083 979 5127 et
1004 5073 1459 5144 quemadmodum
1488 5075 1829 5144 quotidianos

230 5182 520 5235 corporum
551 5165 735 5220 videre
766 5166 891 5220 licet
933 5165 1210 5232 interitus,
1240 5166 1325 5233 gita
1375 5182 1588 5237 quoque
1622 5182 1826 5224 rerum.

230 5260 409 5313 l’orro
434 5257 485 5312 id
517 5258 727 5323 accidit,
778 5268 837 5312 ut
882 5259 1169 5327 prmsentia
1213 5268 1618 5313 contemnentes
1643 5260 1826 5315 adhae-

230 5363 451 5404 reamus
486 5348 678 5404 futuris
701 5391 717 5416 ,
766 5358 820 5404 et
845 5364 1031 5405 eorum
1061 5351 1229 5405 simus
1259 5353 1659 5421 exspectatione
1704 5369 1817 5409 sus-

229 5442 416 5513 pensi,
480 5456 543 5496 ac
584 5440 711 5497 dum
756 5442 808 5496 in
856 5444 1014 5497 terris
1049 5444 1417 5509 ambulamus,
1463 5445 1730 5501 desiderio
1774 5450 1826 5503 in

227 5533 370 5587 caelo
400 5546 697 5588 versemur.
751 5533 964 5589 Etenim
1003 5534 1112 5589 duo
1154 5536 1346 5591 saecula
1388 5539 1629 5593 condidit
1662 5540 1821 5605 Deus,

232 5638 478 5692 praesens
502 5663 517 5689 ,
551 5632 607 5679 et
635 5624 908 5692 futurum;
939 5642 1104 5683 unum
1127 5628 1356 5694 visibile,
1389 5629 1613 5685 alterum
1646 5631 1828 5686 invisi-

228 5715 343 5770 bile
374 5733 387 5770 :
421 5732 584 5771 unum
614 5718 757 5788 quod
787 5719 887 5773 sub
909 5735 1098 5775 sensus
1127 5719 1289 5785 cadit,
1321 5721 1546 5777 alterum
1575 5724 1716 5787 quod
1745 5734 1827 5779 est

226 5809 506 5882 spirituale
538 5827 551 5862 :
587 5824 750 5864 unum
798 5812 940 5881 quod
988 5813 1253 5881 corporali
1294 5815 1473 5883 quiete
1515 5816 1823 5885 perfruitur,

227 5901 462 5955 alterum
508 5901 649 5970 quod
683 5902 996 5972 incorporea
1030 5919 1044 5957 :
1074 5918 1237 5959 unum
1270 5903 1321 5961 in
1353 5905 1712 5981 experientia,
1740 5921 1821 5967 at-

3435 445 3541 501 330

1955 561 2126 607 terum
2150 551 2203 606 in
2234 551 2337 607 fide
2363 569 2376 605 :
2408 566 2571 606 unum
2609 552 2662 607 in
2690 553 2955 621 manibus,
2988 554 3215 611 alterum
3242 555 3296 611 in
3327 571 3461 631 spe;
3490 568 3549 614 et

1951 659 2114 698 unum
2139 658 2259 698 esse
2284 643 2515 697 stadium
2560 643 2754 714 jussit,
2801 645 3030 701 alterum
3063 647 3306 702 hravium
3338 664 3357 704 :
3386 658 3547 719 atque

1952 736 2076 790 huic
2102 734 2318 806 quidem
2350 736 2641 791 certamina
2665 779 2681 803 ,
2711 737 2925 794 labores
2948 754 3011 793 ac
3036 740 3261 797 sudores
3284 741 3543 803 attribuit,

1951 826 2025 881 illi
2059 842 2186 883 vero
2209 842 2471 896 coronas,
2505 829 2725 899 praemia
2772 840 2829 885 et
2871 832 3289 888 retributiones:
3316 832 3418 888 hoc
3449 848 3548 903 pe-

1951 916 2129 988 lagus,
2162 918 2290 973 illud
2322 927 2531 989 portum
2561 921 2740 976 effecit
2761 961 2777 988 ,
2804 929 2859 978 et
2893 922 2995 978 hoc
3023 923 3184 979 breve
3212 924 3450 994 quidem,
3483 924 3547 978 il-

1950 1010 2043 1065 lud
2072 1026 2200 1065 vero
2229 1012 2518 1067 senectutis
2557 1028 2749 1083 expers
2770 1054 2787 1078 ,
2833 1024 2888 1070 et
2924 1017 3246 1072 immortale.
3273 1019 3540 1085 Quoniam

1951 1099 2111 1170 igitur
2142 1102 2387 1158 homines
2406 1102 2560 1158 multi
2588 1104 2957 1174 spiritualibus
2980 1108 3086 1161 illis
3114 1124 3177 1164 ea
3219 1126 3338 1179 quae
3373 1111 3543 1165 sensi-

1950 1190 2077 1246 bilia
2104 1201 2230 1247 sunt
2254 1192 2608 1263 praeferebant
2632 1232 2650 1262 ,
2701 1195 2785 1251 his
2809 1197 3062 1252 caducam
3094 1200 3454 1255 conditionem
3483 1218 3547 1255 ac

1950 1285 2329 1353 temporariam
2378 1286 2659 1352 attribuit,
2703 1297 2762 1342 ut
2810 1289 2913 1344 hoc
2951 1300 3107 1359 pacto
3135 1307 3165 1346 a
3194 1294 3548 1362 prresentihus

1949 1374 2254 1443 abductos,
2317 1377 2667 1433 vehementer
2722 1380 2894 1434 amori
2953 1382 3253 1438 futurorum
3308 1384 3545 1439 addicat.

1952 1466 2153 1522 Deinde
2176 1468 2427 1538 quoniam
2457 1470 2742 1526 invisibilia
2770 1482 2928 1528 erant
2973 1474 3061 1529 illa
3105 1483 3161 1531 et
3204 1477 3499 1547 spiritualia
3527 1516 3544 1542 ,

1953 1559 2006 1613 in
2038 1560 2141 1614 fide
2171 1571 2329 1631 atque
2355 1561 2407 1615 in
2429 1576 2523 1633 Spe
2548 1564 2718 1633 posita
2744 1606 2759 1629 ,
2793 1565 2914 1621 vide
2943 1567 3070 1636 quid
3099 1578 3241 1638 agat.
3276 1568 3410 1623 Cum
3443 1570 3547 1624 huc

1948 1649 2274 1720 advenisset,
2307 1668 2369 1708 ac
2394 1666 2631 1710 nostram
2657 1671 2875 1713 carnem
2902 1662 3283 1730 assumpsisset
3310 1704 3324 1729 ,
3358 1672 3414 1717 et
3443 1664 3544 1716 mi-

1948 1744 2173 1799 rabilem
2203 1745 2345 1800 illam
2369 1746 2826 1818 dispensationem
2858 1750 3210 1821 perfecisset,
3241 1753 3415 1808 futura
3448 1769 3546 1825 po-

1950 1833 2028 1888 nit
2050 1835 2120 1890 ob
2144 1835 2350 1903 oculos,
2382 1847 2439 1893 et
2462 1838 2565 1893 bac
2601 1840 2808 1894 ratione
2827 1842 3122 1896 crassiores
3149 1854 3358 1899 mentes
3385 1860 3546 1900 secu-

1947 1937 2036 1978 ras
2073 1924 2265 1980 reddit.
2306 1926 2440 1982 Nam
2488 1930 2743 1999 quoniam
2790 1933 3254 1989 conversationem
3303 1950 3367 1991 ac
3422 1937 3546 1991 vita:

1947 2019 2206 2074 rationem
2237 2021 2533 2092 angelicam
2559 2022 2791 2080 atterens
2816 2027 3104 2096 veniebat,
3154 2045 3218 2085 ac
3247 2040 3443 2087 terram
3490 2034 3543 2088 in

1946 2110 2135 2165 omium
2183 2112 2572 2182 convertebat,
2614 2129 2788 2186 eaque
2831 2118 3158 2185 mandabat,
3195 2137 3313 2191 qua:
3342 2123 3547 2180 similes

1948 2199 2235 2257 redderent
2280 2203 2610 2275 incorporeis
2640 2207 2928 2264 virtutibus
2965 2225 3060 2266 eos
3098 2212 3188 2281 qui
3222 2227 3284 2267 ea
3317 2214 3545 2282 perfice.

1946 2302 2067 2347 rent
2091 2334 2107 2359 ,
2152 2294 2399 2352 homines
2423 2297 2682 2354 reddebat
2702 2300 2918 2369 angelos
2937 2342 2952 2367 ,
2981 2302 3049 2357 ad
3071 2319 3223 2373 spem
3249 2305 3545 2362 etnlestiunt

1947 2400 2123 2440 rerum
2147 2388 2390 2456 vocabat,
2415 2389 2654 2461 longiora
2679 2394 2972 2448 certamina
3000 2397 3355 2466 prepouebal,
3382 2399 3541 2453 altius

1946 2478 2160 2536 evolare
2199 2481 2456 2551 jubebat,
2487 2492 2543 2539 et
2579 2484 2651 2540 ad
2682 2485 2795 2556 ipsa
2826 2487 3035 2559 fastigia
3062 2490 3316 2546 caelorum
3335 2499 3545 2549 'ascen-

1945 2567 2075 2625 dere
2096 2611 2113 2637 ,
2161 2571 2420 2629 adversus
2444 2574 2721 2633 dmmones
2758 2593 2986 2649 pugnam
3011 2580 3146 2639 inire
3164 2620 3179 2648 ,
3212 2596 3399 2640 contra
3426 2585 3544 2639 uni-

1945 2677 2129 2719 versas
2155 2664 2354 2721 diaboli
2379 2668 2561 2739 copias
2589 2671 2759 2726 aciem
2790 2688 2884 2728 eos
2914 2673 3204 2743 instruere,
3232 2678 3321 2747 qui
3349 2694 3546 2748 corpus

1950 2754 2254 2822 habebant,
2292 2766 2497 2814 etcum
2519 2774 2682 2817 carne
2711 2765 2941 2833 copulati
2974 2773 3168 2834 erant,
3218 2769 3546 2825 mortificare

1944 2860 2204 2917 corpora,
2235 2864 2299 2905 ac
2329 2852 2789 2920 perturbationum
2826 2858 3110 2912 tumultum
3150 2858 3399 2931 ablegare
3425 2904 3441 2929 ,
3488 2872 3545 2918 et

1943 2953 2169 3010 corpore
2194 2950 2483 3012 utcumque
2517 2959 2638 3000 esse
2678 2946 3039 3002 circuunlatos
3061 2989 3078 3015 ,
3124 2961 3380 3005 cancrum
3420 2968 3544 3007 cum

1945 3030 2276 3102 incorporeis
2302 3035 2585 3092 virtutibus
2610 3039 2855 3094 certatim
2882 3042 3228 3097 contendere.

2022 3124 2075 3178 4.
2108 3123 2234 3180 Haec
2268 3124 2352 3181 ubi
2385 3131 2677 3198 praecepit,
2714 3130 2834 3183 vide
2880 3132 3008 3201 quid
3034 3145 3194 3204 agat;
3236 3151 3343 3205 quo
3387 3148 3543 3206 pacto

1945 3213 2098 3271 facile
2126 3226 2398 3275 certamen
2439 3221 2646 3276 reddat.
2695 3223 2982 3291 Quinimo,
3034 3227 3082 3282 si
3114 3227 3343 3295 videtur,
3389 3232 3541 3300 prius

1942 3307 2317 3364 mandatorum
2346 3311 2728 3369 sublimitatem
2773 3310 3138 3387 exponamus,
3171 3332 3226 3375 et
3251 3336 3357 3392 quo
3386 3333 3546 3393 pacto

1941 3398 1995 3453 in
2026 3400 2190 3455 altum
2221 3417 2320 3457 nos
2347 3403 2578 3459 voluerit
2623 3406 2859 3474 evolare,
2892 3423 3015 3464 cum
3046 3426 3115 3465 ex
3153 3412 3385 3467 humana
3414 3430 3542 3484 pro-

1945 3491 2230 3561 pemodum
2277 3503 2462 3549 natura
2500 3497 2764 3568 emigrare
2788 3540 2804 3563 ,
2851 3502 3094 3572 atquein
3131 3505 3321 3559 cadum
3351 3522 3543 3562 omnes

1945 3583 2219 3639 transferri
2263 3588 2502 3655 jusserit.
2559 3589 2696 3644 Cum
2756 3592 2899 3646 enim
2959 3596 3173 3649 oculum
3237 3612 3335 3666 pro
3385 3601 3544 3654 oculo

1945 3675 2094 3731 reddi
2125 3677 2210 3732 lex
2239 3679 2572 3749 prwciperet,
2603 3682 2717 3752 ipse
2739 3682 2916 3751 dixit,
2943 3684 3004 3741 Si
3028 3688 3139 3757 quis
3166 3698 3212 3743 te
3240 3695 3544 3760 percusserit

1941 3768 1996 3822 in
2021 3769 2281 3824 dexteram
2308 3773 2592 3839 max-illam,
2614 3774 2812 3831 obverte
2830 3777 2906 3831 illi
2936 3788 2983 3831 et
3012 3779 3225 3834 alteram
3252 3781 3539 3851 (Maltlt.5.

1942 3858 2063 3932 59).
2087 3861 2202 3918 Νοη
2230 3862 2386 3931 dixit,
2419 3874 2622 3920 tantum
2651 3867 2729 3921 fer
2758 3868 3021 3936 patienter
3044 3886 3106 3925 ac
3133 3872 3328 3929 leniter
3353 3885 3544 3930 contu~

1940 3954 2153 4008 meliam
2181 3995 2196 4019 ,
2231 3954 2327 4009 sed
2374 3956 2598 4012 ulterius
2637 3958 2974 4030 philosophia
3004 3963 3373 4034 modestiaque
3420 3983 3543 4035 pro-

1939 4045 2203 4114 gredere,
2253 4056 2414 4116 atque
2458 4046 2526 4102 ad
2573 4049 2778 4119 majora
2825 4051 3074 4120 patienda
3120 4064 3337 4122 paratus
3384 4069 3539 4126 esto,

1939 4152 2099 4208 quam
2144 4137 2236 4194 ille
2279 4140 2458 4195 facere
2501 4142 2723 4211 cupiat:
2754 4153 2809 4197 et
2839 4144 3109 4213 patientia:
3150 4154 3255 4201 tuae
3297 4149 3541 4207 ubertate

1939 4231 2287 4300 petulantiam
2318 4232 2435 4302 ejus
2474 4242 2529 4288 et
2564 4234 2903 4289 insolentiam
2931 4236 3084 4292 vince
3107 4278 3125 4304 ,
3176 4249 3233 4293 ut
3271 4254 3536 4297 summam

1941 4333 2084 4377 tuam
2130 4323 2394 4378 reveritus
2434 4324 2750 4379 modestiam
2795 4326 3032 4381 recedat.
3084 4328 3151 4383 Et
3191 4345 3375 4385 rursus
3423 4335 3536 4398 ait,

1943 4417 2099 4469 Orate
2138 4431 2231 4486 pro
2268 4416 2691 4471 calumniantibus
2734 4434 2820 4471 vos
2852 4434 2871 4472 :
2900 4431 3042 4474 orate
3077 4438 3170 4491 pro
3201 4425 3420 4479 inimicis
3449 4444 3537 4482 ve-

1938 4509 2055 4563 stris
2086 4525 2105 4563 :
2134 4508 2412 4580 benefacite
2438 4509 2522 4577 iis,
2566 4513 2655 4580 qui
2701 4511 2915 4565 oderunt
2954 4529 3041 4567 vos
3066 4513 3084 4583 (
3106 4514 3294 4569 Matt/1.
3324 4519 3379 4573 5.
3406 4520 3474 4575 44
3491 4522 3535 4589 ).

1938 4596 2233 4657 Consilium
2277 4601 2345 4657 de
2394 4602 2698 4673 virginitate
2742 4618 2930 4659 rursus
2976 4606 3324 4664 introducens
3358 4610 3534 4667 dixit:

1942 4693 2045 4761 Qui
2074 4702 2235 4765 potest
2276 4710 2457 4765 capere
2484 4697 2654 4766 capiat
2696 4694 2926 4765 (Matth.
2959 4696 3047 4752 19.
3080 4698 3202 4770 12).
3234 4700 3367 4756 Nam
3398 4719 3536 4773 quo-

1938 4788 2080 4841 niam
2111 4802 2143 4842 c
2169 4787 2416 4858 paradiso
2458 4788 2546 4841 illa
2592 4788 2862 4855 evolavit,
2900 4797 2955 4843 et
2987 4799 3111 4860 post
3150 4796 3540 4864 transgressio.

1940 4897 2061 4936 nem
2086 4882 2327 4947 recessit,
2356 4881 2421 4935 de
2448 4882 2587 4936 calo
2611 4881 2946 4937 descendens
2974 4884 3141 4953 ipsam
3156 4901 3341 4941 rursus
3370 4889 3534 4943 redu-

1937 4975 2047 5037 xit,
2076 4985 2129 5029 et
2175 4984 2442 5045 tamquam
2474 4976 2720 5033 exsulem.
2746 4975 2799 5030 in
2827 4977 3101 5047 antiquam
3130 4982 3353 5048 patriam
3382 4997 3533 5039 suam

1938 5069 2190 5135 restituit,
2222 5078 2277 5122 et
2299 5085 2325 5122 a
2352 5070 2602 5124 diuturna
2631 5071 2956 5140 relegatione
2984 5073 3229 5129 liberavit
3257 5091 3272 5130 :
3303 5080 3532 5147 primum

1937 5162 2226 5218 adveniens
2251 5164 2503 5218 nimirum
2531 5180 2595 5218 ex
2624 5165 2828 5234 virgine
2849 5175 3008 5222 natus
3034 5176 3117 5222 est
3135 5209 3152 5234 ,
3181 5179 3236 5223 et
3264 5171 3407 5241 leges
3436 5191 3533 5226 na-

1938 5268 2071 5311 turae
2108 5257 2365 5321 mutavit,
2415 5272 2537 5311 cum
2564 5259 2631 5312 ah
2680 5258 2796 5328 ipso
2825 5260 3049 5317 exordio
3090 5262 3215 5315 vita:
3243 5278 3355 5318 sua:
3387 5265 3530 5319 illam

1938 5353 2142 5406 honore
2161 5351 2420 5418 effecerit,
2451 5361 2505 5406 et
2526 5352 2783 5421 virginem
2808 5364 3033 5408 matrem
3057 5354 3365 5411 reddiderit.
3396 5357 3530 5412 Cum

1936 5441 2097 5511 igitur
2137 5442 2360 5497 veniens
2406 5443 2529 5497 talia
2556 5444 2933 5512 praecepisset,
2964 5452 3019 5500 et
3042 5445 3109 5499 ad
3133 5454 3333 5501 tantam
3361 5450 3530 5503 subli-

1937 5533 2175 5588 rnitatem
2199 5536 2665 5591 conversationem
2693 5535 2969 5590 hominum
2998 5538 3284 5602 evexisset,
3314 5542 3531 5608 pnemia

1934 5641 2147 5696 quoque
2189 5627 2460 5683 laboribus
2501 5627 2658 5698 digna
2686 5629 3000 5698 proposuit,
3033 5631 3139 5685 imo
3172 5645 3297 5685 vero
3326 5633 3529 5701 majora

1935 5721 2103 5777 multo
2152 5730 2206 5776 et
2248 5722 2579 5777 sublimiora.
2622 5722 3003 5778 Verumtamen
3059 5724 3338 5779 invisibilia
3376 5737 3530 5781 erant

1933 5815 2049 5870 [uec
2073 5829 2287 5886 quoque
2315 5823 2473 5885 atque
2504 5815 2555 5870 in
2583 5830 2697 5885 spe,
2730 5815 2836 5871 fide
2861 5826 2914 5871 et
2935 5816 3334 5887 exspectatione
3355 5820 3528 5888 posita

1938 5911 2262 5969 futurorum.
2311 5908 2491 5979 Itaque.
2527 5924 2648 5964 cum
2677 5909 2940 5967 laboriosa
2974 5909 3220 5965 mandata
3250 5920 3431 5966 essent
3460 5928 3524 5966 ac
