4020 6370
496 421 588 476 551
1202 422 1259 479 S.
1297 420 1573 479 JOANNIS
1608 418 2084 476 CHRYSOSTOMI
2121 419 2438 474 ARCIIIEP.
2477 417 3010 476 CONSTANTINOP.

494 528 764 598 sublimia,
808 534 1028 602 printuia
1053 549 1181 591 vero
1209 545 1264 590 et
1297 533 1480 590 bravia
1519 533 1572 588 in
1615 531 1717 587 ﬁde
1742 573 1758 598 ,
1805 530 1927 587 vide
1952 530 2080 602 quid

492 623 684 692 faciat,
734 641 840 696 quo
879 637 1036 697 pacto
1077 627 1249 683 levem
1280 642 1505 698 agonem
1531 668 1546 693 ,
1595 640 1702 696 quo
1731 633 1886 695 pacto
1910 623 2083 678 facilia

493 716 684 772 reddat
703 719 1016 774 certamina.
1046 719 1167 788 Quo
1188 720 1400 776 tandem
1424 719 1620 789 pacto?
1647 717 1862 772 Duabus
1881 717 2082 772 scilicet

494 809 594 862 viis
619 827 632 862 :
665 826 790 877 una,
814 812 958 881 quod
987 813 1175 869 eadem
1204 814 1319 883 ipse
1343 824 1702 885 exsequatur;
1729 811 1915 876 altera,
1940 809 2082 881 quod

494 902 714 968 praemia
745 903 996 960 ostendat
1018 915 1074 960 et
1098 905 1198 961 sub
1225 916 1500 976 aspectum
1531 906 1779 975 proferat.
1805 903 1936 958 Nam
1963 919 2081 974 qua:

493 992 561 1044 ab
588 993 682 1049 illo
711 995 852 1051 dicta
873 1006 1017 1066 sunt,
1041 998 1283 1068 quaedam
1313 999 1618 1052 mandatum
1644 1007 1816 1064 erant,
1839 997 2082 1068 quaedam

494 1089 734 1153 pnemia.
762 1089 1068 1146 Mandatum
1100 1093 1336 1161 quidem,
1369 1091 1525 1146 Orate
1550 1107 1642 1162 pro
1662 1089 2082 1145 calumniantibus

491 1194 576 1232 vos
597 1191 644 1235 et
665 1184 1069 1253 persequentibus
1088 1185 1302 1254 (Matth.
1328 1185 1381 1239 5.
1405 1182 1497 1253 41)
1526 1201 1540 1238 :
1564 1183 1840 1252 prmmium
1861 1191 2038 1236 autem
2066 1198 2080 1234 :

497 1269 564 1324 Ut
589 1273 698 1326 sitis
725 1274 821 1342 ﬁlii
848 1272 1024 1329 Patris
1050 1278 1200 1330 vestri
1220 1318 1234 1341 ,
1259 1279 1345 1346 qui
1364 1276 1416 1328 in
1435 1275 1571 1329 ctzlis
1597 1285 1670 1329 est
1699 1273 1860 1346 (Ibid.
1890 1289 1938 1327 tt.
1966 1273 2081 1342 45).

497 1362 725 1430 Rursus,
774 1365 918 1420 Beati
954 1383 1070 1420 cum
1105 1368 1456 1421 maledixerint
1481 1367 1618 1421 vobis
1642 1409 1656 1432 ,
1700 1377 1748 1420 et
1793 1365 2084 1438 persequuti

493 1469 579 1507 vos
607 1457 825 1526 fuerint,
853 1467 898 1510 et
921 1459 1141 1512 dixerint
1167 1475 1314 1533 omne
1352 1459 1543 1512 malum
1575 1459 1779 1513 verbum
1816 1458 2084 1512 adversum

490 1561 576 1598 vos
620 1549 929 1604 mentientes.
961 1548 1189 1603 Gaudete
1235 1561 1284 1603 et
1321 1550 1589 1616 cxsultate,
1621 1551 1860 1621 quoniam
1894 1565 2082 1603 merces

490 1648 652 1690 vestra
675 1640 880 1708 capiosa
905 1650 978 1695 est
997 1643 1048 1695 in
1071 1641 1206 1695 cwlis
1234 1640 1339 1714 (Ib.
1369 1657 1416 1695 υ.
1442 1642 1530 1696 11.
1563 1641 1680 1710 12).
1728 1641 1890 1696 Vides
1917 1655 2082 1694 unum

492 1729 802 1784 mandatum
831 1746 951 1786 esse
975 1773 992 1798 ,
1037 1731 1260 1786 alterum
1294 1733 1614 1801 praemium?
1639 1732 1844 1786 Rursus
1870 1773 1887 1798 ,
1920 1730 1981 1785 Si
2009 1731 2083 1786 vis

493 1824 745 1890 perfectus
778 1839 915 1888 esse,
953 1825 1110 1878 vende
1135 1839 1249 1894 qua:
1274 1823 1447 1889 habes,
1487 1835 1532 1878 et
1563 1825 1631 1877 da
1657 1821 1960 1894 pauperibus
1988 1839 2006 1875 .'
2036 1830 2083 1876 et

491 1913 621 1977 ueni,
650 1928 853 1983 sequere
882 1930 980 1981 me,
1003 1924 1047 1969 et
1074 1914 1276 1969 habebis
1307 1917 1594 1970 thesaurum
1631 1915 1686 1969 in
1713 1915 1836 1969 caalo
1864 1913 2078 1983 (Matth.

493 2004 580 2058 19.
613 2003 727 2077 21).
758 2005 918 2061 Vides
948 2007 1092 2063 aliud
1129 2008 1438 2063 mandatum
1460 2050 1476 2078 ,
1517 2019 1571 2065 et
1598 2008 1909 2078 przcmium‘l
1936 2007 2084 2062 Alte-

494 2115 610 2153 rum
642 2101 784 2154 enim
805 2100 932 2170 ipsis
961 2103 1238 2173 praecepit,
1268 2103 1500 2158 alterum
1529 2103 1658 2172 ipsis
1684 2101 1911 2172 paravit,
1938 2099 2081 2171 quod

490 2208 700 2248 merces
724 2206 840 2248 erat
859 2208 922 2248 ac
948 2195 1248 2249 retributio.
1274 2195 1340 2250 Et
1359 2211 1580 2250 rursus:
1613 2195 1929 2264 Quicumque
1952 2193 2077 2246 reli-

490 2287 651 2355 querit
699 2285 874 2340 domos
897 2325 915 2353 ,
961 2296 1009 2340 et
1034 2290 1218 2357 fratres
1256 2298 1304 2343 et
1331 2304 1527 2342 sorores
1571 2302 1592 2343 :
1641 2286 1744 2341 hoc
1773 2285 2080 2340 mandatum

491 2384 574 2430 est
602 2393 614 2429 :
658 2375 965 2446 Centuplum
1002 2378 1246 2449 accipiet,
1293 2388 1338 2432 et
1373 2379 1532 2433 vitam
1559 2387 1801 2432 teternam
1853 2376 2080 2448 posside-

490 2469 560 2522 bit
590 2467 776 2541 (lb.'v.
802 2469 896 2537 29)
925 2489 936 2522 :
972 2470 1074 2526 hoc
1104 2472 1379 2540 prtemium
1409 2479 1492 2526 est
1515 2510 1531 2538 ,
1562 2480 1616 2526 et
1644 2484 1865 2525 corona.

562 2565 615 2618 5.
639 2563 900 2630 Quoniam
925 2566 1084 2634 igitur
1110 2580 1300 2636 magna
1323 2574 1476 2620 erant
1503 2573 1766 2634 prmeepta
1791 2603 1807 2631 ,
1848 2572 1902 2618 et
1941 2578 2079 2632 pra:-

493 2657 597 2710 mia
639 2673 745 2711 non
786 2657 1144 2728 apparebant,
1177 2658 1300 2713 vide
1341 2657 1467 2729 quid
1493 2666 1656 2728 agat:
1690 2657 1803 2727 ipse
1831 2657 2080 2724 Operibus

491 2749 580 2804 illa
610 2758 864 2817 ostentat,
889 2758 944 2805 et
972 2751 1023 2805 in
1050 2759 1323 2821 aspectum
1349 2765 1578 2806 coronas
1599 2749 1822 2820 profert.
1847 2748 1916 2805 Ut
1935 2748 2077 2803 enim

489 2843 578 2910 qui
609 2843 829 2899 minime
861 2845 1037 2899 tritam
1079 2845 1216 2899 viam
1257 2844 1474 2914 jubetur
1513 2844 1791 2910 insistere,
1836 2842 1879 2896 si
1919 2856 2078 2912 quem

487 2933 682 2989 viderit
707 2950 802 3006 per
829 2951 948 2990 eam
976 2936 1124 3006 prius
1146 2936 1498 3001 incedentem,
1530 2935 1734 2990 facilius
1757 2950 1875 2989 eam
1897 2948 2082 3004 aggre-

489 3027 653 3090 ditur,
691 3037 745 3082 et
782 3028 1040 3098 majorem
1082 3029 1261 3083 animo
1303 3029 1537 3098 concipit
1577 3028 1905 3082 alacritatem
1940 3044 1952 3080 :
2007 3027 2077 3080 ita

487 3135 698 3191 quoque
723 3120 783 3175 ﬁt
809 3122 863 3176 in
889 3120 1152 3177 mandatis
1186 3139 1199 3176 :
1229 3121 1320 3192 qui
1349 3121 1528 3176 vident
1556 3136 1650 3176 eos
1673 3161 1689 3187 ,
1734 3119 1824 3190 qui
1852 3133 2079 3189 praeces-

487 3212 678 3278 serint,
705 3212 860 3267 facile
887 3223 1201 3284 sequuntur.
1233 3213 1299 3268 Ut
1337 3212 1500 3282 igitur
1525 3223 1709 3266 natura
1739 3220 1917 3265 nostra
1946 3209 2078 3264 faci-

491 3303 590 3357 lius
622 3312 892 3374 sequatur,
925 3319 1140 3360 carnem
1167 3314 1221 3361 et
1251 3305 1493 3359 naturam
1516 3314 1754 3359 nostram
1776 3317 2076 3366 assumens,

488 3393 558 3446 ita
589 3408 685 3463 per
713 3393 853 3448 illam
886 3395 1124 3461 incessit,
1157 3404 1212 3450 et
1241 3395 1492 3466 Operihus
1520 3392 1765 3448 mandata
1789 3392 2076 3462 expressit.

486 3483 760 3554 Siquidem
805 3485 931 3540 illud
958 3527 973 3552 ,
1023 3486 1084 3541 Si
1124 3487 1235 3557 quis
1285 3497 1332 3541 te
1372 3487 1675 3556 percusserit
1720 3487 1774 3540 in
1821 3486 2078 3540 dexteram

489 3578 788 3644 maxillam,
820 3578 1016 3632 obuerte
1040 3578 1118 3632 illi
1143 3588 1188 3632 et
1217 3580 1430 3632 alteram
1454 3577 1474 3651 (
1499 3578 1688 3632 Matth.
1715 3578 1769 3634 5.
1799 3577 1898 3648 59)
1923 3619 1937 3643 ,
1963 3577 2077 3647 ipse

487 3670 759 3736 prmstitit,
781 3667 994 3738 quando
1015 3669 1219 3739 alapam
1243 3669 1314 3724 illi
1341 3670 1609 3740 pontilicis
1629 3684 1816 3724 servus
1834 3669 2072 3738 impegit.

485 3760 602 3814 Non
636 3761 778 3815 enim
824 3761 996 3830 ipsum
1041 3761 1181 3815 ultus
1216 3772 1299 3816 est
1325 3802 1340 3828 ,
1390 3762 1484 3816 sed
1511 3769 1712 3816 tantam
1759 3761 2078 3816 modestiam

486 3868 596 3921 pra:
625 3867 685 3907 se
714 3852 854 3917 tulit,
885 3861 941 3906 ut
969 3852 1175 3907 diceret
1203 3869 1218 3907 :
1248 3853 1309 3908 Si
1338 3854 1470 3910 male
1491 3853 1726 3921 loquutus
1751 3869 1863 3906 sum
1883 3894 1898 3918 ,
1934 3853 2076 3905 testi-

482 3945 710 3996 monium
740 3943 945 4014 perhibe
983 3943 1046 3997 de
1073 3944 1207 3998 malo
1238 3961 1257 3998 :
1285 3945 1331 3998 si
1359 3955 1526 3998 autem
1554 3945 1695 4011 bene,
1728 3945 1850 4016 quid
1871 3961 1950 3999 me
1971 3961 2073 4000 ca:-

481 4038 560 4089 dis
591 4035 768 4107 (Joan.
801 4037 888 4093 18.
921 4036 1013 4108 25)
1043 4037 1066 4090 ?
1099 4037 1254 4093 Vides
1284 4039 1618 4094 tremendam
1651 4039 1963 4096 lenitatem?
1991 4039 2074 4094 vi-

481 4132 577 4180 des
609 4127 960 4183 humilitatem
1004 4129 1367 4198 stupendam?
1411 4129 1832 4197 Percutiebatur,
1888 4147 1994 4185 non
2042 4146 2074 4186 a

481 4221 650 4275 libero
681 4221 952 4290 quopiam,
985 4221 1078 4275 sed
1105 4237 1134 4273 a
1166 4236 1340 4285 servo,
1370 4237 1399 4274 a
1432 4222 1726 4277 verberone
1747 4263 1762 4288 ,
1794 4231 1848 4276 et
1874 4237 2074 4277 verna-

479 4315 640 4378 culo,
689 4321 743 4365 et
769 4321 913 4366 tanta
953 4327 1076 4366 cum
1129 4313 1389 4367 modestia
1429 4313 1737 4384 respondet.
1758 4314 1832 4370 lta
1863 4332 2074 4386 quoque

482 4404 640 4457 Pater
686 4402 802 4472 ejus
841 4402 1052 4459 dicebat
1086 4403 1319 4460 Judaeis:
1371 4403 1575 4474 Popule
1615 4423 1785 4474 meus,
1821 4409 1944 4478 quid
1975 4409 2077 4479 feci

481 4493 589 4560 tibi,
618 4503 708 4546 aut
731 4495 852 4561 quid
877 4496 1167 4548 contristari
1205 4507 1252 4550 te
1271 4539 1285 4564 ,
1317 4507 1403 4550 aut
1425 4498 1546 4566 quid
1573 4501 1814 4555 molestus
1841 4501 1917 4572 fni
1943 4501 2030 4555 tibi
2047 4502 2075 4558 7

479 4583 728 4652 responde
752 4585 876 4638 mihi
899 4585 976 4657 (Μ
984 4588 1083 4640 ich.
1110 4586 1163 4642 6.
1188 4589 1265 4657 5).
1306 4589 1764 4657 Quemadmodum
1787 4594 1899 4663 ipse
1919 4594 2072 4650 dicit:

480 4675 844 4731 Testimonium
871 4680 1074 4748 perhibe
1101 4681 1164 4734 de
1190 4683 1324 4735 malo
1345 4727 1357 4747 ,
1411 4684 1488 4739 sic
1525 4696 1578 4739 et
1610 4686 1766 4741 Pater
1793 4688 1909 4758 ejus
1928 4729 1942 4752 ,
1969 4687 2071 4742 Re-

479 4769 675 4837 sponde
717 4771 842 4823 mihi
872 4786 890 4824 :
917 4781 972 4826 et
1008 4772 1457 4842 quemadmodum
1501 4777 1576 4830 ait
1623 4777 1736 4846 ipse
1759 4819 1774 4846 ,
1829 4780 1966 4847 Quid
1996 4798 2074 4834 me

481 4863 676 4916 aedis?
702 4864 781 4917 sic
808 4865 969 4918 etiam
1003 4864 1179 4930 Pater,
1215 4867 1352 4934 Quid
1372 4871 1660 4924 contristavi
1687 4883 1752 4938 te,
1784 4882 1870 4926 aut
1898 4875 1951 4926 in
1973 4886 2072 4942 quo

480 4956 720 5009 molestus
763 4957 838 5026 fui
884 4957 1016 5012 tibi?
1045 4958 1418 5028 Paupertatem
1447 4977 1636 5018 rursus
1674 4964 1912 5034 docens,
1954 4967 2074 5021 vide

477 5061 585 5115 quo
627 5059 780 5116 pacto
819 5049 964 5104 illam
1001 5066 1166 5121 opere
1207 5052 1457 5108 exhibeat
1501 5054 1726 5113 dicens:
1770 5057 1954 5128 Vulpes
1995 5063 2074 5130 fo-

477 5154 594 5194 veas
623 5141 837 5209 habent,
883 5153 930 5197 et
976 5144 1202 5200 volucres
1228 5145 1341 5200 cali
1369 5147 1516 5201 nidos
1535 5191 1550 5215 ,
1595 5149 1644 5202 F
1645 5152 1762 5204 ilius
1787 5163 1954 5207 autem
1981 5155 2074 5206 ho-

476 5233 629 5286 minis
661 5250 760 5286 non
788 5235 933 5290 habet
958 5238 1042 5291 ubi
1063 5248 1216 5308 caput
1240 5256 1388 5294 suum
1416 5243 1622 5296 reclinet
1648 5243 1857 5316 (Matth.
1883 5247 1935 5300 8.
1953 5243 2070 5317 20).

478 5323 643 5377 Vides
678 5334 972 5381 extremam
1021 5334 1432 5400 paupertatem?
1473 5332 1591 5388 Non
1631 5351 1871 5390 mensam
1904 5337 2069 5394 babe-

479 5415 592 5483 bat,
624 5433 732 5470 non
763 5418 1068 5487 lucernam,
1119 5438 1226 5476 non
1252 5422 1501 5491 domum,
1545 5442 1651 5480 non
1699 5429 1921 5497 sellam,
1961 5447 2068 5486 non

482 5508 626 5563 aliud
654 5509 942 5580 quidquam
959 5513 1244 5582 ejusmodi.
1276 5516 1512 5573 Docebat
1541 5527 1600 5573 ut
1628 5520 1765 5574 male
1794 5522 2071 5578 audientes

479 5604 743 5669 patienter
770 5604 992 5672 ferrent,
1027 5607 1080 5662 id
1103 5623 1230 5664 vero
1256 5609 1348 5665 ille
1378 5626 1541 5682 Opere
1561 5613 1820 5670 exhibuit.
1845 5616 2070 5683 Quando

479 5694 622 5745 enim
648 5693 974 5750 daemonium
1017 5697 1298 5755 habentem
1323 5741 1338 5766 ,
1379 5711 1434 5755 et
1461 5702 1853 5761 Samaritanum
1896 5709 2068 5776 ipsum

477 5785 852 5854 apnellabant,
883 5804 1002 5843 cum
1035 5790 1154 5847 illos
1183 5807 1370 5847 rursus
1393 5810 1587 5850 nccare
1615 5809 1827 5865 posset,
1857 5809 1910 5853 et
1935 5816 2067 5855 con-

480 5871 697 5925 tumelia
735 5886 949 5941 pinnam
976 5875 1044 5929 ab
1067 5876 1174 5930 illis
1199 5875 1412 5948 exigere
1434 5919 1451 5943 ,
1500 5881 1633 5937 nihil
1661 5883 1764 5939 tale
1804 5884 2056 5946 faciebat.

3657 425 3768 481 $2

2197 529 2306 586 imo
2331 531 2490 586 etiam
2521 531 2658 586 bene
2677 531 2745 586 de
2770 532 2873 586 illis
2903 531 3207 587 merebatur
3225 573 3239 600 ,
3272 540 3326 588 et
3350 549 3419 589 ex
3446 535 3548 591 illis
3577 535 3783 594 daemoo

2193 636 2290 677 nes
2354 622 2681 692 expellebat.
2724 623 2962 694 Cumque
3022 623 3281 692 dixisset,
3330 625 3486 682 Orate
3513 645 3607 699 pro
3631 631 3781 686 calu-

2191 714 2499 769 mniantibus
2526 731 2612 770 vos
2641 715 2660 786 (
2685 715 2870 771 Matth.
2897 718 2950 773 5.
2973 719 3043 773 44
3059 717 3099 788 ),
3143 718 3199 773 in
3217 733 3430 776 crucem
3458 736 3786 780 cumascen-

2189 804 2375 870 disset,
2405 806 2457 860 id
2478 805 2622 862 fecit.
2647 807 2931 878 Postquam
2957 809 3100 864 enim
3128 823 3251 865 eum
3285 813 3694 883 cruciﬁxerunt,
3724 825 3788 875 et

2189 895 2357 951 clavis
2383 895 2687 964 afﬁxerunt,
2721 899 2958 968 pendens
2983 899 3197 956 dicebat
3217 943 3231 966 ,
3263 901 3473 958 Dimitte
3501 905 3606 960 illis
3634 922 3654 960 :
3679 925 3786 963 non

2189 989 2324 1043 enim
2363 989 2525 1044 sciunt
2611 991 2734 1063 quid
2762 992 2956 1063 faciunt
2985 991 3135 1065 (Luc.
3162 992 3254 1048 25.
3447 995 3573 1052 Habe
3613 997 3680 1052 ab
3713 1013 3788 1053 eo

2189 1081 2524 1150 dicebantur,
2558 1099 2663 1138 non
2691 1083 2833 1154 quod
2875 1085 2988 1154 ipse
3012 1084 3282 1143 dimittere
3313 1088 3532 1144 minime
3558 1101 3742 1159 posset
3765 1133 3784 1157 ,

2190 1173 2284 1228 sed
2311 1183 2371 1228 ut
2398 1190 2496 1230 nos
2521 1189 2678 1230 orare
2704 1191 2802 1246 pro
2830 1176 3059 1232 inimicis
3084 1177 3320 1234 doceret.
3350 1178 3484 1234 Nam
3513 1181 3637 1252 quia
3669 1198 3781 1236 non

2189 1278 2440 1320 sermone
2461 1274 2685 1334 tantum,
2713 1267 2809 1323 sed
2837 1283 3002 1338 opere
3023 1284 3234 1340 quoque
3259 1270 3558 1327 doctrinam
3587 1289 3693 1344 pra:
3721 1292 3787 1329 se

2189 1357 2414 1426 ferebat,
2447 1368 2728 1429 pr0pterea
2755 1375 2942 1430 preces
2970 1362 3131 1416 etiam
3156 1362 3416 1433 adjunxiL
3443 1363 3628 1421 Nullus
3674 1366 3783 1436 igi-

2191 1456 2277 1502 tur
2297 1464 2364 1503 ex
2391 1449 2680 1518 hmreticis,
2707 1452 2777 1506 ob
2808 1452 3025 1506 nimiam
3056 1453 3174 1524 ejus
3195 1453 3599 1522 humanitatem,
3631 1457 3783 1512 inﬁr-

2189 1542 2427 1595 mitatem
2468 1541 2582 1597 haec
2610 1543 2771 1599 verba
2802 1545 3006 1614 judicet
3046 1546 3301 1602 indicare.
3353 1548 3468 1618 Ipse
3507 1551 3648 1604 enim
3693 1562 3785 1608 est

2188 1635 2278 1704 qui
2319 1635 2483 1692 dicit:
2519 1637 2585 1693 Ut
2614 1649 2780 1693 autem
2807 1643 2980 1696 sciatis
3003 1683 3020 1710 ,
3065 1643 3186 1712 quia
3226 1642 3277 1697 F
3278 1644 3396 1700 ilius
3435 1645 3650 1701 hominis
3681 1649 3783 1701 ha-

2187 1726 2265 1781 bet
2292 1731 2659 1799 potestatemin
2687 1741 2821 1787 terra
2845 1733 3128 1788 dimittendi
3153 1747 3362 1806 peccata
3390 1737 3598 1809 (Matth.
3618 1739 3671 1794 9.
3695 1740 3779 1810 6).

2187 1820 2293 1876 Sed
2318 1823 2567 1892 quoniam
2590 1823 2785 1881 docere
2819 1826 3030 1882 volebat
3058 1827 3138 1901 (is
3164 1837 3342 1884 autem
3366 1831 3454 1900 qui
3482 1831 3639 1886 docet
3667 1849 3781 1888 non

2187 1911 2364 1967 verbis
2393 1922 2597 1969 tantum
2627 1915 2739 1970 suis
2759 1956 2775 1983 ,
2825 1915 2920 1971 sed
2945 1917 3106 1972 etiam
3137 1917 3292 1974 factis
3316 1919 3608 1976 doctrinam
3647 1938 3780 1992 pro-

2187 2000 2294 2058 fert
2319 2004 2372 2058 in
2393 2005 2678 2078 medium),
2710 2007 2808 2062 hac
2832 2007 2901 2063 de
2925 2023 3084 2064 causa
3107 2025 3294 2080 preces
3314 2012 3476 2066 etiam
3495 2013 3738 2082 adjunxit
3762 2032 3780 2068 :

2187 2111 2311 2151 nam
2361 2097 2559 2168 alioqui
2602 2099 2987 2170 discipulorum
3030 2103 3190 2157 etiam
3233 2104 3399 2174 pedes
3446 2105 3617 2173 lavit,
3667 2123 3780 2162 non

2186 2188 2327 2258 quod
2356 2189 2576 2246 inferior
2595 2201 2740 2248 esset
2764 2210 2778 2247 :
2811 2208 2998 2249 verum
3020 2209 3141 2249 cum
3173 2195 3316 2250 Deus
3340 2207 3486 2252 esset
3507 2212 3570 2252 ac
3595 2198 3782 2254 Domi-

2187 2295 2321 2347 nus,
2353 2281 2418 2336 ad
2449 2291 2648 2336 tantam
2676 2298 2736 2338 se
2764 2283 3118 2340 humilitatem
3149 2285 3382 2342 demisit.

2257 2372 2310 2426 6.
2353 2372 2754 2430 Resurrectionis
2793 2375 2983 2445 futuris
3020 2387 3357 2447 argumenta;
3398 2379 3780 2452 transﬁguratia

2186 2467 2376 2522 Christi
2394 2472 2582 2539 futura:
2595 2470 2772 2540 gloriae
2790 2471 2977 2542 imago.
2993 2500 3066 2510 —
3107 2471 3257 2526 Hane
3283 2472 3445 2526 etiam
3466 2472 3536 2527 ob
3559 2488 3778 2528 causam

2185 2559 2444 2618 dicebat;
2489 2559 2682 2616 Discite
2732 2579 2766 2615 a
2801 2579 2914 2629 me,
2956 2563 3076 2633 quia
3113 2564 3247 2618 ntitis
3282 2579 3396 2617 sum
3426 2603 3442 2631 ,
3473 2573 3520 2618 et
3570 2565 3779 2619 humilis

2184 2653 2335 2708 corde
2385 2652 2626 2726 (Matth.
2693 2655 2781 2710 11.
2835 2655 2977 2726 29).
3043 2657 3163 2711 Alio
3213 2658 3375 2712 modo
3426 2672 3612 2712 rursus
3661 2658 3776 2728 ipsa

2184 2747 2363 2802 bravia
2393 2749 2713 2818 prtemiaque
2741 2749 2793 2803 in
2821 2749 3057 2804 medium
3079 2748 3259 2804 allerri
3285 2790 3300 2816 ,
3325 2764 3388 2804 ac
3417 2749 3610 2819 subjici
3638 2765 3774 2805 ocu-

2185 2836 2250 2893 lis
2270 2837 2414 2892 audi.
2435 2838 2707 2894 Pollicitus
2726 2849 2844 2894 erat
2861 2855 3148 2910 corporum
3175 2843 3648 2909 resurrectionem,
3669 2844 3775 2898 im-

2186 2930 2584 2997 mortalitatem,
2614 2947 2900 2986 occursum
2931 2933 2984 2986 in
3005 2948 3152 2998 aera,
3181 2943 3390 3003 raptum
3413 2935 3467 2989 in
3495 2936 3727 2992 nubibus
3752 2954 3772 2995 :

2186 3020 2302 3076 haec
2348 3025 2508 3078 rebus
2553 3023 2682 3093 ipsis
2721 3025 2974 3079 ostendit.
3007 3025 3124 3093 Quo
3153 3026 3370 3081 tandem
3398 3027 3557 3082 modo
3586 3027 3777 3082 illor—

2186 3122 2307 3168 tuus
2337 3129 2456 3168 cum
2493 3124 2657 3182 esset,
2681 3118 2980 3171 resurrexit
3023 3133 3039 3176 ;
3069 3129 3398 3187 quapropter
3443 3129 3499 3174 et
3538 3119 3776 3190 quadra-

2183 3207 2327 3277 ginta
2353 3207 2542 3264 dicbus
2566 3223 2687 3263 cum
2728 3211 2859 3278 ipsis
2895 3192 3134 3264 versatus
3160 3220 3262 3276 est,
3287 3222 3344 3266 ut
3363 3213 3626 3268 certiores
3655 3213 3777 3268 illos

2184 3298 2452 3366 redderet,
2494 3308 2548 3354 et
2573 3301 2748 3370 qualia
2789 3315 3018 3370 corpora
3048 3313 3231 3358 nostra
3260 3312 3383 3372 post
3424 3306 3779 3360 resurrectio-

2186 3405 2308 3446 nem
2331 3389 2506 3444 futura
2529 3391 2655 3456 siut,
2684 3391 3015 3446 ostenderet.
3048 3391 3255 3448 Rursus
3283 3395 3375 3464 qui
3421 3411 3518 3464 per
3547 3395 3775 3450 Paulum

2182 3482 2359 3538 dixit:
2393 3481 2460 3536 In
2507 3482 2723 3538 nubibus
2773 3485 3028 3552 rapientur
3063 3485 3258 3538 obviam
3310 3485 3392 3539 illi
3426 3488 3479 3539 in
3525 3502 3647 3540 aera
3694 3487 3776 3556 (1.

2183 3574 2363 3631 Thess.
2395 3577 2449 3630 4.
2482 3575 2593 3647 17),
2628 3575 2732 3632 hoc
2761 3577 2924 3632 etiam
2955 3591 3118 3646 opere
3139 3579 3542 3634 demonstravit.
3592 3578 3774 3650 Siqui-

2181 3670 2304 3724 dem
2348 3679 2470 3740 post
2504 3672 2973 3736 resurrectionem,
3004 3685 3124 3725 cum
3169 3682 3316 3727 esset
3359 3672 3412 3726 in
3470 3672 3634 3728 caelos
3685 3688 3777 3728 as-

2181 3776 2464 3826 censurus,
2517 3764 2871 3833 praesentibus
2921 3764 3068 3834 ipsis,
3109 3763 3350 3819 Eleuatus
3373 3774 3466 3830 est,
3507 3766 3701 3836 inquit,
3731 3778 3780 3822 et

2181 3856 2336 3912 nubes
2364 3858 2582 3926 suscepit
2610 3874 2722 3912 eum
2749 3859 2811 3911 ab
2854 3858 3015 3912 oculis
3037 3875 3208 3913 eorum
3239 3858 3374 3930 (Act.
3399 3861 3452 3914 1.
3471 3859 3560 3931 9);
3579 3868 3777 3916 etcum

2181 3949 2404 4006 intentis
2431 3951 2601 4006 oculis
2649 3961 2853 4019 essent,
2879 3951 3008 4006 dum
3051 3951 3224 4006 abiret
3265 3951 3375 4005 ille.
3400 3951 3488 4006 Sic
3517 3952 3777 4008 nimirum

2181 4052 2236 4098 et
2263 4058 2457 4114 corpus
2503 4054 2744 4100 nostrum
2772 4044 3228 4100 consubstantiale
3258 4044 3472 4114 corpori
3516 4045 3624 4099 erit
3673 4048 3772 4113 illi,

2181 4142 2368 4206 utpote
2395 4135 2536 4205 quod
2559 4151 2624 4190 ex
2657 4135 2844 4190 eadem
2888 4137 2958 4190 sit
2985 4151 3160 4190 massa
3194 4153 3209 4189 :
3238 4135 3378 4190 sicut
3399 4136 3544 4190 enim
3590 4147 3772 4207 caput,

2181 4226 2252 4280 ita
2292 4236 2348 4282 et
2375 4242 2612 4296 corpus;
2658 4230 2798 4282 sicut
2837 4228 3152 4296 principium
3178 4268 3194 4292 ,
3239 4227 3311 4281 ita
3343 4237 3396 4282 et
3423 4225 3570 4281 ﬁnis.
3599 4228 3777 4296 Atque

2182 4315 2286 4371 hoc
2316 4316 2651 4372 manifestius
2694 4317 2936 4372 indicans
2962 4315 3157 4370 Paulus
3191 4316 3398 4372 dicebat
3436 4332 3452 4369 :
3478 4315 3582 4383 Qui
3604 4319 3774 4386 refor-

2179 4407 2334 4461 mabit
2362 4423 2548 4478 corpus
2588 4408 2890 4461 humilitatis
2914 4417 3098 4461 nostra:
3129 4447 3144 4471 ,
3173 4417 3226 4460 ut
3250 4410 3510 4478 conforme
3532 4408 3628 4476 ﬁat
3655 4424 3772 4462 cor-

2179 4499 2293 4569 pari
2329 4499 2577 4553 claritatis
2603 4514 2710 4552 sua:
2741 4497 2962 4570 (Philip.
2995 4498 3047 4551 5.
3077 4497 3192 4568 21).
3223 4497 3279 4553 Si
3306 4498 3470 4567 igitur
3495 4497 3778 4555 conformo

2179 4592 2273 4657 sit,
2302 4593 2546 4649 eamdem
2579 4592 2740 4648 etiam
2771 4596 2908 4646 viam
2935 4591 3181 4646 conﬁciet
3204 4633 3218 4654 ,
3246 4601 3302 4646 et
3330 4591 3383 4646 in
3408 4589 3644 4646 nubibus
3675 4607 3776 4662 pa-

2178 4686 2313 4742 riter
2337 4684 2650 4741 elevabitur.
2674 4685 2801 4740 Hcce
2832 4693 2887 4739 tu
2917 4700 3129 4754 quoque
3159 4685 3211 4738 in
3237 4684 3638 4740 resurrectione
3664 4700 3768 4740 ex-

2179 4787 2381 4848 specta.
2421 4778 2553 4833 Nam
2581 4779 2834 4848 quoniam
2863 4777 2934 4832 ad
2972 4778 3098 4832 illud
3129 4792 3297 4847 usque
3331 4786 3546 4845 tempus
3572 4776 3792 4837 obscur

2177 4886 2298 4926 rum
2329 4870 2506 4926 fuerat
2528 4870 2869 4925 audientibus
2904 4870 3122 4924 verbum
3154 4869 3304 4938 regni
3331 4867 3607 4930 caelorum,
3639 4881 3772 4936 pro-

2178 4973 2360 5034 pterea
2409 4977 2530 5017 cum
2557 4962 2889 5017 ascendisset
2923 4963 2975 5016 in
3008 4971 3264 5025 montem,
3293 4973 3472 5015 coram
3493 4958 3780 5028 discipulis

2179 5056 2290 5110 suis
2321 5053 2725 5124 transﬁguratus
2760 5061 2844 5107 est
2870 5050 3083 5123 (Matth.
3115 5051 3226 5122 17),
3255 5051 3441 5121 eisque
3468 5050 3778 5104 futurorum

2179 5147 2398 5216 gloriam
2428 5146 2877 5216 praemonstravit,
2906 5145 3499 5217 etobscure’tamquam
3537 5144 3595 5198 in
3635 5142 3774 5198 reni-

2179 5250 2376 5309 gmate,
2399 5240 2556 5310 quale
2584 5254 2780 5309 corpus
2799 5248 3037 5293 nostrum
3066 5237 3299 5292 futurum
3323 5246 3487 5302 esset,
3506 5236 3780 5291 ostendit.

2179 5332 2376 5388 Verum
2401 5347 2522 5387 cum
2545 5331 2780 5386 vestibus
2805 5341 2915 5384 tum
2931 5328 3146 5400 quidem
3177 5327 3422 5398 apparuit
3449 5344 3464 5384 :
3492 5336 3551 5382 at
3565 5342 3678 5381 non
3704 5327 3779 5380 ita

2179 5427 2232 5481 in
2264 5425 2676 5481 resurrectione.
2701 5423 2886 5494 Neque
2913 5423 3058 5479 enim
3084 5423 3319 5477 vestibus
3347 5419 3550 5490 indiget
3573 5432 3780 5488 corpus

2179 5531 2441 5584 nostrum,
2476 5535 2647 5589 neque
2679 5525 2840 5582 tecto,
2878 5531 3051 5586 neque
3079 5515 3568 5578 concameratione,
3597 5525 3783 5582 neque

2179 5614 2278 5668 alia
2307 5613 2410 5667 ulla
2432 5628 2490 5667 re
2510 5611 2690 5667 simili.
2715 5610 2846 5665 Nam
2868 5610 2912 5666 si
2934 5619 3057 5664 ante
3078 5606 3558 5678 transgressionem
3575 5603 3778 5667 Adam,

2177 5721 2296 5760 cum
2325 5714 2470 5760 esset
2499 5703 2693 5769 nudus,
2738 5718 2843 5756 non
2872 5700 3244 5766 erubescebat,
3273 5697 3439 5768 gloria
3466 5693 3778 5751 circumda-

2179 5807 2263 5852 tus
2295 5815 2307 5851 :
2350 5797 2516 5851 multo
2550 5796 2721 5865 magis
2765 5809 2988 5864 corpora
3022 5803 3201 5848 nostra
3223 5833 3239 5859 ,
3265 5806 3381 5860 qua:
3409 5788 3479 5843 ad
3505 5795 3775 5854 praestan-

2179 5890 2371 5946 tiorem
2397 5887 2782 5957 melioremque
2815 5887 3178 5944 conditionem
3209 5886 3590 5948 tranlerentur,
3615 5878 3772 5936 nullo
