4020 6370
311 263 408 318 551

308 380 366 437 τί
391 381 564 436 ποιεῖ’
600 381 719 446 πῶς
769 381 986 438 εὔκολον
1024 387 1116 440 τὸν
1165 387 1350 458 ἀγῶνα
1395 389 1720 460 ἐργάζεταιο
1778 390 1896 452 πός

311 473 476 545 ῥᾴδια
505 473 575 526 τὰ
625 473 942 544 σκάμματα.
992 478 1116 541 Πῶς
1157 480 1250 532 καὶ⁵
1291 480 1396 534 τίνι
1437 481 1657 551 τρόπῳ;
1686 481 1789 533 Δύο
1829 477 1896 548 δή

311 563 539 625 ταύταις
567 565 735 630 ὁδοῖς’
764 568 861 637 μιᾷ
901 569 1024 637 μὲν,
1081 570 1142 622 τὸ
1180 571 1342 622 αὑτὸν
1392 571 1532 624 αὐτά
1582 570 1891 641 μετελθεῖν

311 657 478 728 ἑτέρᾳ.
526 657 604 720 δὲ,
637 658 699 711 τὸ
742 660 904 713 αὑτὸν
930 661 1099 725 δεῖξαι
1136 662 1203 716 τὰ
1257 662 1488 734 βραδεῖα
1528 665 1622 717 καὶ
1652 664 1744 716 ὑπ’
1774 663 1894 732 ὄψιν

311 748 560 818 ἀγαγεῖν.
590 751 709 804 Τῶν
731 751 842 823 γὰρ
862 753 956 808 ἀπ’
978 753 1143 807 αύτοῦ
1175 754 1481 824 λεγομένων
1501 755 1566 808 τά
1590 758 1688 826 μὲν
1710 755 1894 825 ἐντολὴ

309 836 400 910 ἦν,
433 840 505 893 τά
529 841 586 893 δὲ
609 842 818 897 ἔπαθλα
840 859 854 874 ο
892 845 1078 915 ἐντολὴ
1122 846 1242 916 μὲν,
1270 847 1540 914 Εὔχεσθε
1588 846 1740 917 ὑπὲρ
1777 847 1896 900 τῶν

307 931 755 1000 ἐπηρεαζόντων
812 936 968 1004 ὑμᾶς
1003 936 1102 990 καὶ
1157 937 1520 991 διωκόντων·
1550 937 1783 991 ἔπαθλον
1813 937 1892 1001 δὲ,

314 1026 513 1092 Ὅπως
532 1026 788 1096 γένησθε
815 1028 932 1083 υίοὶ
962 1027 1069 1083 τοῦ
1095 1029 1325 1097 Πατρός
1351 1028 1517 1098 ὑμῶν
1550 1029 1655 1083 τοῦ
1673 1030 1743 1082 ἐν
1771 1028 1896 1094 τοῖς

308 1116 607 1184 οὐρανοῖς.
639 1117 828 1183 Πάλιν,
848 1100 1136 1187 Μακάριοι
1156 1120 1313 1185 ἐστε,
1345 1119 1490 1174 ὅταν
1519 1119 1896 1173 ὀνειδίσωσιν

309 1205 468 1274 ὑμᾶς
489 1208 588 1260 καὶ
619 1208 894 1276 διώξωσι,
923 1211 1019 1263 καὶ
1043 1212 1254 1265 εἴπωσι
1288 1211 1409 1264 πᾶν
1433 1209 1696 1280 πονηρὸν
1728 1209 1896 1280 ῥῆμα

311 1295 442 1349 καθ’
464 1294 632 1365 ὑμῶν
664 1298 1044 1368 ψευδόμενοι.
1087 1301 1327 1369 Χαίρετε
1369 1300 1468 1353 καὶ
1499 1298 1892 1369 ἀγαλλιᾶσθε,

310 1385 400 1439 ὅτι
423 1389 456 1440 ὁ
489 1387 890 1458 μισθόςύμῶν
925 1392 1120 1458 πολὺς
1144 1392 1354 1458 ἐντοῖς
1400 1393 1697 1461 οὐρανοῖς.
1742 1389 1896 1458 Εἶδες

310 1478 371 1530 τὸ
400 1479 520 1548 μὲν,
569 1481 812 1552 ἐντολὴν,
840 1483 902 1534 τὸ
946 1483 1023 1544 δέ,
1062 1483 1325 1549 ἐπαθλονς
1371 1485 1558 1548 Πάλιν,
1599 1487 1669 1539 El
1702 1485 1897 1552 θέλεις

309 1570 540 1636 τέλειος
585 1567 760 1639 εἶναι,
791 1573 1083 1641 πώλησόν
1114 1589 1230 1630 σου
1273 1576 1345 1629 τὰ
1380 1575 1747 1645 ὑπάρχοντα,
1798 1577 1894 1630 καὶ

308 1661 416 1727 δὸς
447 1664 728 1733 πτωχοῖς,
769 1665 868 1718 καὶ
899 1665 1074 1734 δεῦρο
1110 1668 1426 1721 ἀκολούθει
1453 1685 1575 1736 μοι,
1607 1668 1704 1721 καὶ
1741 1668 1898 1733 ἕξεις

309 1755 622 1823 θησαυρὸν
675 1757 746 1809 ἐν
782 1758 1041 1826 οὐρανῷ.
1080 1755 1234 1824 Εἶδες
1291 1759 1457 1831 ἄλλην
1507 1760 1747 1833 ἐντολὴν,
1803 1762 1898 1814 καὶ

307 1846 581 1914 ἓπαθλον;
613 1848 688 1900 Τὸ
737 1849 834 1920 μὲν
857 1851 965 1921 γὰρ
993 1852 1195 1914 αὐτοὺς
1228 1851 1482 1904 ἐκέλευσε
1513 1855 1710 1918 ποιεῖν,
1749 1851 1810 1904 16
1839 1851 1895 1905 δέ

307 1936 468 2002 αὐτὸς
500 1938 821 2008 ἡτοίμασεν,
848 1941 986 2011 ὅπερ
1017 1937 1084 2012 ἦν
1118 1940 1309 2012 μισθὸς
1344 1941 1440 1993 καὶ
1468 1939 1752 2002 ἀντίδοσις.
1789 1938 1895 1992 Καὶ

307 2025 488 2084 πάλιν,
526 2027 734 2093 ’Ὅστις
766 2027 1008 2097 ἀφῆκεν
1045 2029 1239 2093 οἰκίας
1281 2029 1380 2081 καὶ.
1427 2027 1754 2097 ἀδελφοὺς,
1797 2027 1894 2080 καὶ

305 2112 603 2182 ἀδελφάς·
655 2113 813 2167 τοῦτο
877 2116 1084 2186 ἐντολή·
1125 2115 1757 2169 Ἐκατονταπλασίονα
1787 2113 1897 2180 λή-

305 2204 500 2268 ψεται,
523 2203 620 2256 καί
654 2200 807 2271 ζωὴν
833 2203 1073 2257 αἰώνιον
1096 2203 1556 2273 κληρονομήσειν
1577 2202 1736 2256 τοῦτο
1761 2202 1897 2272 βρα-

306 2287 449 2340 ϐεῖον
483 2291 576 2340 καὶ
609 2289 892 2358 στέφανος.

375 2373 434 2428 ε’.
476 2376 626 2429 Ἐπεὶ
641 2372 733 2430 οὖν
763 2379 855 2430 καὶ
886 2379 954 2431 τὰ
985 2378 1332 2449 ἐπιτάγματα
1367 2379 1576 2450 μεγάλα
1596 2373 1684 2450 ἦν,
1711 2379 1804 2431 καὶ
1829 2378 1899 2432 τά

305 2463 514 2518 ἔπαθλα
559 2467 739 2521 αὐτῶν
786 2469 847 2520 ού
884 2469 1203 2540 φαινόμενα,
1236 2470 1337 2542 δρα
1386 2469 1439 2522 τί
1484 2471 1667 2523 ποιεῖ’
1729 2469 1896 2532 αὐτὸς

304 2554 445 2606 αὑτὰ
478 2555 566 2609 διά
611 2556 720 2610 τῶν
776 2556 954 2629 ἔργων
989 2558 1378 2623 ἐπιδείκνυται,
1410 2559 1506 2612 καὶ
1541 2559 1667 2622 τοὺς
1707 2558 1898 2626 στεφά-

304 2658 428 2704 νους
461 2642 548 2695 ἐπ’
587 2641 710 2712 ὄψιν
744 2643 890 2713 ἄγει.
927 2645 1140 2715 Ὥσπερ
1174 2647 1282 2716 γὰρ
1309 2649 1338 2699 6
1360 2645 1716 2716 κελευόμενος
1740 2646 1894 2716 ἀτρι-

305 2728 375 2798 δῆ
405 2729 642 2799 βαδίζειν
673 2730 809 2795 ὁδὸν,
840 2732 937 2785 ἐὰν
992 2733 1076 2805 ίδῃ
1121 2733 1385 2806 πρότερόν
1435 2751 1553 2787 τινα
1584 2733 1893 2804 βαδίσαντα,

303 2812 672 2885 εὐκολώτερον
703 2816 954 2880 ἅπτεται,
996 2816 1090 2868 καὶ
1113 2817 1332 2870 πλείονα
1356 2816 1622 2888 λαμϐάνει
1645 2817 1745 2887 τὴν
1769 2832 1898 2886 προ-

307 2900 508 2968 θυμίαν
527 2918 540 2934 ο
578 2903 721 2956 οὕτω
754 2903 848 2956 καὶ
883 2906 941 2958 ἐν
973 2909 1093 2968 ταῖς
1110 2903 1373 2968 ἐντολαῖς,
1395 2907 1443 2958 οἱ
1466 2906 1593 2968 τοὺς
1622 2921 1896 2976 προηγου-

308 2989 502 3058 μένους
536 2991 794 3060 ὀρῶντες,
828 2992 1026 3063 ῥᾳδίως
1065 2993 1307 3047 ἕπονται.
1344 2993 1442 3046 ”Ιν’
1464 2986 1558 3046 οὖν
1598 2992 1895 3045 εὐκολώτε-

307 3093 400 3145 ρον
423 3079 458 3148 ἡ
485 3078 726 3150 ἡμετέρα
761 3079 922 3148 φύσις
951 3081 1318 3154 ἀκολουθήσῃ,
1344 3083 1554 3152 ταύτην
1586 3080 1766 3134 λαϐὼν
1797 3079 1897 3150 τὴν

308 3167 510 3237 σάρκα,
540 3170 634 3222 καὶ
683 3170 783 3240 τὴν
816 3171 979 3240 φύσιν
1027 3171 1124 3243 τὴν
1168 3175 1473 3244 ἡμετέραν,
1513 3170 1686 3235 οὕτως
1726 3171 1897 3242 αὐτὴν

307 3256 546 3320 ἐδάδισε,
584 3259 803 3322 καὶτὰς
836 3260 1058 3324 ἐντολὰς
1101 3261 1190 3314 διὰ
1211 3260 1319 3314 τῶν
1351 3261 1527 3331 ἔργων
1565 3259 1893 3323 ἐπεδείξατο.

256 3406 258 3408 ,
307 3343 382 3396 Τὸ
410 3345 541 3416 γὰρ,
579 3346 721 3400 Ἐάν
757 3349 844 3414 τίς
875 3365 948 3403 σε
965 3350 1198 3418 ρᾳπίσῃ
1230 3350 1332 3403 ἐπὶ
1367 3349 1483 3416 τὴν
1509 3346 1718 3412 δεξιὰν
1761 3363 1898 3401 σια-

307 3434 477 3500 γόνα,
499 3433 769 3502 στρέψον
801 3435 961 3501 αὐτῷ
992 3437 1092 3491 καὶ
1117 3438 1472 3505 τὴνᾶλλην,
1509 3437 1671 3499 αὐτὸς
1705 3436 1896 3506 émin-

307 3537 421 3583 σεν,
445 3523 571 3574 ὅταν
605 3523 766 3575 αὑτὸν
792 3523 1089 3592 ἐρράπισεν
1121 3526 1149 3576 6
1183 3525 1366 3589 δοῦλος
1416 3525 1510 3578 τοῦ
1573 3525 1895 3596 ἀρχιερέως.

308 3609 384 3660 υύ
423 3611 533 3680 γάρ
586 3611 835 3680 ἠμύνατο
866 3613 1054 3674 αὐτὸν,
1093 3613 1232 3666 ἀλλά
1275 3613 1545 3684 τοσαύτην
1597 3612 1900 3665 ἐπιείκειαν

309 3698 640 3764 ἐπεδείξατο,
686 3699 761 3763 ὡς
822 3702 1026 3754 εἰπεῖν·
1074 3703 1142 3754 El
1172 3700 1289 3770 μὲν
1342 3699 1538 3766 κακῶς
1594 3699 1893 3769 ἐλάλησα,

305 3787 696 3857 μαρτύρησον
721 3787 857 3856 περὶ
890 3789 996 3842 τοῦ
1023 3790 1243 3843 κακοῦ⁵
1284 3791 1337 3843 εὶ
1366 3788 1434 3841 δὲ
1469 3787 1690 3852 καλῶς,
1729 3788 1788 3840 τί
1821 3805 1900 3856 με

308 3874 532 3944 δέρεις;
575 3871 727 3938 Εἶδες
750 3876 1030 3945 πραότητα
1059 3877 1261 3947 φρίκης
1287 3876 1594 3946 γέμουσαν;
1627 3871 1767 3938 εἶδες
1804 3892 1899 3928 τα-

310 3962 737 4032 πεινοφροσύνην
759 3962 1018 4033 ἔκπληξιν
1041 3965 1299 4034 ἐχουσαν;
1346 3963 1658 4025 Ἐτύπτετο,
1685 3963 1745 4016 οὐ
1766 3964 1898 4032 παρ’

309 4049 595 4120 ἐλευθέρου
647 4051 810 4114 τινὸς,
843 4051 979 4104 ἀλλά
1021 4053 1150 4122 παρ’
1180 4052 1416 4114 οἰκέτου,
1460 4049 1770 4120 μαστιγίου,
1804 4051 1900 4103 καὶ

307 4138 638 4207 οἰκοτρίϐου,
655 4140 748 4191 καὶ
779 4140 917 4209 μετά
945 4139 1213 4209 τοσαύτης
1231 4139 1590 4210 ἀποκρίνεται
1611 4140 1710 4210 τῆς
1731 4141 1902 4190 ἐπιει-

311 4227 467 4289 κείας
493 4227 688 4282 ταῦτα.
707 4227 863 4279 Οὕτω
885 4228 979 4281 καὶ
1007 4227 1035 4278 6
1053 4229 1241 4298 Πατὴρ
1269 4227 1434 4280 αὑτοῦ
1464 4231 1581 4290 τοῖς
1619 4228 1900 4292 Ἰουδαίοις

313 4316 498 4384 έλεγε·
538 4317 697 4383 Λαός
729 4335 868 4386 μου,
904 4318 960 4370 τί
999 4316 1259 4385 ἐποίησά
1293 4333 1428 4381 σοι;
1477 4318 1511 4386 ἣ
1545 4319 1600 4372 τί
1643 4333 1717 4371 σε
1757 4319 1899 4372 ἐλύ-

313 4421 518 4472 πησα;
547 4403 586 4472 ἢ
619 4405 676 4456 τί
717 4406 1160 4473 παρηνόχλησά
1195 4419 1328 4467 σοι;
1369 4404 1739 4474 ἀποκρίθητι.
1771 4406 1901 4457 ’Ὡσ-

313 4508 422 4564 περ
450 4493 610 4555 αύτός
647 4509 801 4563 φησι,
844 4495 1242 4560 Μαρτὺρησον
1271 4493 1405 4559 περὶ
1434 4493 1540 4546 τοῦ
1573 4494 1783 4558 κακοῦ,
1811 4492 1901 4544 οὒ-

313 4599 393 4633 τω
421 4584 515 4634 καὶ
545 4583 573 4632 ὁ
604 4582 794 4652 Πατὴρ
839 4580 1024 4643 αὐτοῦ,
1075 4582 1443 4649 Ἀποκρίθητί
1492 4599 1626 4651 μοι’
1666 4582 1762 4634 καὶ
1788 4581 1901 4634 ὧσ-

254 4699 258 4702 ~
316 4686 422 4737 περ
447 4670 606 4733 αὑτός
640 4687 792 4736 φησι,
831 4671 891 4723 Τί
913 4687 991 4738 με
1015 4668 1224 4736 δέρεις,
1258 4668 1401 4721 οὕτω
1430 4670 1524 4722 καὶ
1548 4669 1576 4719 ὁ
1607 4670 1814 4739 Πατὴρ,
1842 4671 1905 4724 Τί

313 4757 600 4824 ἐλύπησα
632 4776 726 4820 σε,
752 4759 791 4826 ἢ
841 4759 897 4810 τί
940 4759 1406 4826 παρηνόχλησα;
1442 4758 1609 4810 Πάλιν
1654 4759 1902 4829 ἀκτημο-

315 4844 487 4916 σύνην
513 4847 806 4911 παιδεύων,
831 4846 933 4916 ὅρα
969 4847 1085 4909 πῶς
1113 4847 1202 4900 διὰ
1232 4846 1339 4900 τῶν
1371 4846 1551 4916 ἔργων
1583 4847 1751 4918 αὐτὴν
1778 4850 1900 4900 ἐπιο

315 4932 590 4986 δείκνυται
620 4933 813 5002 λέγων·
831 4937 902 4989 Αἱ
931 4935 1239 4999 ἀλώπεκες
1258 4935 1410 5007 [542]
1433 4935 1704 5004 φωλεοὺς
1726 4935 1902 5003 ἐχου-

318 5036 407 5082 σι,
442 5021 540 5074 καὶ
569 5022 641 5076 τὰ
668 5021 908 5076 πετεινὰ
957 5023 1064 5077 τοῦ
1087 5024 1349 5092 οὐρανοῦ
1379 5022 1866 5091 κατασκηνώσεις

317 5111 351 5162 ό
379 5107 449 5161 δὲ
491 5109 623 5174 Υίὸς
665 5107 772 5164 τοῦ
811 5111 1124 5179 ἀνθρώπου
1151 5114 1262 5164 οὐκ
1288 5110 1411 5179 ἔχει
1434 5111 1552 5165 ποῦ
1575 5111 1688 5180 τὴν
1719 5129 1903 5180 κεφα-

316 5197 443 5265 λὴν
477 5198 698 5254 κλῖναι.
749 5189 898 5263 Εἶδες
934 5200 1318 5270 ἀκτημοσύνης
1347 5200 1622 5264 ἐπίτασιν;
1657 5201 1731 5252 Ού
1773 5201 1905 5270 τρά-

321 5290 465 5354 πεζα
487 5283 556 5359 ἦν
581 5287 750 5362 αὐτῷ,
785 5289 846 5340 ού
892 5288 1102 5358 λυχνία,
1138 5289 1239 5342 οὐκ
1274 5286 1443 5354 οἶκος,
1475 5290 1533 5343 ού
1551 5289 1758 5361 δίφρος,
1803 5292 1905 5343 ούκ

318 5377 449 5434 ἄλλο
471 5377 580 5431 τῶν
612 5377 868 5431 τοιούτων
904 5377 1080 5432 οὐδέν.
1124 5377 1400 5430 Ἐδίδασκε
1441 5377 1568 5448 περὶ
1601 5377 1694 5430 τοῦ
1720 5377 1904 5441 κακῶς

317 5465 620 5528 ἀκούοντας
645 5465 828 5536 φέρειν
855 5465 1135 5533 γενναίως,
1167 5465 1303 5536 ὅπερ
1331 5463 1418 5517 διὰ
1455 5466 1563 5518 τῶν
1605 5466 1779 5537 ἔργων
1808 5467 1906 5518 ἐπ-

323 5553 594 5620 εδείξατο.
623 5554 751 5608 Ὅτε
771 5555 881 5623 γὰρ
902 5553 1241 5623 δαιμονῶντα
1258 5552 1420 5606 αὑτὸν
1445 5553 1672 5608 ἐκάλουν
1693 5555 1788 5608 καὶ
1805 5555 1906 5608 Σα-

325 5643 611 5716 μαρείτην,
635 5643 930 5714 δυνάμενος
956 5643 1151 5705 αὐτοὺς
1177 5641 1336 5696 πάλιν
1369 5643 1653 5708 ἀπολέσαι,
1687 5645 1782 5698 καὶ
1805 5645 1904 5716 τῆς

325 5731 537 5804 ὖῗῖρεως
575 5731 751 5786 αὐτῶν
775 5732 1031 5786 ἀποτῖσαι
1071 5731 1244 5803 δίκην,
1278 5729 1428 5785 οὐδὲν
1455 5731 1624 5785 ἐποίει
1648 5731 1902 5801 τοιοῦτον,

1472 274 1560 332 DE
1600 276 1901 338 FUTURJS
1936 283 2119 341 νιΤΑΞ
2152 283 2464 344 DELICIIS.

3458 287 3562 342 352

1994 394 2127 447 ἀλλὰ
2163 399 2257 449 καὶ
2288 398 2597 470 εὐηργέτει,
2627 402 2722 455 καὶ
2763 402 2893 463 τοὺς
2937 399 3198 471 δαίμονας
3253 400 3431 452 αὐτῶν
3464 403 3560 456 ἀπ-

1995 485 2211 554 ήλαυνε.
2247 490 2358 542 Καὶ
2377 489 2567 557 εἰπὼν,
2589 492 2856 562 Εὖχεσθε
2874 492 3025 560 ὑπὲρ
3059 491 3178 544 τῶν
3209 492 3560 558 ἐπηρεαζόν-

1992 592 2110 628 των
2139 577 2316 648 ὑμᾶς,
2353 583 2434 643 είς
2465 583 2557 636 τὸν
2586 585 2816 655 σταυρὸν
2850 584 3012 638 τοῦτο
3038 583 3242 646 ἀναϐὰς
3282 585 3559 652 ἐποίησεν.

2008 664 2222 740 Ἐπειδὴ
2267 670 2377 742 γάρ
2424 673 2585 726 αὐτὸν
2643 675 2991 744 ἐσταύρωσαν
3026 676 3122 729 καὶ
3185 674 3558 746 -προσὴλωσαν.

1997 763 2345 832 κρεμάμενος
2378 764 2583 834 ἔλεγεν,
2610 768 2784 836 Ἄφες
2820 766 3058 832 αὐτοῖς·
3101 767 3176 820 οὐ
3222 765 3332 836 γὰρ
3363 766 3557 818 οἴδασι

1993 852 2050 904 τί
2077 853 2336 907 ποιοῦσι.
2368 854 2554 910 Ταῦτα
2580 857 2762 926 ἔλεγεν
2776 859 2875 911 οὐκ
2907 857 3111 910 άτονῶν
3136 857 3298 920 αὐτὸς
3325 853 3564 924 ἀφιέναι,

1994 940 2108 992 ἀλλ’
2166 943 2314 1012 ἡμᾶς
2363 945 2632 1000 παιδεύων
2681 945 2932 1016 εὔχεσθαι
2987 947 3126 1018 ὑπὲρ
3171 947 3281 1010 τῶν
3332 944 3562 1016 ἐχθρῶν.

2007 1030 2222 1102 Ἐπειδὴ
2252 1031 2360 1104 γὰρ
2388 1034 2447 1085 ού
2479 1034 2621 1106 λόγῳ
2666 1036 2832 1106 μόνῳ,
2865 1034 3000 1089 ἀλλά
3047 1035 3142 1088 καὶ
3186 1035 3332 1104 ἔργῳ
3367 1033 3465 1103 τὴν
3489 1031 3567 1086 δι-

1994 1121 2289 1177 δασκαλίαν
2317 1125 2680 1191 ἐπεδείκνυτο,
2698 1125 2784 1180 διὰ
2807 1125 2968 1179 τοῦτο
2983 1125 3074 1178 καὶ
3091 1125 3188 1196 τὴν
3210 1124 3372 1194 εὐχὴν
3398 1139 3566 1193 προσ-

1995 1211 2180 1282 έθηκε.
2242 1216 2450 1284 Μηδεὶς
2490 1218 2669 1270 τοίνυν
2713 1218 2822 1270 τῶν
2856 1217 3165 1290 αἱρετικῶν,
3196 1216 3282 1269 διὰ
3318 1215 3416 1285 τὴν
3447 1213 3569 1266 πολ-

1995 1295 2092 1365 λὴν
2163 1297 2326 1351 αὑτοῦ
2415 1301 2858 1373 φιλανθρωπίαν,
2915 1301 3197 1355 ἀσθένειαν
3269 1314 3569 1366 καταγινω-

1997 1388 2171 1442 σκέτω
2190 1390 2297 1443 τῶν
2320 1392 2621 1464 εἰρημένων
2641 1410 2655 1424 ·
2680 1393 2839 1456 αὐτὸς
2867 1394 2974 1463 γάρ
3009 1393 3155 1444 ἐστιν
3183 1391 3211 1442 ὁ
3235 1389 3426 1457 λέγων,
3449 1388 3570 1440 Ἵνα

1941 1535 1954 1545 ,
1995 1478 2064 1532 δὲ
2106 1481 2322 1550 εἰδῆτε,
2367 1483 2456 1537 ὅτι
2489 1484 2781 1548 ἐξουσίαν
2815 1484 2942 1554 ἔχει
2977 1487 3009 1537 ό
3051 1482 3179 1548 Υἱὸς
3217 1481 3321 1534 τοῦ
3349 1477 3570 1547 ἀνθρώ-

1998 1586 2115 1626 που
2142 1573 2378 1641 ἀφιέναι
2410 1575 2508 1628 ἐπὶ
2546 1574 2653 1643 τῆς
2696 1575 2809 1644 γῆς
2842 1573 3146 1644 ἁμαρτίας.
3207 1571 3344 1624 Ἀλλ’
3385 1569 3570 1639 ἐπειδὴ

1998 1662 2275 1717 παιδεύειν
2318 1663 2570 1727 ἐϐούλετο
2599 1666 2647 1733 (6
2680 1664 2735 1716 δὲ
2771 1663 3042 1716 παιδεύων
3087 1661 3146 1714 ού
3203 1660 3270 1712 δι’
3321 1653 3394 1711 ὧν
3423 1657 3569 1724 λέγει

2001 1755 2182 1826 μόνον,
2207 1755 2340 1809 άλλά
2362 1757 2456 1808 καὶ
2471 1757 2535 1809 δι’
2554 1750 2627 1809 ὧν
2653 1755 2911 1826 ποιεῖτὴν
2933 1753 3276 1808 διδασκαλίαν
3294 1750 3568 1820 προάγει),

1995 1849 2185 1902 τούτου
2213 1849 2373 1921 χάριν
2409 1851 2504 1903 καὶ
2553 1849 2651 1920 τὴν
2700 1849 2862 1918 εὐχὴν
2902 1845 3274 1920 προσέθηκεν·
3312 1843 3432 1894 ἐπεὶ
3477 1840 3570 1892 καὶ

1998 1939 2107 1993 τῶν
2150 1941 2407 2012 μαθητῶν
2457 1942 2581 2004 τοὺς
2613 1940 2778 2003 πόδας
2818 1939 3055 2001 ἔνιπτεν,
3081 1937 3178 2006 οὐχ
3210 1935 3285 1998 ὼς
3336 1933 3572 1986 ἐλάττων
3638 2009 3640 2012 ν

1998 2032 2092 2097 ὢν,
2126 2033 2262 2088 ἀλλά
2286 2035 2416 2098 Θεὸς
2441 2033 2516 2087 ὣν
2562 2035 2655 2088 καὶ
2694 2033 2969 2103 Δεσπότης
3007 2032 3086 2094 εἰς
3112 2027 3333 2083 τοσοῦτο
3366 2024 3570 2095 κατέϐη

1998 2126 2515 2198 ταπεινοφροσύνης.

2071 2225 2146 2284 ς’.
2165 2219 2260 2271 Διά
2280 2219 2344 2290 δὴ
2366 2219 2524 2272 τοῦτο
2547 2217 2719 2286 ἔλεγε·
2735 2216 2962 2272 Μάθετε
2977 2216 3077 2270 ἀπ’
3093 2213 3257 2284 ἐμοῦ,
3280 2212 3367 2265 ὅτι
3386 2209 3575 2278 πρᾶός

1997 2315 2114 2382 ειμι
2135 2311 2234 2366 καὶ
2264 2314 2542 2377 ταπεινός
2577 2311 2650 2378 τῇ
2680 2311 2911 2380 καρδίᾳ.
2952 2310 3187 2380 Ἑτέρως
3221 2305 3381 2359 πάλιν
3409 2302 3473 2357 16
3506 2303 3573 2355 τά

2000 2404 2229 2475 βραδεῖα
2259 2403 2399 2457 αὐτὰ
2432 2404 2527 2457 καὶ
2553 2404 2621 2458 τὰ
2655 2403 2864 2456 ἔπαθλα
2912 2403 2991 2465 εἰς
3022 2401 3183 2471 μέσον
3214 2398 3458 2466 ἀγαγεῖν,
3481 2393 3576 2446 καὶ

1999 2493 2102 2546 ὑπὸ
2127 2495 2436 2565 ὀφθαλμοὺς
2456 2495 2747 2561 δεικνύναι,
2776 2495 3027 2548 ἄκουσον.
3073 2493 3369 2560 ’Υπέσχετο
3393 2487 3577 2556 σωμά-

1999 2605 2105 2641 των
2136 2587 2455 2650 ἀνάστασιν,
2492 2587 2822 2658 ἀφθαρσίαν,
2845 2587 2944 2658 τὴν
2974 2587 3056 2650 εἰς
3077 2584 3216 2655 ἀέρα
3246 2582 3572 2651 ἀπάντησιν,

1997 2677 2094 2749 τὴν
2116 2679 2173 2731 ἐν
2193 2679 2446 2748 νεφέλαις
2473 2680 2759 2751 ἁρπαγήν·
2787 2677 2958 2733 ταῦτα
2986 2678 3073 2730 διὰ
3095 2677 3202 2730 τῶν
3232 2673 3575 2745 πραγμάτων

1999 2771 2188 2836 ἔδειξε.
2223 2771 2349 2835 Πῶς
2386 2771 2483 2826 καὶ
2529 2771 2635 2826 τίνι
2681 2771 2902 2843 τρόπῳ;
2950 2767 3266 2823 ’Δποθανὼν
3336 2766 3572 2833 ἀνέστη⁶

1997 2864 2076 2918 διὸ
2104 2867 2198 2918 καὶ
2231 2867 2640 2936 τεσσαράκοντα
2664 2864 2874 2935 ἡμέρας
2901 2863 3085 2925 αὐτοῖς
3115 2860 3302 2930 συνῆν,
3342 2859 3428 2912 ἵνα
3475 2857 3577 2910 αύ-

1997 2958 2124 3020 τοὺς
2153 2957 2258 3028 πλη
2266 2958 2544 3028 ροφορήσῃ
2568 2957 2662 3009 καὶ
2693 2955 2838 3026 δείξῃ
2858 2955 3018 3026 ἡλίκα
3043 2952 3202 3024 ἡμῶν
3219 2948 3358 3006 εἶναι
3395 2949 3576 3020 μέλλει

1996 3050 2067 3102 τὰ
2090 3047 2317 3120 σώματα
2351 3050 2487 3120 μετὰ
2506 3049 2604 3120 τὴν
2632 3047 2948 3102 ἀνάστασιν.
2973 3045 3141 3100 Πάλιν
3167 3044 3342 3112 λέγων
3366 3041 3454 3095 διὰ
3483 3037 3577 3093 τοῦ

1999 3144 2233 3212 Παύλου,
2261 3145 2341 3197 ὅτι
2374 3143 2476 3198 Ἐν
2495 3141 2775 3212 νεφέλαις
2803 3137 3270 3208 ἁρπαγησόμεθα
3284 3134 3370 3198 είς
3386 3129 3576 3185 ἀπάν-

1998 3252 2180 3304 τησιν
2221 3234 2406 3289 αὐτοῦ
2439 3236 2527 3300 εὶς
2574 3232 2740 3301 ἀέρα,
2769 3229 2885 3292 ,καὶ
2925 3227 3086 3281 τοῦτο
3124 3222 3325 3288 ἔδειξεν
3371 3221 3573 3292 ἔργοις.

1999 3328 2157 3384 Μετά
2191 3328 2300 3398 γάρ
2321 3329 2422 3397 τὴν
2454 3325 2768 3386 ἀνάστασιν,
2803 3321 2966 3392 ἡνίκα
3000 3317 3223 3390 ἔμελλεν
3253 3313 3459 3368 ἀνιέναι
3498 3313 3578 3373 είς

1999 3421 2285 3492 οὐρανοὺς,
2328 3419 2610 3490 παρόντων
2689 3415 2869 3468 αὐτῶν
2936 3409 3222 3479 Ἐπήρθη,
3269 3407 3421 3476 φησὶ,
3479 3403 3578 3456 καὶ

1999 3511 2228 3582 νεφέλη
2261 3511 2565 3566 ὑπέλαϐεν
2592 3507 2779 3562 αὐτὸν
2807 3505 2926 3560 ἀπὸ
2955 3501 3074 3557 τῶν
3111 3495 3436 3571 ὀφθαλμῶν
3474 3495 3580 3548 αὺ-

2002 3607 2151 3660 τῶν·
2188 3606 2283 3658 καλ⁵
2315 3603 2391 3667 ὡς
2419 3602 2757 3665 ἀτενίζοντες
2783 3595 2948 3670 ἦσαν,
2996 3593 3360 3667 πορευομένου
3389 3586 3576 3643 αὑτοῦ.

2001 3698 2189 3761 Οὕτως
2228 3691 2318 3749 οὖν
2352 3695 2445 3749 καὶ
2490 3694 2551 3747 16
2587 3691 2854 3764 ἡμέτερον
2907 3689 3067 3759 σῶμα
3113 3685 3396 3760 ὁμοούσιον
3428 3681 3580 3733 ἔσται

1999 3788 2196 3858 ἐκείνῳ
2224 3785 2302 3856 τῷ
2332 3785 2565 3856 σώματι,
2591 3784 2684 3836 άτε
2718 3783 2782 3834 ἐκ
2811 3779 2904 3834 τοῦ
2926 3777 3244 3849 φυράματος
3269 3773 3356 3827 ὅνο
3390 3771 3580 3840 ὥσπερ

2001 3881 2109 3954 γάρ
2139 3883 2172 3951 ἡ
2205 3879 2439 3950 κεφαλὴ,
2476 3877 2618 3931 οὕτω
2671 3877 2764 3929 καὶ
2806 3873 2867 3926 16
2903 3872 3090 3943 σῶμα·
3122 3869 3311 3940 ὥσπερ
3345 3868 3378 3937 ὴ
3412 3863 3578 3934 ἀρχὴ.

1999 3973 2141 4028 οὕτω
2176 3973 2270 4026 καὶ
2302 3971 2362 4025 τὺ
2392 3970 2566 4034 τέλος.
2597 3970 2710 4023 Καὶ
2734 3966 2891 4021 τοῦτο
2945 3963 3278 4032 σαφέστερον
3315 3962 3342 4012 ὁ
3373 3956 3580 4018 Παῦλος

1999 4067 2174 4136 δηλῶν
2203 4065 2387 4133 ἔλεγεν
2408 4083 2421 4094 -
2464 4065 2568 4126 Ὃς
2595 4057 3106 4130 μετασχηματίσει
3151 4053 3215 4106 τὸ
3269 4049 3440 4119 σῶμα
3473 4045 3582 4114 τῆς

2000 4152 2405 4216 ταπεινώσεως
2425 4150 2616 4219 ἡμῶν,
2641 4151 2727 4213 εις
2749 4147 2813 4200 τό
2837 4143 3114 4215 γενέσθαι
3137 4138 3282 4194 αὐτὸ
3311 4139 3578 4206 σύμμορο

2000 4258 2120 4311 φον
2146 4239 2226 4305 τῷ
2257 4239 2484 4308 σώματι
2519 4236 2629 4305 τῆς
2656 4235 2840 4301 δόξης
2868 4231 3074 4286 αὑτοῦ.
3111 4229 3175 4282 El
3227 4226 3406 4280 τοίνυν
3450 4223 3583 4311 σύμέ

2006 4310 2213 4400 μορφον
2267 4328 2498 4396 γίνεται,
2534 4325 2628 4378 καὶ
2675 4324 2774 4393 τὴν
2813 4321 2983 4392 αὐτὴν
3006 4318 3125 4371 δδδν
3168 4315 3452 4386 βαδιεῖται,
3486 4310 3582 4364 καὶ

2001 4415 2204 4486 ὁμοίως
2241 4414 2333 4466 ἐπὶ
2363 4412 2601 4481 νεφελῶν
2628 4410 2947 4482 ἀρθήσεται.
2967 4405 3154 4459 Ταῦτα
3185 4403 3456 4486 προσδόκα
3490 4401 3583 4452 καὶ

2002 4484 2165 4564 αύτὺς
2215 4502 2274 4554 ἐν
2311 4503 2376 4572 τῇ
2422 4499 2739 4553 ἀναστάσει.
2778 4495 2996 4564 Ἐπειδὴ
3023 4494 3132 4564 γάρ
3160 4491 3354 4562 ἄδηλον
3382 4484 3451 4558 ἦν
3471 4489 3584 4548 τοῖς

2003 4589 2266 4646 ἀκούουσι
2294 4589 2428 4650 τέως
2460 4587 2521 4640 16
2565 4587 2715 4656 ῥῆμα
2765 4585 2863 4655 τῆς
2918 4581 3218 4653 βασιλείας,
3273 4577 3362 4631 διὰ
3420 4573 3583 4628 τοῦτο

2003 4675 2242 4732 ἀνελθὼν
2273 4675 2421 4745 ἐντῷ
2441 4677 2558 4746 ὄρει
2586 4670 2983 4745 μετεμορφώθη
3009 4665 3318 4739 ἔμπροσθεν
3344 4662 3453 4715 τῶν
3479 4678 3584 4731 μα-

2004 4763 2182 4836 θητῶν
2207 4760 2394 4826 αύτοῢ,
2409 4761 2756 4833 παρανοίγων
2773 4760 2955 4820 αὐτοῖς
2975 4755 3086 4809 τῶν
3107 4753 3405 4825 μελλόντων
3430 4747 3582 4820 [⁵545]

2002 4854 2104 4923 τὴν
2127 4850 2306 4916 δόξαν,
2342 4851 2438 4904 καὶ
2467 4849 2544 4912 ὡς
2591 4849 2649 4900 ἐν
2694 4847 2980 4925 αἰνίγματι
3019 4844 3114 4897 καὶ
3156 4839 3414 4912 ἀμυδρῶς
3463 4839 3584 4925 ἐπι-

2002 4940 2218 5002 δεικνὺς
2249 4935 2359 4992 οἷον
2377 4937 2528 4990 ἔσται
2555 4936 2616 4988 16
2651 4935 2810 5005 σῶμα
2840 4935 2900 4986 τὺ
2929 4931 3217 5003 ἡμέτερον.
3271 4926 3432 4980 Ἀλλά
3461 4924 3585 4978 τότε

2009 5029 2106 5100 μὲν
2131 5025 2270 5098 μετὰ
2300 5025 2528 5096 ἱματίων
2556 5023 2751 5092 ἐφάνη,
2779 5024 2836 5074 ἐν
2868 5021 2926 5073 δὲ
2954 5022 3020 5090 τῇ
3053 5017 3343 5071 ἀναστάσει
3373 5015 3471 5085 οὐχ
3495 5011 3586 5066 ού-

2004 5135 2133 5180 τως.
2160 5116 2234 5170 Οὐ
2287 5115 2396 5185 γὰρ
2445 5113 2616 5166 δεῖται
2671 5111 2731 5164 16
2765 5109 2929 5180 σῶμα
2980 5107 3135 5179 ἡμῶν
3181 5105 3430 5176 ἱματίων,
3463 5102 3585 5155 οὐδὲ

2008 5208 2228 5275 στέγης,
2263 5205 2382 5258 οὐδὲ
2412 5203 2634 5276 ὀρόφου,
2682 5201 2802 5254 οὐδὲ
2830 5199 2990 5253 ἄλλου
3019 5197 3128 5250 τῶν
3153 5194 3411 5250 τοιούτων
3438 5193 3587 5247 οὐδε-

2006 5295 2114 5358 νός.
2146 5295 2209 5347 Εἰ
2242 5293 2350 5363 γὰρ
2380 5295 2409 5346 6
2451 5292 2621 5362 ’Δδάμ
2644 5290 2748 5361 πρὸ
2776 5290 2875 5355 τῆς
2902 5286 3268 5356 παραϐάσεως
3290 5284 3494 5354 γυμνὸς
3510 5282 3586 5335 ὢν

2005 5385 2107 5437 οὐκ
2135 5383 2418 5455 ᾐσχύνετο,
2449 5382 2576 5454 δόξῃ
2631 5379 3023 5451 ἠμφιεσμένος,
3076 5374 3256 5445 πολλῷ
3293 5374 3489 5444 μᾶλλον
3518 5372 3588 5425 τά

2011 5471 2239 5542 σώματα
2267 5471 2336 5524 τὰ
2363 5469 2628 5541 ἡμέτερα,
2655 5471 2756 5521 ὅσα
2785 5466 2876 5518 ἐπὶ
2908 5465 3127 5535 μείζονα
3157 5463 3248 5516 καὶ
3271 5462 3479 5531 ἀμείνω
3493 5457 3586 5528 λῆ-

2011 5559 2092 5624 ξιν
2150 5558 2436 5628 βαδιεῖται,
2472 5557 2688 5620 οὐδενὸς
2739 5555 2946 5609 τούτων
2996 5551 3341 5623 δεηθήσεται.
3388 5547 3487 5600 Διά
3517 5545 3581 5614 δὴ

2008 5646 2170 5700 τοῦτο
2198 5646 2294 5700 καὶ
2320 5647 2483 5708 αὐτὸς
2513 5645 2889 5713 ἀνιστάμενος,
2924 5641 2990 5695 τά
3018 5640 3206 5711 ἱμάτια
3252 5637 3344 5690 ἐπὶ
3367 5634 3460 5687 τοῦ
3485 5634 3585 5687 τά·

2015 5754 2114 5807 φου
2139 5735 2232 5790 καὶ
2269 5733 2370 5805 τῆς
2397 5734 2556 5807 σοροῦ
2581 5733 2792 5789 κεῖσθαι
2820 5733 2988 5798 εἴασε,
3030 5728 3235 5801 γυμνὸν
3274 5725 3586 5795 ἀναστήσας
