4020 6370
298 324 404 383 335

298 455 486 506 borum
533 444 862 516 indigebunt.
908 443 1019 498 Ilac
1066 443 1315 497 nimirum
1357 443 1425 498 de
1471 458 1627 497 caus:
1655 458 1777 498 cum
1823 452 1878 499 et

310 545 422 609 ipse
461 544 783 608 resurgeret,
816 545 991 590 vestes
1020 534 1073 588 in
1100 534 1342 605 sepulcro
1370 544 1423 589 et
1450 535 1627 592 loculo
1663 550 1881 591 manere

299 632 562 703 permisit,
592 629 897 698 nudumque
918 643 1114 698 corpus
1142 628 1435 695 suscitavit,
1467 628 1740 684 immensa:
1763 629 1875 700 glo-

299 728 392 780 rize
421 734 475 778 et
500 720 840 777 beatitudinis
864 720 1100 789 plenum.
1129 719 1252 774 Hazc
1278 720 1435 789 igitur
1460 721 1616 774 nobis
1632 736 1750 774 cum
1774 736 1878 774 ex-

299 819 501 887 plorata
533 816 658 879 sint,
706 812 1060 875 dilectissimi,
1105 821 1156 866 et
1197 812 1374 866 verbis
1425 811 1646 875 eruditi,
1687 822 1741 867 et
1785 829 1880 881 per

295 911 479 966 oculos
500 908 695 973 edocti,
729 906 889 961 talem
920 906 1378 960 conversationem
1412 905 1760 961 exhibeamus
1779 947 1794 971 ,
1825 914 1882 958 ut

1261 328 1573 387 PECCA'I'A
1618 327 1946 390 FRATREM
1984 332 2118 389 NON
2157 332 2593 392 EVllLGANDA.

3458 338 3571 397 εζη-

1986 446 2039 500 in
2069 445 2295 502 nubibus
2326 447 2485 517 rapti,
2512 462 2723 517 semper
2745 461 2865 502 cum
2898 447 2987 502 illo
3016 462 3311 517 versemur,
3341 448 3563 522 ejusque

1984 540 2148 607 gratia
2178 538 2307 595 salvi
2339 537 2459 594 facti
2482 581 2495 604 ,
2532 538 2721 595 futuris
2743 538 2898 595 bonis
2926 538 3261 609 perfruamur
3285 559 3296 594 :
3321 557 3439 611 qua:
3468 558 3566 595 no-

1984 629 2065 683 bis
2084 630 2331 685 omnibus
2360 631 2567 697 assequi
2591 631 2863 701 contingat
2886 632 2938 685 in
2959 631 3173 686 Christo
3198 632 3323 688 Jesu
3344 633 3567 688 Domino

1984 730 2189 786 nostro,
2225 737 2345 775 cum
2376 736 2482 790 quo
2512 722 2678 787 Patri,
2711 737 2816 776 una
2856 736 2978 777 cum
3005 722 3205 792 Spiritu
3239 733 3427 778 sancto
3451 725 3566 795 glo-

1984 813 2083 879 ria,
2113 813 2412 883 imperium,
2440 812 2631 876 honor,
2664 812 2925 880 adoratio,
2957 829 3099 869 nunc
3125 822 3180 869 et
3200 828 3417 885 semper
3439 826 3491 870 et
3516 818 3566 870 in

1985 904 2175 959 sarcula
2204 904 2541 957 saeculorum.
2574 903 2767 957 Amen.
3230 890 3231 893 “

1056 1660 1063 1665 -
1119 1621 1216 1682 ΕΤ
1256 1621 1336 1683 ΙΝ
1378 1620 1847 1694 SEQUENTEM-
1874 1621 1971 1681 DE
2012 1618 2167 1681 NON
2207 1615 2725 1680 DESPERANDO.

300 1873 481 1946 priore
509 1872 575 1927 de
596 1871 1015 1942 compunctiono
1035 1869 1199 1926 verba
1232 1867 1465 1925 iecisse?
1500 1870 1571 1925 At
1609 1883 1716 1923 non
1755 1867 1888 1923 dicit
1920 1868 2010 1923 ille
2040 1883 2098 1924 se
2123 1868 2176 1922 in
2210 1869 2394 1940 priore
2421 1868 2897 1943 compunctionem
2936 1867 3257 1922 nominatim
3295 1882 3507 1923 comme

305 2021 580 2072 morasse;
612 2005 706 2061 sed
735 2004 861 2060 talia
885 2003 1031 2059 fatur
1060 2023 1074 2058 :
1102 2003 1531 2074 Compunctionis
1572 2018 1863 2058 sermonem
1902 2019 2224 2072 sparseram,
2271 2013 2322 2059 et
2359 2007 2700 2075 confessionis
2741 2007 2963 2078 gemitus
3004 2007 3335 2077 germinavit.
3397 2009 3536 2074 Quid

302 2166 466 2219 porro
493 2149 640 2205 aliud
670 2158 799 2205 sunt
827 2152 963 2215 haec,
990 2147 1211 2204 Contere
1242 2149 1474 2211 animum
1504 2156 1677 2213 tuum,
1708 2155 1931 2200 mentem
1962 2147 2187 2201 humilia
2222 2156 2430 2201 tuorum
2465 2149 2825 2203 recordatione
2858 2151 3194 2214 deﬂetorum,
3231 2157 3396 2219 atque
3423 2148 3528 2202 alia

300 2288 471 2344 multa
500 2288 628 2344 hinc
654 2299 709 2346 et
734 2290 859 2346 inde
885 2305 1093 2361 sparsa,
1127 2307 1295 2360 quam
1326 2288 1767 2360 compunctionis
1795 2306 1974 2345 sermo
1998 2290 2021 2343 ?
2046 2287 2225 2359 [Eque
2256 2288 2415 2345 facile
2442 2297 2528 2346 est
2564 2289 2728 2346 alium
2758 2288 3002 2360 ejusdem
3041 2290 3272 2347 evellere
3308 2307 3542 2361 scrupu-

302 2433 438 2500 lum,
470 2433 563 2503 qui
590 2431 904 2503 hujusmodi
927 2439 1011 2486 est
1034 2450 1046 2485 :
1072 2430 1128 2484 ln
1151 2430 1451 2501 posteriore
1479 2429 1721 2494 homilia,
1754 2445 1906 2483 num.
1940 2429 1993 2495 5,
2022 2428 2099 2483 ait
2123 2429 2541 2500 Chrysostomus
2569 2444 2583 2481 :
2637 2425 2739 2481 Sed
2772 2443 2931 2497 quam
2971 2426 3178 2481 tandem
3210 2427 3271 2480 ob
3319 2444 3535 2481 causam

298 2573 640 2642 publicanum
679 2581 789 2626 tam
815 2572 917 2624 cito
950 2568 1222 2623 exaudivit
1255 2568 1419 2631 Deus,
1446 2567 1604 2622 Isaac
1629 2578 1805 2623 autem
1837 2569 2021 2639 viginti
2052 2583 2218 2621 annos
2243 2582 2396 2620 orare
2429 2567 2689 2635 permisit,
2726 2581 2789 2619 ac
2824 2574 2936 2618 tum
2964 2564 3174 2619 demum
3201 2564 3340 2632 justi
3370 2567 3537 2633 preci-

297 2711 390 2765 bus
431 2711 664 2766 annuit?
693 2709 826 2765 Sunt
852 2710 992 2764 enim
1025 2709 1166 2765 vobis
1205 2708 1458 2763 hesterna:
1478 2707 1732 2761 doctrina:
1766 2707 2000 2777 reliquid:
2032 2705 2400 2775 persolvendw.
2430 2702 2529 2758 Hic
2567 2704 2794 2757 innuere
2834 2702 3047 2758 videtur
3075 2703 3496 2772 Chrysostomus
3518 2743 3531 2766 ,

300 2848 482 2918 inquit
502 2846 907 2911 Tillemontius,
932 2863 989 2902 se
1010 2847 1065 2902 in
1097 2846 1267 2917 priori
1288 2846 1553 2902 concione
1579 2847 1645 2901 de
1671 2846 1961 2917 publicano
1991 2845 2152 2901 simul
2174 2852 2229 2900 et
2260 2844 2327 2899 de
2350 2845 2538 2901 lsaaco
2562 2860 2871 2901 sermonem
2901 2845 3177 2911 habuisse,
3204 2861 3326 2901 cum
3355 2854 3498 2900 tame
3522 2864 3533 2898 ι

295 2983 515 3039 nonnisi
544 2981 612 3038 de
644 2956 830 3039 isaaco
853 2981 1018 3037 verba
1045 2980 1229 3046 faciat,
1262 2979 1440 3050 deque
1478 2979 1730 3050 precibus
1769 2979 1837 3034 ab
1871 2979 1963 3035 illo
2008 2994 2105 3050 per
2142 2995 2316 3034 annos
2355 2978 2543 3050 viginti
2574 2979 2642 3034 ad
2674 2948 3072 3049 impetrandam
3109 2996 3139 3034 a
3187 2978 3296 3035 Deo
3327 2977 3534 3049 prolem

292 3125 532 3183 emissis.
569 3124 641 3179 At
672 3124 806 3179 nihil
845 3133 930 3179 est
955 3122 1009 3176 in
1036 3131 1312 3191 postremo
1341 3119 1519 3175 allatis
1548 3118 1751 3184 verbis,
1779 3117 1833 3172 ni
1859 3117 2036 3182 l'allor,
2065 3117 2207 3187 quod
2235 3116 2302 3172 de
2335 3116 2624 3187 publicano
2653 3102 2909 3171 habitam
2942 3119 2996 3172 in
3044 3119 3213 3190 priori
3272 3124 3539 3179 concione

294 3267 632 3326 mentionem
649 3265 821 3321 fuisse
846 3264 1091 3320 suadeat.
1126 3260 1252 3317 Haec
1274 3260 1476 3331 quippe
1507 3259 1694 3324 verba,
1725 3257 1861 3313 Sunt
1893 3256 2032 3310 enim
2059 3256 2203 3310 vobis
2232 3256 2487 3311 hesterna:
2519 3257 2776 3311 άοειηηω
2810 3257 3048 3327 reliquid!
3074 3259 3445 3327 persolvendw,
3468 3264 3536 3317 ad

289 3423 355 3463 ea
378 3422 506 3478 qua:
532 3406 606 3461 ad
632 3404 879 3461 lsaacum
917 3411 1184 3474 spectant,
1213 3414 1443 3471 quaeque
1468 3400 1580 3455 hac
1606 3405 1881 3470 postrema
1906 3408 2237 3469 praaceaunt,
2274 3411 2383 3451 non
2417 3411 2545 3452 vero
2577 3411 2642 3452 aa
2696 3398 2789 3452 illa
2825 3399 2978 3469 prius
3024 3402 3201 3471 posita
3257 3403 3325 3458 de
3357 3405 3538 3474 publi-

287 3564 452 3614 cano,
486 3555 614 3603 sunt
636 3542 939 3602 referenda.
972 3540 1036 3599 lli
1068 3556 1199 3611 ergo
1223 3538 1464 3611 scrupuli
1498 3536 1633 3592 nulli
1666 3546 1815 3601 sunt,
1857 3550 2030 3606 neque
2060 3536 2226 3591 etiam
2259 3535 2394 3591 tanti
2426 3549 2549 3591 esse
2581 3551 2615 3593 a
2643 3534 2988 3591 Tillemontio
3021 3538 3424 3607 existimantur,
3461 3553 3520 3597 ut

292 3690 447 3748 illum
472 3704 505 3744 ει
527 3685 801 3744 sententia
828 3684 1158 3741 dimoveant.
1183 3680 1424 3751 Utraque
1457 3666 1623 3750 igitur
1655 3677 1876 3733 homilia
1913 3677 1980 3732 de
2018 3676 2423 3747 perseverantia
2467 3676 2524 3731 in
2571 3676 2882 3734 emittendis
2916 3679 3167 3748 precibus
3207 3683 3351 3752 agit,
3385 3694 3439 3738 et
3478 3687 3531 3737 in

292 3842 524 3900 utraque
548 3829 797 3900 pluribus
824 3828 1051 3883 docetur
1077 3843 1186 3883 non
1215 3842 1337 3883 esse
1363 3823 1694 3897 precandum
1729 3831 1923 3878 contra
1954 3821 2225 3877 inimicos.
2255 3816 2313 3875 In
2354 3827 2551 3877 neutra
2584 3835 2713 3876 vero
2750 3821 2989 3892 aliquam
3034 3823 3295 3894 temporis
3346 3832 3527 3878 notam

288 3972 566 4043 cxpiscari
594 3984 908 4042 possumus.

368 4111 745 4181 lnterpretatio
769 4112 1054 4183 utriusque
1085 4111 1277 4167 Latina
1314 4119 1397 4167 est
1419 4108 1710 4165 Frontonis
1737 4103 1940 4161 Ducaci.

1076 4879 1358 4965 QUOD
1406 4879 1618 4954 NON
1654 4881 2229 4956 OPORTEAT
2274 4888 2759 4961 PECCATA

1074 5058 1379 5103 FRATRUM
1424 5060 1779 5117 EVULGARE,
1824 5061 2035 5114 NEQUE
2080 5062 2344 5106 INIMICIS
2390 5062 2758 5106 IMPRECAK'I.

1509 5221 1816 5235 —

1830 5205 1976 5260 OED

1986 5228 2322 5241 *—

344 5345 394 5399 l.
438 5343 706 5414 Scriptura
743 5360 1015 5415 numquam
1041 5359 1184 5397 suam
1206 5343 1479 5413 beneﬁcam
1508 5346 1608 5398 vim
1633 5346 1852 5412 amittit;

269 5438 576 5507 pauperibus
618 5438 789 5490 utilior
832 5446 905 5491 est
947 5452 1101 5505 quam
1127 5436 1381 5489 divitibus.
1425 5467 1497 5476 ——
1523 5437 1707 5492 Laudo
1734 5452 1847 5502 vos,

265 5530 630 5597 dilectissimi,
672 5528 815 5599 quod
853 5538 1000 5583 tanto
1037 5528 1217 5582 studio
1245 5527 1312 5583 ad
1335 5538 1614 5598 paternam
1639 5529 1855 5583 domum

266 5622 622 5675 concurratis.
656 5619 787 5674 Nam
813 5636 877 5674 ex
914 5619 1017 5675 hoc
1042 5618 1220 5674 studio
1244 5620 1311 5674 de
1352 5628 1528 5675 vestra
1564 5620 1855 5677 secundum

265 5715 501 5767 animam
533 5715 760 5768 sanitate
804 5712 1106 5767 conlidcndi
1140 5712 1265 5766 mihi
1297 5713 1563 5781 praebetur
1595 5714 1807 5769 occasio
1837 5733 1853 5769 :

263 5805 529 5875 siquidem
559 5805 815 5862 mirabilis
838 5804 1080 5881 quaedam
1105 5813 1186 5861 est
1224 5802 1435 5859 oﬂlcina
1460 5806 1648 5861 medici
1669 5806 1852 5864 Eccle-

1965 5349 2059 5403 sia:
2106 5348 2289 5402 schola
2339 5366 2351 5401 :
2387 5348 2577 5403 medici
2612 5364 2716 5402 non
2764 5361 3071 5416 corporum,
3109 5350 3201 5405 sed
3228 5353 3543 5410 animorum.

1963 5441 2265 5509 Spiritual’is
2310 5456 2540 5509 namque
2579 5449 2680 5505 est,
2735 5455 2910 5509 neque
2956 5442 3173 5497 vulnera
3224 5445 3421 5508 carnis,
3456 5447 3548 5499 sed

1967 5538 2184 5599 peccata
2209 5531 2403 5583 mentis
2427 5539 2580 5585 sanat
2613 5548 2626 5583 :
2655 5546 2819 5600 porro
2851 5540 3191 5601 peccatorum
3220 5534 3441 5587 istorum
3488 5550 3551 5588 ac

1963 5620 2246 5674 vulnerum
2286 5620 2731 5675 medicamentum
2773 5633 2855 5677 est
2880 5622 3143 5677 doctrina.
3174 5623 3285 5678 [loc
3313 5623 3549 5677 medica-

1960 5721 2200 5768 mentum
2230 5727 2335 5765 non
2371 5727 2439 5764 ex
2480 5712 2659 5766 herbis
2700 5715 3043 5769 terrestribus
3066 5756 3080 5781 ,
3117 5714 3213 5768 scd
3265 5730 3330 5769 ex
3374 5719 3551 5770 vernis

1959 5815 2169 5863 constat
2195 5804 2495 5861 caelestibus
2520 5821 2535 5865 ς
2556 5804 2656 5860 hoc
2686 5820 2791 5860 non
2818 5805 3060 5862 manibus
3079 5804 3429 5877 medicorum,
3451 5806 3547 5862 sed
