4020 6370
465 307 576 361 535

464 417 658 489 linguis
690 411 1068 486 prophetarum
1109 417 1190 463 est
1209 406 1586 479 compositum.
1617 404 1787 474 Quam
1824 406 1894 462 ob
1917 421 2046 461 cau-

463 529 578 567 sam
607 517 920 580 perpetumn
945 513 1045 568 est,
1071 513 1123 558 et
1153 516 1327 572 neque
1343 511 1641 570 temporum
1667 501 2048 572 longinquitate

463 606 789 667 debilitatur,
822 614 994 670 neque
1024 596 1330 652 morborum
1363 595 1558 649 virtute
1587 604 1889 664 superatur.
1915 593 2045 649 Nam

465 695 792 751 medicorum
825 691 1037 756 quidem
1071 688 1457 743 medicamenta
1495 694 1721 755 utroque
1749 684 1958 740 defectu
1987 699 2050 739 ac

467 787 593 842 vitio
612 786 855 840 laborant
879 800 896 838 :
921 782 1047 837 dum
1065 779 1298 836 recentia
1319 788 1462 847 sunt,
1490 779 1596 833 vim
1616 794 1764 833 suam
1783 777 2047 848 produnt:

461 895 584 935 cum
625 892 755 932 vero
801 876 1022 930 multum
1049 874 1304 943 temporis
1333 881 1414 926 est
1442 872 1702 941 elapsum,
1731 871 1782 924 in
1829 869 2046 924 modum

461 987 747 1043 corporum
794 979 1069 1024 senectute
1107 966 1473 1022 confectorum
1526 963 1874 1020 imbecilliora
1923 963 2048 1018 red-

461 1069 704 1124 duntur:
736 1066 862 1136 quin
905 1065 1065 1118 etiam
1109 1077 1349 1134 persaepe
1393 1059 1702 1115 morborum
1732 1057 2050 1114 diflicultate

459 1163 766 1222 vincuntur,
795 1157 991 1227 quippe
1017 1171 1138 1224 qua:
1163 1154 1390 1206 humana
1416 1151 1562 1205 sint:
1591 1158 1645 1204 at
1672 1149 1912 1204 divinum
1943 1164 2050 1204 me-

459 1253 824 1307 dicamentum
874 1250 979 1303 tale
1007 1263 1111 1301 non
1143 1255 1244 1310 est,
1279 1245 1373 1301 sed
1402 1243 1570 1298 multo
1599 1252 1839 1313 tempore
1880 1244 2048 1297 inter-

459 1345 604 1414 jecto
631 1357 785 1397 suam.
810 1354 1023 1394 omnem
1045 1339 1148 1391 vim
1172 1337 1386 1391 retinet.
1431 1335 1571 1390 Sane
1595 1350 1659 1389 ex
1688 1350 1754 1389 eo
1783 1343 2046 1404 tempore,

463 1452 572 1508 quo
601 1437 730 1488 vixit
779 1432 988 1503 Moyses
1031 1430 1120 1500 (ab
1150 1429 1242 1484 illo
1285 1429 1427 1482 enim
1460 1427 1671 1482 initium
1703 1433 1785 1481 est
1810 1424 2048 1496 Scriptu-

461 1526 689 1598 rarum),
723 1535 828 1579 tam
861 1523 1057 1576 multos
1091 1522 1334 1575 homines
1358 1520 1583 1582 sanavit,
1618 1527 1672 1574 et
1697 1533 1846 1573 suam
1877 1519 2048 1571 virtu-

463 1629 570 1674 tem
603 1633 709 1673 non
759 1615 935 1669 amisit
968 1630 985 1669 ι
1013 1613 1105 1668 sed
1139 1626 1312 1682 neque
1337 1610 1405 1664 ab
1430 1610 1534 1664 ulla
1561 1624 1810 1680 umquam
1836 1609 2052 1679 (egritu-

463 1713 590 1766 dine
615 1718 918 1779 superatum
961 1714 1062 1760 est.
1091 1704 1202 1759 Hoc
1236 1703 1684 1759 medicamentum
1729 1716 1834 1756 non
1864 1716 2049 1755 nume-

463 1817 578 1860 rata
624 1802 846 1874 pecunia
892 1800 1017 1853 licet
1043 1798 1309 1866 accipere,
1343 1796 1434 1851 sed
1457 1797 1544 1866 qui
1571 1795 1834 1850 sinceram
1862 1794 2049 1848 volun-

465 1906 625 1951 tatem
657 1902 711 1950 et
731 1891 974 1947 affectum
1020 1889 1263 1954 exhibet,
1297 1896 1464 1942 totum
1494 1887 1622 1943 illud
1649 1901 1831 1941 secum
1855 1900 2048 1956 repor-

461 2001 554 2044 tat.
575 1986 776 2048 ldcireo
804 1984 994 2040 divites
1020 1980 1178 2036 simul
1208 1991 1262 2036 et
1284 1993 1553 2050 pauperes
1583 1978 1782 2048 pariter
1812 1976 1910 2031 hac
1934 1991 2050 2030 me-

461 2081 635 2134 dicina
664 2077 930 2132 fruuntur.
977 2072 1107 2127 Nam
1156 2072 1242 2125 ubi
1273 2070 1484 2140 quidem
1517 2069 1769 2138 pecunias
1812 2067 2048 2137 impendi

466 2185 688 2226 necesse
722 2178 824 2233 est,
862 2167 951 2237 qui
991 2157 1232 2233 locuples
1259 2171 1360 2226 est,
1386 2161 1630 2215 utilitatis
1657 2162 1713 2214 ﬁt
1744 2160 2046 2230 particeps:

464 2279 665 2334 pauper
691 2271 867 2315 autem
912 2273 1055 2328 saspe
1081 2256 1214 2312 lucri
1243 2271 1435 2325 expers
1470 2253 1734 2310 discedit:
1766 2268 1887 2308 cum
1920 2254 2050 2308 tanti

463 2360 665 2414 reditus
692 2357 762 2410 illi
791 2371 895 2408 non
919 2360 1223 2423 suppetant,
1249 2359 1310 2404 ut
1333 2349 1397 2402 ad
1422 2348 1878 2402 medicamentum
1915 2361 2050 2400 cou-

467 2449 748 2505 ﬁciendum
775 2445 1062 2501 sufliciant.
1092 2442 1189 2496 llic
1205 2456 1333 2495 vero
1363 2438 1613 2510 quoniam
1645 2438 1924 2508 pecuniam
1948 2451 2048 2488 nu-

465 2557 677 2600 merare
703 2557 806 2595 non
835 2537 1178 2609 permittitur,
1210 2531 1304 2587 sed
1343 2531 1476 2586 ﬁdes
1499 2539 1554 2586 et
1581 2530 1825 2584 voluntas
1851 2537 1932 2584 est
1953 2543 2047 2582 ex-

465 2634 718 2700 hibenda,
750 2633 837 2702 qui
866 2643 1154 2686 numerare
1190 2633 1368 2696 potest
1407 2625 1504 2678 ista
1537 2632 1589 2677 et
1620 2638 1742 2676 cum
1775 2622 2052 2676 alacritate

463 2726 793 2798 persolvere,
819 2722 905 2776 hie
932 2718 1266 2792 potissimum
1299 2716 1524 2787 percipit
1548 2714 1828 2768 utilitatem
1853 2729 1870 2765 z
1892 2728 2052 2782 quan-

461 2818 746 2889 doquidem
773 2815 888 2869 haec
934 2821 1059 2867 sunt
1083 2826 1202 2882 qua:
1247 2823 1348 2879 pro
1385 2806 1632 2862 mercede
1675 2805 1952 2860 medicina.-
1981 2803 2052 2857 is-

461 2914 566 2967 tius
593 2910 898 2979 exiguntur.
932 2905 998 2959 Et
1026 2903 1182 2958 dives
1206 2909 1260 2955 et
1287 2912 1488 2969 pauper
1510 2897 1708 2968 pariter
1746 2895 1885 2950 hanc
1907 2894 2053 2949 utili-

463 3012 626 3056 tatem
659 2999 975 3070 participant
1023 3011 1040 3050 :
1087 2995 1195 3049 imo
1223 3007 1350 3046 vero
1391 3004 1498 3044 non
1528 2989 1724 3058 pariter
1761 2986 2047 3041 utilitatem

461 3095 800 3167 participant,
854 3091 950 3146 sed
1001 3087 1192 3158 majori
1228 3095 1479 3158 percepta
1540 3097 1741 3152 pauper
1791 3079 2049 3136 abscedit.

461 3187 596 3258 Quid
644 3187 713 3240 ita
736 3186 757 3238 ?
784 3183 937 3251 Quod
987 3181 1239 3236 nimirum
1275 3177 1426 3232 dives
1455 3174 1616 3228 variis
1647 3179 2052 3250 praeoccupatus

465 3279 914 3337 sollicitudinibus
937 3317 952 3340 ,
986 3272 1238 3343 superbia
1268 3281 1482 3325 tumens
1507 3310 1521 3332 ,
1550 3276 1606 3323 et
1625 3267 1814 3336 opibus
1839 3264 2052 3319 inﬂatus

463 3389 525 3428 ac
555 3373 717 3438 fastu,
743 3369 964 3424 desidia:
1002 3361 1210 3421 deditus
1239 3377 1301 3420 ac
1329 3359 1687 3431 negligentiae,
1719 3371 1823 3411 nou
1865 3355 2055 3409 admo-

460 3466 587 3520 dum
610 3472 832 3523 attente,
863 3474 1032 3528 neque
1056 3470 1246 3525 magno
1267 3469 1386 3509 cum
1415 3451 1594 3506 studio
1622 3448 1944 3504 medicinam
1959 3463 2056 3501 au-

461 3557 678 3613 ditionis
708 3554 1000 3622 Scriptura:
1039 3548 1261 3618 recipiat
1299 3563 1314 3601 :
1349 3560 1550 3616 pauper
1576 3551 1753 3597 autem
1789 3557 1820 3597 a
1846 3541 2053 3599 deliciis

461 3662 517 3705 et
546 3649 799 3719 ingluvie,
826 3660 888 3700 ac
919 3642 1238 3714 negligentia
1267 3639 1540 3705 immunis,
1572 3636 1902 3706 multamque
1927 3635 2051 3690 inde

463 3743 658 3798 animae
686 3755 796 3794 sua:
825 3736 1116 3791 concilians
1143 3731 1558 3803 philosophiam,
1579 3729 1705 3783 dum
1730 3736 1900 3783 totum
1921 3737 2055 3782 tem-

465 3850 564 3906 pus
595 3835 647 3889 in
692 3845 859 3901 opere
889 3842 1141 3882 manuum
1182 3840 1247 3878 ac
1277 3823 1526 3893 legitimis
1556 3820 1832 3875 laboribus
1852 3835 2050 3874 consu-

461 3929 581 3994 mit,
612 3924 862 3985 attentior
890 3937 952 3975 ac
977 3918 1247 3974 robustior
1265 3915 1475 3979 evadat,
1506 3928 1570 3967 ac
1596 3913 1786 3983 majori
1815 3927 1938 3967 cum
1964 3911 2049 3965 di-

461 4017 674 4090 ligentia
717 4031 836 4085 qu:e
872 4014 1121 4068 dicuntur
1167 4007 1426 4079 percipiat
1455 4023 1472 4061 :
1499 4021 1606 4074 quo
1637 4006 1715 4072 ﬁt,
1759 4012 1816 4058 ut
1865 4003 2055 4072 majori

462 4112 635 4183 pretio
663 4107 954 4178 persoluto,
976 4103 1162 4173 majori
1189 4101 1440 4171 decerpta
1469 4099 1695 4153 utilitate
1717 4096 1976 4152 discedat.

534 4205 590 4256 ‘2.
636 4202 762 4256 Haec
791 4215 822 4253 a
852 4213 938 4252 me
967 4212 1072 4251 non
1114 4211 1180 4250 eo
1216 4193 1472 4248 dicuntur
1497 4189 1755 4253 consilio,
1782 4198 1840 4242 ut
1865 4187 2057 4242 divites

466 4308 833 4366 quoscumque
855 4293 1174 4360 vituperem,
1201 4301 1300 4341 nec
1329 4294 1385 4340 ut
1413 4297 1673 4354 pauperes
1695 4296 2058 4353 quoscumque

461 4389 676 4446 laudem
708 4404 721 4440 :
756 4401 878 4440 nam
914 4397 1087 4453 neque
1112 4379 1311 4436 divitia:
1342 4378 1537 4432 malum
1569 4385 1713 4437 sunt,
1743 4374 1835 4430 sed
1863 4374 2059 4428 divitiis

467 4481 611 4536 male
639 4478 716 4533 uti
748 4496 761 4531 :
795 4489 968 4545 neque
996 4480 1281 4544 paupertas
1325 4469 1524 4530 bonum
1550 4509 1566 4534 ,
1609 4466 1704 4522 sed
1749 4474 2060 4537 paupertate

462 4575 601 4629 bene
655 4569 753 4625 uti.
804 4564 1177 4636 Torquebatur
1230 4562 1381 4616 dives
1420 4561 1512 4614 ille
1545 4559 1634 4629 qui
1677 4565 1836 4612 a-tate
1874 4555 2058 4636 Lazari

467 4667 716 4728 vixerat,
772 4676 879 4716 non
909 4657 1032 4729 quia
1083 4656 1234 4712 dives
1261 4654 1474 4720 fuerat,
1515 4651 1611 4707 sed
1659 4652 1780 4721 quia
1828 4650 2059 4705 crudelis

466 4758 644 4813 fuerat
673 4763 728 4810 et
766 4751 1109 4808 inhumanus.
1142 4747 1482 4803 Laudabatur
1510 4759 1711 4815 pauper
1739 4744 1828 4798 ille
1858 4743 1911 4797 in
1941 4743 2059 4796 sinu

466 4850 698 4912 Abraba:
717 4889 733 4916 ,
780 4862 886 4901 non
916 4846 1039 4915 quia
1069 4857 1273 4914 pauper
1315 4841 1520 4906 fuerat,
1544 4839 1638 4893 sed
1679 4837 1800 4908 quia
1830 4852 2059 4907 pauper-

469 4955 634 5004 tatem
681 4957 802 4998 cum
851 4939 1140 5010 gratiarum
1169 4935 1380 4990 actione
1415 4933 1754 4988 toleraverat.
1786 4931 1891 4985 [les
1918 4930 2057 4984 enim

467 5039 585 5094 alia:
616 5034 912 5108 (attendite
957 5031 1240 5101 diligenter
1264 5028 1330 5082 ad
1357 5043 1420 5082 ea
1446 5042 1565 5096 qua:
1605 5025 1832 5080 dicimus
1861 5041 1873 5078 :
1905 5032 2059 5094 pote-

473 5139 596 5185 runt
636 5129 780 5184 enim
834 5125 1188 5180 sufﬁcientem
1218 5121 1608 5191 philOSOphiam
1640 5118 2061 5188 modestiamque

469 5223 624 5277 vobis
655 5223 892 5275 inserere
912 5261 925 5283 ,
957 5232 1020 5272 ac
1046 5217 1290 5270 vitiosam
1317 5228 1530 5269 omnem
1571 5211 1942 5282 cogitationem
1969 5227 2062 5264 ex-

471 5314 674 5385 pellere
695 5353 709 5376 ,
745 5320 904 5380 atque
941 5309 1155 5364 efﬁcere
1186 5316 1242 5360 ut
1272 5314 1476 5360 rectum
1516 5304 1584 5358 de
1620 5304 1782 5358 rebus
1804 5303 2059 5372 judicium

469 5405 694 5476 teratis)
720 5423 735 5471 ;
762 5419 850 5460 res
871 5405 1028 5475 igitur
1052 5404 1170 5458 alia:
1193 5411 1318 5457 sunt
1340 5411 1527 5456 natura
1555 5401 1731 5467 honre,
1763 5400 1879 5454 alite
1905 5399 2062 5469 plane

470 5499 792 5563 eutttrarim;
830 5495 953 5551 alia:
982 5513 1100 5566 qua:
1128 5511 1225 5550 nec
1251 5495 1408 5550 bona:
1452 5501 1577 5547 sunt
1613 5508 1712 5548 nec
1752 5493 1936 5556 malm,
1968 5491 2063 5546 sed

474 5591 707 5646 medium
737 5587 1022 5660 quemdam
1050 5588 1222 5643 locum
1242 5596 1441 5640 tenent.
1480 5586 1682 5638 Bonum
1704 5593 1786 5638 est
1812 5583 2061 5654 quiddam

479 5692 667 5738 natura
699 5699 793 5738 sua
823 5682 994 5752 pietas
1019 5722 1034 5746 ,
1078 5682 1278 5734 malum
1323 5679 1568 5747 impietas
1598 5696 1609 5730 :
1637 5677 1835 5732 bonum
1861 5679 2059 5743 virtus,

477 5773 676 5835 malum
706 5774 1018 5848 improbitas
1052 5788 1065 5827 :
1100 5786 1260 5843 porro
1304 5770 1502 5827 divitia:
1547 5785 1608 5826 ac
1639 5780 1917 5843 paupertas
1967 5785 2060 5840 per

1173 292 1230 348 S.
1269 289 1548 348 JOANNIS
1583 289 2056 348 CHRYSOSTOMI
2083 289 2398 346 ARClllEP.
2431 291 2962 351 CONSTANTINOP.

3634 304 3740 361 356

2162 421 2223 462 se
2265 422 2438 478 neque
2488 407 2588 464 hoc
2635 420 2794 475 sunt,
2848 427 3020 482 neque
3049 412 3178 470 illud
3211 432 3225 469 :
3257 414 3353 472 sed
3397 431 3496 488 pro
3536 422 3743 478 ratione

2160 501 2419 569 propositi
2466 516 2530 556 ac
2576 503 2863 557 voluntatis
2892 520 3078 561 eorum
3105 508 3195 576 qui
3224 519 3444 564 utuntur
3479 511 3586 567 illis
3608 555 3624 577 ,
3651 527 3744 568 aut

2159 592 2262 646 hoc
2300 602 2390 646 aut
2436 593 2566 673 illud
2607 593 2757 649 ﬁunt.
2789 595 2920 650 Nam
2949 598 2990 652 si
3019 598 3083 651 ad
3110 598 3493 656 humanitatem
3526 604 3742 673 quidem

2158 685 2356 740 divitiis
2380 671 2550 752 utare,
2576 687 2668 742 tibi
2693 703 2782 743 res
2806 688 2872 744 ad
2893 691 3227 746 occasionem
3252 692 3375 747 boni
3403 671 3742 752 tradticetur:

2158 777 2239 830 sin
2271 786 2448 832 autem
2476 778 2542 832 ad
2569 779 2800 848 rapinas,
2831 781 3106 835 avaritiam
3137 793 3192 838 et
3221 783 3464 853 injuriam
3485 827 3500 850 ,
3529 789 3582 840 in
3607 803 3738 841 con-

2161 872 2383 926 trarium
2428 873 2594 942 ipsius
2643 889 2797 928 usmn
2833 885 3116 930 convertes
3161 893 3177 931 :
3223 890 3586 934 verumtamen
3635 897 3742 934 nun

2159 973 2286 1016 sunt
2313 963 2366 1017 in
2392 978 2552 1018 causa
2590 965 2825 1031 divitiae,
2854 965 2948 1020 sed
2977 967 3021 1021 is
3047 968 3134 1037 qui
3165 968 3230 1022 ad
3259 969 3503 1037 injuriam
3545 971 3743 1026 divitiis

2158 1067 2241 1111 est
2281 1073 2428 1112 usus.
2484 1058 2556 1112 Ita
2599 1074 2810 1130 quoque
2847 1059 2915 1114 de
2960 1070 3270 1131 paupertate
3297 1063 3399 1116 dici
3430 1074 3602 1132 petest
3630 1080 3645 1116 :
3673 1064 3742 1116 si-

2159 1147 2376 1217 quidem
2405 1148 2548 1203 illam
2576 1150 2840 1219 patienter
2870 1151 3057 1206 tuleris
3085 1153 3309 1208 Domino
3335 1157 3532 1224 gratias
3557 1171 3746 1226 agens.

2157 1256 2247 1297 res
2273 1241 2367 1296 tibi
2391 1244 2602 1298 occasio
2622 1242 2712 1298 ﬁet
2733 1259 2796 1298 ac
2821 1246 3041 1299 materia
3070 1261 3387 1301 coronarum
3421 1266 3434 1300 :
3458 1249 3538 1302 sin
3565 1259 3747 1304 autem

2161 1333 2359 1388 idcirco
2387 1333 2730 1404 blasphemus
2760 1334 2923 1391 fueris
2951 1338 3002 1390 in
3025 1337 3350 1406 Creatorem,
3375 1341 3594 1411 ejusque
3623 1358 3750 1411 pro-

2161 1426 2455 1480 videntiam
2503 1429 2837 1482 accusaveris
2860 1470 2874 1494 ,
2906 1444 3017 1484 rem
3057 1429 3120 1484 ad
3152 1431 3349 1485 malum
3379 1448 3530 1488 usum
3559 1450 3748 1488 rursus

2158 1518 2457 1573 traduxisti.
2491 1519 2592 1575 Sed
2621 1520 3068 1590 quemadmodum
3093 1523 3198 1576 illic
3219 1525 3453 1579 avaritia:
3480 1525 3750 1584 frandisve

2157 1595 2357 1664 divitia:
2382 1626 2540 1666 causa
2573 1627 2676 1666 non
2705 1622 2867 1677 sunt,
2896 1613 2990 1667 sed
3023 1614 3067 1668 is
3091 1615 3178 1684 qui
3222 1617 3360 1671 male
3407 1616 3603 1673 divitiis
3644 1621 3750 1674 uti-

2159 1711 2247 1758 tur
2279 1721 2294 1760 :
2321 1705 2399 1759 sic
2428 1705 2587 1760 etiam
2618 1705 2960 1776 blasphemia:
2989 1709 3198 1778 culpam
3224 1725 3329 1763 non
3357 1710 3659 1779 rejiciemus
3690 1713 3751 1766 in

2158 1805 2562 1865 paupertatem,
2615 1797 2708 1851 sed
2756 1799 2807 1852 in
2851 1814 2973 1853 eum
3001 1801 3091 1868 qui
3122 1816 3237 1856 rem
3286 1801 3557 1857 moderate
3606 1803 3751 1857 ferre

2159 1889 2349 1943 noluit.
2379 1888 2590 1961 Ubique
2625 1906 2854 1960 namque
2883 1907 3004 1947 cum
3031 1892 3170 1958 laus,
3201 1904 3308 1948 tum
3333 1894 3651 1964 vituperium
3677 1913 3746 1950 ex

2157 1982 2422 2035 sententia
2461 1991 2516 2035 et
2556 1981 2832 2037 voluntate
2862 1993 3044 2038 nostra
3075 1984 3288 2053 pendet.
3320 1985 3478 2040 Bona:
3516 1997 3641 2041 sunt
3667 1988 3750 2041 di-

2156 2072 2334 2139 vitia:,
2367 2072 2460 2126 sed
2491 2088 2595 2126 non
2626 2074 2968 2144 simpliciter,
2999 2089 3187 2129 verum
3216 2075 3323 2141 illi,
3357 2078 3440 2130 cui
3469 2089 3747 2147 peceatum

2159 2178 2262 2216 non
2290 2170 2374 2218 est
2405 2181 2418 2217 :
2448 2173 2500 2218 et
2522 2169 2705 2219 rurshs
2731 2165 2869 2218 mala
2905 2175 2985 2220 est
3011 2175 3298 2236 paupertas
3317 2208 3330 2232 ,
3365 2169 3457 2222 sed
3487 2185 3590 2222 nou
3617 2171 3752 2223 sim-

2157 2256 2385 2326 pliciter,
2417 2273 2600 2313 verum
2627 2259 2678 2312 in
2705 2274 2800 2314 ore
2826 2259 2994 2328 impii,
3021 2261 3272 2330 quoniam
3293 2277 3432 2331 aegre
3458 2262 3582 2329 fert,
3609 2281 3755 2332 quo—-

2159 2349 2300 2403 niam
2332 2349 2685 2419 blasphemat,
2717 2354 2964 2422 quoniam
2991 2352 3300 2409 Creatorem
3318 2365 3551 2411 accusat.

2227 2442 2280 2496 5.
2300 2440 2410 2497 Nec
2441 2443 2629 2498 divitiw
2648 2461 2734 2497 nec
2759 2455 3030 2515 paupertas
3049 2448 3564 2518 vituperanda—Ne
3590 2450 3755 2520 igitur

2155 2535 2369 2593 divitias
2415 2552 2770 2603 accusemus,
2815 2555 2990 2609 neque
3037 2552 3402 2610 paupertatem
3433 2542 3754 2614 simpliciter

2157 2629 2522 2700 vituperemus
2541 2673 2556 2699 ,
2583 2633 2674 2687 sed
2703 2647 2796 2686 eos
2824 2633 2913 2701 qui
2943 2632 3028 2687 his
3053 2635 3216 2689 rebus
3244 2646 3388 2690 recte
3415 2636 3488 2690 uti
3515 2637 3702 2690 nolunt
3735 2657 3750 2692 :

2161 2737 2251 2778 res
2280 2725 2422 2780 enim
2454 2725 2582 2793 ipsa:
2609 2733 2733 2779 sunt
2760 2725 2813 2779 in
2844 2725 3020 2780 medio
3047 2727 3256 2796 p0sita:.
3290 2727 3393 2782 Sed
3423 2729 3563 2798 quod
3603 2729 3756 2783 dice-

2156 2819 2281 2874 bam
2323 2820 2562 2890 (bonum
2585 2820 2727 2875 enim
2756 2829 2840 2876 est
2863 2831 2923 2875 ut
2948 2821 3012 2876 ad
3047 2823 3194 2890 prius
3223 2821 3347 2876 illud
3376 2833 3751 2892 argumentum

2158 2912 2565 2983 revertamur),
2595 2921 2652 2968 et
2680 2913 2836 2968 dives
2864 2922 2917 2966 et
2946 2929 3147 2983 pauper
3173 2914 3366 2969 eadem
3396 2930 3514 2969 eum
3557 2915 3752 2970 ﬁducia

2156 3012 2212 3058 et
2240 3002 2484 3058 libertate
2511 3003 2593 3058 his
2618 3005 2818 3059 nostris
2861 3004 3268 3060 medicamentis
3317 3005 3562 3060 fruuntur
3597 3026 3608 3060 :
3641 3021 3751 3062 sa:-

2161 3109 2455 3163 penumero
2484 3096 2643 3151 etiam
2673 3097 2863 3166 majori
2891 3113 3012 3151 cum
3039 3098 3217 3153 studio
3244 3113 3461 3168 pauper.
3491 3099 3606 3154 Non
3636 3102 3754 3154 [nec

2157 3185 2670 3242 medicamentorum
2713 3189 2936 3243 istorum
2984 3189 3248 3258 praecipua
3299 3191 3415 3244 laus
3447 3201 3559 3256 est,
3606 3193 3754 3260 quod

2159 3279 2368 3333 animas
2415 3287 2647 3346 sanent,
2705 3279 2850 3351 quod
2901 3282 3156 3349 temporis
3206 3282 3588 3352 longinquitate
3643 3299 3751 3337 non

2158 3381 2575 3441 corrumpantur
2595 3413 2609 3436 ,
2654 3372 2796 3443 quod
2826 3388 2856 3427 a
2881 3373 3082 3428 morbis
3111 3390 3216 3428 non
3244 3376 3526 3430 vincantur
3549 3418 3565 3440 ,
3608 3377 3752 3446 quod

2156 3481 2342 3521 eorum
2387 3467 2587 3521 utilitas
2611 3467 2780 3537 gratis
2806 3469 3079 3538 proposita
3108 3469 3198 3534 sit,
3230 3468 3372 3538 quod
3394 3485 3458 3524 ex
3486 3485 3638 3539 :equo
3663 3470 3754 3524 di-

2160 3556 2358 3613 vitibus
2398 3567 2453 3612 et
2492 3559 2812 3630 pauperibus
2854 3566 3029 3630 pateat
3062 3559 3329 3615 medicina
3363 3559 3496 3614 :sed
3527 3568 3583 3614 et
3609 3560 3755 3615 aliud

2157 3651 2427 3722 quidpiam
2472 3652 2640 3707 nihilo
2668 3654 2845 3707 minus
2888 3653 2974 3708 his
3012 3653 3168 3709 bonis
3210 3654 3426 3710 habent.
3469 3654 3754 3723 Quodnam

2159 3741 2288 3796 illud
2317 3741 2530 3798 tandem
2569 3744 2687 3798 est?
2711 3743 2863 3812 Quod
2891 3759 2986 3799 eos
3011 3744 3104 3815 qui
3131 3744 3195 3798 ad
3226 3745 3364 3800 hanc
3393 3746 3588 3801 medici
3627 3746 3754 3800 ofﬁ-

2163 3834 2342 3888 cinam
2374 3837 2594 3888 veniunt
2631 3850 2739 3889 non
2765 3836 3120 3905 divulgamus.
3148 3836 3282 3890 Nam
3313 3837 3387 3891 illi
3417 3838 3632 3908 quidem
3661 3840 3756 3907 qui

2160 3926 2227 3979 ad
2258 3925 2507 3996 profanas
2533 3925 2862 3982 medicorum
2897 3925 3142 3981 ofﬁcinas
3167 3927 3366 3982 abeunt
3390 3969 3405 3993 ,
3432 3927 3629 3983 multos
3659 3929 3758 3983 ha-

2160 4017 2290 4073 bent
2337 4019 2614 4072 vulnerum
2659 4028 2991 4088 spectatores
3020 4035 3034 4073 :
3062 4034 3126 4073 ac
3170 4019 3273 4074 nisi
3318 4019 3469 4088 prius
3512 4021 3759 4076 medicus

2161 4113 2312 4168 ulcus
2335 4112 2582 4184 detegat,
2617 4112 3064 4167 medicamentum
3093 4129 3199 4168 non
3227 4112 3445 4168 adhibet
3470 4130 3485 4168 :
3514 4112 3602 4168 hic
3626 4129 3762 4170 vero

2163 4221 2269 4261 non
2298 4206 2367 4260 ita
2395 4207 2492 4274 ﬁt,
2539 4205 2632 4260 sed
2673 4221 2794 4260 cum
2837 4206 3148 4262 itmumeros
3176 4206 3454 4262 videamus
3482 4219 3754 4278 mgrotos,

2163 4301 2378 4354 occulte
2407 4299 2524 4353 illos
2553 4314 2822 4354 curamus.
2859 4297 3044 4367 Neque
3071 4301 3212 4354 enim
3244 4299 3296 4353 in
3327 4300 3559 4355 medium
3590 4300 3771 4353 addu-

2163 4390 2262 4443 ctis
2291 4389 2681 4459 peccatoribus,
2711 4403 2897 4442 eorum
2920 4388 3112 4443 deinde
3141 4398 3358 4458 peccata
3385 4389 3721 4460 divulgamus
3746 4409 3758 4442 :

2163 4480 2259 4534 sed
2279 4479 2548 4534 communi
2569 4479 2815 4532 omnibus
2836 4479 3075 4534 doctrina
3099 4480 3386 4549 proposita,
3413 4482 3769 4539 conscientia:

2164 4571 2517 4641 relinquimus
2542 4571 2866 4637 auditorum,
2898 4580 2957 4625 ut
2985 4571 3395 4626 convenientem
3427 4586 3524 4626 suo
3552 4574 3769 4626 vulneri

2167 4681 2230 4720 ex
2262 4666 2326 4720 iis
2346 4679 2463 4734 qua:
2488 4664 2625 4718 dicta
2654 4673 2776 4718 sunt
2801 4664 3018 4719 eliciant
3044 4664 3384 4720 medicinam.
3407 4665 3593 4720 Prodit
3616 4666 3765 4723 enim

2169 4757 2238 4812 ab
2264 4757 2493 4812 oratoris
2520 4757 2695 4826 lingua
2725 4757 2983 4812 doctrina:
3003 4772 3183 4813 sermo
3203 4759 3292 4828 qui
3313 4759 3765 4830 vituperationem

2165 4849 2279 4903 vitii
2309 4850 2568 4912 continet,
2599 4849 2808 4904 laudem
2835 4850 3068 4916 virtutis,
3099 4850 3573 4921 reprehensionem
3601 4851 3774 4908 luxu-

2166 4939 2294 5003 riae,
2340 4939 2861 4994 commendationem
2901 4941 3195 5008 castitatis,
3228 4943 3623 4996 accusationem
3671 4959 3772 4998 su-

2167 5032 2388 5102 perbia),
2416 5033 2740 5101 praeconium
2772 5033 3068 5099 modeStize,
3101 5042 3372 5104 tamquam
3392 5035 3598 5089 varium
3628 5040 3775 5093 mul-

2168 5125 2434 5196 tiplexque
2486 5125 2831 5195 pbarmacum
2859 5141 2926 5180 ex
2950 5126 3198 5181 omnibus
3237 5128 3516 5197 speciebus
3546 5144 3773 5199 compu-

2168 5219 2328 5272 situm
2359 5234 2372 5272 :
2405 5231 2567 5287 porro
2595 5217 2921 5271 conveniens
2958 5217 3058 5272 sibi
3087 5227 3140 5271 et
3162 5218 3292 5272 utile
3320 5228 3378 5273 ut
3404 5221 3653 5290 accipiat,
3691 5233 3778 5276 est

2171 5309 2590 5380 uniuscujusque
2657 5309 2984 5364 auditorum.
3054 5311 3300 5367 Procedit
3361 5313 3520 5383 igitur
3586 5326 3777 5384 aperte

2171 5415 2352 5458 sermo
2378 5441 2392 5464 ,
2437 5410 2489 5454 et
2533 5401 2792 5471 cujusque
2834 5402 3179 5458 conscientia:
3220 5402 3456 5459 insidens
3481 5446 3496 5470 ,
3541 5405 3779 5463 latenter

2169 5507 2318 5547 suam
2360 5491 2578 5547 exhibet
2620 5492 2980 5560 medicinam,
3028 5503 3084 5548 et
3116 5495 3270 5566 prius
3309 5512 3468 5566 quam
3509 5498 3780 5566 (egritudo

2170 5584 2493 5655 publicetur,
2521 5597 2665 5653 saepe
2694 5585 2925 5639 restituit
2951 5587 3257 5641 sanitatem.

2250 5677 2305 5732 4.
2348 5676 2475 5732 Heri
2499 5675 2714 5746 quidem
2754 5685 2902 5731 certe
2927 5677 3170 5732 audiistis
3191 5693 3303 5748 quo
3331 5687 3486 5748 pacto
3515 5678 3773 5732 virtutem

2176 5768 2436 5828 orationis
2487 5766 2785 5837 laudarim,
2823 5782 2931 5839 quo
2971 5779 3127 5840 pacto
3167 5782 3262 5826 eos
3306 5769 3394 5840 qui
3441 5768 3774 5848 negligentes
