4020 6370
365 243 474 299 355

367 360 634 432 ῥημάτων
669 357 779 412 τῶν
835 358 893 425 ἐξ
928 357 1158 428 οὐρανοῦ
1198 357 1477 428 σύγκειται
1499 379 1512 391 ·
1541 360 1698 414 τοῦτο
1737 363 1834 414 οὐκ
1864 361 1946 412 ία-

366 445 512 514 τρῶν
541 445 746 513 χεῖρες,
771 441 905 494 ἀλλὰ
938 442 1230 513 προφητῶν
1263 443 1670 497 κατεσκεύασαν
1689 445 1944 513 γλῶτται.

365 526 464 578 Διὰ
490 525 647 577 τοῦτο
674 524 896 594 διαρκές
923 527 1058 588 ἐστι,
1085 527 1180 578 καὶ
1199 523 1321 578 0615
1342 526 1532 596 πλήθει
1552 527 1755 596 χρόνων
1773 528 1949 596 ἀμαυ-

369 608 579 678 ροῦται,
613 607 739 660 οὐτε
779 608 1005 676 δυνάμει
1033 609 1354 676 νοσημάτων
1401 608 1705 678 ἐλέγχεται.
1741 610 1822 661 Τά
1852 609 1949 678 μὲν

365 691 475 761 γάρ
508 690 617 743 τῶν
683 689 883 760 ἰατρῶν
937 690 1200 760 φάρμακα
1233 691 1516 760 ἀμφότερα
1547 691 1716 744 ταῦτα
1747 693 1857 762 ἕχει
1881 692 1950 746 16

365 773 722 841 ἐλαττώματα
743 790 756 802 ·
784 773 951 844 νεαρά
996 773 1092 843 μὲν
1119 772 1225 842 γὰρ
1247 772 1374 826 ὄντα
1411 774 1510 842 τὴν
1559 775 1710 843 ἰσχὺν
1751 776 1950 828 ἐπιδεῖς

365 872 558 908 κνυται
577 857 675 926 τὴν
696 856 920 909 ἑαυτῶν·
949 857 1073 909 ὅταν
1096 855 1151 908 δὲ
1174 855 1360 928 χρόνος
1383 856 1627 929 παρέλθῃ
1647 857 1830 920 πολὺς,
1850 875 1949 911 κα-

365 939 543 1010 θάπερ
558 940 624 992 τὰ
639 941 985 1011 γεγηρακότα
1000 940 1107 993 τῶν
1129 941 1415 1011 σωμάτων,
1434 941 1794 1014 ἀσθενέστερα
1806 943 1952 1010 γίνε-

363 1039 477 1076 ται·
520 1023 777 1086 πολλάκις,
817 1025 874 1077 δὲ
905 1025 1043 1077 αύτά
1082 1025 1174 1078 καὶ
1213 1024 1469 1077 δυσκολία
1501 1027 1948 1096 ἀρρωστημάτων

363 1107 661 1176 διήλεγξεν·
686 1107 1002 1177 ἀνθρώπινα
1035 1109 1143 1179 γάρ
1175 1111 1310 1160 ἐστι·
1334 1109 1396 1160 16
1421 1109 1475 1162 δὲ
1498 1109 1638 1162 θεῖον
1662 1111 1950 1181 φάρμακον

363 1191 425 1242 οὺ
456 1190 716 1251 τοιοῦτον,
741 1191 875 1244 ἀλλά
894 1191 1085 1261 χρόνου
1115 1192 1496 1262 διαγενομένου
1515 1192 1727 1255 πολλοῦ,
1755 1194 1853 1263 τὴν
1867 1195 1948 1244 0E-

364 1273 519 1325 κείαν
546 1274 698 1343 ίσχύν
729 1274 842 1342 ἔχει
872 1276 1070 1326 πᾶσαν.
1120 1273 1208 1336 Ἐξ
1237 1275 1358 1326 ὅτου
1389 1274 1518 1342 γοῦν
1544 1274 1760 1342 ἐγένετο
1779 1276 1945 1328 Μωῦ-

365 1355 468 1425 σῆς
497 1355 579 1426 (ἐξ
609 1355 816 1409 ἐκείνου
849 1357 1014 1428 γὰρὴ
1044 1357 1187 1428 ἀρχὴ
1218 1356 1328 1410 τῶν
1358 1357 1397 1408 Γ
1402 1356 1630 1428 ραφῶν),
1661 1359 1948 1421 τοσούτους

363 1439 734 1508 ἐθεράπευσεν
765 1439 1104 1509 ἀνθρώπους,
1131 1440 1223 1492 καὶ
1247 1441 1345 1510 τὴν
1372 1440 1576 1493 οἰκείαν
1601 1440 1826 1508 δύναμιν
1847 1443 1947 1494 οὐκ

361 1522 639 1574 ἀπέϐαλεν
662 1540 675 1552 ·
713 1523 826 1575 ἀλλ’
857 1523 980 1576 οὐδὲ
1009 1523 1220 1592 νόσημα
1263 1523 1424 1576 αὐτοῦ
1456 1523 1798 1593 περιεγένετο
1831 1525 1946 1576 πώ-

362 1617 517 1656 ποτε.
547 1605 716 1657 Τοῦτο
740 1605 800 1657 16
830 1599 1118 1675 φάρμακόν
1137 1608 1235 1658 οὐκ
1263 1605 1408 1658 ἔστιν
1428 1607 1688 1678 ἀργύριον
1707 1608 1947 1662 καταϐα-

363 1686 523 1739 λόντα
560 1688 764 1751 λαϐεῖν,
797 1688 912 1740 ἀλλ’
947 1691 974 1740 6
1004 1689 1322 1759 προαίρεσιν
1371 1689 1464 1740 καὶ
1521 1689 1759 1742 διάθεσιν
1811 1707 1946 1760 γνη-

366 1770 489 1823 σίαν
517 1770 945 1840 ἐπιδειξάμενος,
984 1771 1128 1824 ἀπαν
1161 1771 1300 1840 ἔχων
1361 1771 1592 1840 ἀπῆλθε.
1647 1771 1745 1825 Διά
1791 1773 1947 1826 τοῦτο

363 1853 461 1905 καὶ
492 1852 738 1906 πλούσιοι
779 1855 871 1906 καὶ
919 1853 1150 1924 πένητες
1178 1853 1378 1924 ὁμοίως
1406 1855 1502 1924 τῆς
1547 1853 1786 1924 ἰατρείας
1819 1856 1946 1908 ἀπο-

363 1935 587 1988 λαύουσι
630 1936 852 2007 ταύτης.
901 1936 1070 1989 Ἔνθα
1097 1939 1193 2008 μὲν
1241 1936 1348 2009 γάρ
1380 1939 1590 2008 ἀνάγκη
1620 1938 1936 1992 καταθεῖναι

359 2020 640 2090 χρήματα,
668 2023 696 2072 6
729 2021 829 2090 μὲν
859 2019 1090 2092 εὔπορος
1118 2022 1331 2091 μετέχει
1381 2022 1478 2091 τῆς
1510 2023 1773 2090 ὡφελείας
1793 2039 1805 2051 ·
1840 2026 1867 2077 6
1888 2023 1945 2075 δὲ

361 2104 536 2172 πένης
563 2103 825 2166 πολλάκις
857 2105 1299 2175 ἀπεστερημένος
1328 2105 1420 2158 τοῦ
1449 2105 1670 2178 κέρδους
1711 2107 1946 2177 ἀπέρχε-

358 2201 469 2250 ται,
497 2186 599 2239 οὐκ
631 2187 906 2258 ἀρκούσης
944 2187 1092 2257 αὐτῴ
1130 2189 1234 2257 τῆς
1264 2187 1524 2254 προσόδου
1558 2188 1691 2257 πρὸς
1723 2190 1820 2260 τὴν
1851 2189 1944 2242 τοῦ

360 2270 657 2338 φαρμάκου
686 2271 1055 2341 κατασκευήν.
1103 2271 1362 2323 Ἐνταῦθα
1396 2270 1474 2334 δὲ,
1533 2273 1719 2342 ἐπειδὴ
1775 2273 1946 2342 ἀργύ-

360 2369 480 2424 ριον
513 2351 668 2424 [545]
701 2354 801 2404 οὐκ
827 2353 940 2405 ἐστι
967 2355 1314 2416 καταϐαλεῖν,
1357 2355 1493 2408 ἀλλά
1517 2354 1696 2408 πίστιν
1741 2358 1944 2410 ἐπιδεί-

361 2435 557 2499 ξασθαι
590 2437 670 2488 δεῖ
695 2437 787 2489 καὶ
828 2438 1166 2508 προαίρεσιν,
1199 2441 1226 2491 ὁ
1248 2439 1422 2492 ταῦτα
1449 2438 1768 2492 καταϐαλὼν
1808 2442 1946 2509 μετά

358 2520 684 2589 προθυμίας,
712 2514 862 2582 0610;
892 2521 1197 2592 καρποῦται
1253 2521 1484 2589 μάλιστα
1522 2525 1620 2592 τὴν
1648 2525 1942 2593 ὠφέλειανο

359 2603 548 2672 ἐπειδὴ
578 2604 672 2656 καὶ
705 2602 884 2656 ταῦτα
928 2605 1028 2674 τῆς
1066 2603 1308 2670 ἰατρείας
1355 2608 1502 2659 ἐστὶν
1533 2609 1560 2660 ό
1597 2608 1806 2676 μισθός.
1837 2608 1946 2658 Καὶ

357 2687 386 2738 6
413 2684 667 2748 πλούσιος
725 2687 819 2738 καὶ
860 2687 888 2738 6
925 2687 1093 2756 πένης
1143 2689 1239 2757 τῆς
1293 2687 1562 2755 ὠφελείας
1599 2688 1944 2743 κοινωνοῦσιν

357 2769 593 2838 ὁμοίως’
621 2769 822 2839 μᾶλλον
854 2769 909 2821 δέ
926 2770 1024 2839 οὐχ
1066 2771 1266 2840 ὁμοίως
1298 2773 1611 2826 κοινωνοῦσι
1654 2773 1754 2843 τῆς
1798 2772 1944 2840 ὠφε-

358 2852 528 2916 λείας,
556 2853 693 2906 ἀλλά
724 2854 985 2917 πολλάκις
1023 2853 1310 2917 πλείονοςει
1353 2857 1668 2920 ἀπολαύσας
1713 2859 1741 2910 6
1777 2856 1943 2927 πένης

398 2936 676 3007 πέρχεται.
713 2937 778 2988 Τί
802 2937 1030 3007 δήποτε;
1069 2939 1242 2991 ’Ὀτιὸ
1274 2939 1372 3009 μὲν
1422 2941 1672 3003 πλούσιος
1723 2940 1944 3002 πολλαῖς

362 3020 904 3091 προκατειλημμένος
934 3021 1232 3090 φροντίσιν,
1269 3022 1406 3092 έχων
1422 3025 1521 3094 τὴν
1551 3025 1812 3078 ἀπόνοιαν
1849 3026 1944 3077 καί

356 3103 419 3154 16
457 3103 690 3172 φύσημα
717 3104 778 3155 16
831 3104 930 3173 τῆς
984 3103 1260 3174 εὐπορίας,
1303 3105 1564 3177 ὀλιγωρίᾳ
1616 3106 1790 3170 συζῶν
1849 3109 1944 3160 καὶ

359 3186 624 3259 ῥαθυμίᾳ,
650 3188 711 3239 οὐ
753 3189 890 3257 μετὰ
926 3189 1130 3258 πολλῆς
1175 3190 1276 3259 τῆς
1305 3191 1611 3261 ἀκριϐείας,
1651 3192 1772 3244 οὐδὲ
1805 3193 1943 3262 μετά

356 3270 556 3342 πολλῆς
583 3271 684 3340 τῆς
707 3272 945 3341 σπουδῆς
973 3272 1034 3325 16
1063 3273 1352 3343 φάρμακον
1374 3277 1471 3345 τῆς
1499 3276 1812 3343 ἀκροάσεως
1836 3275 1944 3330 τῶν

356 3353 588 3424 Γραφῶν
625 3357 872 3426 δέχεται’
900 3360 928 3410 6
966 3357 1022 3409 δὲ
1058 3358 1226 3428 πένης
1271 3358 1480 3428 τρυφῆς
1520 3359 1612 3410 καὶ
1641 3358 1943 3428 ἀδηφαγίας

357 3437 452 3492 καὶ
471 3438 738 3508 ῥᾳθυμίας
761 3439 1196 3510 ἀπηλλαγμένος,
1226 3439 1439 3493 ἅπαντα
1466 3440 1557 3494 τὸν
1579 3441 1768 3511 χρόνον
1801 3444 1858 3495 ἐν
1875 3447 1940 3514 τῇ

354 3520 465 3572 τῶν
495 3522 694 3592 χειρῶν
739 3524 971 3594 ἐργασίᾳ
1003 3524 1228 3586 καὶτοῖς
1255 3523 1484 3586 δικαίοις
1514 3524 1816 3578 ἀναλίσκων
1847 3526 1944 3578 πό-

356 3620 487 3666 νοις,
509 3605 605 3656 καὶ
634 3605 832 3676 πολλὴν
852 3607 1097 3660 ἐντεῦθεν
1129 3606 1272 3677 ψυχῇ
1307 3606 1578 3675 συλλέγων
1600 3606 1940 3676 φιλοσοφίαν,

357 3688 864 3760 προσεκτικώτερός
911 3707 970 3744 τε
1016 3691 1111 3743 καὶ
1163 3691 1518 3761 εὐτονώτερος
1566 3690 1798 3758 γίνεται,
1846 3693 1942 3744 καὶ

360 3769 501 3839 μετὰ
540 3772 784 3834 πλείονος
849 3774 1118 3845 προσέσχε
1191 3772 1475 3843 ἀκριϐείας
1521 3776 1635 3836 τοῖς
1713 3773 1942 3842 λεγομέ-

358 3871 490 3917 νοις·
524 3855 645 3908 δθεν
667 3856 761 3909 καὶ
791 3857 1008 3912 πλείονα
1031 3848 1352 3912 καταϐαλῶν
1372 3857 1462 3910 τὸν
1487 3857 1700 3928 μισθὸν,
1722 3859 1941 3912 πλείονα

355 3939 453 4010 τὴν
486 3939 750 4007 ὠφέλειαν
780 3943 1210 4013 καρπωσάμενος
1233 3942 1470 3998 ἄπεισιν.

431 4034 496 4104 β’.
533 4036 608 4088 Οὐ
649 4034 756 4088 τῶν
789 4037 1158 4091 πλουτούντων
1188 4037 1373 4100 ἁπλῶς
1418 4038 1736 4109 κατηγορῶν
1767 4037 1939 4092 ταῦτα

358 4112 532 4183 εἷπον,
558 4120 678 4172 οὐδὲ
706 4121 830 4184 τοὺς
855 4121 1095 4191 πένητας
1130 4122 1316 4184 ἁπλῶς
1344 4121 1596 4174 ἐπαινῶν·
1626 4120 1750 4174 οὔτε
1771 4122 1880 4192 γάρ
1910 4123 1939 4174 6

356 4200 588 4264 πλοῦτος
611 4202 800 4266 κακὸν,
824 4203 960 4256 ἀλλὰ
980 4203 1039 4256 τὸ
1069 4205 1255 4264 κακῶς
1276 4204 1576 4275 κεχρῆσθαι
1605 4203 1680 4274 τῷ
1700 4203 1933 4274 πλούτῳ⁶

356 4283 482 4337 0615
517 4287 550 4355 ἡ
576 4286 734 4340 πενία
769 4287 951 4351 καλὸν,
975 4287 1113 4340 ἀλλὰ
1131 4288 1192 4340 16
1209 4287 1387 4350 καλῶς
1410 4287 1708 4358 κεχρῆσθαι
1743 4290 1808 4358 τῇ
1842 4305 1938 4340 πε-

356 4368 466 4440 νίᾳ.
501 4368 822 4433 Ἐκολάζετο
856 4373 884 4424 6
921 4370 1173 4433 πλούσιος
1206 4373 1409 4434 ἐκεῖνος
1437 4373 1464 4423 6
1503 4373 1595 4422 ἐπὶ
1633 4370 1727 4422 τοῦ
1757 4370 1938 4435 Λαζά-

362 4467 479 4526 ρου,
513 4452 612 4505 οὐκ
647 4453 836 4523 ἐπειδὴ
879 4453 1133 4516 πλούσιος
1163 4450 1262 4524 ἦν,
1313 4453 1427 4505 ἀλλ’
1458 4452 1646 4524 ἐπειδὴ
1676 4453 1825 4524 ὠμὸς
1867 4449 1935 4525 ἦν

357 4536 455 4588 καὶ
476 4536 862 4608 ἀπάνθρωπος.
899 4539 1179 4611 Ἐπῃνεῖτο
1204 4540 1232 4590 6
1271 4537 1439 4608 πένης
1465 4539 1668 4599 ἐκεῖνος
1689 4538 1716 4588 6
1739 4540 1794 4590 ἐν
1822 4541 1934 4600 τοῖς

358 4619 582 4682 κόλποις
611 4621 706 4672 τοῦ
757 4619 1042 4692 Ἀϐραὰμ,
1087 4621 1187 4673 οὐκ
1223 4621 1410 4691 ἐπειδὴ
1460 4620 1627 4690 πένης
1669 4617 1770 4690 ἦν,
1817 4620 1932 4674 ἀλλ’

357 4703 547 4774 ἐπειδὴ
579 4707 694 4774 μετ’
718 4705 1068 4775 εὐχαριστίας
1098 4705 1195 4776 τὴν
1223 4705 1412 4757 πενίαν
1432 4705 1652 4775 ἤνεγκε.
1681 4704 1801 4756 Τῶν
1822 4703 1932 4776 γὰρ

357 4788 702 4858 πραγμάτων
728 4789 1045 4858 (προσέχετε
1075 4789 1130 4842 δὲ
1163 4790 1302 4859 μετά
1331 4788 1614 4859 ἀκριϐείας
1645 4788 1817 4857 τούτῳ
1856 4789 1933 4861 τῷ

355 4866 499 4942 λόγῳ
519 4889 532 4902 ·
565 4873 755 4940 ἱκανὴν
785 4873 893 4942 γὰρ
929 4874 1057 4943 ὑμῖν
1096 4873 1327 4927 ἐνθεῖναι
1364 4873 1679 4942 φιλοσοφίαν
1707 4873 1932 4944 δυνήσε-

357 4972 468 5019 ται,
505 4956 600 5008 καὶ
623 4955 799 5007 πάντα
827 4955 1219 5027 διεφθαρμένον
1249 4956 1505 5026 λογισμὸν
1536 4956 1804 5021 ἐκϐαλεῖν,
1839 4954 1932 5008 καὶ

356 5039 583 5106 ποιῆσαι
608 5039 737 5108 περὶ
759 5038 866 5092 τῶν
889 5039 1056 5093 όντων
1080 5039 1243 5110 ὀρθὴν
1272 5041 1416 5111 ἔχειν
1446 5040 1543 5111 τὴν
1570 5039 1796 5111 κρίσιν),
1823 5040 1932 5092 τῶν

357 5121 538 5174 τοίνυν
579 5124 918 5193 πραγμάτων
947 5124 1016 5176 τά
1053 5125 1149 5194 μέν
1179 5127 1293 5177 ἐστι
1323 5125 1480 5190 φύσει
1504 5124 1662 5185 καλὰ,
1691 5124 1759 5175 τά
1790 5123 1847 5175 δὲ
1873 5123 1932 5175 τὸ

358 5205 630 5258 ἐναντίονο
666 5205 736 5256 16
787 5205 843 5258 δὲ
888 5205 1009 5259 0615
1059 5207 1196 5260 καλά
1223 5247 1236 5269 ,
1289 5206 1409 5260 0615
1451 5207 1625 5271 κακὰ,
1661 5206 1794 5260 ἀλλὰ
1833 5207 1932 5276 τὴν

363 5289 536 5358 μέσην
565 5288 716 5351 τάξιν
744 5289 944 5360 ἐπέχει.
980 5290 1157 5343 Καλὸν
1193 5293 1227 5360 ἡ
1262 5292 1510 5344 εὐσέϐεια
1541 5291 1721 5359 φύσει,
1764 5289 1930 5342 κακὸν

357 5373 392 5439 ἡ
429 5369 651 5423 ἀσέϐεια
674 5390 686 5401 ·
723 5372 881 5424 καλὸν
923 5376 954 5441 ἡ
989 5373 1153 5444 ἁρετὴ
1179 5413 1192 5434 ,
1234 5375 1402 5427 κακὸν
1450 5377 1482 5444 ἡ
1526 5374 1786 5444 πονηρία’
1820 5375 1848 5425 6
1875 5371 1932 5424 δὲ

363 5453 592 5518 πλοῦτος
618 5456 765 5526 καὶὴ
791 5457 949 5509 πενία
976 5456 1096 5510 καθ’
1124 5459 1290 5511 ἑαυτά
1321 5459 1417 5528 μὲν
1438 5457 1560 5511 0615
1587 5457 1742 5510 10616
1762 5459 1929 5519 ἐστιν,

427 5620 452 5686 ξ
478 5619 695 5686 ῌξεξο-ρει
716 5621 863 5686 ιερίὶυ
879 5620 1160 5686 ῃιετεὶιιριίε
1181 5621 1524 5686 Savilii,quam
1544 5625 1793 5674 conﬁrmat
1812 5623 1928 5675 Cod.

360 5679 468 5732 1&8.
497 5681 747 5734 Edebalur
764 5679 1008 5739 πλειόνωᾷ
1040 5683 1175 5734 Em-r.

1316 242 1632 300 PECCATA
1671 241 2005 299 FRATRUM
2045 242 2184 298 NON
2223 241 2657 298 EVULGANDA.

3518 223 3622 277 5Γὶίῖ

2055 354 2176 407 οὔτε
2211 356 2411 406 ἐκεῖνο·
2451 351 2600 424 παρά
2628 351 2682 404 δὲ
2708 350 2806 422 τὴν
2838 347 3155 420 προαίρεσιν
3188 346 3294 399 τῶν
3323 345 3620 418 χρωμένων

2052 448 2086 518 ἢ
2124 445 2284 498 τοῦτο
2321 447 2354 517 ἦ
2388 447 2563 498 ἐκεῖνο
2592 444 2820 512 γίνεται.
2853 442 2947 494 "Av
2981 440 3077 511 μὲν
3109 439 3217 510 γὰρ
3261 438 3396 510 πρὸς
3428 438 3621 506 φιλανκ

2055 540 2300 612 θρωπίαν
2351 540 2529 611 χρήσῃ
2573 535 2652 607 τῷ
2704 534 2953 605 πλούτῳ,
2998 533 3190 603 γέγονέ
3239 550 3320 585 σοι
3364 530 3526 584 καλοῦ
3561 530 3622 583 16

2051 634 2286 704 πρᾶγμα
2321 630 2574 691 ὑπόθεσις
2592 645 2604 657 ·
2632 629 2696 681 ἂν
2725 627 2779 680 δὲ
2809 629 2887 689 είς
2921 624 3170 696 ἁρπαγὰς
3198 623 3291 676 καὶ
3313 619 3623 684 πλεονεξίας

2053 726 2148 778 καὶ
2182 723 2360 794 ὕϐριν,
2391 721 2526 792 πρὸς
2551 721 2610 772 τὸ
2644 718 2881 772 ἐναντίον
2912 717 3144 787 ἔτρεψας
3169 714 3332 768 αὐτοῦ
3364 715 3462 784 τὴν
3488 713 3624 783 χρῆ-

2053 835 2155 877 σιν,
2183 815 2296 868 ἀλλ’
2327 815 2424 882 οὐχ
2453 815 2481 866 ὁ
2518 811 2960 873 πλοῦτοςηαίτιος,
2990 809 3104 861 ἀλλ’
3143 811 3170 861 ὁ
3201 808 3336 878 πρὸς
3364 806 3518 876 ὕϐριν
3545 805 3624 875 τῷ

2052 904 2268 976 πλούτῳ
2293 903 2652 976 χρησάμενος.
2672 900 2825 954 Οὕτω
2847 899 2939 952 καὶ
2975 898 3102 969 περὶ
3132 899 3232 969 τῆς
3263 896 3450 957 πενίας
3475 895 3623 946 ἐστιν

2049 999 2226 1051 εἰπεῖν
2248 1013 2260 1025 ·
2293 995 2358 1048 ἂν
2386 995 2484 1066 μὲν
2513 992 2622 1064 γὰρ
2652 991 2913 1060 γενναίως
2943 991 3112 1060 αὐτὴν
3148 987 3376 1060 ἐνέγκῃς
3404 987 3624 1056 εὐχαρι-

2050 1088 2192 1142 στῶν
2225 1087 2304 1158 τῷ
2341 1085 2609 1156 Δεσπότῃ,
2646 1081 2836 1152 γέγονέ
2877 1099 2961 1134 σοι
2989 1080 3267 1148 στεφάνων
3297 1080 3357 1131 τὸ
3391 1080 3623 1148 πρᾶγμα

2050 1179 2272 1251 ἀφορμὴ
2318 1179 2412 1232 καὶ
2443 1177 2731 1239 ὑπόθεσις⁶
2775 1175 2840 1229 ἂν
2875 1175 2931 1227 δὲ
2966 1173 3290 1244 βλασφημῇς
3333 1171 3420 1223 διὰ
3465 1171 3628 1223 τοῦτο

2047 1273 2138 1326 τὸν
2171 1271 2535 1342 πεποιηκότα,
2566 1270 2660 1323 καὶ
2697 1271 3010 1339 κατηγορῇς
3033 1266 3197 1320 αὐτοῦ
3222 1266 3319 1334 τῆς
3349 1265 3624 1336 προνοίας,

2048 1366 2141 1418 ἐπὶ
2179 1365 2335 1435 κακῷ
2361 1363 2522 1416 πάλιν
2556 1363 2774 1434 ἐχρήσω
2795 1361 2874 1432 τῷ
2909 1361 3214 1430 πράγματι.
3269 1358 3406 1411 Ἀλλ’
3435 1357 3626 1427 ὥσπερ

2048 1458 2164 1510 ἐκεῖ
2191 1457 2289 1526 τῆς
2317 1454 2624 1522 πλεονεξίας
2663 1455 2762 1523 οὐχ
2788 1454 2814 1506 6
2843 1451 3068 1514 πλοῦτος
3100 1449 3290 1512 αἴτιος,
3320 1449 3433 1502 ἀλλ’
3461 1450 3488 1500 6
3521 1466 3623 1501 κα-

2048 1548 2160 1612 κῶς
2189 1546 2266 1619 τῷ
2299 1546 2514 1616 πλούτῳ
2547 1545 2889 1616 χρησάμενος
2911 1560 2924 1575 ·
2959 1542 3100 1596 061w
3128 1543 3222 1595 καὶ
3259 1540 3491 1594 ἐνταῦθα
3522 1539 3623 1609 τῆς

2050 1640 2398 1711 βλασφημίας
2452 1639 2513 1690 οὐ
2559 1639 2657 1708 τὴν
2699 1637 2891 1691 πενίαν
2934 1634 3323 1706 αίτιασόμεθα,
3357 1633 3490 1686 ἀλλὰ
3531 1633 3627 1685 τὸν

2051 1731 2124 1800 μὴ
2159 1729 2485 1799 βουληθέντα
2515 1728 2809 1798 σωφρόνως
2840 1726 2900 1780 16
2933 1729 3165 1798 πρᾶγμα
3190 1727 3447 1794 ἐνεγκεῖν.
3477 1726 3622 1778 Παν-

2045 1819 2212 1890 ταχοῦ
2240 1819 2349 1890 γὰρ
2383 1819 2476 1871 καὶ
2504 1819 2532 1870 6
2558 1819 2776 1883 ἔπαινος
2798 1817 2890 1870 καὶ
2913 1820 2940 1869 6
2963 1817 3127 1886 ψόγος
3148 1817 3247 1886 τῆς
3279 1815 3502 1885 γνώμης
3522 1816 3626 1884 τῆς

2049 1911 2200 1982 [546]
2229 1911 2507 1982 ἡμετέρας
2537 1911 2628 1962 καὶ
2662 1911 2758 1980 τῆς
2792 1907 3160 1980 προαιρέσεώς
3187 1910 3354 1961 ἐστιν.
3397 1907 3625 1974 ’Λγαθὺς

2046 2003 2074 2054 6
2105 2002 2354 2065 πλοῦτος,
2389 2002 2502 2054 ἀλλ’
2542 2001 2640 2071 οὐχ
2683 2001 2887 2066 ἁπλῶς,
2920 2001 3032 2053 ἀλλ’
3065 1993 3108 2068 ᾧ
3154 2001 3227 2071 μή
3263 2001 3409 2052 ἐστιν
3444 2001 3624 2070 ἀμαρ-

3133 2093 3234 2145 Ξιλλ’
3270 2093 3367 2161 οὐχ
3415 2091 3620 2154 ἁπλῶς,

2048 2186 2164 2240 ἀλλ’
2195 2187 2252 2239 ἐν
2287 2187 2515 2256 στόματι
2539 2185 2789 2249 ἀσεϐοῦς,
2822 2184 3006 2255 ἐπειδὴ
3041 2184 3400 2256 δυσχεραίνει,
3439 2183 3622 2255 ἐπειδὴ

2048 2278 2380 2349 βλασφημεῖ,
2416 2276 2604 2349 ἐπειδὴ
2637 2278 2955 2344 ἀγανακτεῖ,
2985 2277 3171 2346 ἐπειδὴ
3209 2278 3502 2347 κατηγορεῖ
3529 2275 3621 2328 τοῦ

2048 2371 2426 2438 πεποιηκότος.

2117 2465 2185 2527 γ’.
2215 2457 2305 2529 Μὴ
2325 2459 2505 2510 τοίνυν
2525 2455 2920 2528 κατηγορῶμεν
2939 2455 3189 2517 πλούτου,
3231 2455 3362 2526 μηδὲ
3381 2456 3620 2520 κακίζω-

2049 2560 2148 2613 μεν
2180 2543 2369 2595 πενίαν
2395 2541 2603 2607 ἁπλῶς,
2632 2541 2768 2594 ἀλλά
2798 2541 2924 2604 106;
2957 2541 3056 2592 οὐκ
3095 2540 3375 2603 ἐθέλοντας
3413 2541 3622 2604 τούτοις

2045 2627 2277 2698 χρῆσθαι
2327 2626 2544 2688 καλῶς’
2591 2624 2732 2678 αὐτὰ
2763 2624 2872 2696 γὰρ
2911 2624 2979 2676 τὰ
3023 2624 3325 2694 πράγματα.
3373 2627 3430 2677 ἐν
3471 2625 3622 2695 μέσῳ

2045 2713 2239 2762 κεῖται.
2279 2709 2419 2761 Ἀλλ’
2447 2709 2584 2777 ὅπερ
2609 2708 2793 2776 ἔλεγον
2820 2716 2835 2775 (
2857 2707 3020 2758 καλὸν
3045 2708 3155 2777 γὰρ
3187 2708 3502 2760 ἐπανελθεῖν
3529 2709 3622 2762 ἐπὶ

2044 2792 2144 2863 τὴν
2178 2793 2446 2863 προτέραν
2471 2790 2784 2860 ὑπόθεσιν),
2810 2792 2893 2843 ὅτι
2922 2793 3014 2843 καὶ
3043 2790 3294 2854 πλούσιος
3328 2791 3420 2844 καὶ
3453 2793 3622 2862 πένης

2049 2876 2187 2946 μετά
2215 2876 2314 2945 τῆς
2341 2874 2509 2944 αὐτῆς
2551 2873 2733 2936 ἀδείας
2775 2873 2866 2926 καὶ
2908 2873 3214 2944 παρρησίας
3247 2873 3355 2926 τῶν
3385 2874 3620 2928 ἐνταῦθα

2047 2959 2354 3029 φαρμάκων
2402 2957 2763 3010 ἀπολαύουσι·
2801 2957 3058 3021 πολλάκις
3106 2957 3162 3009 δὲ
3203 2958 3339 3026 μετά
3378 2959 3620 3022 πλείονος

2047 3043 2286 3112 σπουδῆς
2317 3044 2345 3094 6
2374 3041 2562 3112 πένης.
2587 3040 2720 3093 Οὐδὲ
2749 3040 2856 3111 γὰρ
2888 3040 3046 3093 τοῦτο
3073 3041 3231 3110 μόνον
3259 3042 3376 3094 ἐστὶ
3397 3043 3454 3094 16
3477 3044 3621 3108 ἐξαί-

2047 3142 2201 3197 ρετον
2227 3125 2334 3179 τῶν
2353 3125 2684 3195 φαρμάκων,
2704 3126 2783 3177 ὅτι
2810 3124 2988 3194 ψυχὰς
3015 3125 3326 3196 θεραπεύει,
3348 3128 3430 3180 ὅτι
3455 3129 3619 3198 μήκει

2045 3208 2236 3279 χρόνου
2265 3208 2323 3260 οὐ
2346 3207 2735 3278 διαφθείρεται,
2761 3209 2840 3260 ὅτι
2868 3209 2972 3260 ὐπὸ
3005 3210 3303 3278 νοσήματος
3331 3211 3427 3280 οὐχ
3452 3213 3618 3281 ἡττᾶ-

2044 3309 2156 3356 ται,
2191 3293 2272 3344 δτι
2306 3292 2513 3362 δωρεὰν
2561 3292 2845 3363 πρόκειται
2894 3295 2927 3364 ἡ
2979 3293 3235 3363 ὠφέλεια,
3287 3297 3366 3348 ὃτι
3400 3295 3458 3360 ἐξ
3503 3299 3618 3350 ἴσου

2045 3377 2140 3429 καὶ
2172 3377 2446 3442 πλουσίοις
2474 3377 2567 3430 καὶ
2590 3377 2782 3448 πένησι
2809 3377 2868 3429 16
2888 3379 2986 3448 τῆς
3014 3378 3340 3450 θεραπείας*
3364 3381 3479 3434 ἀλλ’
3506 3382 3620 3451 ἔχει

2044 3478 2097 3512 τι
2136 3464 2232 3514 καὶ
2258 3461 2443 3532 ἕτερον
2472 3463 2572 3514 οὐκ
2601 3461 2820 3515 ἔλαττον
2842 3461 3045 3514 τούτων
3067 3463 3174 3516 τῶν
3201 3465 3442 3532 ἀγαθῶν.
3461 3469 3624 3521 Ποῖον

2042 3543 2107 3614 δὴ
2140 3545 2332 3609 τοῦτο;
2366 3545 2503 3608 Τοὺς
2539 3545 2866 3615 ἐρχομένους
2891 3547 2971 3608 είς
2996 3546 3057 3598 16
3103 3548 3334 3618 ἰατρεῖον
3375 3549 3531 3602 τοῦτο
3556 3551 3616 3602 οὐ

2042 3628 2439 3704 δημοσιεύομεν
2475 3631 2770 3704 ἡμεῖςηῼὶ⁸
2795 3632 2892 3704 μὲν
2930 3630 3039 3702 γὰρ
3078 3632 3158 3695 εἰς
3200 3632 3270 3686 τά
3308 3634 3518 3704 ἰατρεῖα
3550 3635 3616 3688 16

2053 3698 2253 3764 ἔξωθεν
2285 3698 2558 3762 ἀπιόντες,
2593 3698 2822 3763 πολλοὺς
2861 3698 3043 3770 ἔχουσι
3068 3703 3193 3766 τοὺς
3230 3704 3298 3757 τὰ
3327 3698 3618 3774 τραύματα

2044 3781 2415 3852 θεωροῦντας’
2448 3783 2550 3836 κᾶν
2583 3781 2659 3852 μὴ
2703 3782 3027 3855 ἀποκαλύψῃ
3065 3786 3328 3857 πρότερον
3367 3790 3396 3841 6
3437 3790 3617 3862 ἰατρὸς

2041 3865 2101 3917 16
2123 3865 2299 3928 ἕλκος,
2331 3865 2392 3918 16
2424 3866 2713 3935 φάρμακον
2752 3867 2851 3920 οὐκ
2901 3867 3205 3939 ἐπιτίθησιν
3226 3887 3238 3900 ·
3289 3871 3525 3926 ἐνταῦθα
3561 3873 3621 3928 δὲ

2042 3949 2140 4019 οὐχ
2169 3948 2362 4014 οὕτως,
2399 3949 2537 4002 ἀλλά
2569 3949 2793 4020 μυρίους
2827 3951 3061 4021 ὁρῶντες
3107 3952 3444 4022 κάμνοντας,
3487 3955 3616 4009 λανο

2041 4031 2311 4096 θανόντως
2354 4033 2654 4104 ποιούμεθα
2684 4033 2780 4104 την
2828 4034 3124 4104 θεραπείαν
3155 4037 3355 4091 αὐτῶν.
3389 4041 3462 4092 υὺ
3503 4040 3614 4112 γὰρ

2041 4117 2120 4179 είς
2157 4116 2318 4186 μέσον
2361 4118 2584 4185 ἄγοντες
2617 4117 2742 4180 τοὺς
2795 4119 3217 4188 ἡμαρτηκότας,
3262 4120 3404 4175 οὕτω
3447 4129 3620 4194 δημο-

2043 4199 2295 4268 σιεύομεν
2327 4199 2506 4252 αὐτῶν
2534 4198 2602 4252 16
2627 4201 2997 4271 ἁμαρτήματα
3023 4217 3036 4230 ο
3068 4203 3204 4255 ἀλλά
3229 4204 3411 4276 κοινὴν
3441 4207 3626 4265 ἆπασι

2040 4286 2330 4357 προθέντες
2361 4287 2460 4358 τὴν
2485 4288 2853 4352 διδασκαλίαν,
2883 4289 2960 4360 τῷ
2979 4290 3086 4342 τῶν
3108 4293 3472 4364 ἀκροωμένων
3493 4312 3617 4348 συν-

2038 4369 2200 4422 ειδότι
2234 4370 2741 4440 καταλιμπάνομεν,
2774 4370 2914 4424 ῶστε
2939 4373 3166 4427 ’ἑκαστον
3189 4376 3249 4428 16
3283 4377 3623 4448 κατάλληλον

2039 4453 2330 4522 φάρμακον
2386 4453 2465 4522 τῷ
2521 4453 2706 4524 οἰκείῳ
2739 4456 3012 4525 τραύματι
3047 4457 3112 4510 ἐκ
3151 4458 3258 4512 τῶν
3306 4459 3613 4530 λεγομένων

2036 4535 2467 4591 ἐπισπάσασθαι.
2491 4538 2710 4609 Πρόεισι
2737 4539 2835 4610 μὲν
2866 4540 2973 4611 γὰρ
3001 4541 3028 4592 6
3056 4540 3211 4609 λόγος
3237 4542 3333 4613 τῆς
3362 4544 3618 4599 διδασκας

2034 4620 2155 4682 λίας
2177 4620 2285 4674 ἀπὸ
2314 4621 2413 4692 τῆς
2443 4621 2687 4693 γλώττης
2712 4622 2804 4676 τοῦ
2827 4622 3094 4691 λέγοντος,
3114 4625 3249 4694 ἔχων
3279 4629 3616 4699 κατηγορίαν

2035 4705 2250 4770 κακίας,
2279 4704 2499 4759 ἔπαινον
2530 4705 2753 4776 ἀρετῆς,
2780 4707 2982 4778 μέμψιν
3000 4708 3307 4776 ἀσελγείας,
3337 4712 3612 4783 ἐγκώμιον

2037 4789 2426 4861 σωφροσύνης,
2478 4789 2645 4858 ψόγον
2677 4791 2971 4856 ἀπονοίας,
3015 4794 3314 4858 ἐπιεικείας
3359 4795 3610 4861 ἔπαινον,

2035 4873 2286 4944 καθάπερ
2356 4873 2600 4926 ποικίλον
2657 4873 2749 4925 καὶ
2805 4877 3143 4928 παντοδαπὸν
3173 4877 3485 4948 ⁸φάρμακον
3551 4881 3616 4950 ἐξ

2037 4957 2291 5010 ἁπάντων
2329 4956 2486 5008 εἰδῶν
2524 4956 2913 5025 συγκείμενον·
2946 4958 3006 5010 16
3046 4959 3103 5011 δὲ
3140 4960 3451 5032 πρόσφορον
3485 4964 3612 5017 ἐαυ-

2033 5041 2112 5111 τῷ
2161 5043 2255 5095 καὶ
2303 5046 2572 5112 χρήσιμον
2622 5040 2828 5104 λαϐεῖν,
2889 5043 3117 5096 ἑκάστου
3156 5043 3265 5098 τῶν
3302 5047 3614 5103 ἀκουόντων

2032 5124 2168 5176 ἐστί.
2210 5125 2428 5196 Πρόεισι
2477 5125 2574 5193 μὲν
2619 5120 2710 5176 οὖν
2761 5125 3010 5198 φανερῶς
3053 5127 3082 5178 6
3112 5126 3299 5196 λόγος,
3335 5133 3415 5194 είς
3449 5132 3504 5185 δὲ
3547 5134 3614 5186 16

2033 5208 2265 5260 ἑκάστου
2313 5208 2550 5271 συνειδὸς
2594 5208 3052 5278 ἐγκαθεζόμενος,
3111 5211 3482 5277 λανθανόντως
3513 5218 3613 5273 καὶ,

2031 5292 2130 5361 τὴν
2177 5294 2304 5360 παρ’
2351 5291 2546 5344 ἑαυτοῦ
2596 5291 2891 5362 θεραπείαν
2938 5295 3200 5365 παρέχει,
3253 5301 3347 5351 καὶ
3396 5301 3522 5370 πρὶν
3569 5301 3605 5371 ἢ

2031 5375 2454 5448 δημοσιευθῆναι
2522 5377 2584 5430 τὸ
2636 5377 2884 5449 νόσημα,
2937 5379 3036 5449 τὴν
3085 5380 3292 5448 ὑγίειαν
3345 5383 3608 5448 πολλάκις

2031 5459 2330 5530 ἐπήγαγεν.

2100 5544 2164 5596 δ’.
2207 5543 2505 5598 Ἠκούσατε
2521 5543 2651 5610 γοῦν
2669 5543 2813 5614 χθὲς,
2833 5544 2946 5609 πῶς
2965 5546 3202 5618 ἐπῄνεσα
3217 5549 3312 5618 τῆς
3327 5548 3492 5618 εὐχῆς
3503 5549 3608 5620 τὴπι

2029 5626 2277 5698 δύναμιν,
2318 5629 2434 5693 πῶς
2466 5629 2697 5682 ἐκάκισα
2733 5628 2860 5692 10");
2902 5629 3041 5699 μετά
3072 5630 3342 5703 ῥᾳθυμίας
3373 5630 3606 5708 εὐχομέη⁵
