4020 6370
391 257 495 312 557

386 397 531 442 νους,
561 375 752 430 οὐδένα
794 373 972 428 αὐτῶν
1009 374 1391 445 δημοσιεύσας.
1420 372 1483 424 Οἱ
1517 371 1614 442 μὲν
1658 366 1752 424 οῦν
1785 386 1956 422 συνει-

387 465 539 525 δότες
588 463 802 522 ἑαυτοῖς
846 459 1098 530 σπουδὴν,
1136 459 1381 522 ἐδέξαντο
1430 457 1490 510 τὸ
1545 455 1818 525 ἐγκώμιον
1857 454 1958 524 τῆς

389 549 570 618 εὐχῆς,
599 545 693 599 καὶ
732 544 978 612 ἐγένοντο
1020 543 1425 613 σπουδαιότεροι
1463 543 1573 604 τοῖς
1604 539 1845 601 ἐπαίνοις
1864 555 1877 568 ·
1908 539 1959 589 οἱ

389 632 445 684 δὲ
472 630 771 691 συνειδότες
811 631 1022 693 ἑαυτοῖς
1055 627 1350 699 ρᾳθυμίαν,
1388 625 1635 689 ἐδέξαντο
1667 623 1829 677 πάλιν
1861 621 1960 690 τὴν

392 714 728 784 ἐπιτίμησιν,
759 714 854 766 καὶ
889 714 987 782 τὴν
1021 712 1309 783 ὀλιγωρίαν
1343 710 1627 764 ἀπέθεντο.
1668 707 1808 760 Ἀλλ’
1835 705 1960 759 οὐτε

391 795 630 860 τούτους,
649 795 771 849 οὔτε
793 797 1033 860 ἐκείνους
1063 797 1239 865 ίσμεν·
1273 797 1306 866 ἡ
1329 794 1386 846 δὲ
1420 794 1611 860 ἀγνοια
1633 789 1962 860 ἀμφοτέροις

393 880 661 949 χρήσιμος
693 879 853 949 αῦτη.
886 877 1029 943 Πῶς,
1068 876 1178 945 ἐγὼ
1207 877 1371 942 λέγω.
1416 876 1473 928 ’0
1525 874 1633 926 τῶν
1671 871 1962 940 ἐγκωμίων

393 962 630 1025 ἀκούσας
657 962 756 1032 τῆς
782 963 967 1032 εὐχῆς,
1002 962 1094 1014 καὶ
1130 958 1385 1021 συνειδὼς
1417 955 1593 1026 ἐαυτῷ
1624 953 1885 1023 σπουδὴν,
1916 953 1964 1004 εί

395 1045 620 1107 πολλοὺς
643 1039 754 1114 εἶχε
776 1045 1057 1115 μάρτυρας
1089 1042 1197 1096 τῶν
1219 1040 1529 1110 ἐγκωμίων,
1558 1037 1692 1108 πρὸς
1711 1034 1965 1089 ἀπόνοιαν

395 1127 461 1181 ἂν
487 1127 814 1197 ἐξωλίσθησε
837 1144 850 1158 ·
884 1128 1003 1179 νυνὶ
1043 1126 1100 1179 δὲ
1141 1123 1511 1186 λανθανόντως
1547 1119 1839 1188 δεξάμενος
1875 1115 1967 1168 τὸν

397 1209 640 1271 ἔπαινον,
663 1209 845 1278 πάσης
869 1207 1184 1272 ἀλαζονείας
1206 1206 1572 1277 ἀπήλλακται.
1604 1201 1771 1256 Πάλιν
1790 1199 1818 1250 6
1846 1215 1968 1251 συν-

397 1291 556 1355 ειδὼς
589 1291 768 1361 ἐαυτῷ
823 1291 1129 1362 ρᾳθυμίαν,
1179 1291 1280 1360 τῆς
1338 1287 1670 1358 κατηγορίας
1707 1283 1966 1345 ἀκούσας,

398 1375 615 1443 ἐγένετο
649 1374 870 1444 βελτίων
897 1374 1003 1427 ἀπὸ
1054 1373 1154 1443 τῆς
1210 1371 1564 1441 κατηγορίας,
1600 1366 1790 1422 οὐδένα
1824 1363 1968 1434 σχὼν

399 1459 497 1528 τῆς
519 1457 672 1531 [547]
703 1459 1070 1528 ἐπιτιμήσεως
1107 1454 1360 1524 γνωστῶν
1389 1467 1415 1494 ιι
1449 1450 1772 1524 ἀνθρώπων
1813 1446 1972 1531 τοῦτο

401 1541 459 1593 δὲ
485 1529 777 1610 αὐτὸνίοὺχ
803 1539 876 1601 ὡς
910 1539 1097 1608 ἔτυχεν
1128 1537 1326 1608 ὢνησε.
1353 1536 1453 1589 Διά
1487 1534 1596 1605 γάρ
1620 1533 1682 1586 τὸ
1708 1531 1844 1604 πρὸς
1871 1529 1970 1600 τὴν

401 1624 510 1678 τῶν
543 1624 750 1678 πολλῶν
781 1622 1074 1692 ἐπτοῆσθαι
1097 1622 1273 1688 δόξαν,
1325 1621 1429 1684 ἐως
1463 1620 1562 1690 μὲν
1590 1618 1656 1672 ἂν
1691 1614 1971 1669 λανθάνειν

403 1709 709 1778 νομίζωμεν
738 1707 889 1769 ὄντες
928 1707 1106 1770 κακοὶ,
1153 1703 1525 1772 σπουδάζομεν
1571 1699 1818 1770 γίνεσθαι
1850 1695 1971 1766 βελ-

401 1791 568 1853 τίους·
603 1789 820 1843 ἐπειδὰν
850 1790 906 1842 δέ
933 1791 1065 1842 πᾶσι
1093 1788 1382 1859 γενώμεθα
1411 1783 1723 1855 κατάδηλοι,
1759 1781 1852 1834 καὶ
1872 1779 1973 1849 τὴν

403 1877 468 1928 ἐκ
499 1875 591 1928 τοῦ
613 1874 894 1928 λανθάνειν
917 1873 1271 1943 ἀπολέσωμεν
1290 1869 1667 1943 παραμυθίαν,
1687 1867 1975 1933 ἀναισχυν-

402 1963 610 2034 τότεροι
633 1964 724 2016 καὶ
761 1962 1121 2033 ρᾳθυμότεροι
1143 1961 1342 2031 μᾶλλον
1362 1957 1642 2028 γινόμεθα.
1674 1953 1785 2008 Kal
1804 1950 1975 2034 καθά-

404 2063 511 2114 περ
534 2033 605 2098 τά
638 2045 768 2117 ἕλκη
793 2044 1165 2115 γυμνούμενα,
1212 2044 1305 2096 καὶ
1369 2042 1493 2114 ἀέρι
1529 2037 1722 2109 ψυχρῷ
1767 2033 1976 2117 συχνῶς

403 2128 715 2200 ὁμιλοῦντα,
747 2114 1102 2198 χαλεπώτερα
1140 2127 1398 2194 γίνονται·
1460 2123 1604 2176 οὑτω
1637 2121 1734 2173 καὶ
1763 2120 1796 2188 ἡ
1827 2114 1975 2200 ψυχὴ

405 2195 779 2282 ἡμαρτηκυῖα,
835 2211 899 2264 ἂν
955 2195 1154 2281 μεταξὺ
1207 2208 1415 2261 πολλῶν
1458 2207 1744 2274 ἐλέγχηται
1775 2201 1859 2282 ἐφ’
1898 2195 1978 2282 οἷς

408 2279 848 2365 ἐπλημμέλησεν,
888 2279 1348 2362 ἀναισχυντοτέρα
1396 2290 1626 2359 γίνεται.
1660 2285 1756 2339 ”Ιν’
1781 2279 1876 2337 οὖν
1903 2280 1978 2351 μὴ

407 2377 563 2430 τοῦτο
583 2378 822 2447 γένηται.
839 2375 1208 2436 λανθανόντως
1224 2374 1252 2425 6
1271 2374 1428 2442 λόγος
1457 2374 1601 2442 ὑμᾶς
1623 2369 1976 2447 ἐθεράπευσε.

409 2464 520 2516 Kal
541 2463 627 2515 ἵνα
656 2460 884 2532 μάθητε,
909 2461 990 2512 ὅτι
1012 2461 1045 2530 ἡ
1067 2457 1402 2511 λανθάνουσα
1441 2455 1578 2524 αὕτη
1607 2451 1817 2524 ἰατρεία
1844 2446 1978 2502 πολὺ

408 2547 471 2600 τὸ
504 2547 692 2619 κέρδος
722 2546 854 2617 ἔχει,
894 2545 1164 2598 ἀκούσατε
1194 2544 1245 2596 τί
1280 2559 1445 2612 φησιν
1479 2544 1508 2595 6
1552 2539 1807 2610 Χριστός*
1847 2533 1982 2619 Ἐὰν

411 2618 640 2700 ἁμάρτῃ
670 2633 757 2696 εὶς
797 2629 871 2682 σὲ
900 2632 932 2682 ὁ
987 2627 1251 2695 ἀδελφός
1283 2641 1426 2690 σου,
1459 2623 1714 2692 ἔλεγξον
1757 2618 1944 2674 αὐτόν
1963 2633 1979 2647 ο

413 2715 508 2769 καὶ
545 2716 645 2768 οὐκ
673 2710 812 2773 εἶπε,
849 2712 1050 2782 μεταξὺ
1083 2710 1175 2764 σοῦ
1216 2710 1312 2762 καὶ
1338 2709 1438 2777 τῆς
1469 2707 1695 2770 πόλεως,
1729 2703 1849 2757 οὐδέ
1889 2717 1985 2770 με-

411 2798 544 2862 ταξύ
575 2798 668 2850 σοῦ
696 2794 906 2850 καὶτοῦ
929 2795 1122 2865 δήμου,
1153 2793 1310 2858 ἀλλὰ,
1341 2789 1578 2854 Μεταξὺ
1609 2786 1726 2842 σοῦ
1753 2786 1849 2840 καὶ
1878 2783 1984 2836 αὐ-

411 2882 521 2935 τοῦ
547 2882 760 2950 μόνον.
808 2878 1149 2949 Ἀμάρτυρος
1178 2875 1338 2938 ἔστω,
1377 2873 1562 2944 φησιν,
1593 2873 1626 2942 ἡ
1657 2866 1984 2938 κατηγορία,

414 2965 502 3018 ἵνα
534 2963 751 3025 εὔκολος
801 2962 1028 3032 γένηται
1068 2961 1101 3029 ἡ
1151 2957 1288 3029 πρὸς
1350 2957 1633 3028 διόρθωσιν
1689 2951 1983 3023 μεταϐολή.

413 3049 572 3117 Μέγα
597 3049 702 3120 ἀρα
732 3047 957 3115 ἀγαθὸν,
1000 3045 1063 3098 τὸ
1116 3043 1386 3098 ποιεῖσθαι
1437 3041 1536 3112 τὴν
1566 3036 1885 3108 παραίνεσιν
1911 3033 1985 3120 μὴ

413 3117 896 3204 δημοσιευομένην.
939 3129 1131 3200 Ἀρκεῖ
1153 3127 1213 3181 τὸ
1249 3125 1509 3187 συνειδὸς,
1545 3124 1706 3193 ἀρκεῖ
1737 3122 1765 3172 ὁ
1797 3117 1989 3204 κριτὴς

416 3199 620 3278 ἐκεῖνος
675 3199 720 3265 ὀί
757 3199 1072 3276 ἀδέκαστος.
1131 3213 1242 3281 Οὐχ
1287 3209 1426 3263 οὑτω
1485 3210 1548 3261 σύ
1597 3203 1859 3274 ἐπιτιμᾷς
1912 3199 1989 3270 τῷ

415 3299 783 3371 ἡμαρτηκότι,
814 3299 888 3361 ὡς
916 3297 977 3350 τὸ
1006 3296 1244 3359 συνειδὸς
1268 3293 1460 3348 ἑαυτοῦ
1478 3288 1825 3371 (πικρότερός
1846 3289 1990 3371 ἐστιν

416 3367 770 3452 δ’κατὴγορος
803 3380 1075 3449 ἐκεῖνος),
1126 3377 1250 3431 οὐτε
1279 3375 1672 3448 ἀκριϐέστερον
1722 3368 1881 3431 εἰδὼς
1923 3367 1993 3421 τά

420 3451 950 3535 πεπλημμελημένα.
980 3463 1071 3533 Μὴ
1098 3463 1277 3514 τοίνυν
1302 3459 1542 3530 προσθῇς
1574 3457 1792 3529 τραῦμα
1823 3451 1992 3524 τραύ-

425 3566 576 3620 μασι,
607 3546 945 3619 δημοσιεύων
986 3546 1080 3599 τὺν
1115 3543 1499 3614 ἡμαρτηκότα,
1532 3541 1644 3594 ἀλλ’
1678 3537 1993 3620 ἀμάρτυρον

423 3632 577 3684 ποιοῦ
593 3632 690 3700 τὴν
705 3629 1047 3701 παραίνεσιν.
1061 3628 1231 3680 Τοῦτο
1251 3627 1432 3679 τοίνυν
1451 3626 1544 3678 καὶ
1561 3626 1719 3695 ἡμεῖς
1732 3618 1886 3673 ποιοῦ
1896 3634 1993 3688 μεν

423 3715 540 3780 νῦν,
575 3716 710 3784 ὅπερ
737 3715 831 3766 καὶ
883 3711 1092 3774 Παῦλος
1136 3710 1412 3778 ἐποίησεν,
1460 3707 1778 3777 ἀμάρτυρον
1825 3717 1996 3784 κατα-

426 3783 708 3862 σκευάζων
760 3794 852 3848 τοῦ
905 3793 1054 3866 παρά
1110 3790 1416 3862 Κορινθίοις
1467 3786 1852 3860 ἡμαρτηκότος
1895 3783 1995 3852 τὴν

425 3879 777 3952 κατηγορίαν.
831 3877 942 3932 Καὶ
993 3878 1160 3930 ἄκουε
1201 3874 1339 3936 πῶς.
1393 3876 1497 3926 Διά
1533 3871 1744 3932 τοῦτο,
1796 3867 1995 3937 φησὶν,

427 3947 699 4034 ἀδελφοὶ,
724 3959 1217 4032 μετεσχημάτισα
1257 3957 1444 4010 ταῦτα
1480 3958 1565 4021 εις
1601 3947 1998 4034 ἐμαυτόνῌκαί

439 4028 739 4104 Ἀποίὶλώξ
771 4045 880 4098 Kal
915 4028 1021 4114 μὴν
1047 4042 1163 4111 οὐχὶ
1194 4040 1376 4102 αὐτὸς,
1425 4037 1544 4092 οὐδὲ
1594 4031 1834 4089 ’Δπολλὼ
1858 4028 1998 4104 ἦσαν

427 4133 477 4184 οἱ
509 4129 790 4202 σχίσαντες
823 4127 916 4180 τὸν
943 4126 1115 4196 δῆμον
1157 4125 1253 4177 καὶ
1306 4121 1406 4193 τὴν
1455 4118 1784 4202 Ἐκκλησίαν
1823 4116 2001 4202 διατετ

433 4197 644 4288 μόντεςσ
679 4211 792 4266 ἀλλ’
822 4211 972 4280 ὅμως
1015 4205 1336 4261 συνεσκίασε
1377 4203 1475 4274 τὴν
1503 4201 1860 4272 κατηγορίαν,
1907 4197 2001 4288 καὶ

431 4280 686 4367 καθάπερ
718 4292 1080 4365 προσωπείοις
1109 4291 1240 4353 τισὶ,
1279 4291 1390 4351 τοῖς
1423 4285 1590 4341 αὐτοῦ
1622 4286 1718 4338 καὶ
1761 4280 2002 4336 Ἀπολλὼ

429 4365 666 4452 ὀνόμασι
690 4379 788 4441 τὰς
817 4375 924 4429 τῶν
954 4373 1270 4428 ὑπευθύνων
1305 4367 1629 4440 ἀποκρύψας
1654 4367 1826 4436 δψεις,
1851 4365 2005 4431 ἐξου-

435 4451 555 4516 σίαν
592 4463 775 4522 αὐτοῖς
808 4457 980 4511 ἐδίδου
1033 4453 1434 4527 μεταϐαλέσθαι
1469 4453 1534 4504 ἐκ
1582 4451 1682 4520 τῆς
1737 4451 2005 4522 πονηρίας

433 4546 668 4615 ἐκείνης.
703 4543 811 4595 Καὶ
860 4539 1052 4603 πάλιν,
1112 4538 1335 4604 Μήπως
1383 4535 1638 4591 ἐλθόντα
1669 4551 1745 4602 με
1785 4537 1817 4588 ό
1863 4533 2006 4598 Θεὸς

433 4625 794 4694 ταπεινώσῃ,
819 4623 917 4677 καὶ
938 4621 1221 4691 πενθήσω
1248 4618 1521 4683 πολλοὺς
1552 4617 1671 4670 τῶν
1705 4632 2006 4685 προημαρ-

431 4712 698 4781 τηκότων
731 4707 830 4762 καὶ
851 4705 937 4776 μὴ
976 4703 1482 4776 μετανοησάντων
1520 4701 1619 4755 ἐπὶ
1649 4699 1724 4768 τῇ
1749 4702 2009 4768 ἀκαθαρ-

433 4797 540 4863 σίςι
569 4794 667 4846 καὶ
699 4790 984 4860 ἀσελγείᾳ
1016 4787 1054 4856 ᾖ
1087 4787 1380 4856 ἔπραξαν.
1432 4786 1576 4856 Ὅρα
1628 4783 1746 4846 πῶς
1796 4785 1888 4837 καὶ
1920 4786 2008 4836 ἐν-

434 4878 610 4932 ταῦθα
655 4875 972 4946 ἀδιορίστως
1015 4871 1163 4940 λέγει
1215 4871 1341 4932 τοὺς
1369 4867 1780 4938 ἡμαρτηκότας,
1810 4867 1896 4919 ἵνα
1934 4867 2011 4938 μὴ

439 4960 677 5031 φανερὰν
706 4958 936 5029 ποιήσας
976 4956 1075 5025 τὴν
1121 4952 1476 5022 κατηγορίαν,
1525 4949 2011 5031 ἀναισχυντοτέραν

439 5029 738 5114 ἐργάσηται
760 5041 858 5110 τὴν
888 5037 995 5091 τῶν
1027 5034 1427 5107 ἡμαρτηκότων
1465 5033 1661 5103 ψυχήν.
1682 5034 1892 5103 Ὥσπερ
1916 5029 2012 5086 οὖν

437 5127 601 5196 ἡμεῖς
655 5123 792 5194 μετὰ
815 5120 1085 5189 τοσαύτης
1132 5117 1346 5188 φειδοῦς
1388 5120 1514 5181 τοὺς
1543 5119 1794 5187 ἐλέγχους
1826 5117 2012 5171 ποιού-

445 5206 614 5278 μεθα,
648 5204 826 5267 οὕτω,
885 5201 1224 5273 παρακαλῶ,
1279 5202 1374 5253 καὶ¹
1429 5201 1590 5270 ὑμεῖς
1652 5202 1789 5271 μετά
1831 5201 2013 5272 πάσης

445 5288 681 5357 σπουδῆς
718 5285 938 5350 δέξασθε
965 5286 1061 5355 τὴν
1090 5284 1396 5355 διόρθωσιν,
1424 5286 1520 5338 καὶ
1568 5284 1709 5354 μετά
1729 5285 2014 5355 ἀκριϐείας

441 5374 557 5433 τοῖς
578 5369 888 5439 λεγομένοις
920 5367 1242 5437 προσέχετε.

527 5482 589 5526 ε’.
630 5471 991 5542 Διελέχθημεν
1025 5472 1153 5542 ὑμῖν
1179 5472 1306 5542 χθὲς
1331 5471 1460 5542 περὶ
1493 5472 1594 5540 τῆς
1615 5471 1894 5542 δυνάμεως
1919 5471 2014 5542 τῆς

449 5556 588 5608 κατά
615 5556 712 5625 τὴν
749 5556 934 5624 εὐχήν.
985 5554 1200 5618 Ἔδειξα
1250 5555 1366 5616 πῶς
1399 5557 1426 5607 6
1462 5554 1709 5620 διάϐολος
1738 5557 1857 5609 τότε
1913 5558 2009 5629 ἐφ-

513 5699 542 5730 ι
565 5699 713 5750 Forte
738 5702 967 5763 γνωστήν.
990 5699 1105 5751 Πίος
1133 5715 1224 5751 τοι
1249 5701 1387 5752 abest
1416 5717 1442 5752 ει
1465 5703 1578 5753 Cod.
1605 5702 1710 5753 ΗΒ.

1051 256 1112 311 S.
1152 254 1432 315 JOANNIS
1471 256 1964 314 CHRYSOSTOMI
2005 252 2323 308 ARCHIEP.
2363 250 2914 306 CONSTANTINOP.

3512 239 3626 294 358

2059 365 2269 438 εδρεύει
2289 365 2588 436 κακοῦργος
2601 362 2693 418 ῶν,
2712 361 2924 432 Ἐπειδὴ
2950 360 3056 429 γὰρ
3076 357 3326 428 μέγιστον
3348 354 3537 426 κέρδος
3558 359 3624 408 ἐκ

2059 449 2158 518 τῆς
2180 449 2347 519 εὐχῆς
2371 450 2472 520 δρᾷ
2500 449 2780 518 γινόμενον
2806 449 2959 516 ἡμῖν,
2976 445 3098 496 τότε
3132 440 3368 512 μάλιστα
3388 440 3627 491 ἐπιτίθε-

2059 548 2170 584 ται·
2205 533 2288 586 ἵνα
2311 535 2458 604 ἡμᾶς
2482 533 2756 605 ἐκκρούσῃ
2797 532 2897 597 τῆς
2952 527 3277 594 ἀπολογίας,
3315 525 3402 577 ἴνα
3442 526 3629 587 κεναῖς

2060 614 2243 668 οἶκαδε
2273 616 2573 689 ἀποπέμψῃ
2619 615 2793 686 χερσί.
2824 613 2933 666 Kal
2972 610 3222 679 καθάπερ
3254 608 3346 660 ἐπὶ
3391 606 3498 689 τῶν
3531 607 3633 676 ἀρ-

2063 697 2286 768 χόντων,
2311 699 2530 752 ἐπειδάν
2549 688 2552 689 ν
2571 701 2620 750 οἱ
2645 700 2742 767 τῆς
2763 696 2968 759 τάξεως
2997 695 3090 747 καὶ
3123 692 3250 762 περὶ
3283 688 3446 743 αὑτὸν
3478 689 3631 750 ὅντες

2064 781 2154 834 τὸν
2181 781 2416 852 ἄρχοντα
2437 781 2690 850 ἀπεχθῶς
2710 780 2871 849 ἔχωσι
2889 777 3022 847 πρὸς
3037 777 3163 838 τοὺς
3185 773 3634 842 ἐντυγχάνοντας,

2064 864 2153 916 διά
2178 865 2287 919 τῶν
2321 865 2530 938 ῥάϐδων
2565 863 2845 936 πόρρωθεν
2880 863 3075 924 αὐτοὺς
3103 859 3496 915 ἀπελαύνουσι,
3524 872 3634 908 κω-

2066 945 2284 1010 λύοντες
2305 937 2626 1018 προσελθεῖν
2660 947 2754 999 καὶ
2791 942 3162 1015 ἀποδύρασθαι
3195 941 3289 994 καὶ
3331 937 3639 1009 φιλανθρω-

2069 1031 2199 1095 πίας
2227 1035 2429 1102 τυχεῖν·
2467 1031 2607 1084 οῦτω
2645 1032 2739 1083 καὶ
2767 1032 2794 1083 6
2819 1027 3081 1092 διάϐολος,
3114 1023 3334 1078 ἐπειδὰν
3367 1023 3454 1093 ἴδῃ
3475 1035 3636 1102 προσ·

2070 1115 2249 1178 ιόντας
2277 1100 2424 1186 [348]
2449 1113 2528 1183 τῷ
2557 1113 2802 1183 δικαστῇ.
2825 1109 3108 1182 πόρρωθεν
3138 1105 3452 1186 ἀπελαύνει,
3470 1104 3530 1155 οὐ
3549 1100 3637 1186 διά

2071 1184 2291 1268 ῥάϐδου,
2326 1184 2462 1251 ἀλλά
2505 1197 2592 1250 διά
2640 1195 2934 1268 ῥᾳθυμίας.
2972 1190 3091 1247 Οἵδε
3125 1191 3256 1262 γὰρ,
3285 1184 3393 1242 οἶδε
3426 1185 3634 1254 σαφῶς.

2069 1282 2149 1334 ὅτι
2182 1280 2247 1334 ἀν
2270 1279 2610 1352 προσέλθωσι
2638 1281 2916 1350 νήφοντες,
2947 1277 3040 1329 καὶ
3062 1276 3255 1328 εἴπωσι
3284 1271 3353 1324 τά
3387 1272 3641 1352 ἡμαρτη-

2075 1366 2232 1434 μένα,
2263 1350 2358 1417 καὶ
2379 1362 2753 1433 ἀποδύρωνται
2788 1360 2982 1430 ζεούσῃ
3005 1361 3070 1429 τῇ
3105 1358 3248 1426 ψυχῇ
3271 1395 3286 1419 ,
3321 1351 3519 1422 πολλὴν
3550 1350 3642 1434 λα-

2071 1431 2258 1509 ϐόντες
2309 1431 2640 1516 συγγνώμην
2683 1444 3052 1514 ἀπέρχονται·
3104 1438 3481 1507 φιλάνθρωπος
3530 1431 3641 1516 γάρ

2072 1533 2218 1583 ἐστιν
2243 1531 2272 1582 6
2296 1530 2445 1594 Θεός·
2471 1514 2565 1584 καὶ
2585 1514 2673 1582 διά
2699 1528 2857 1582 τοῦτο
2886 1523 3276 1597 προλαμϐάνει,
3305 1519 3398 1572 καὶ
3436 1514 3642 1582 ἀπάγει

2071 1613 2171 1684 τῆς
2201 1614 2492 1681 ἐντεύξεως
2523 1615 2739 1677 αὐτοὺς,
2777 1613 2865 1665 ἵνα
2909 1609 3133 1682 μηδενὸς
3166 1600 3241 1659 ὧν
3281 1603 3486 1657 δέονται
3530 1599 3645 1650 ἐπι-

2073 1679 2327 1767 τύχωσιν.
2361 1679 2499 1750 Ἇλλ’
2527 1699 2575 1750 οἱ
2603 1697 2702 1768 μὲν
2728 1679 3056 1766 στρατιῶται
3075 1689 3182 1743 τῶν
3208 1686 3481 1758 ἀρχόντων
3505 1679 3645 1768 μετά

2226 1780 2554 1835 ἀποσοϐοῦσι
2588 1761 2716 1844 τοὺς
2750 1761 3178 1847 ἐντυγχάνοντας
3197 1790 3211 1803 ·
3269 1772 3298 1823 ὀ
3328 1769 3384 1822 δέ
3411 1767 3471 1820 οὐ
3506 1761 3650 1836 μετά

2076 1871 2344 1942 ἀνάγκης,
2367 1871 2482 1926 ἀλλ’
2501 1869 2724 1926 ἀπατῶν
2748 1871 2893 1940 ἡμᾶς
2918 1867 3012 1920 καὶ
3040 1867 3118 1928 εἱς
3141 1861 3274 1933 ρᾳθυ
3284 1859 3408 1931 μίαν
3438 1853 3646 1925 ἐμϐάὶι-

2076 1958 2204 2015 λων.
2229 1960 2328 2014 Διά
2341 1959 2501 2013 τοῦτο
2529 1959 2650 2012 οὐδὲ
2682 1955 3014 2027 συγγνώμης
3044 1950 3211 2021 ἐσμέν
3239 1945 3398 2010 ἄξιοι,
3427 1942 3648 2027 ἑκόντες

2077 2043 2304 2106 ἑαυτοὺς
2342 2024 2774 2114 ἀποστεροῦντες
2803 2024 2918 2092 τῶν
2949 2034 3194 2105 ἀγαθῶν.
3237 2030 3355 2114 Φῶς
3383 2031 3498 2114 ἐστι
3529 2024 3649 2077 δια-

2077 2126 2224 2190 νοίας
2243 2125 2336 2180 καὶ
2359 2127 2534 2197 ψυχῆς
2549 2107 2597 2196 ’ἡ
2635 2123 2774 2195 μετὰ
2801 2120 3035 2190 σπουδῆς
3060 2117 3214 2186 εὐχὴ,
3246 2112 3361 2182 φῶς
3377 2107 3651 2197 Αάσϐεστ-ον

2079 2211 2173 2262 καὶ
2193 2187 2468 2275 διηνεκές..
2491 2187 2597 2262 Ala.
2614 2187 2773 2261 τοῦτο
2796 2187 3019 2278 μυρίους
3055 2197 3351 2270 συρφετΟὓς
3376 2187 3654 2278 λογισμιῖεν

2079 2271 2337 2360 ἐμϐάλλει
2367 2271 2487 2356 ταῖς
2527 2271 2822 2363 ἡμετέραις
2869 2271 2897 2327 ἱ)
2943 2284 3220 2345 διανοίαις,
3262 2278 3355 2332 καὶ
3383 2276 3526 2363 ἆξεερ
3556 2271 3652 2363 0'5:

2079 2354 2270 2428 δέποτε
2302 2354 2712 2445 ἐλογιτὲἀρλεθαξ
2739 2371 2913 2425 ταῦτα
2975 2368 3222 2434 συνάγων
3263 2365 3322 2416 ἐν
3370 2358 3445 2429 τῷ
3473 2354 3654 2445 {KH-9‘9

2080 2459 2180 2530 τῆς
2211 2460 2374 2529 εὐχῆς
2406 2441 2637 2528 καταχεῖ
2660 2460 2777 2519 ταῖς
2820 2455 3018 2525 ψυχαῖς
3059 2451 3233 2520 ἡμῶν.
3269 2441 3654 2530 Καὶ-καθάπερ

2081 2540 2271 2611 ἄνεμοι
2291 2524 2888 2604 πολλάκις-ἀπεναντίας
2918 2535 3368 2606 προσπίπτοντες,
3384 2524 3657 2596 λυχνιαῖον

2086 2625 2196 2697 πῦρ
2240 2626 2611 2696 ἀναπτόμενον
2675 2624 2988 2694 ῥιπίσαντες
3033 2618 3283 2671 ἐσϐεσαψ
3315 2611 3459 2665 οῦτω
3504 2607 3600 2660 xal
3628 2605 3659 2654 6

2083 2713 2362 2777 διάϐολος,
2408 2713 2631 2767 ἐπειδὰν
2682 2713 2768 2783 ἴδῃ
2813 2711 2909 2782 τὴν
2949 2708 3120 2778 φλόγα
3167 2704 3270 2774 τῆς
3318 2699 3482 2770 εὐχῆς
3525 2697 3658 2766 ἡμῖν

2086 2801 2499 2873 ἀναπτομένην,
2559 2801 2778 2872 μυρίαις
2833 2798 3110 2870 φροντίσιν
3165 2793 3316 2846 ἐνθεν
3361 2789 3455 2841 καὶ
3507 2783 3658 2837 ἔνθεν

2089 2870 2321 2960 ῥιπίζωῦ
2343 2929 2358 2952 .
2412 2870 2472 2942 δῦ
2508 2870 2771 2962 πρότερον
2813 2887 3108 2956 ἀφίσταται
3145 2881 3252 2942 ἕως
3301 2877 3367 2931 ἂν
3400 2873 3568 2943 σϐέσῃ
3599 2870 3662 2922 τὺ

2089 2975 2222 3045 φῶς.
2269 2976 2406 3029 Ἀλλ’
2428 2978 2564 3047 ὅπερ
2587 2979 2635 3030 οἱ
2662 2976 2788 3038 τοὺς
2805 2974 3030 3043 λύχνους
3062 2969 3302 3028 ἐκείνους
3332 2964 3662 3020 ἀνάπτοντες

2091 3065 2327 3131 ποιοῦσι,
2356 3065 2512 3119 τοῦτο
2542 3067 2633 3119 καὶ
2671 3067 2832 3135 ἡμεῖς
2873 3066 3204 3132 ποιήσωμεν.
3252 3053 3317 3106 Τί
3364 3053 3421 3105 δέ
3463 3051 3662 3102 ἐκεῖνοι

2091 3152 2372 3218 ποιοῦσιν;
2418 3155 2663 3208 Ἐπειδάν
2703 3153 2886 3206 ῐδωσιν
2939 3151 3136 3218 ἄνεμον
3189 3140 3482 3214 προσιόντα
3535 3152 3664 3202 στος

2090 3241 2238 3311 δρὸν,
2282 3241 2374 3294 τὸν
2429 3241 2691 3295 δάκτυλον
2721 3239 3000 3302 ἐπιθέντες
3047 3238 3114 3307 τῇ
3171 3234 3279 3302 ὁπῇ
3321 3227 3415 3282 τοῦ
3466 3225 3665 3293 λύχνου

2092 3328 2496 3398 ἀποτειχίζουσι
2547 3329 2626 3399 τῷ
2680 3327 2952 3397 πνεύματι
2997 3324 3096 3394 τὴν
3140 3319 3363 3375 εἴσοδον.
3395 3314 3541 3375 Ἕως
3568 3313 3665 3381 μὲν

2091 3417 2200 3487 γὰρ
2227 3415 2292 3469 ἂν
2318 3413 2516 3479 ἔξωθεν
2555 3415 2893 3487 προσϐάλλῃ,
2939 3408 3278 3481 δυνησόμεθα
3321 3401 3662 3470 ἀντιστῆναι·

2094 3505 2310 3558 ἐπειδάν
2344 3504 2402 3557 δὲ
2427 3504 2728 3574 ἀνοίξωμεν
2765 3501 2913 3572 αὐτῷ
2938 3502 3038 3562 τάς
3071 3497 3242 3567 θύρας
3265 3494 3366 3562 τῆς
3395 3489 3633 3547 διανοίας
3652 3526 3666 3546 ν

2097 3594 2191 3646 καὶ
2212 3593 2364 3647 ἔνδον
2392 3591 2671 3662 δεξώμεθα
2698 3591 2790 3644 τὸν
2835 3589 3052 3660 ἐχθρὸν,
3077 3587 3178 3639 οὐκ
3214 3583 3293 3636 ἐτι
3320 3580 3507 3634 λοιπὴν
3544 3575 3666 3629 οὐδὲ

2099 3682 2291 3754 μικρὸν
2311 3683 2626 3751 ἀντιστῆναι
2657 3678 2951 3750 δυνάμεθα·
2987 3676 3120 3729 ἀλλὰ
3143 3669 3476 3741 πανταχόθεν
3501 3682 3668 3754 κατα-

2099 3752 2299 3834 σϐέσας
2335 3771 2488 3840 ἡμῶν
2521 3768 2619 3839 τὴν
2659 3772 2900 3839 μνήμην,
2943 3765 3136 3832 ὥσπερ
3173 3761 3364 3830 λύχνον
3406 3752 3666 3818 καπνιζόο

2101 3876 2280 3930 μενον,
2331 3857 2525 3928 ἀφίησι
2567 3858 2631 3909 τι
2680 3857 2853 3927 στόμα
2897 3855 3120 3926 ῥήματα
3177 3847 3476 3921 προφέρειν
3518 3841 3670 3930 κενά.

2115 3947 2256 4001 Ἀλλ’
2285 3946 2474 4016 ῶσπερ
2504 3948 2701 4000 ἐκεῖνοι
2729 3945 2822 3997 τὸν
2852 3943 3114 3998 δάκτυλον
3141 3935 3446 3990 ἐπιτιθέασι
3471 3933 3538 4000 τῇ
3565 3929 3674 3998 ὁπῇ

2101 4035 2195 4089 τοῦ
2219 4035 2438 4105 λύχνου,
2468 4034 2640 4097 οὑτως
2671 4036 2837 4104 ἡμεῖς
2873 4030 3149 4098 ἐπιθῶμεν
3178 4026 3272 4078 τὸν
3319 4021 3580 4090 λογισμὸν
3609 4019 3675 4087 τῇ

2100 4124 2348 4196 ἡμετέρᾳ
2368 4123 2595 4194 διανοίον
2629 4121 3034 4191 ἀποφράξωμεν
3053 4114 3146 4169 τοῦ
3170 4109 3405 4182 πονηροῦ
3433 4105 3680 4196 πνεύμα-

2101 4193 2194 4278 τος
2220 4193 2572 4282 τὴνίετσοδον,
2607 4211 2694 4263 ἵνα
2719 4210 2791 4280 μὴ
2834 4208 3004 4279 σϐέσῃ
3039 4203 3197 4276 ἡμῶν
3228 4199 3423 4269 ὼφῶἶ
3458 4199 3560 4266 τῆς
3592 4193 3683 4282 ᾤ’

2103 4301 2230 4372 χῆς.
2254 4280 2552 4370 Μέμνησθε
2579 4296 2784 4352 τούτων
2809 4294 3137 4366 ἀμφοτέρων
3158 4289 3264 4344 τῶν
3299 4280 3684 4372 παραδειγμάς

2103 4406 2232 4453 των,
2256 4389 2349 4442 καὶ
2380 4387 2473 4440 τοῦ
2504 4387 2613 4440 τῶν
2638 4382 3006 4456 στρατιωτῶν,
3039 4382 3134 4434 καὶ
3161 4377 3254 4430 τοῦ
3279 4375 3562 4447 ἄρχοντος,
3588 4367 3687 4420 καὶ

2103 4475 2199 4530 τοῦ
2230 4476 2374 4530 κατά
2407 4474 2498 4527 τὸν
2524 4473 2751 4544 λύχνον;
2781 4472 2881 4524 Διά
2917 4469 3028 4540 γάρ
3054 4466 3213 4520 τοῦτο
3240 4462 3416 4517 ταῦτα
3452 4459 3688 4544 λέγομεν

2107 4565 2237 4635 ὑμῖν
2282 4562 2352 4616 τά
2412 4540 2854 4633 παραδείγματα,
2886 4559 2944 4610 ἐν
2989 4551 3072 4619 οἷς
3120 4549 3485 4624 στρεφόμεθα,
3516 4547 3576 4598 ἐν
3604 4540 3690 4605 οἷς

2109 4655 2299 4724 ἐσμεν,
2323 4653 2410 4706 ἵνα
2434 4652 2528 4705 καὶ
2558 4649 2808 4704 ἐντεῦθεν
2831 4648 3287 4717 ἀναχωρήσαντες
3313 4639 3406 4693 καὶ
3430 4637 3571 4690 οίκοι
3593 4651 3691 4703 γεο

2109 4741 2345 4811 νόμενοι,
2395 4739 2501 4793 ἀπὸ
2531 4738 2640 4790 τῶν
2690 4737 2749 4790 ἐν
2782 4735 2942 4806 χερσὶ
2994 4730 3336 4804 πραγμάτων
3374 4725 3692 4811 ὑπόμνησιν

2111 4809 2479 4900 λαμϐάνωμεν
2510 4825 2620 4880 τῶν
2643 4823 2968 4896 εἰρημένων.
3010 4819 3172 4890 Μέγα
3210 4817 3371 4873 ὅπλον
3395 4811 3553 4882 εὐχὴ,
3592 4809 3693 4863 καὶ

2117 4915 2326 4987 μεγάλη
2356 4914 2644 4984 ἀσφάλεια.

2184 5019 2258 5087 ς’.
2277 5021 2573 5075 Ἠκούσατε
2593 5019 2740 5090 χθὲς,
2756 5017 2872 5082 πῶς
2886 5017 2935 5070 οἱ
2950 5017 3096 5086 τρεῖς
3115 5012 3299 5075 παῖδες
3324 5008 3528 5077 πεπεδη
3539 5007 3692 5076 μένοι

2115 5109 2415 5164 κατέλυσαν
2445 5109 2543 5178 τὴν
2562 5106 2655 5159 τοῦ
2683 5105 2856 5177 πυρὸς
2883 5103 3134 5174 δύναμιν,
3159 5101 3274 5164 πῶς
3299 5097 3695 5165 κατεπάτησαν

2114 5199 2212 5268 τὴν
2240 5196 2432 5266 φλόγα,
2465 5193 2583 5258 πῶς
2619 5192 2999 5264 περιεγένοντο
3028 5190 3129 5258 τῆς
3158 5187 3412 5256 καμίνου,
3448 5182 3544 5236 καὶ
3592 5181 3695 5250 τῆς

2116 5284 2394 5356 ἐνεργείας
2416 5281 2722 5354 ἐκράτησαν
2748 5279 2843 5333 τοῦ
2872 5277 3137 5346 στοιχείου
3159 5293 3174 5341 ;
3203 5273 3497 5326 Ἀκούσατε
3519 5269 3586 5339 σή
3596 5285 3696 5337 με·

2121 5354 2415 5444 ρονίπάλιν,
2450 5368 2565 5432 πῶς
2601 5371 2630 5422 6
2679 5368 2923 5435 γενναῖος
2963 5365 3058 5417 καὶ
3098 5364 3272 5435 μέγας
3309 5358 3496 5412 Ἰσαάκ
3521 5354 3697 5424 αὐτῆς

2119 5443 2468 5531 περιεγένετο
2515 5457 2611 5524 τῆς
2655 5455 2764 5508 τῶν
2818 5452 3087 5524 σωμάτων
3141 5449 3356 5520 φύσεως
3412 5446 3477 5498 δι’
3502 5443 3696 5513 εὐχῆς.

2129 5549 2353 5608 Ἐκεῖνοι
2385 5543 2684 5597 κατέλυσαν
2716 5539 2810 5594 τοῦ
2834 5539 3004 5611 πυρὸς
3029 5538 3128 5611 τὴν
3150 5535 3399 5608 δύναμιν,
3422 5527 3577 5594 οὗτος
3600 5534 3704 5601 σή·-

2183 5700 2209 5738 δ
2239 5700 2386 5750 Addit
2409 5699 2522 5751 Cod.
2545 5697 2636 5748 76-8
2656 5699 2681 5746 ὁ
2703 5694 2919 5759 πονηρός.
