4020 6370
381 226 483 280 5L7

373 344 623 410 orabant,
655 341 1021 414 vituperarim,
1051 357 1151 398 nec
1181 342 1342 398 ullum
1371 353 1548 400 tamen
1570 360 1754 401 eorum
1781 345 1954 416 palam

376 435 581 490 notavi.
611 435 886 507 Quotquot
916 435 1075 505 igitur
1111 434 1306 490 conscii
1347 435 1561 491 fuerunt
1593 452 1703 491 sua:
1733 436 1959 508 diligen-

373 530 462 583 ιω
484 571 499 595 ,
547 528 757 582 laudem
808 529 1065 582 orationis
1089 537 1431 598 exceperunt,
1478 538 1532 583 et
1565 528 1810 585 laudibus
1837 530 1958 584 dili-

371 621 646 691 gentiores
686 630 809 675 sunt
841 620 963 675 facti
993 621 1121 690 :qui
1151 636 1279 675 vero
1305 636 1415 675 sua:
1440 621 1642 677 conscii
1684 622 1958 694 negligen-

373 713 460 766 tiae
487 714 701 767 luerunt
726 753 741 778 ,
789 726 976 765 rursus
1004 711 1474 781 reprehensionem
1518 723 1879 784 exceperunt,
1908 725 1963 769 et

372 805 634 861 desidiam
663 816 1033 859 excusserunt.
1068 806 1445 861 Verumtamen
1472 822 1643 878 neque
1678 807 1731 861 bi
1760 808 1914 863 nobis
1939 849 1955 872 ,

373 914 550 968 neque
598 899 671 952 illi
711 906 837 951 sunt
879 898 1021 963 noti,
1066 906 1224 967 atque
1268 898 1382 953 htec
1420 900 1713 969 ignorantia
1742 900 1959 970 prodest

371 990 632 1059 utrisque.
685 988 803 1054 Quo
859 997 1014 1057 pacto
1063 988 1113 1043 id
1162 989 1272 1053 liat,
1319 1004 1604 1059 exponam.
1631 990 1732 1058 Qui
1774 990 1958 1046 laudes

369 1082 630 1136 orationis
656 1062 916 1148 audivit,
962 1091 1017 1137 et
1058 1096 1169 1136 sua:
1194 1082 1478 1153 diligentia:
1502 1088 1750 1139 conscius
1768 1095 1882 1150 est,
1911 1084 1957 1139 si

369 1174 574 1228 multos
599 1173 821 1227 haberet
845 1172 1058 1227 laudum
1090 1183 1251 1229 testes
1274 1216 1290 1241 ,
1322 1176 1377 1229 in
1402 1176 1706 1245 superbiam
1753 1175 1958 1231 labere-

370 1277 459 1320 tur
487 1281 502 1319 :
524 1266 635 1335 jam
665 1280 796 1319 vero
817 1265 1028 1320 laudem
1053 1265 1193 1320 clam
1217 1266 1490 1336 excipiens
1517 1266 1585 1322 ab
1603 1267 1747 1322 omni
1773 1278 1958 1325 osten-

371 1361 574 1413 tatione
599 1367 682 1413 est
708 1357 980 1412 immunis.
1010 1357 1216 1415 Rursus
1258 1358 1305 1413 is
1347 1360 1438 1430 qui
1463 1359 1564 1415 sibi
1591 1360 1839 1417 conscius
1875 1372 1959 1419 est

372 1452 733 1523 negligentia,
765 1452 892 1506 dum
922 1452 1368 1522 vituperationem
1410 1451 1587 1519 audit,
1620 1454 1719 1509 hac
1745 1456 1956 1525 vitupe-

370 1544 581 1598 ratione
611 1541 672 1597 lit
703 1542 915 1609 melior,
947 1557 1069 1598 cum
1093 1543 1362 1598 neminem
1387 1558 1499 1599 suae
1526 1544 1958 1614 reprehensionis

372 1636 570 1692 habeat
609 1645 970 1706 spectatorem
1006 1635 1151 1691 :hoc
1190 1652 1319 1693 vero
1362 1651 1468 1691 non
1515 1637 1855 1695 mediocriter
1881 1640 1957 1695 illi

370 1729 612 1800 prodest.
644 1729 777 1785 Nam
809 1745 929 1785 cum
952 1729 1095 1801 vulgi
1123 1729 1507 1785 existimationi
1535 1731 1700 1787 simus
1723 1731 1954 1800 addicti,

368 1822 628 1892 quamdiu
676 1822 892 1893 quidem
938 1822 1105 1878 latere
1150 1837 1248 1877 nos
1276 1831 1564 1893 putamus,
1594 1824 1685 1894 qui
1713 1824 1840 1879 mali
1867 1840 1960 1881 su-

367 1929 521 1981 mus,
555 1912 669 1968 fieri
694 1914 943 1969 meliores
978 1914 1257 1969 studemus
1286 1929 1302 1967 :
1329 1922 1609 1985 postquam
1638 1924 1813 1971 autem
1839 1932 1958 1972 om-

367 2005 527 2060 nibus
552 2005 881 2060 innotuimus
902 2047 916 2070 ,
961 2015 1016 2061 et
1058 2005 1308 2060 solatium
1350 2006 1482 2061 illud
1510 2022 1578 2062 ex
1603 2008 1958 2066 occultatione

366 2096 720 2167 perdidimus,
746 2112 813 2152 eo
836 2097 1004 2166 magis
1027 2096 1362 2167 impudentes
1388 2113 1451 2153 ac
1476 2098 1803 2169 negligentes
1829 2115 1958 2155 eva-

364 2189 567 2246 dimus.
611 2190 677 2245 Et
719 2189 1166 2260 quemadmodum
1214 2205 1333 2261 qua:
1381 2190 1700 2261 deleguutur
1746 2194 1955 2260 ulcera,

364 2294 685 2351 semperque
702 2279 894 2351 frigido
908 2281 1017 2335 aeri
1037 2289 1396 2351 exponuntur,
1416 2282 1688 2338 acerbiora
1708 2283 1865 2338 ﬁunt:
1886 2286 1956 2340 ita

363 2386 580 2443 quoque
626 2373 804 2428 anima
849 2373 1051 2443 peccati
1097 2388 1188 2429 rea
1212 2416 1227 2441 ,
1256 2374 1302 2428 si
1326 2389 1507 2429 coram
1546 2376 1727 2432 multis
1751 2418 1767 2443 ,
1799 2377 1868 2433 ob
1895 2394 1958 2433 ea

364 2480 485 2535 quae
510 2464 756 2534 deliquit,
788 2464 1240 2534 reprehendatur,
1274 2465 1632 2535 impudentior
1654 2467 1849 2522 evadit.
1878 2467 1958 2522 Ne

363 2555 522 2624 igitur
546 2554 647 2610 hoc
670 2554 978 2623 accideret,
1010 2557 1146 2610 clam
1191 2570 1287 2610 vos
1321 2571 1501 2613 sermo
1529 2558 1753 2613 curavit.
1783 2560 1958 2628 Atque

360 2653 420 2699 ut
466 2645 775 2716 intelligatis
801 2645 1110 2701 -admodum
1149 2646 1333 2701 utilem
1376 2646 1513 2703 hanc
1541 2649 1801 2703 occultam
1837 2665 1959 2705 esse

362 2737 613 2793 medendi
660 2738 919 2793 rationem
944 2780 960 2805 ,
1005 2738 1185 2794 audite
1227 2739 1354 2809 quid
1401 2739 1641 2795 Christus
1683 2741 1861 2795 dicat:
1895 2741 1957 2796 Si

362 2830 637 2897 peccaverit
665 2830 717 2883 in
744 2839 789 2883 te
811 2832 969 2902 frater
998 2839 1112 2885 tuus
1130 2871 1145 2895 ,
1175 2831 1373 2900 corripe
1401 2848 1513 2885 eum
1542 2847 1561 2886 :
1586 2841 1640 2886 et
1665 2848 1772 2887 non
1799 2832 1954 2898 dixit,

360 2919 501 2974 inter
526 2928 579 2975 te
602 2928 658 2974 et
683 2920 949 2975 civitatem
974 2961 991 2988 ,
1022 2936 1195 2992 neque
1217 2921 1356 2976 inter
1386 2928 1436 2977 te
1462 2931 1514 2977 et
1539 2923 1791 2993 pOpulum
1816 2965 1832 2993 ,
1860 2924 1957 2980 sed

356 3010 504 3065 Inter
551 3020 599 3065 te
639 3021 688 3065 et
732 3011 901 3080 ipsum
954 3013 1119 3068 soluat
1162 3012 1385 3084 (Matth.
1416 3014 1504 3069 18.
1540 3015 1670 3086 15).
1706 3015 1788 3072 Sit
1837 3018 1956 3075 sine

366 3102 595 3157 testibus
633 3104 922 3171 accusatio,
965 3105 1169 3175 inquit,
1200 3114 1262 3159 ut
1286 3104 1495 3160 facilior
1538 3108 1607 3163 sit
1648 3111 1873 3166 mutatio
1899 3111 1954 3167 in

357 3193 576 3248 melius.
608 3193 854 3265 Magnum
893 3211 1022 3266 ergo
1049 3197 1247 3251 bonum
1274 3207 1393 3263 est,
1424 3199 1469 3252 si
1495 3215 1599 3254 non
1629 3201 1837 3269 publice
1863 3202 1956 3259 fiat

357 3287 683 3343 cohortatio.
740 3288 948 3344 Sufficit
985 3290 1310 3345 conscientia
1338 3292 1570 3346 :sul‘fieit
1616 3294 1954 3365 incorruptus

357 3381 448 3437 ille
472 3381 657 3453 judex.
706 3381 826 3438 Non
873 3382 944 3437 ita
995 3392 1050 3438 tu
1094 3392 1428 3453 peccatorem
1462 3387 1849 3457 reprehendis,
1896 3400 1950 3444 ut

355 3473 529 3544 ipsius
569 3474 895 3529 conscientia
924 3473 1152 3547 (quippe
1188 3475 1331 3545 quod
1378 3477 1619 3546 asperior
1648 3478 1739 3533 ille
1763 3480 1831 3534 sit
1858 3494 1952 3534 ae-

352 3565 610 3638 cusator)
638 3608 655 3633 ,
685 3582 863 3637 neque
890 3566 1083 3622 delicta
1125 3566 1243 3637 ejus
1289 3570 1597 3624 accuratius
1640 3571 1798 3625 nosti.
1830 3570 1952 3626 Noli

352 3674 483 3731 ergo
512 3660 706 3714 vulnus
749 3659 1060 3715 vulneribus
1088 3660 1285 3716 addere
1305 3702 1321 3728 ,
1352 3660 1479 3715 dum
1522 3670 1794 3716 auctorem
1822 3677 1951 3732 pec-

351 3751 456 3805 cati
485 3749 752 3822 divulgas,
784 3751 879 3807 sed
905 3753 1130 3818 semotis
1157 3752 1373 3808 arbitris
1403 3753 1825 3810 admonitionem
1854 3756 1950 3811 ad-

353 3840 557 3896 hibeto.
592 3840 706 3897 lloc
748 3841 909 3911 igitur
951 3857 1094 3897 nunc
1137 3858 1351 3914 quoque
1386 3859 1488 3898 nos
1525 3844 1731 3914 agimus
1753 3886 1770 3912 ,
1807 3845 1949 3916 quod

351 3932 549 3990 Paulus
589 3934 736 4004 egit,
769 3933 895 3989 dum
928 3935 1045 3990 sine
1075 3935 1302 3990 testibus
1327 3936 1466 4005 apud
1494 3935 1804 3993 Corinthios
1831 3938 1949 4007 ejus

350 4026 444 4095 qui
484 4036 736 4097 peccaret
765 4026 994 4081 instituit
1034 4029 1452 4083 accusationem.
1486 4029 1625 4084 Audi
1667 4045 1800 4085 vero
1840 4046 1948 4101 quo

350 4128 526 4187 pacto.
561 4116 859 4187 PrOpterea,
885 4121 1086 4189 fratres,
1110 4119 1471 4189 transﬁguravi
1496 4120 1605 4173 haec
1624 4120 1677 4174 in
1700 4121 1945 4191 meipsum

348 4219 397 4262 et
430 4209 611 4280 Apollo
638 4207 701 4282 (1
731 4208 851 4265 Cor.
879 4211 934 4264 4.
962 4210 1054 4279 6).
1084 4210 1244 4279 Atqui
1271 4225 1377 4265 non
1401 4212 1532 4281 ipse,
1565 4227 1736 4283 neque
1756 4213 1946 4282 Apollo

348 4309 538 4365 erant,
585 4301 677 4371 qui
726 4302 979 4372 pepulum
1004 4302 1305 4367 sciderant,
1338 4312 1392 4356 et
1417 4303 1714 4360 Ecclesium
1746 4306 1945 4361 divise-

345 4403 473 4448 rant
512 4395 951 4450 :accusationem
1000 4403 1173 4449 tamen
1218 4396 1521 4463 occultavit,
1576 4406 1631 4451 et
1674 4407 1943 4468 tamquam

345 4486 509 4540 larvis
548 4485 864 4555 quibusdam
911 4500 1010 4540 suo
1064 4495 1120 4540 et
1155 4486 1350 4555 Apollo
1393 4488 1696 4543 nominibus
1730 4505 1944 4544 reorum

344 4578 523 4632 vultus
544 4577 824 4648 obtegens,
849 4576 1158 4633 facultatem
1183 4578 1287 4633 illis
1311 4579 1494 4634 tribuit
1512 4595 1579 4634 ex
1599 4580 1687 4635 illa
1709 4581 1942 4652 nequitia

346 4667 680 4738 emergendi.
710 4669 776 4723 Et
804 4683 989 4725 rursus
1020 4687 1033 4723 :
1066 4668 1149 4723 Ne
1167 4674 1297 4741 forte
1325 4686 1440 4724 cum
1467 4686 1646 4725 venero
1666 4714 1681 4740 ,
1710 4672 1940 4729 humitiet

348 4779 427 4816 me
459 4760 621 4829 Deus,
655 4772 702 4815 et
723 4762 923 4832 lugeant
942 4762 1127 4817 multos
1152 4779 1215 4817 ea:
1251 4745 1348 4830 iis,
1374 4764 1463 4833 qui
1494 4773 1610 4818 ante
1648 4778 1939 4837 peccarunt,

339 4866 387 4907 et
425 4871 527 4908 non
556 4864 762 4926 egerunt
790 4856 1135 4925 paenitentiam
1177 4872 1330 4925 super
1355 4857 1676 4910 immanditia
1697 4868 1743 4912 et
1766 4865 1940 4929 impu-

340 4946 536 5011 dicitia,
560 4962 712 5017 quam
731 4956 990 5017 gesserunt
1011 4946 1099 5017 (2.
1127 4948 1245 5002 Cor.
1264 4946 1349 5002 l2.
1367 4945 1482 5019 2|).
1510 4947 1639 5002 Vide
1659 4964 1764 5018 quo
1786 4961 1941 5019 pacto

340 5038 622 5094 indefinite
650 5038 793 5094 dicat
820 5053 916 5093 eos
944 5038 1033 5109 qui
1065 5048 1354 5109 peccarunt
1376 5081 1391 5104 ,
1422 5055 1490 5094 ne
1528 5039 1573 5093 si
1606 5039 1939 5095 manifestam

339 5131 735 5185 accusationem
760 5130 1084 5196 institueret,
1110 5130 1491 5200 impudentiam
1513 5138 1732 5200 augeret
1752 5145 1936 5186 eorum

339 5222 537 5275 anima:
566 5222 655 5290 qui
685 5229 990 5291 peccarant.
1024 5219 1205 5292 Itaque
1231 5223 1369 5277 sicut
1394 5237 1493 5277 nos
1520 5231 1664 5276 tanta
1693 5222 1937 5277 cautione

339 5312 792 5381 reprehensiones
822 5311 1047 5366 facimus
1067 5352 1081 5378 ,
1112 5313 1192 5367 sic
1214 5353 1230 5379 ,
1259 5313 1521 5369 admoneo
1541 5355 1556 5381 ,
1584 5324 1639 5368 et
1666 5326 1765 5367 vos
1790 5306 1934 5368 enini

337 5418 458 5457 cum
491 5403 669 5458 studio
694 5403 1121 5458 emendationem
1140 5404 1453 5473 admittatis,
1481 5421 1544 5460 ac
1565 5405 1847 5477 diligenter
1872 5405 1935 5461 iis

336 5509 455 5565 qua:
484 5495 753 5557 dicuntur,
783 5493 1087 5548 attendatis.
1350 5548 1357 5558 ,

414 5584 466 5639 5.
513 5584 646 5638 Tum
688 5584 943 5655 prwcipue
977 5600 1068 5637 nos
1097 5593 1240 5637 vexat
1284 5584 1481 5639 daemon
1508 5627 1523 5652 ,
1552 5604 1665 5640 cum
1689 5604 1935 5652 oramus;

340 5676 592 5750 quomodo
637 5675 854 5732 da'ttwtti
902 5673 1344 5732 resistendum.-
1375 5675 1735 5744 Disseruimus
1787 5678 1927 5759 apud

1347 225 1660 283 PECCATA
1706 224 2043 284 FRATRUM
2076 232 2213 291 NON
2252 236 2694 301 EVULGANDA,

3551 266 3660 325 358

2078 364 2172 404 vos
2212 352 2463 413 hesterno
2506 360 2592 417 die
2638 364 2705 419 de
2746 368 3005 425 orationis
3048 370 3263 431 virtute.
3308 377 3525 438 Ostendi
3551 402 3659 455 quo

2078 456 2234 542 pacto
2266 458 2374 503 tum
2405 462 2661 523 temporis
2689 458 2934 517 diabolus
2958 504 2972 528 ,
3022 474 3081 519 ut
3123 470 3395 526 maleficus
3418 484 3502 529 est
3523 517 3539 542 ,
3572 479 3656 531 in-

2073 536 2239 592 sidias
2282 549 2473 598 struat.
2500 544 2633 601 Cum
2670 552 2815 606 enim
2854 555 3144 611 maximum
3184 560 3338 617 nobis
3361 536 3562 621 lucrum
3591 585 3658 624 ex

2072 633 2316 729 oratione
2367 649 2554 694 cernat
2602 642 2893 713 obvenire,
2945 659 3070 706 tunc
3116 654 3347 712 maxime
3401 658 3657 729 impetum

2072 723 2242 781 facit:
2273 736 2330 782 ut
2350 733 2691 790 excusatione
2728 753 2826 793 nos
2865 740 3068 810 privet,
3114 753 3173 799 ut
3208 748 3387 803 vacuis
3412 723 3659 808 manibus

2071 832 2172 912 nos
2214 818 2430 876 domum
2478 825 2735 882 remittat.
2766 829 2833 884 Et
2859 835 3306 902 quemadmodum
3358 842 3496 912 apud
3545 860 3659 898 ma-

2072 909 2327 977 gistratus
2350 953 2364 978 ,
2395 913 2441 968 si
2472 913 2612 971 forte
2638 921 2896 977 satellites
2915 964 2930 989 ,
2962 935 3014 980 et
3038 929 3126 996 qui
3154 909 3491 1000 magistratus
3518 935 3659 992 latus

2071 1000 2309 1071 stipant,
2349 1020 2443 1061 eos
2463 1009 2551 1079 qui
2578 1008 2752 1080 ipsum
2779 1019 3137 1089 conveniunt,
3170 1023 3295 1079 odio
3324 1041 3657 1098 prosequan-

2070 1101 2177 1159 tur,
2205 1096 2368 1167 virgis
2395 1102 2580 1169 procul
2605 1114 2791 1161 arcent
2820 1107 2962 1177 illos,
2991 1120 3153 1183 atque
3174 1117 3432 1176 accedere
3456 1096 3654 1188 vetant,

2070 1195 2125 1241 et
2152 1191 2430 1258 conqueri,
2461 1192 2683 1265 ejusque
2708 1199 3054 1258 clementiam
3076 1209 3305 1275 experiri
3338 1228 3353 1264 :
3384 1213 3463 1268 sic
3495 1215 3655 1270 nimi-

2069 1296 2186 1337 rum
2222 1292 2278 1337 et
2306 1284 2549 1341 diabolus
2575 1303 2696 1343 cum
2721 1294 3039 1351 accedentes
3062 1297 3128 1351 ad
3147 1298 3382 1368 judieem
3411 1304 3658 1363 homines

2071 1373 2284 1443 viderit,
2310 1379 2490 1446 procul
2520 1392 2665 1436 arcet
2692 1398 2797 1439 non
2826 1388 2992 1458 virga,
3024 1390 3119 1445 sed
3141 1394 3474 1466 negligentia.
3501 1399 3658 1456 Novit

2067 1467 2284 1537 quippe,
2310 1472 2475 1540 probe
2499 1477 2665 1543 novit,
2694 1478 2739 1532 si
2762 1482 2965 1548 providi
2992 1484 3285 1557 vigilesque
3307 1494 3653 1560 accesserint,

2067 1569 2122 1612 et
2147 1571 2360 1629 peccata
2392 1579 2486 1618 sua
2508 1566 2738 1623 confessi
2764 1571 2980 1639 fuerint,
3004 1578 3286 1651 animaque
3305 1582 3533 1640 ferventi
3560 1588 3656 1642 de-

2068 1650 2357 1721 ﬂeverint,
2408 1657 2632 1713 multant
2678 1661 2799 1718 illos
2852 1667 3060 1723 veniam
3115 1650 3657 1743 impetraturoszbe-

2069 1746 2262 1817 nignus
2287 1751 2429 1807 enim
2450 1763 2534 1809 est
2559 1755 2699 1811 Deus
2732 1776 2745 1812 :
2770 1768 2927 1829 atque
2954 1763 3154 1820 idcirco
3178 1784 3520 1844 praeoccupat-
3538 1776 3657 1833 illos

2066 1849 2121 1893 et
2149 1840 2217 1895 ab
2245 1840 2479 1913 alloquio
2508 1847 2738 1916 repellit,
2770 1860 2826 1905 ut
2853 1852 2983 1908 nihil
3010 1870 3196 1913 eorum
3218 1876 3337 1931 qua:
3363 1840 3653 1934 postulant,

2068 1945 2482 2004 consequantur.
2513 1939 2619 1995 Sed
2647 1942 2845 1999 milites
2872 1946 3086 2016 quidem
3114 1953 3521 2023 magistratuum
3542 1961 3658 2015 vio-

2070 2024 2243 2082 lenter
2272 2028 2393 2083 illos
2420 2045 2778 2104 summovent,
2805 2038 2894 2107 qui
2915 2055 3008 2095 eos
3025 2046 3351 2103 conveniunt
3379 2067 3391 2103 :
3415 2049 3504 2107 hic
3528 2068 3657 2109 vero

2068 2135 2174 2174 non
2204 2119 2309 2176 vim
2337 2122 2587 2191 aﬂerens,
2619 2128 2712 2184 sed
2738 2146 2836 2186 nos
2860 2132 3134 2204 decipiens
3152 2179 3166 2203 ,
3200 2148 3255 2194 et
3290 2142 3355 2196 ad
3384 2146 3657 2217 negligen-

2070 2213 2196 2268 tiam
2240 2216 2540 2285 impellens.
2573 2218 2911 2291 Quapropter
2941 2241 3040 2280 nec
3070 2231 3222 2284 venia
3250 2232 3393 2303 digni
3422 2213 3607 2293 sanius
3637 2281 3655 2305 ,

2067 2324 2189 2363 cum
2213 2324 2309 2364 nos
2337 2311 2482 2381 ipsos
2507 2312 2662 2369 bonis
2686 2328 2878 2387 sponte
2908 2321 3196 2389 privemus.
3226 2325 3338 2381 Lux
3361 2338 3443 2384 est
3463 2335 3656 2388 mentis

2069 2411 2123 2457 et
2150 2404 2344 2458 anima:
2384 2420 2506 2459 cum
2552 2407 2729 2463 studio
2758 2409 2871 2465 fusa
2902 2414 3071 2467 oratio
3092 2456 3107 2481 ,
3146 2416 3235 2473 lux
3262 2418 3578 2479 inexstincta
3603 2437 3655 2481 et

2070 2498 2338 2563 perennis.
2371 2497 2658 2568 Propterea
2705 2502 3015 2561 innumeras
3044 2510 3240 2565 nostris
3267 2515 3536 2572 mentibus
3565 2534 3657 2573 co-

2067 2590 2382 2659 gitationum
2409 2593 2599 2649 sordes
2626 2596 2825 2666 injicit,
2870 2608 2926 2654 et
2962 2616 3082 2670 quae
3132 2618 3421 2675 numquam
3451 2612 3656 2681 cogita-

2068 2682 2243 2738 vimus
2265 2710 2295 2750 ,ι
2338 2685 2453 2742 Ι)ωο
2490 2688 2716 2744 collecta
2763 2698 3004 2762 tempore
3038 2697 3295 2752 orationis
3339 2700 3392 2753 in
3421 2703 3654 2757 animam

2069 2784 2308 2832 nostram
2353 2777 2603 2833 infundit.
2637 2781 2705 2835 Et
2732 2782 3183 2852 quemadmodum
3229 2790 3377 2844 venti
3414 2808 3655 2865 saepenu-

2067 2884 2218 2924 mero
2243 2884 2310 2924 ex
2337 2868 2563 2926 adverso
2582 2872 2891 2942 ingruentes
2910 2890 3194 2933 accensum
3222 2879 3399 2951 ignem
3422 2883 3656 2941 lucerna:

2066 2959 2195 3015 flatu
2220 2961 2587 3017 diventilatum
2609 2964 2953 3036 exstinguunt
2979 2985 2992 3021 :
3014 2969 3092 3023 sic
3114 2979 3167 3024 et
3188 2969 3429 3028 diabolus
3451 2989 3571 3029 cum
3599 2976 3654 3031 in

2066 3052 2222 3108 nobis
2243 3068 2520 3109 accensam
2545 3056 2801 3111 orationis
2827 3056 3093 3113 flammam
3119 3061 3330 3131 viderit,
3360 3065 3654 3123 innumeris

2065 3160 2164 3201 nos
2190 3145 2635 3202 sollicitudinibus
2657 3147 2783 3203 hinc
2802 3148 2926 3205 inde
2949 3150 3198 3220 perﬂatos
3224 3170 3329 3209 non
3356 3157 3500 3225 prius
3525 3158 3656 3213 sinit

2063 3238 2339 3309 quiescere
2359 3278 2375 3304 ,
2410 3255 2568 3309 quam
2598 3239 2773 3297 lucem
2800 3243 3136 3299 exstinxerit.
3170 3244 3277 3300 Sed
3303 3248 3445 3317 quod
3476 3249 3551 3303 illi
3577 3252 3655 3305 fa-

2064 3331 2246 3399 ciunt,
2277 3332 2366 3401 qui
2395 3332 2645 3388 lucernas
2684 3334 2803 3389 illas
2836 3336 3170 3405 accendunt,
3213 3354 3312 3394 nos
3337 3356 3551 3411 quoque
3576 3342 3656 3397 fa-

2061 3425 2287 3480 ciamus.
2339 3426 2478 3495 Quid
2522 3427 2596 3482 illi
2642 3443 2771 3483 vero
2818 3430 3056 3486 faciunt?
3102 3432 3238 3488 Cum
3279 3434 3651 3493 vehementem

2062 3517 2316 3587 ingruere
2348 3526 2567 3573 ventum
2596 3520 2812 3587 vident,
2846 3523 3095 3591 imposito
3121 3523 3287 3594 digito
3317 3525 3549 3582 lucerna:
3573 3527 3653 3583 fo-

2062 3609 2252 3663 ramini
2293 3610 2505 3679 spiritui
2534 3611 2738 3667 aditum
2763 3612 3148 3668 intercludunt.
3175 3614 3441 3682 Quamdiu
3484 3616 3652 3688 siqui-

2060 3700 2182 3754 dem
2223 3703 2463 3756 exterius
2500 3702 2760 3772 impetum
2795 3704 2975 3773 faciet,
3014 3706 3268 3762 resistere
3306 3710 3601 3765 valebimus
3632 3728 3648 3767 :

2061 3792 2152 3845 ubi
2182 3808 2310 3847 vero
2338 3780 2541 3849 mentis
2557 3794 2634 3849 illi
2660 3795 2805 3851 fores
2824 3797 3197 3867 aperuerimus
3217 3838 3233 3865 ,
3281 3809 3335 3855 et
3374 3800 3650 3856 inimicum

2059 3883 2202 3940 intus
2230 3884 2628 3953 admiserimus,
2660 3895 2772 3941 tum
2816 3903 2924 3942 non
2958 3889 3186 3958 amplius
3208 3931 3225 3955 ,
3257 3906 3326 3945 ne
3370 3892 3648 3949 minimum

2057 3978 2273 4047 quidem
2304 3980 2557 4035 resistere
2587 3994 2904 4049 possumus:
2933 3983 3027 4037 sed
3051 3984 3310 4039 memoria
3334 3995 3515 4042 nostra
3544 4004 3647 4043 un-

2057 4069 2219 4139 dique
2263 4071 2531 4125 exstincta
2576 4081 2635 4125 ut
2672 4072 2890 4127 lucerna
2919 4073 3187 4144 fumigans
3213 4117 3227 4141 ,
3270 4076 3448 4131 inania
3486 4078 3649 4135 verba

2056 4161 2183 4216 sinit
2210 4175 2271 4214 os
2298 4170 2539 4216 nostrum
2559 4161 2857 4219 effundere.
2889 4164 3081 4219 Verum
3115 4177 3173 4221 ut
3199 4167 3273 4221 illi
3299 4168 3532 4224 lucerna:
3559 4169 3645 4226 fo-

2055 4255 2247 4309 ramini
2293 4253 2516 4324 digitum
2559 4255 2879 4325 imponunt,
2919 4258 2991 4311 ita
3035 4273 3135 4313 nos
3178 4259 3437 4315 rationem
3477 4264 3645 4319 tuenti

2054 4348 2431 4417 praeficiamus,
2462 4349 2698 4421 maligno
2726 4350 2935 4420 spiritui
2964 4351 3165 4407 aditum
3191 4354 3609 4412 intercludamus
3633 4404 3648 4429 ,

2053 4459 2124 4501 ne
2171 4446 2432 4499 orationis
2482 4455 2681 4498 nostra:
2732 4443 2913 4498 lumen
2958 4445 3279 4516 exstinguat.
3330 4447 3638 4505 Meministi:

2053 4536 2213 4608 hujus
2253 4537 2487 4607 exempli
2528 4537 2828 4607 utriusque,
2857 4545 2913 4592 et
2937 4538 3165 4593 militum
3194 4554 3258 4595 ac
3278 4544 3531 4612 magistra
3543 4551 3644 4605 tus.

2051 4640 2107 4686 et
2132 4629 2413 4686 lacerum?
2459 4629 2748 4701 Pr0pterea
2795 4643 3027 4701 namque
3075 4630 3231 4685 vobis
3256 4631 3371 4687 hate
3396 4635 3647 4705 exempla

2050 4722 2340 4777 recitamus
2360 4763 2375 4789 ,
2406 4721 2458 4776 in
2488 4721 2682 4791 quibus
2712 4736 3017 4789 versamur,
3069 4722 3124 4776 in
3173 4723 3366 4794 quibus
3408 4739 3598 4781 sumus
3631 4768 3645 4793 ,

2055 4827 2112 4871 ut
2138 4816 2298 4871 etiam
2324 4830 2445 4869 cum
2478 4813 2601 4869 hinc
2629 4813 3030 4879 recesserimus,
3060 4829 3123 4868 ac
3151 4814 3298 4870 domi
3330 4815 3590 4873 fuerimus
3628 4860 3644 4885 ,

2051 4925 2146 4980 per
2170 4925 2262 4964 eas
2287 4924 2376 4964 res
2401 4923 2535 4979 quas
2563 4907 2822 4962 habemus
2850 4923 2961 4978 prae
2988 4908 3235 4964 manibus
3258 4951 3274 4977 ,
3303 4925 3489 4966 eorum
3517 4928 3638 4984 qua-

2050 5002 2188 5056 dicta
2216 5009 2342 5056 sunt
2360 5000 2516 5055 nobis
2536 5000 2793 5055 memoria
2820 4999 3124 5054 refricetur.

2119 5094 2173 5150 6.
2215 5094 2466 5166 Magnum
2514 5095 2667 5147 telum
2713 5094 2953 5164 precatio.
2995 5091 3198 5147 Orbitas
3229 5092 3500 5149 liberarunt
3530 5113 3632 5150 non

2046 5197 2121 5242 est
2157 5204 2304 5259 paena
2345 5187 2571 5258 peccati;
2600 5202 2753 5255 quant
2795 5201 3005 5238 causam
3049 5183 3262 5251 habeat;
3304 5194 3479 5256 partus
3528 5197 3634 5240 ste-

2044 5278 2154 5333 rilis
2203 5289 2380 5350 partus
2434 5276 2643 5347 virginis
2694 5275 2849 5345 ﬁdem
2890 5276 3034 5344 facit.
3066 5304 3139 5320 -η
3178 5275 3366 5348 Magna
3415 5284 3499 5331 est
3545 5291 3635 5330 ar-

2044 5379 2253 5424 matura
2300 5369 2503 5435 oratio,
2555 5382 2804 5437 magnum
2850 5366 3179 5436 praesidium.
3231 5367 3469 5423 Audistis
3514 5364 3630 5421 heri

2042 5477 2149 5533 quo
2190 5470 2345 5531 pacto
2391 5469 2499 5515 tres
2530 5459 2680 5530 pueri
2720 5458 2882 5513 vincti
2927 5459 3184 5529 impetum
3227 5458 3365 5529 ignis
3411 5473 3625 5526 repres-

2043 5556 2249 5620 serint,
2286 5571 2392 5625 quo
2451 5564 2605 5624 pacto
2666 5552 2935 5607 ﬂammam
2994 5552 3292 5616 calcarint,
3322 5565 3430 5620 quo
3476 5560 3632 5618 pacto

2043 5648 2315 5711 fornacem
2362 5646 2750 5718 superaverint,
2782 5661 2889 5718 quo
2920 5653 3075 5717 pacto
3103 5645 3353 5701 virtutem
3392 5643 3617 5699 Clemen-
