4020 6370
403 278 510 335 559

404 391 445 443 ti
475 385 808 443 devicerint?
840 384 1030 440 Audite
1077 397 1261 438 rursus
1292 381 1466 440 hodie.
1499 395 1602 448 quo
1634 384 1786 446 pacto
1813 386 1979 443 gene-

408 495 563 535 rosus
605 493 668 532 ac
698 493 916 545 magnus
954 475 1097 530 Isaac
1134 475 1300 542 ipsam
1321 470 1565 541 corporis
1593 477 1833 522 naturam
1860 479 1984 518 ora-

407 572 551 627 tione
576 571 858 640 superarit.
911 567 988 620 Illi
1026 567 1272 621 virtutem
1314 565 1449 634 ignis
1488 562 1870 626 dissolverant,
1899 557 1985 612 hic

403 663 662 718 hodierno
717 660 806 715 die
855 659 1062 713 vincula
1121 657 1280 712 solvit
1331 655 1587 710 mutilata:
1633 662 1854 706 naturae.
1911 651 1986 703 Ac

401 755 550 810 disce
594 769 698 824 qua
731 752 937 806 ratione
980 750 1030 805 id
1055 752 1242 820 egerit.
1288 747 1553 820 Rogubat,
1590 746 1790 814 inquit,
1835 743 1988 797 Isaac

401 863 493 917 pro
553 859 713 899 uxore
771 860 901 907 sua,
963 843 1200 912 quoniam
1258 841 1443 895 sterilis
1496 847 1603 892 erat
1670 835 1843 907 (Gen.
1893 835 1983 890 25.

400 938 516 1011 2|).
563 938 690 992 llaec
719 937 869 991 vobis
898 936 1058 991 hodie
1103 944 1226 990 sunt
1265 934 1399 989 lecta
1431 950 1444 985 :
1477 931 1588 986 heri
1629 930 1698 985 de
1745 929 1986 984 oratione

398 1041 581 1084 sermo
611 1037 699 1082 est
724 1027 957 1092 habitus,
997 1038 1048 1080 et
1076 1025 1231 1078 hodie
1260 1039 1447 1080 rursus
1471 1022 1854 1078 demonstratio
1877 1021 1980 1075 vir-

399 1120 532 1174 tutis
561 1119 820 1174 oratioais
851 1118 1104 1172 occurrit.
1136 1115 1339 1170 Videtis
1367 1125 1423 1169 ut
1461 1115 1531 1168 ita
1561 1113 1790 1182 Spiritus
1816 1113 1984 1182 gratia

395 1211 719 1280 disponente
748 1211 818 1264 sit
844 1210 1061 1272 factum,
1092 1220 1146 1262 ut
1176 1209 1238 1261 iis
1264 1221 1523 1267 consona,
1555 1221 1674 1274 qua:
1695 1204 1832 1258 dicta
1860 1212 1986 1256 sunt

397 1301 539 1369 heri,
589 1302 848 1356 hodierno
885 1301 971 1355 die
1005 1299 1344 1369 legerentur?
1405 1297 1636 1366 Rogabat
1662 1294 1760 1366 (η),
1795 1295 1984 1364 inquit,

401 1412 494 1466 pro
522 1395 745 1450 Rebecca
773 1409 930 1448 uxore
975 1409 1088 1453 sua,
1131 1391 1371 1460 quoniam
1410 1389 1596 1442 sterilis
1637 1397 1764 1441 erat.
1795 1386 1906 1440 llnc
1934 1386 1984 1439 in

399 1487 585 1557 primis
606 1501 782 1556 opera:
805 1485 1029 1554 pretium
1056 1492 1139 1538 est
1164 1496 1424 1550 quaerere,
1453 1495 1553 1550 qua
1590 1479 1659 1534 de
1688 1493 1846 1534 causa
1879 1487 1988 1534 ste-

400 1578 514 1632 rilis
549 1587 714 1632 esset.
739 1573 1082 1630 Admirabilis
1113 1572 1386 1640 cujusdam
1411 1572 1530 1625 vita:
1558 1585 1867 1640 magnmque
1893 1585 1986 1624 ca-

399 1671 594 1726 stitatis
620 1670 771 1738 plena
800 1684 920 1723 cum
951 1667 1060 1736 ipsa
1092 1674 1226 1730 erat,
1253 1673 1361 1718 tum
1381 1664 1461 1717 vir
1481 1663 1615 1732 ejus.
1651 1663 1764 1716 Non
1797 1678 1986 1732 possu-

401 1778 519 1815 mus
545 1776 762 1830 carpere
787 1768 1091 1813 sanctorum
1121 1758 1302 1820 vitam,
1342 1771 1405 1810 ac
1439 1756 1615 1810 dicere
1646 1764 1984 1824 peccatorum

398 1854 644 1910 effectum
671 1868 788 1906 esse
818 1851 1177 1906 sterilitatem.
1207 1849 1312 1903 Nec
1362 1849 1461 1902 ista
1491 1848 1686 1902 sterilis
1711 1846 1808 1900 fuit
1846 1845 1985 1912 sola,

398 1947 491 2000 sed
519 1957 569 2000 et
601 1956 768 2000 mater
796 1945 960 2015 ipsius
989 1944 1174 2004 Sarra.
1206 1959 1325 2014 qua:
1356 1942 1505 1996 illum
1549 1941 1786 2011 peperit;
1817 1955 1988 2009 neque

399 2053 526 2091 vero
557 2047 729 2090 mater
746 2037 863 2104 ejus
891 2046 1089 2091 tantum
1131 2035 1330 2090 sterilis
1361 2034 1477 2099 fuit,
1504 2049 1676 2102 neque
1700 2047 1858 2098 uxor,
1893 2031 1988 2087 sed

398 2138 452 2184 et
495 2145 677 2193 nurus,
718 2128 898 2184 Jacobi
938 2144 1070 2182 uxor
1114 2126 1336 2181 Rachel.
1379 2126 1512 2194 Quid
1562 2124 1662 2180 sibi
1713 2127 1821 2178 vult
1871 2125 1988 2181 hmc

400 2225 554 2277 turba
586 2222 888 2276 sterilium?
917 2223 1114 2276 Omnes
1139 2220 1290 2290 illa”,
1321 2236 1508 2274 omnes
1534 2219 1728 2272 virtute
1757 2218 1983 2288 praediti,

398 2331 582 2368 omnes
612 2314 705 2368 Dei
738 2313 1042 2368 testimonio
1068 2312 1344 2380 approbati
1376 2320 1546 2365 erant.
1592 2311 1666 2364 De
1704 2311 1808 2364 illis
1845 2310 1985 2364 enim

398 2405 646 2459 dixerat:
679 2404 788 2475 Ego
830 2421 939 2458 sunt
967 2402 1108 2456 Deus
1138 2403 1412 2468 Abraham,
1457 2413 1503 2455 ct
1547 2401 1681 2454 Deus
1727 2400 1898 2464 Isaac,
1943 2411 1990 2454 et

400 2498 536 2551 Deus
561 2497 720 2550 Jacob
749 2496 939 2564 (Exod.
968 2495 1020 2550 5.
1051 2495 1128 2565 6).
1155 2496 1229 2548 De
1257 2495 1441 2548 iisdem
1473 2495 1630 2548 etiam
1657 2494 1732 2548 sic
1759 2493 1991 2563 loquitur

399 2590 596 2646 Paulus
629 2608 641 2642 :
680 2590 842 2657 Quam
883 2590 944 2643 ob
973 2606 1180 2643 causam
1220 2606 1319 2641 non
1362 2588 1691 2656 confunditur
1724 2587 1855 2641 Deus
1906 2603 1991 2641 vo-

399 2685 504 2736 cari
535 2680 671 2736 Deus
701 2699 871 2736 eorum
901 2680 1083 2752 (Hebr.
1120 2683 1205 2736 11.
1243 2680 1350 2748 iii).
1385 2680 1546 2734 Multa
1575 2695 1759 2734 eorum
1789 2696 1990 2748 pecco-

401 2776 485 2830 nia
525 2775 578 2828 in
605 2775 772 2840 Novo,
814 2775 994 2829 multm
1035 2775 1242 2828 illorum
1277 2773 1458 2826 laudes
1502 2773 1554 2826 in
1596 2773 1774 2826 Veteri
1801 2773 1989 2826 Testa-

402 2878 582 2925 mento
610 2887 623 2922 :
654 2867 797 2921 omni
847 2881 910 2920 ex
957 2876 1107 2937 parte
1154 2866 1280 2919 clari
1329 2873 1382 2918 ct
1425 2864 1680 2930 illustres,
1726 2874 1774 2920 el
1805 2879 1990 2919 omnes

401 2959 612 3014 steriles
640 2959 905 3013 habebant
935 2975 1150 3024 uxores,
1183 2973 1246 3011 ac
1289 2959 1405 3013 sine
1436 2957 1617 3011 liberis
1649 2959 1816 3011 multo
1848 2967 1987 3012 tem-

400 3067 530 3122 pore
544 3052 808 3106 vixerunt.
840 3049 972 3106 Cum
1004 3051 1160 3121 igitur
1184 3051 1352 3103 virum
1375 3059 1429 3104 et
1455 3065 1673 3104 uxorem
1697 3050 1894 3105 videris
1921 3065 1987 3105 ex

401 3145 612 3198 virtutis
658 3145 969 3214 prmscript0
1011 3143 1174 3196 vitam
1205 3142 1479 3213 degentes,
1525 3157 1646 3196 cum
1691 3142 1988 3211 religiosos,

404 3235 614 3306 pietatis
638 3234 905 3288 studiosos
933 3242 988 3288 et
1013 3233 1192 3288 liberis
1222 3233 1522 3299 destitutos,
1551 3248 1620 3287 ne
1651 3241 1990 3302 peccatorum

400 3328 807 3382 retributionem
839 3328 1056 3381 omnino
1087 3343 1206 3382 esse
1228 3327 1515 3381 liberorum
1544 3327 1815 3381 existimes
1845 3325 1989 3380 orbi-

406 3429 590 3474 tatem.
623 3419 801 3474 blulta:
829 3419 1024 3490 quippe
1051 3428 1175 3473 sunt
1215 3420 1450 3472 rationes
1482 3418 1829 3487 providentia:
1859 3418 1993 3472 divi-

405 3526 490 3565 na:
529 3525 591 3564 ac
629 3510 780 3564 nobis
810 3511 1053 3577 occultaz,
1096 3519 1149 3563 et
1194 3524 1288 3578 pro
1334 3509 1580 3563 ominibus
1611 3509 1830 3579 agenda:
1871 3517 1995 3563 sunt

407 3602 610 3674 gratim,
658 3602 864 3671 solique
891 3602 964 3655 illi
1003 3601 1181 3655 miseri
1215 3601 1466 3656 censendi
1510 3602 1597 3670 qui
1629 3601 1771 3654 vitiis
1811 3610 1992 3655 conta-

407 3696 594 3751 minati
636 3696 838 3760 vivunt,
873 3711 979 3749 non
1008 3695 1096 3764 qui
1139 3694 1320 3750 liberis
1365 3704 1570 3749 carent.
1614 3694 1994 3764 Smpennmero

407 3789 550 3843 Deus
596 3787 798 3842 utiliter
843 3786 895 3840 id
937 3787 1084 3856 agit:
1121 3801 1218 3840 nos
1255 3796 1432 3841 autem
1482 3802 1667 3842 eorum
1717 3803 1836 3856 qua:
1865 3787 1996 3841 ﬁunt

409 3893 622 3934 causam
669 3878 994 3948 ignoramus.
1039 3876 1242 3932 idcirco
1276 3878 1588 3947 sapientiam
1641 3877 1759 3947 ejus
1803 3877 1994 3948 ubique

408 3970 613 4025 laudari
646 3985 743 4042 par
764 3977 868 4038 est,
898 3977 954 4024 et
987 3969 1296 4039 benignitati
1335 3969 1449 4040 ejus
1480 3969 1735 4024 ineli'abili
1771 3970 1995 4042 gloriam

405 4063 621 4119 deferri.

482 4156 536 4210 7.
576 4155 749 4226 Atque
769 4153 856 4208 hic
884 4151 1099 4222 quidem
1135 4167 1314 4208 sermo
1341 4163 1551 4207 nostros
1578 4152 1846 4210 instruere
1876 4170 1985 4208 mo-

409 4265 500 4304 res
552 4258 771 4319 potest:
803 4247 899 4303 sed
946 4256 1000 4303 et
1051 4247 1312 4316 tangenda
1367 4246 1522 4300 nobis
1563 4255 1646 4301 est
1693 4262 1873 4313 causa,
1931 4249 2004 4303 ob

415 4357 574 4410 quam
610 4340 820 4395 steriles
860 4340 968 4394 illa:
1008 4339 1261 4394 mulieres
1289 4338 1524 4393 fuerunt.
1552 4339 1806 4406 Qumnam
1845 4339 2006 4410 igitur

411 4433 513 4488 fuit
537 4434 735 4488 causa?
765 4432 852 4497 Ut,
883 4449 1003 4488 cum
1035 4432 1292 4503 virginem
1341 4433 1632 4503 parientem
1663 4447 2000 4486 communem

416 4533 656 4580 nostrum
687 4524 967 4578 Dominum
995 4523 1209 4588 videris,
1236 4524 1394 4578 iidem
1417 4523 1615 4578 habere
1645 4539 1751 4578 non
1784 4539 1998 4578 renuas.

414 4617 556 4687 Ergo
592 4624 825 4670 mentem
867 4627 1010 4670 tuam
1053 4613 1107 4670 in
1152 4616 1414 4670 Sterilium
1450 4624 1606 4670 utero
1650 4630 1840 4669 exerce
1875 4634 1888 4671 :
1922 4625 1996 4679 ut,

417 4728 540 4768 cum
577 4709 919 4766 infecundum
972 4709 1304 4763 ae-vinctum
1352 4717 1559 4763 uterum
1599 4708 1795 4763 videris
1823 4708 1999 4762 divina

417 4803 584 4872 gratia
624 4801 691 4856 ad
729 4801 922 4855 liberos
949 4799 1240 4870 gignendos
1280 4799 1614 4867 adapertum,
1657 4816 1722 4854 ne
1769 4801 2000 4868 mireris,

418 4894 543 4949 dum
578 4894 846 4964 peperisse
873 4893 1132 4963 virginem
1163 4891 1335 4946 audis.
1366 4891 1478 4946 lmo
1504 4908 1629 4947 vero
1652 4903 1704 4946 et
1731 4893 1922 4948 mirare
1950 4906 2005 4948 et

416 4987 754 5058 obstupesce,
793 4997 1159 5040 verumtamen
1189 4985 1410 5040 credere
1448 4985 1759 5040 miraculum
1803 5001 1870 5041 ne
1912 5002 2001 5042 re-

420 5089 566 5129 cusa.
614 5074 745 5129 Cum
794 5074 988 5128 dixerit
1028 5072 1119 5127 tibi
1168 5073 1402 5136 Judteus,
1436 5073 1551 5140 Quo
1599 5085 1754 5143 pacto
1799 5075 2006 5144 peperit

422 5166 615 5238 virgo?
643 5174 698 5221 tu
732 5165 816 5220 die
851 5167 946 5231 illi,
978 5165 1096 5232 Quo
1127 5173 1281 5236 pacto
1311 5166 1514 5235 peperit
1540 5167 1734 5219 sterilis
1759 5176 1812 5219 et
1847 5182 2006 5221 sene-

417 5271 563 5315 cutte
604 5257 887 5313 confecta?
919 5259 1034 5312 Duo
1065 5257 1444 5327 impedimenta
1493 5268 1618 5312 tunc
1657 5269 1829 5324 erant,
1879 5269 2008 5315 actas

420 5353 651 5413 exoleta,
674 5359 730 5405 et
755 5349 929 5419 inepta
957 5361 1141 5403 natura
1171 5368 1183 5403 :
1215 5349 1266 5403 in
1298 5349 1503 5418 virgine
1528 5357 1703 5404 autem
1728 5366 1890 5404 unum
1913 5349 2008 5406 fuit

421 5442 902 5516 impedimentum,
967 5440 1109 5509 quod
1153 5441 1364 5510 nuptias
1409 5450 1630 5508 experta
1685 5455 1789 5494 non
1846 5451 2006 5496 esset.

421 5536 574 5589 Viam
601 5535 759 5606 igitur
782 5533 973 5588 sternit
998 5533 1189 5603 virgini
1211 5533 1430 5589 sterilis.
1465 5534 1638 5604 Atque
1664 5543 1724 5588 ut
1751 5534 2008 5605 intelligas

420 5627 620 5686 idcirco
648 5627 858 5684 steriles
884 5626 1238 5697 prtecessisse,
1269 5636 1327 5681 ut
1369 5637 1553 5696 partus
1580 5627 1797 5698 virginis
1827 5628 2010 5685 crede-

480 5738 554 5802 (a)
577 5747 686 5791 tunc
717 5740 820 5804 ipsa
839 5740 1082 5793 habentur
1105 5737 1304 5792 ttomilia
1332 5740 1392 5792 49
1428 5741 1479 5792 in
1502 5741 1746 5804 Genesim,
1768 5750 1801 5798 t.
1823 5744 1868 5796 1.

1118 272 1176 326 s.
1202 267 1482 327 JnANNIs
1520 255 1990 326 CHRYSOSTQMI
2035 254 2356 312 ARClllEP.
2399 260 2932 318 CONSTANTINOP.

3576 265 3677 320 360

2099 382 2270 439 retur,
2316 373 2442 429 audi
2472 375 2665 445 quibus
2719 390 2838 431 eam
2883 376 3060 432 verbis
3099 376 3312 433 Gabriel
3353 379 3424 433 sit
3467 378 3676 434 atratus.

2095 465 2225 520 Cum
2251 465 2391 520 enim
2417 471 2672 527 venisset.
2695 469 2848 537 eique
2873 468 3119 534 dixisset,
3144 468 3406 538 Concipies
3433 472 3488 523 in
3514 480 3676 537 utero,

2094 569 2143 613 et
2169 560 2337 628 paries
2365 559 2548 628 ﬁlium,
2589 571 2634 614 et
2660 562 2858 616 vocabis
2884 578 3068 616 nomen
3109 563 3217 632 ejus
3238 561 3413 616 Iesum
3439 563 3589 633 (Luc.
3625 565 3649 618 1

2095 654 2209 726 3|),
2251 655 2519 725 obstupuit
2547 654 2716 725 virgo,
2762 663 2818 710 et
2867 656 3052 709 mirata
3094 665 3197 722 est,
3241 652 3478 725 dixitque
3507 657 3678 723 :Quo-

2095 747 2246 800 modo
2263 747 2347 815 ﬁet
2369 747 2520 809 istud,
2542 747 2779 817 quoniam
2794 748 2952 800 virum
2971 765 3070 801 non
3091 764 3334 818 cognosco
3357 747 3460 817 (Ib.
3486 765 3534 802 υ.
3555 750 3682 816 54)?

2095 838 2230 901 Quid
2265 839 2422 908 igitur
2442 839 2700 908 angelus?
2731 839 2952 908 Spiritus
2988 849 3190 894 sanctus
3215 843 3528 910 superveniet
3556 843 3607 895 in
3638 854 3673 896 tt

2097 929 2204 1001 (Ib.
2239 946 2285 984 υ.
2319 930 2431 1002 ⁸55).
2477 931 2594 986 Noli
2643 931 2885 986 ordinem
2933 947 3172 1002 quaerere
3210 943 3435 997 naturae,
3478 935 3678 1004 inquit,

2094 1038 2216 1077 cum
2245 1038 2405 1092 supra
2445 1033 2684 1076 naturam
2715 1032 2800 1077 est
2844 1023 2893 1077 id
2921 1023 3060 1093 quod
3089 1025 3292 1093 geritur
3321 1040 3334 1078 :
3364 1041 3431 1079 ne
3470 1027 3681 1094 nuptias

2097 1126 2152 1171 et
2194 1117 2405 1170 dolores
2435 1125 2616 1185 partus
2660 1117 3027 1184 circumspice,
3064 1129 3182 1169 cum
3215 1117 3412 1185 nuptiis
3439 1119 3684 1186 superior

2095 1211 2452 1280 generationis
2479 1212 2666 1264 modus
2693 1209 2865 1264 fuerit.
2898 1210 3162 1277 Quomodo
3189 1211 3275 1278 fiet
3305 1209 3460 1277 istud,
3490 1212 3680 1281 inquit,

2093 1302 2330 1373 quoniam
2371 1302 2532 1355 virum
2574 1317 2676 1356 non
2721 1302 3010 1373 cognosco?
3053 1303 3211 1370 Atqui
3262 1312 3541 1372 propterea
3593 1304 3687 1357 ﬁet

2094 1391 2256 1458 istud,
2289 1392 2410 1462 quia
2449 1392 2620 1446 virum
2655 1407 2758 1447 non
2789 1393 3088 1463 cognoscis.
3120 1392 3175 1450 Si
3208 1394 3349 1448 enim
3388 1394 3559 1448 virum
3587 1410 3683 1448 co-

2093 1484 2395 1554 gnovisses,
2425 1483 2602 1539 habita
2632 1485 2789 1555 digna
2811 1500 2915 1540 non
2947 1501 3114 1550 esses,
3145 1503 3263 1557 quae
3290 1487 3413 1542 huic
3441 1487 3683 1542 ministe-

2094 1577 2175 1630 rio
2206 1577 2514 1632 inservires.
2546 1577 2725 1647 Itaque
2751 1579 2820 1634 ob
2850 1578 2950 1634 hoc
2991 1579 3163 1648 ipsum
3208 1580 3388 1647 crede,
3429 1581 3500 1634 ob
3540 1581 3684 1651 quod

2095 1667 2251 1723 [idem
2284 1671 2465 1724 renuis
2499 1669 2714 1726 habere.
2754 1670 2926 1725 Porro
2953 1672 3213 1741 ejusmodi
3247 1673 3503 1727 inservire
3529 1673 3681 1727 mini-

2093 1763 2255 1817 sterio
2281 1762 2438 1834 digna
2477 1778 2580 1817 non
2621 1778 2769 1818 esses
2815 1763 3013 1829 habita,
3047 1781 3154 1818 non
3193 1765 3335 1835 quod
3379 1764 3577 1819 malum
3616 1766 3688 1820 sit

2093 1854 2419 1925 conjugium,
2451 1855 2544 1910 sed
2577 1857 2697 1926 quia
2727 1858 2916 1912 melior
2948 1867 3031 1912 est
3057 1858 3334 1928 virginitas
3365 1877 3376 1909 :
3407 1861 3684 1929 augustio—

2094 1961 2207 2000 rem
2241 1946 2383 2001 enim
2416 1961 2536 2002 esse
2581 1956 2766 2002 nostro
2799 1949 3095 2019 ingressum
3129 1949 3337 2004 Domini
3366 1951 3683 2020 Oportebat;

2095 2040 2276 2110 regius
2311 2041 2506 2109 quippe
2528 2048 2643 2094 erat
2671 2057 2684 2094 :
2711 2042 2855 2110 atqui
2888 2058 2982 2096 rex
3026 2058 3121 2112 per
3157 2045 3514 2112 augustiorem
3541 2045 3683 2097 viam

2095 2133 2407 2203 ingreditur.
2453 2134 2699 2204 Oportuit
2743 2137 2886 2189 illum
2933 2145 2984 2190 et
3015 2138 3344 2206 generationi
3387 2139 3690 2192 communi-

2093 2241 2239 2288 care,
2271 2236 2323 2279 et
2347 2242 2373 2279 a
2407 2236 2587 2281 nostra
2611 2227 2843 2282 differre.
2874 2227 3052 2299 itaque
3079 2227 3193 2283 haec
3219 2230 3376 2283 ambo
3395 2230 3690 2297 disponun-

2096 2326 2202 2372 tur.
2236 2319 2366 2373 Nam
2399 2335 2466 2373 ex
2498 2330 2650 2375 utero
2699 2322 2866 2387 nasci,
2911 2337 3195 2376 commune
3242 2322 3515 2376 nobiscum
3556 2331 3642 2376 est
3668 2341 3684 2374 :

2094 2412 2190 2467 sed
2225 2413 2427 2482 absque
2466 2413 2714 2483 ennjugio
2743 2415 2912 2479 nasci,
2936 2414 3294 2468 conditionem
3329 2425 3562 2468 nostrain
3589 2430 3686 2470 ex-

2095 2505 2253 2560 Cedit.
2291 2508 2465 2575 Atque
2499 2507 2546 2560 in
2578 2517 2731 2561 utero
2760 2507 2974 2576 quidem
3003 2508 3197 2578 gestari
3246 2519 3302 2561 et
3330 2508 3554 2578 concipi,
3592 2524 3692 2561 na-

2097 2603 2228 2648 turm
2254 2607 2334 2649 est
2368 2597 2639 2657 humanm;
2665 2597 2804 2668 quod
2831 2611 3008 2653 autem
3051 2600 3168 2652 sine
3196 2600 3340 2652 coitu
3369 2600 3458 2652 ﬁat
3486 2614 3686 2653 conce-

2098 2690 2227 2756 ptio,
2280 2697 2464 2742 natura
2513 2689 2744 2744 humana
2789 2699 2870 2744 est
2921 2693 3216 2760 augustius.
3251 2692 3537 2761 Propterea
3571 2692 3688 2745 iure

2095 2778 2254 2833 ambo
2283 2780 2612 2847 acciderunt,
2657 2790 2713 2835 ut
2752 2790 2808 2836 et
2849 2791 3048 2852 quanto
3093 2793 3144 2836 te
3171 2785 3508 2853 praestantior
3532 2785 3601 2838 sit
3641 2786 3690 2837 is

2095 2871 2184 2940 qui
2216 2872 2440 2942 paritur,
2469 2873 2662 2939 discas,
2697 2882 2750 2928 et
2775 2885 3030 2943 quantum
3076 2887 3281 2930 naturae
3315 2886 3416 2930 tua:
3447 2891 3690 2930 commu-

2097 2962 2259 3015 nicet.

2170 3053 2221 3108 8.
2257 3054 2333 3108 Ac
2363 3055 2493 3109 mihi
2534 3057 2848 3127 sapientiam
2895 3059 3174 3114 considera
3196 3103 3208 3119 .
3241 3076 3359 3130 qute
3397 3061 3447 3114 in
3475 3061 3537 3114 iis
3565 3076 3691 3131 qua:

2098 3157 2376 3216 geruntur,
2405 3149 2601 3204 elucet.
2632 3149 2816 3220 Neque
2842 3152 3149 3220 prmstantia
3174 3151 3259 3205 illa
3284 3151 3688 3208 similitudinem

2098 3248 2152 3292 et
2180 3239 2575 3306 cognationem,
2595 3257 2696 3310 qua
2721 3241 2996 3296 nobiseum
3022 3242 3240 3312 junctus
3265 3252 3366 3305 est.
3395 3244 3560 3310 hesit;
3594 3261 3692 3298 ne-

2096 3345 2200 3399 que
2228 3331 2475 3400 cognatio
2498 3341 2676 3385 nostra
2703 3335 3063 3400 praestantiam
3100 3333 3216 3403 ejus
3243 3334 3569 3400 obscuravit,
3594 3336 3690 3390 sed

2099 3431 2325 3490 utraque
2362 3423 2522 3477 rebus
2549 3424 2798 3478 omnibus
2824 3423 3092 3478 declarata
3121 3435 3232 3491 est;
3260 3434 3318 3480 et
3342 3426 3443 3479 alia
3473 3427 3689 3495 quidem

2101 3523 2280 3568 nostra
2323 3513 2551 3569 habebat
2600 3517 2842 3585 integra,
2873 3517 2974 3571 alia
3002 3532 3131 3570 vero
3171 3533 3200 3570 a
3251 3517 3407 3572 nobis
3448 3518 3686 3572 diversa.

2098 3604 2204 3659 Sed
2240 3605 2381 3675 quod
2426 3605 2690 3669 dicebam,
2724 3616 3005 3675 propterea
3042 3606 3252 3662 steriles
3279 3619 3691 3677 praecesserunt,

2100 3705 2159 3750 ut
2198 3704 2380 3766 partus
2408 3697 2629 3767 virginis
2651 3697 2983 3764 crederetur,
3006 3709 3066 3752 ut
3097 3699 3196 3752 ista
3223 3700 3373 3767 quasi
3403 3715 3564 3754 manu
3591 3701 3693 3754 du-

2101 3797 2312 3844 ceretur
2335 3789 2400 3843 ad
2433 3789 2590 3845 iidem
2620 3791 2884 3859 promisso
2903 3807 2966 3846 ac
2991 3791 3360 3860 pollicitationi
3387 3793 3459 3847 illi
3487 3793 3692 3848 haben-

2101 3881 2246 3948 dam,
2275 3898 2434 3952 quam
2476 3884 2666 3952 angelo
2709 3883 2910 3938 audivit
2953 3883 3197 3951 dicente,
3224 3885 3450 3954 Spiritus
3488 3898 3694 3952 sanctus

2105 3974 2414 4044 superveniet
2450 3974 2504 4026 in
2549 3982 2616 4040 te,
2645 3982 2689 4028 et
2729 3975 2888 4028 virtus
2925 3974 3173 4030 Altissimi
3217 3977 3530 4032 obumbrabit
3556 3980 3646 4033 tibi
3676 3995 3696 4034 :

2103 4065 2202 4129 sic,
2233 4065 2424 4135 inquit,
2455 4066 2690 4134 paritura
2720 4081 2798 4120 es.
2822 4065 2899 4124 Ne
2921 4067 3179 4137 respicias
3207 4078 3434 4133 terram;
3468 4071 3535 4125 de
3560 4074 3698 4126 caelo

2104 4155 2580 4210 veniteflicacitas.
2609 4156 2839 4225 Spiritus
2865 4166 2948 4211 est
2981 4158 3150 4228 gratia
3191 4158 3330 4228 quod
3372 4161 3594 4231 geritur,
3629 4177 3698 4217 ue

2104 4247 2234 4301 mihi
2267 4263 2474 4318 qureras
2501 4257 2742 4303 naturam
2789 4257 2844 4304 et
2883 4249 3028 4320 leges
3058 4252 3382 4320 nuptiarum.
3417 4253 3522 4308 Sed
3561 4269 3699 4323 quo-

2106 4343 2246 4394 niam
2279 4341 2416 4394 illius
2441 4351 2653 4410 captum
2675 4343 3008 4398 excedebant
3035 4341 3151 4398 lucc
3176 4344 3358 4405 verba,
3391 4346 3508 4398 vult
3533 4347 3696 4399 etiam

2107 4434 2325 4488 alteram
2371 4434 2880 4489 demonstrationem
2930 4438 3189 4506 praebere.
3223 4438 3299 4491 Tu
3339 4453 3470 4492 vero
3512 4441 3698 4493 consi-

2106 4529 2232 4584 dera
2253 4572 2267 4593 ,
2301 4546 2406 4596 quo
2434 4540 2588 4597 pacto
2616 4531 2814 4585 sterilis
2843 4535 2909 4587 ad
2948 4529 3104 4586 ﬁdem
3137 4531 3263 4586 huic
3287 4532 3363 4587 rei
3395 4531 3696 4587 habendam

2108 4619 2353 4675 deducat.
2406 4621 2538 4674 Nam
2586 4623 2835 4692 quoniam
2895 4624 2979 4677 illa
3035 4623 3420 4678 demonstratio
3464 4632 3697 4677 mentem

2110 4715 2326 4784 virgiuis
2351 4713 2659 4780 excedebat,
2676 4715 2796 4770 audi
2815 4731 2919 4785 quo
2944 4726 3094 4785 pacto
3119 4715 3183 4770 ad
3203 4715 3484 4770 humiliora
3501 4731 3702 4769 sermo-

2109 4824 2230 4862 nem
2255 4809 2537 4863 dcmittens
2566 4826 2658 4878 per
2684 4822 2770 4864 res
2796 4809 3060 4878 subjectas
3085 4809 3330 4862 sensibus
3366 4807 3513 4861 illam
3543 4808 3698 4876 quasi

2113 4916 2271 4953 n.auu
2333 4899 2506 4954 ducat.
2555 4899 2690 4954 Ecce
2743 4900 2919 4962 enim,
2963 4900 3169 4967 inquit,
3211 4897 3439 4953 Elizabet
3482 4908 3705 4968 cognata

2112 5001 2219 5056 tua,
2250 5003 2296 5044 et
2321 4993 2435 5062 ipsa
2455 4993 2684 5060 concepit
2707 4992 2868 5061 ﬁlium
2890 4991 2941 5044 in
2963 5000 3215 5044 senectute
3236 5007 3326 5045 sua
3351 5007 3369 5044 :
3391 5000 3437 5044 et
3467 4990 3548 5042 hic
3571 5007 3706 5042 men-

2111 5087 2180 5139 sis
2225 5095 2392 5138 sexlus
2432 5093 2505 5138 est
2551 5083 2662 5148 illi,
2700 5100 2814 5153 qua:
2855 5093 3062 5136 vocatur
3105 5083 3290 5135 sterilis
3317 5080 3465 5151 (Luc.
3501 5082 3552 5134 1.
3586 5081 3703 5149 56).

2116 5179 2276 5234 Vides
2321 5180 2556 5234 sterilem
2596 5195 2718 5233 esse
2763 5187 2980 5248 pr0pter
3011 5176 3311 5246 virginem?
3342 5174 3471 5229 Nam
3504 5174 3705 5243 alioqui

2115 5285 2211 5324 cur
2239 5269 2314 5324 illi
2341 5271 2558 5340 protulit
2575 5269 2625 5322 in
2649 5269 2883 5323 medium
2907 5277 3148 5338 cognata:
3168 5266 3416 5337 partum?
3443 5280 3602 5334 quam
3632 5263 3706 5317 ob

2113 5370 2329 5418 c‘ausam
2358 5363 2492 5416 dixit
2521 5379 2535 5415 :
2565 5360 2630 5415 In
2647 5371 2901 5415 senectute
2927 5359 3061 5414 sua?
3081 5374 3180 5413 cur
3203 5358 3467 5428 adjunxit,
3502 5357 3565 5410 Ei
3591 5370 3707 5426 quas

2117 5467 2323 5509 vocatur
2343 5455 2570 5508 sterilis?
2592 5453 2738 5508 Illam
2769 5455 3019 5508 nimirum
3067 5451 3152 5506 his
3177 5451 3426 5506 omnibus
3451 5449 3519 5503 ad
3546 5449 3707 5503 fidem

2117 5546 2510 5603 annuntiationi
2547 5546 2843 5601 habendam
2879 5544 3153 5600 incitabat.
3181 5543 3468 5612 PrOpterea
3496 5551 3552 5595 et
3575 5548 3707 5593 :eta-

2118 5652 2225 5697 tem
2271 5651 2325 5696 et
2368 5651 2570 5696 natura:
2625 5639 3042 5696 imbecillitatem
3097 5637 3334 5693 narravit
3374 5652 3388 5689 :
3424 5646 3709 5706 propterea

2119 5748 2332 5805 quoque
2351 5748 2380 5789 a
2408 5732 2493 5789 die
2521 5732 2886 5804 conccptionis
2909 5731 3148 5802 elapsum
3185 5738 3396 5800 tempus
3423 5737 3700 5796 eaSpccta~
