4020 6370
385 334 489 387 359

382 455 547 527 μερόν
567 450 664 520 τῆς
690 448 903 520 φύσεως
934 448 1336 520 πεπηρωμένης
1359 447 1514 501 Ξλυσε
1533 447 1601 501 τά
1630 447 1824 518 δεσμά.
1844 449 1955 501 Καὶ

379 548 518 619 μάθε
550 544 667 607 πῶς
696 543 851 597 τοῦτο
879 541 1069 596 ἐποίει.
1115 541 1358 603 Ἐδέετο,
1379 542 1563 610 φησὶν,
1593 541 1797 597 Ἰσαὰκ
1823 540 1957 609 περὶ

376 639 488 704 τῆς
514 636 802 707 γυναικὸς
828 635 1033 700 αὐτοῦ,
1059 634 1147 689 ὅτι
1167 633 1372 702 στεῖρα
1387 630 1485 704 ἦν.
1510 633 1693 689 Ταῦτα
1716 635 1954 705 σήμερον

375 731 505 798 ὑμῖν
528 727 843 799 ἀνεγνώσθη
864 742 878 756 ·
913 727 1039 799 χθὲς
1063 730 1188 798 περὶ
1208 727 1375 797 εὐχῆς
1412 728 1439 778 6
1463 726 1639 794 λόγος,
1668 726 1762 780 καί¹
1785 727 1849 795 σή
1859 742 1954 795 μευ

373 842 469 894 ρον
498 823 659 876 πάλιν
691 820 963 886 ἀπόδειξις
986 823 1084 891 τῆς
1113 820 1391 889 δυνάμεως
1413 820 1514 890 τῆς
1546 820 1728 891 εὐχῆς.
1761 819 1954 889 Ὁρᾶτε

374 916 492 980 πῶς
530 917 563 986 ἡ
610 915 703 969 τοῦ
762 915 1082 984 Πνεύματος
1123 913 1440 984 ᾡκονόμησε
1482 911 1641 981 χάρις
1687 911 1952 981 σύμφωνα

371 1012 485 1071 τοῖς
548 1007 674 1078 χθὲς
718 1007 1030 1077 εἰρημένοις
1074 1005 1492 1074 ἀναγνωσθῆναι
1554 1004 1625 1056 τὰ
1666 1005 1948 1076 τήμερον;

387 1101 613 1167 Ἐδέετο,
650 1098 798 1171 ί549]
824 1099 1006 1169 φησὶν,
1049 1097 1233 1151 Ἰσαὰκ
1254 1097 1382 1168 περὶ
1420 1096 1715 1158 Ῥεϐέκκας
1740 1096 1837 1165 τῆς
1854 1113 1952 1163 γυ-

372 1194 558 1257 ναικὸς
581 1193 767 1254 αὑτοῦ,
790 1193 873 1244 ὅτι
902 1192 1088 1261 στεῖρα
1115 1186 1203 1261 ἦν.
1244 1188 1415 1243 Τοῦτο
1438 1189 1654 1260 πρῶτον
1674 1187 1823 1254 ἀξιον
1851 1186 1950 1257 ζη-

369 1286 550 1356 τῆσαι,
612 1285 755 1349 τίνος
784 1285 969 1339 ἕνεκεν
1022 1287 1208 1355 στεῖρα
1238 1279 1325 1355 ἦν.
1367 1282 1492 1336 Βίου
1539 1278 1608 1353 ἦν
1637 1280 1949 1353 θαυμαστοῦ

370 1376 464 1428 καὶ
518 1376 719 1446 πολλῆς
772 1377 1032 1447 γέμοντος
1082 1374 1436 1445 σωφροσύνης
1470 1375 1565 1428 καὶ
1606 1373 1763 1444 αὐτὴ,
1796 1372 1890 1426 καὶ
1921 1376 1950 1427 6

368 1470 528 1541 ἀνήρ.
555 1470 667 1523 Ούκ
690 1468 883 1539 ἔχομεν
910 1468 1265 1522 ἐπιλαϐέσθαι
1283 1469 1381 1539 τῆς
1398 1466 1542 1536 ζωῆς
1567 1466 1677 1520 τῶν
1701 1466 1946 1531 δικαίων,

368 1562 464 1613 καὶ
489 1561 685 1623 εἰπεῖν,
713 1561 795 1612 ὅτι
821 1559 978 1630 ἔργον
1007 1559 1287 1630 ἁμαρτιῶν
1313 1560 1348 1630 ἡ
1373 1559 1678 1629 στείρωσις.
1714 1558 1824 1612 Καὶ
1850 1558 1950 1613 οὐκ

369 1652 508 1723 αὐτὴ
529 1654 715 1723 στεῖρα
743 1652 923 1722 μόνον,
948 1650 1191 1705 ἀλλὰκαὶ
1219 1653 1253 1721 ὴ
1283 1652 1465 1722 μήτηρ
1493 1650 1659 1705 αὐτοῦ
1689 1650 1945 1723 ήΣάῤῥα,

367 1746 402 1813 ἡ
423 1743 657 1798 τεκοῦσα
685 1744 849 1797 αὐτόν
867 1760 880 1773 ·
912 1744 1008 1813 οὐχ
1031 1744 1065 1814 ἡ
1102 1744 1284 1815 μήτηρ
1306 1743 1362 1796 δὲ
1392 1742 1554 1796 αὑτοῦ
1579 1743 1737 1815 μόνον
1760 1747 1949 1816 στεῖρα

367 1830 457 1906 ἦν,
508 1835 629 1889 οὐδὲ
676 1836 708 1906 ή
756 1833 914 1904 γυνὴ,
954 1833 1091 1887 ἀλλά
1119 1834 1213 1887 καὶ
1248 1835 1281 1904 ἡ
1312 1832 1520 1904 νύμφη,
1548 1836 1580 1904 ὴ
1611 1832 1704 1886 τοῦ
1753 1832 1947 1888 Ἰακὼό

367 1927 504 1997 γυνὴ
540 1929 573 1997 ἡ
620 1927 844 1996 Ῥαχήλ.
885 1926 949 1978 Τί
981 1924 1230 1996 βούλεται
1266 1924 1374 1980 τῶν
1423 1922 1649 1995 στειρῶν
1683 1923 1888 1978 τούτων
1919 1925 1948 1977 6

367 2020 559 2091 1696;;
586 2020 793 2082 Πάντες
820 2018 1037 2081 δίκαιοι,
1063 2018 1264 2081 πάντες
1285 2020 1342 2072 ἐν
1370 2018 1538 2089 ἀρετῇ
1564 2017 1785 2080 ζῶντες,
1807 2017 1946 2071 πάν-

365 2129 458 2175 τες
488 2111 593 2165 61:6
619 2111 712 2164 τοῦ
757 2111 891 2165 Θεοῦ
930 2110 1407 2182 ἐμαρτυρήθησαν.
1460 2109 1595 2179 Περὶ
1624 2109 1733 2178 γάρ
1766 2108 1945 2163 αὐτῶν

365 2202 582 2274 ἔλεγεν·
650 2203 797 2276 Ἐγώ
847 2208 964 2274 εἰμι
1016 2209 1049 2259 ὀ
1080 2204 1222 2269 Θεὸς
1264 2203 1530 2273 Ἀϐραὰμ,
1589 2204 1688 2257 καὶ
1736 2206 1770 2256 ό
1802 2203 1946 2269 Θεὸς

381 2292 609 2360 Ἰσαὰκ,
655 2296 754 2350 καί
784 2299 816 2349 ό
848 2295 991 2362 Θεὸς
1036 2295 1256 2350 Ἰακώϐ.
1290 2295 1426 2366 Περὶ
1470 2295 1577 2347 τῶν
1630 2294 1810 2347 αὐτῶν
1851 2294 1946 2347 καὶ

366 2384 577 2448 Παῦλος
604 2384 746 2438 οὕτω
779 2403 894 2449 πως
920 2385 1105 2453 λέγει’
1153 2386 1234 2439 Δι’
1262 2383 1342 2453 ἢν
1373 2386 1571 2439 αἰτίαν
1616 2386 1728 2439 οὐκ
1765 2386 1944 2439 ἐπαι-

364 2478 653 2547 σχύνεται
675 2481 710 2533 ό
763 2479 927 2546 Θεὸς,
976 2478 1121 2544 Θεὸς
1151 2478 1465 2533 καλεῖσθαι
1505 2479 1721 2533 αὐτῶν.
1768 2478 1945 2533 Πολλά

366 2569 544 2622 αὐτῶν
567 2568 635 2621 τὰ
690 2567 940 2639 ἐγκώμια
985 2570 1043 2621 ἐν
1076 2572 1141 2640 τῇ
1187 2572 1384 2640 Καινῇ,
1431 2569 1615 2622 πολλοί⁵
1657 2570 1835 2622 αὐτῶν
1893 2571 1942 2622 οἰ

363 2661 571 2714 ἔπαινοι
600 2662 659 2712 ἐν
686 2664 752 2731 τῇ
780 2661 1012 2731 Παλαιᾷ.
1045 2662 1391 2732 Πανταχόθεν
1409 2662 1653 2735 λαμπροὶ
1677 2664 1769 2716 καὶ
1799 2662 1945 2716 εὐδό-

364 2772 536 2826 κιμοι,
587 2756 683 2808 καὶ
731 2756 933 2820 πάντες
966 2758 1183 2827 στείρας
1234 2756 1392 2827 ἔσχον
1442 2761 1729 2827 γυναῖκας,
1759 2760 1855 2812 καὶ
1884 2761 1942 2812 ἐν

363 2846 591 2916 ἀπαιδίᾳ.
626 2848 789 2919 μέχρι
816 2848 1012 2902 πολλοῦ
1050 2849 1358 2905 διετέλεσαν
1403 2851 1618 2921 χρόνου.
1655 2851 1824 2905 Ὅταν
1847 2848 1942 2907 οὖν

367 2937 480 3009 ἴδῃς
511 2937 681 3010 ἄνδρα
710 2942 803 2994 καὶ
842 2944 1077 3009 γυναῖκα
1126 2942 1293 3014 ἀρετῇ
1332 2942 1628 3008 συζῶντας,
1664 2944 1793 2997 ὅταν
1826 2945 1942 3017 ἴδῃς

364 3037 651 3108 θεοφιλεῖς,
704 3041 982 3105 εὐσεϐείας
1018 3043 1504 3115 ἐπιμελουμένους,
1543 3045 1637 3097 καὶ
1686 3045 1942 3099 ἀπαιδίαν

363 3140 672 3206 νοσοῦντας,
704 3142 777 3213 μὴ
808 3144 1037 3215 νομίσῃς
1088 3144 1370 3216 ἁμαρτιῶν
1418 3142 1557 3199 εἶναι
1598 3146 1814 3209 πάντως
1841 3144 1941 3216 τὴν

362 3245 619 3301 ἀπαιδίαν
652 3247 1027 3302 ἀνταπόδοσιν.
1070 3249 1264 3303 Πολλοὶ
1291 3250 1399 3323 γὰρ
1424 3252 1523 3323 τῆς
1548 3252 1862 3323 οἰκονομίας
1891 3255 1940 3304 οἰ

360 3345 455 3400 τοῦ
488 3346 624 3401 Θεοῦ
658 3348 806 3417 λόγοι
832 3350 925 3402 καὶ
947 3352 1077 3421 ἡμῖν
1099 3350 1420 3422 ἀπόρρητοι,
1444 3353 1536 3405 καὶ
1566 3352 1706 3423 ὑπὲρ
1727 3354 1942 3407 πάντων

362 3447 701 3520 εὐχαριστεῖν
731 3450 829 3516 δεῖ,
860 3452 954 3505 καὶ
988 3451 1183 3523 μόνους
1210 3452 1452 3516 ἐκείνους
1480 3452 1786 3517 ταλανίζειν
1817 3454 1944 3517 τοὺς

360 3550 420 3602 ἐν
448 3551 617 3622 κακίᾳ
655 3551 886 3616 ζῶντας,
917 3552 1038 3622 οὐχὶ
1067 3553 1196 3616 τοὺς
1225 3553 1415 3607 παιδία
1443 3552 1519 3624 μὴ
1548 3553 1939 3624 κεκτημένους.

363 3650 631 3715 Πολλάκις
669 3654 696 3706 6
736 3652 870 3716 Θεὸς
916 3656 1064 3707 ποιεῖ
1102 3656 1509 3725 συμφερόντως
1555 3656 1717 3726 ἡμεῖς
1755 3654 1812 3707 δέ
1843 3654 1944 3725 τὴν

362 3752 539 3805 αἰτίαν
570 3752 676 3806 τῶν
702 3755 1002 3825 γινομένων
1029 3755 1129 3807 ούκ
1154 3754 1329 3826 ἴσμεν.
1353 3754 1451 3809 Διά
1479 3754 1637 3809 τοῦτο
1666 3754 1941 3827 πανταχοῦ

362 3852 660 3924 θαυμάζειν
691 3853 796 3926 χρὴ
846 3854 1009 3909 αὐτοῦ
1042 3856 1140 3928 τὴν
1174 3858 1387 3926 σοφίαν,
1438 3857 1535 3912 καὶ
1570 3857 1813 3924 δοξάζειν
1843 3860 1942 3931 τὴν

364 3951 771 4025 φιλανθρωπίαν
800 3955 962 4009 αὑτοῦ
987 3955 1083 4028 τὴν
1112 3955 1340 4026 ἄφατον.

432 4054 497 4118 ζ’.
542 4054 702 4107 Ἀλλὰ
712 4048 867 4120 οὗτος
896 4057 995 4128 μὲν
1024 4059 1101 4122 εἰς
1127 4053 1259 4129 ἦθος
1280 4058 1636 4131 όλόγοςήμᾶς
1653 4060 1942 4115 παιδεῦσαι

360 4153 601 4209 δύναται’
630 4156 710 4209 δεῖ
737 4156 795 4209 δὲ
827 4158 923 4221 καὶ
952 4156 1051 4228 τὴν
1087 4157 1268 4212 αἰτίαν
1307 4160 1504 4224 εἰπεῖν,
1534 4160 1602 4213 δι’
1624 4163 1691 4232 ἢν
1714 4157 1855 4233 ἦσαν
1887 4164 1942 4215 αἱ

359 4260 617 4325 γυναῖκες
646 4258 849 4312 ἐκεῖναι
880 4261 1110 4330 στεῖραι.
1143 4259 1239 4322 Τίς
1261 4255 1355 4313 οὖν
1387 4261 1422 4331 ή
1447 4261 1630 4328 αἰτία;
1663 4262 1785 4329 Ἵν’,
1810 4262 1940 4317 ὅταν

363 4356 479 4429 ῐδῃς
499 4358 599 4430 τὴν
623 4356 894 4428 Παρθένον
922 4359 1211 4414 τίκτουσαν
1230 4359 1322 4413 τὸν
1350 4361 1529 4414 κοινὸν
1559 4361 1715 4431 ήμῶν
1737 4363 1942 4416 Δεσπό-

358 4474 483 4529 την,
539 4459 615 4528 μὴ
664 4457 993 4528 ἀπιστήσῃς.
1030 4456 1240 4510 Οὐκοῦν
1267 4456 1545 4527 γύμνασόν
1573 4475 1667 4511 σου
1699 4459 1795 4528 τὴν
1823 4458 1940 4512 διά-

361 4576 511 4613 νοιαν
540 4560 597 4611 ἐν
629 4561 695 4629 τῇ
730 4559 912 4629 μήτρᾳ
937 4557 1045 4610 τῶν
1068 4556 1314 4628 στειρῶνο
1347 4556 1434 4621 ἶν’,
1462 4558 1591 4612 ὅταν
1622 4559 1737 4631 ἴδῃς
1761 4578 1941 4633 πεπη-

363 4659 617 4731 ρωμένην
643 4660 736 4713 καὶ
758 4659 1050 4729 δεδεμένην
1075 4658 1174 4729 τὴν
1199 4660 1413 4729 μήτραν
1439 4657 1575 4730 πρὸς
1602 4660 1944 4714 παιδοποιίαν

359 4760 719 4830 ἀνοιγομένην
741 4761 805 4812 ἐκ
837 4758 936 4829 τῆς
966 4758 1057 4811 τοῦ
1088 4757 1221 4811 Θεοῦ
1273 4757 1514 4829 χάριτος,
1546 4759 1623 4829 μὴ
1659 4759 1943 4832 θαυμάσῃς

361 4860 577 4914 ἀκούων
608 4861 689 4913 ὅτι
716 4858 986 4931 παρθένος
1008 4859 1183 4914 ἔτεκε.
1205 4860 1422 4914 Μᾶλλον
1436 4860 1492 4913 δὲ
1514 4860 1609 4914 καὶ
1642 4859 1939 4931 θαύμασον,

363 4960 457 5015 καὶ
492 4960 821 5029 ἐκπλάγηθι,
868 4960 1008 5014 ἀλλά
1054 4962 1130 5033 μὴ
1191 4962 1500 5035 ἀπιστήσῃς
1554 4961 1632 5032 τῷ
1684 4962 1939 5033 θαύματι.

364 5065 531 5117 Ὅταν
565 5064 694 5135 λέγῃ
722 5064 859 5135 πρὸς
883 5064 941 5117 σὲ
969 5065 997 5116 ὁ
1032 5063 1301 5129 Ἰουδαῖος,
1326 5063 1449 5126 Πῶς
1471 5063 1651 5116 ἔτεκεν
1675 5065 1708 5133 ὴ
1738 5063 1942 5135 παρθέ-

360 5180 483 5230 νος;
512 5164 635 5218 είπέ
658 5163 794 5236 πρὸς
822 5163 1002 5229 αὐτὸν,
1026 5162 1151 5226 Πῶς
1179 5163 1366 5218 ἔτεκεν
1385 5167 1418 5234 ἡ
1450 5167 1639 5235 στεῖρα
1662 5165 1754 5217 καὶ
1776 5181 1941 5235 γεγη-

366 5269 599 5336 ρακυῖα;
638 5265 742 5320 Δύο
785 5264 1085 5335 κωλύματα
1114 5265 1237 5317 τότε
1264 5261 1354 5336 ἦν,
1389 5266 1556 5320 τότε
1618 5267 1791 5337 ἄωρον
1845 5266 1941 5336 τῆς

360 5365 598 5436 ἡλικίας,
630 5367 724 5419 καί¹
770 5366 831 5419 τὸ
869 5366 1148 5437 ἄχρηστον
1190 5366 1291 5436 τῆς
1345 5365 1579 5436 φύσεως·
1636 5367 1727 5420 ἐπὶ
1764 5367 1822 5420 δέ
1847 5367 1941 5437 τῆς
2020 5396 2026 5407 ε

358 5462 634 5535 Παρθένου
671 5470 729 5523 ἓν
765 5466 988 5540 κώλυμα
1018 5470 1178 5543 μόνον
1203 5466 1294 5542 ἦν,
1336 5470 1397 5523 τὸ
1423 5473 1499 5543 μὴ
1529 5473 1818 5542 μετασχεῖν
1839 5471 1943 5540 γά-

360 5586 489 5640 μου.
533 5570 882 5641 Προοδοποιεῖ
913 5571 1095 5626 τοίνυν
1128 5575 1195 5644 τῇ
1240 5572 1497 5645 παρθένῳ
1530 5574 1563 5645 ή
1596 5576 1803 5644 στεῖρα.
1834 5574 1944 5627 Καὶ

240 5724 251 5735 ο
365 5669 452 5722 ἵνα
490 5668 669 5744 μάθῃς
700 5670 781 5725 ὅτι
830 5671 920 5726 διὰ
954 5673 1113 5727 τοῦτο
1158 5674 1216 5726 αἱ
1258 5676 1467 5746 στεῖραι
1503 5674 1825 5745 προέλαϐον,
1857 5675 1944 5729 ἵνα

359 5769 629 5843 πιστευθῇ
654 5765 750 5837 τῆς
771 5768 1041 5840 Παρθένου
1062 5771 1089 5824 6
1109 5772 1281 5843 τόκος,
1304 5773 1531 5829 ἄκουσον
1551 5769 1656 5829 τῶν
1684 5776 1942 5849 ῥημάτων

1393 342 1702 398 PECCATA
1742 340 2083 398 FRATRUM
2122 342 2263 399 NON
2300 345 2738 403 EVULGANDA.

3530 354 3636 409 360

2062 451 2156 540 τοῦ
2188 453 2441 526 Γαϐριὴλ⁹
2456 454 2565 509 τῶν
2606 457 2741 529 1:96;
2774 460 2967 531 αὐτήν.
3009 462 3226 535 Ἐπειδὴ
3258 464 3367 536 γὰρ
3383 461 3513 540 ἦλθε
3540 469 3638 526 καὶ

2056 538 2208 598 εἶπεν
2240 548 2402 619 αὐτῇ,
2461 550 2763 620 Συλλήψῃ
2797 553 2867 606 ἐν
2894 556 3127 624 γαστρὶ,
3171 559 3267 610 καί
3298 538 3442 629 τέξῃ
3474 564 3635 633 υἱὸν,

2055 638 2156 692 καὶ
2179 639 2462 708 καλέσεις
2489 643 2555 696 τὸ
2590 643 2779 714 ὄνομα
2812 647 2998 702 αὑτοῦ
3067 650 3321 718 Ἰησοῦν,
3358 653 3633 730 ἐξεπλάγη

2055 728 2088 797 ἡ
2123 728 2389 798 Παρθένος
2415 732 2508 785 καὶ
2541 733 2841 805 ἐθαύμασε,
2866 739 2959 791 καὶ
2989 736 3130 793 εἷπε·
3164 741 3297 809 Πῶς
3319 744 3490 798 ἔσται
3529 728 3634 816 μοι

2052 820 2251 908 1—0629,
2285 821 2416 908 ἐπεὶ
2444 825 2633 894 ἄνδρα
2660 830 2732 882 οὺ
2762 831 3069 897 γινώσκω;
3106 833 3168 885 Τί
3190 831 3282 888 οὖν
3309 838 3338 891 6
3364 837 3630 908 ἄγγελοςς

2052 902 2298 971 Πνεῦμα
2324 904 2496 974 ἅγιον
2528 908 2918 967 ἐπελεύσεται
2952 915 3052 967 ἐπὶ
3085 916 3177 970 σέ.
3218 919 3308 988 Μὴ
3343 902 3493 991 ζήτει
3527 902 3631 992 φύλ

2054 1010 2192 1086 σεως
2220 995 2561 1086 ἀκολουθίαν,
2595 1000 2744 1073 [350]
2771 1006 2934 1075 φησὶν
2952 1044 2967 1064 ,
2996 1008 3121 1061 ὅταν
3153 1010 3291 1082 ὑπὲρ
3321 1011 3481 1079 φύσιν
3569 1017 3631 1068 1:6

2051 1079 2353 1150 γινόμενον
2408 1084 2483 1157 μὴ
2534 1089 2867 1158 περιϐλέπου
2922 1095 3097 1165 γάμον
3144 1079 3470 1166 καίνὼδῖνα,
3501 1079 3630 1157 δταν

2054 1173 2256 1243 μείζων
2289 1178 2466 1247 γάμου
2520 1181 2619 1251 τῆς
2646 1183 2910 1251 γενέσεως
2948 1190 2977 1240 6
3019 1190 3217 1260 τρόπος
3346 1196 3453 1248 Καὶ
3496 1195 3626 1264 πῶς

2050 1263 2221 1319 ἔσται
2250 1269 2446 1335 τοῦτο,
2469 1273 2655 1342 φησὶν,
2707 1277 2836 1331 ἐπεὶ
2866 1278 3056 1347 ἄνδρα
3081 1285 3154 1336 οὺ
3194 1263 3497 1355 γινώσκω;
3517 1263 3629 1343 Καὶ

2055 1356 2161 1427 μὴν
2193 1358 2278 1412 διὰ
2300 1360 2458 1415 τοῦτο
2479 1362 2632 1419 ἔσται
2664 1367 2842 1433 τοῦτο,
2870 1371 2992 1423 ἐπεὶ
3027 1372 3198 1444 ἄνδρα
3225 1376 3285 1429 ού
3322 1377 3627 1446 γινώσκεις.

2050 1449 2113 1543 ἰΞί
2176 1452 2283 1522 γὰρ
2349 1454 2645 1522 ἐγίνωσκες
2713 1460 2920 1531 ἄνδρα,
2981 1465 3081 1516 οὐκ
3150 1465 3217 1519 ἂν
3286 1469 3631 1543 κατηξιώθης

2050 1539 2497 1613 ὑπηρετήσασθαι
2563 1550 2629 1619 τῇ
2694 1550 2944 1625 διακονίᾳ
2997 1555 3194 1629 ταύτῃ.
3265 1560 3427 1615 Ὥστε
3481 1563 3549 1615 δι’
3585 1539 3632 1617 V6

2047 1630 2315 1700 ἀπιστεῖς,
2376 1636 2465 1692 διὰ
2504 1639 2663 1693 τοῦτο
2684 1642 2929 1698 πίστευε.
2984 1648 3097 1701 Ούκ
3148 1650 3214 1704 ἂν
3260 1651 3315 1705 δὲ
3368 1654 3632 1725 κατηξιώ-

2048 1724 2413 1818 θηςγτοιαύτῃ
2462 1730 2709 1805 διακονίᾳ
2758 1736 3241 1809 ὑπηρετήσασθαι,
3296 1744 3396 1796 οὐκ
3444 1724 3629 1818 ἐπειδὴ

2048 1817 2217 1908 κακὸν
2243 1821 2272 1871 6
2306 1822 2501 1891 γάμος,
2543 1823 2658 1877 ἀλλ’
2704 1828 2888 1900 ἐπειδὴ
2944 1832 3212 1901 κρείσσων
3257 1836 3291 1907 ή
3339 1817 3627 1908 παρθενίαέ

2045 1907 2146 1979 τὴν
2177 1910 2232 1963 δέ
2254 1911 2349 1965 τοῦ
2382 1915 2655 1969 Δεσπότου
2683 1919 2887 1973 εἴσοδον
2922 1925 3255 1995 σεμνοτέραν
3301 1907 3467 1999 ἐχρῆν
3490 1926 3628 1985 εἶναι

2045 2000 2143 2071 τῆς
2167 2003 2466 2077 ἡμετέραςο
2518 2008 2771 2082 βασιλικὴ
2812 2012 2919 2086 γὰρ
2971 2011 3059 2085 ἦν·
3103 2017 3225 2083 ό,δὲ
3259 2019 3511 2089 βασιλεὺς
3540 2023 3630 2076 διά

2047 2097 2381 2168 σεμνοτέρας
2401 2101 2727 2171 εἰσέρχεται.
2764 2106 2912 2159 Ἔδει
2942 2108 3037 2161 καὶ
3071 2115 3348 2165 κοινωνεῖν
3377 2112 3475 2184 τὴν
3505 2113 3629 2182 γέν-

2021 2205 2200 2259 ,νησιν
2226 2191 2454 2257 ἐκεῖνον,
2480 2196 2574 2247 καὶ
2596 2194 2923 2268 ἐξηλλάχθαι
2956 2200 3058 2269 τῆς
3089 2202 3383 2273 ἡμετέρας.
3419 2205 3629 2259 Οὐκοῦν

2046 2281 2332 2352 ἀμφότερα
2378 2284 2551 2338 ταῦτα
2571 2291 2955 2360 οἰκονομεῖται.
3002 2292 3075 2345 Τὸ
3111 2293 3211 2363 μὲν
3248 2294 3355 2368 γὰρ
3386 2296 3493 2359 ἀπὸ
3524 2298 3631 2369 μή-

2044 2389 2179 2443 τρας
2215 2374 2490 2444 γενέσθαι,
2518 2380 2693 2433 κοινὸν
2720 2382 2856 2452 1:96;
2880 2385 3049 2452 ἡμᾶς·
3076 2386 3135 2439 τὸ
3163 2386 3220 2439 δέ
3244 2390 3411 2458 χωρὶς
3434 2389 3626 2459 γάμων

2044 2464 2320 2532 γενέσθαι,
2357 2468 2542 2537 μεῖζον
2582 2471 2613 2540 ἢ
2665 2472 2785 2524 καθ’
2833 2477 3002 2545 ἡμᾶς.
3039 2477 3147 2530 Καὶ
3180 2478 3240 2531 τὸ
3299 2480 3395 2549 μὲν
3429 2484 3627 2554 γαστρὶ

2044 2556 2311 2627 κυηθῆναι
2345 2561 2440 2612 καὶ
2469 2561 2860 2633 συλληφθῆναι,
2914 2566 3016 2634 τῆς
3047 2567 3260 2636 φύσεως
3286 2570 3386 2641 τῆς
3419 2572 3628 2644 ἀνθρω-

2044 2646 2225 2717 πίνης·
2256 2650 2318 2703 τδ
2348 2651 2406 2704 δὲ
2463 2653 2632 2722 χωρὶς
2675 2655 2873 2725 μίξεως
2930 2659 3181 2724 γενέσθαι
3237 2663 3335 2733 τὴν
3398 2665 3624 2735 κύησιν,

2046 2743 2373 2813 σεμνότερον
2401 2746 2501 2817 τῆς
2522 2747 2735 2814 φύσεως
2758 2750 2855 2819 τῆς
2878 2750 3242 2825 ἀνθρωπίνης.
3264 2755 3362 2807 Διά
3389 2758 3546 2810 τοῦτο
3568 2759 3626 2811 δὲ

2042 2834 2330 2906 ἀμφότερα
2359 2838 2534 2891 ταῦτα
2562 2839 2809 2907 γέγονεν,
2843 2842 2928 2894 ἵνα
2973 2844 3067 2896 καὶ
3106 2844 3203 2914 τὴν
3229 2847 3503 2919 ὑπεροχὴν
3533 2850 3628 2903 καὶ

2040 2923 2140 2995 τὴν
2173 2926 2459 2980 κοινωνίαν
2488 2929 2586 2998 τὴν
2618 2931 2755 3001 πρὸς
2786 2932 2844 2983 σὲ
2883 2933 3062 3005 μάθῃς
3085 2936 3178 2987 τοῦ
3207 2939 3552 3009 τικτομένου.

2112 3023 2181 3086 η’.
2215 3017 2325 3070 Καὶ
2354 3018 2546 3072 σκόπει
2567 3022 2768 3090 μοιτὴν
2790 3023 2981 3092 σοφίαν
3012 3025 3120 3077 τῶν
3137 3028 3457 3098 γινομένων.
3486 3030 3625 3085 Οὔτε

2043 3107 2076 3176 ἡ
2110 3108 2352 3180 ὑπεροχὴ
2382 3109 2479 3181 τὴν
2534 3111 2669 3181 πρὸς
2700 3115 2849 3181 ἡμᾶς
2878 3116 3135 3184 ὁμοίωσιν
3175 3118 3268 3170 καὶ
3308 3120 3626 3189 συγγένειαν

2042 3200 2368 3272 ἐλυμήνατο,
2408 3201 2532 3255 οὔτε
2585 3206 2617 3273 ἡ
2653 3205 2790 3275 πρὸς
2820 3208 2968 3275 ἡμᾶς
3002 3209 3293 3276 συγγένεια
3325 3211 3423 3279 τὴν
3454 3213 3627 3283 ὑπερ-

2039 3291 2170 3361 οχὴν
2205 3291 2558 3363 ἠμαύρωσεν,
2594 3294 2719 3345 an"
2762 3295 3000 3365 ἑκατέρα
3056 3298 3329 3353 ἐδείκνυτο
3372 3300 3458 3354 διὰ
3508 3301 3618 3355 τῶν

2044 3384 2386 3453 πραγμάτων
2441 3386 2719 3439 ἁπάντων·
2775 3390 2871 3439 καὶ
2901 3387 2970 3440 τὰ
3026 3390 3125 3459 μὲν
3182 3391 3453 3463 ὁλόκληρα
3481 3390 3628 3464 εἶχεν

2043 3477 2306 3548 ἡμέτερα,
2367 3478 2437 3531 τὰ
2499 3478 2555 3531 δὲ
2630 3478 3008 3550 ἐξηλλαγμένα
3060 3482 3196 3552 1:96;
3256 3484 3422 3553 ἡμᾶς.
3485 3485 3623 3537 Ἀλλ’

2042 3569 2180 3640 ὅπερ
2201 3569 2406 3638 έλεγον,
2442 3570 2523 3622 ὅτι
2550 3570 2638 3622 διὰ
2655 3570 2816 3624 τοῦτο
2843 3572 3144 3641 προέλαϐον
3175 3576 3229 3628 αἰ
3275 3579 3507 3646 στεῖραι,
3543 3576 3630 3631 ἵνα

2043 3660 2308 3731 πιστευθῇ
2339 3661 2441 3731 τῆς
2482 3660 2751 3731 Παρθένου
2784 3660 2811 3712 6
2840 3662 3019 3727 τόκος,
3057 3664 3142 3716 ἵνα
3175 3664 3311 3735 αὑτὴ
3354 3684 3625 3737 χειραγω-

2042 3752 2185 3823 γηθῇ
2231 3752 2369 3823 πρὸς
2396 3753 2493 3824 τὴν
2529 3753 2711 3807 πίστιν
2762 3753 2860 3823 τῆς
2888 3755 3219 3824 ἐπαγγελίας
3251 3758 3344 3810 καὶ
3370 3759 3467 3827 τῆς
3494 3760 3628 3811 ὐπο-

2044 3844 2282 3914 σχέσεως
2337 3847 2573 3915 ἐκείνης,
2602 3842 2670 3917 ἧς
2702 3847 2904 3918 ἤκουσε
2954 3846 3107 3919 παρά
3150 3848 3243 3901 τοῦ
3272 3849 3505 3916 ἀγγέλου
3541 3849 3629 3903 λέ-

2038 3953 2252 4005 γοντος,
2280 3938 2523 4008 Πνεῦμα
2550 3939 2720 4007 ἄτιον
2748 3940 3139 3993 ἐπελεύσεται
3167 3940 3263 3993 ἐπὶ
3282 3941 3376 4004 σὲ,
3404 3941 3501 3994 καί
3534 3941 3631 3995 δύ-

2041 4047 2219 4098 ναμις
2260 4030 2543 4099 Ὑψίστου
2573 4031 2915 4084 ἐπισκιάσει
2943 4046 3062 4085 σοι·
3083 4030 3247 4091 οὕτω,
3279 4033 3461 4101 φησὶν,
3483 4033 3627 4103 ἔχεις

2040 4123 2241 4174 τεκεῖν.
2260 4120 2353 4192 Μὴ
2394 4120 2557 4191 βλέπε
2585 4121 2725 4191 πρὸς
2759 4121 2858 4191 τὴν
2886 4121 3011 4191 γῆν·
3046 4121 3156 4173 ἀπὸ
3183 4121 3291 4175 τῶν
3328 4123 3623 4195 ούρανῶνή

2040 4213 2291 4284 ἐνέργεια
2339 4212 2578 4283 ἔρχεται.
2611 4212 2932 4283 Πνεύματός
2962 4215 3077 4266 ἐστι
3114 4213 3272 4284 χάρις
3308 4213 3370 4267 τὸ
3403 4206 3625 4285 γινόμεέ-

2041 4320 2152 4366 νον,
2204 4304 2279 4374 μὴ
2329 4304 2481 4377 ζήτει
2530 4320 2621 4374 μοι
2672 4305 2836 4374 φύσιν
2875 4304 2969 4376 καὶ
2997 4303 3194 4373 νόμους
3228 4306 3440 4375 γάμων.
3486 4307 3624 4360 Ἀλλ’

2042 4395 2228 4465 ἐπειδὴ
2266 4395 2486 4465 μείζονα
2518 4396 2723 4463 ταύτης
2753 4399 2938 4450 ἐκεῖνα
2966 4392 3034 4467 ἦν
3062 4399 3130 4450 τά
3161 4399 3403 4469 ῥήματα,
3441 4399 3626 4469 βούλε-

2041 4505 2130 4540 ται
2153 4488 2248 4540 καὶ
2282 4487 2477 4558 ἑτέραν
2496 4491 2797 4560 παρασχεῖν
2820 4488 3115 4555 ἀπόδειξιν.
3148 4491 3220 4541 Σὺ
3250 4490 3307 4542 δέ
3335 4508 3427 4560 μοι
3455 4509 3628 4562 παρα·

2041 4582 2216 4651 τήρει,
2256 4581 2429 4651 πῶςή
2464 4584 2654 4651 στεῖρα
2700 4583 2872 4651 αὐτὴν
2904 4582 3090 4655 ὁδηγεῖ
3137 4582 3274 4652 πρὸς
3309 4583 3408 4653 τὴν
3442 4584 3625 4637 πίστιν

2034 4670 2254 4724 τούτου.
2295 4670 2516 4743 Ἐπειδὴ
2549 4673 2657 4744 γὰρ
2704 4672 2887 4743 ἐκείνη
2920 4674 2955 4743 ή
2987 4671 3261 4737 ἀπόδειξις
3295 4673 3494 4743 μείζων
3554 4669 3625 4744 ἦν

2042 4764 2140 4833 τῆς
2167 4762 2407 4826 διανοίας
2431 4763 2531 4833 τῆς
2567 4763 2861 4835 Παρθένου,
2905 4763 3135 4816 ἄκουσον
3169 4763 3286 4826 πῶς
3319 4764 3413 4816 καὶ
3442 4765 3532 4816 ἐπὶ
3554 4765 3624 4816 τὰ

2042 4855 2399 4925 ταπεινότερα
2424 4855 2710 4923 κατήγαγε
2759 4854 2850 4907 τὸν
2885 4854 3062 4922 λόγον,
3093 4853 3181 4906 διά
3211 4854 3319 4907 τῶν
3348 4854 3622 4924 αἰσθητῶν

2042 4946 2212 5016 αὐτὴν
2250 4946 2627 5017 χειραγωγῶν.
2674 4944 2833 4999 Ἰδοὺ
2859 4945 2991 5015 γὰρ,
3023 4947 3209 5017 φησὶν,
3247 4946 3555 4999 Ἐλισάϐετ
3581 4947 3619 5014 ἡ

2042 5039 2345 5109 συγγενής
2364 5053 2502 5102 σου,
2527 5039 2622 5091 καί
2649 5038 2802 5107 αὐτὴ
2838 5038 3242 5104 συνειληφυῖα
3260 5038 3395 5091 υἱὸν
3426 5039 3495 5091 ἐν
3514 5038 3620 5107 γή-

2034 5128 2357 5201 ρᾳάὺτῆςο
2410 5133 2511 5186 καὶ
2547 5127 2727 5197 οὗτος
2766 5132 2893 5200 μὴν
2924 5131 3100 5195 ἕκτος
3142 5130 3315 5183 ἐστὶν
3358 5128 3513 5197 αὺτῇ
3545 5128 3621 5197 τῇ

2042 5225 2384 5293 καλουμένῃ
2407 5225 2635 5293 στείρᾳ.
2682 5225 2844 5295 Ὁρᾷς
2864 5224 2946 5276 ὅτι
2979 5226 3012 5295 ή
3040 5226 3223 5294 στεῖρα
3256 5222 3341 5277 διὰ
3362 5221 3460 5291 τὴν
3484 5224 3623 5292 Παρ-

2044 5316 2230 5381 θένον;
2267 5318 2409 5378 ἐπεὶ,
2446 5316 2590 5378 τίνος
2616 5315 2804 5369 ἕνεκεν
2825 5317 3148 5387 παρήγαγεν
3176 5318 3313 5387 αὐτῇ
3347 5315 3436 5368 τὸν
3465 5314 3622 5368 τόκον

2041 5410 2142 5476 τῆς
2169 5406 2517 5475 συγγενίδος;
2543 5405 2688 5467 τίνος
2725 5403 2911 5457 ἕνεκεν
2956 5402 3162 5472 ἔλεγεν,
3209 5404 3304 5454 Ἐν
3334 5400 3487 5471 γήρᾳ
3514 5401 3623 5456 αὐ·

2043 5498 2151 5567 τῆς
2173 5515 2189 5559 ;
2214 5498 2356 5561 τίνος
2376 5498 2561 5550 ἕνεκεν
2590 5498 2859 5568 ἐπήγαγε,
2894 5494 2972 5564 Τῇ
2992 5493 3333 5563 καλουμένῃ
3376 5493 3623 5559 στείρᾳ;

2046 5589 2145 5643 Διά
2178 5590 2397 5643 πάντων
2435 5586 2641 5640 τούτων
2687 5586 2898 5654 ἐνάγων
2937 5585 3107 5657 αὐτὴν
3127 5583 3366 5653 δηλονότι
3396 5581 3533 5652 πρὸς
3559 5580 3623 5634 τὸ

2045 5682 2332 5736 πιστεῦσαι
2367 5680 2445 5749 τῷ
2488 5678 2892 5750 εὐαγγελισμῷ.
2927 5678 3024 5732 Διά
3054 5676 3210 5730 τοῦτο
3237 5675 3331 5729 καὶ
3369 5672 3466 5745 τὴν
3501 5672 3623 5744 ἠλι-

2050 5776 2173 5833 κίαν
2196 5771 2338 5840 εἷπε,
2375 5774 2470 5830 καὶ
2502 5772 2600 5846 τὴν
2638 5774 2887 5844 πήρωσιν
2935 5770 3034 5840 τῆς
3079 5769 3313 5840 φύσεως·
3348 5765 3436 5823 διὰ
3464 5765 3626 5822 τοῦτο
