4020 6370
415 331 514 389 561

417 448 510 499 καί
535 445 626 500 τὸν
663 447 850 519 χρόνον
884 447 1136 519 ἀνέμεινε
1170 448 1260 500 τὸν
1287 448 1392 502 ἀπὸ
1422 447 1521 516 τῆς
1554 444 1884 516 συλλήψεως-
1921 443 1981 495 οὔ

415 539 524 608 γὰρ
553 539 615 590 ἐκ
641 542 939 611 προοιμίων
985 543 1122 612 αὐτῇ
1170 541 1372 605 ευθέως
1418 541 1827 612 εὐηγγελίσατο,
1871 538 1986 591 ἀλλ’

416 629 696 698 ἀνέμεινεν
754 633 1102 703 ἑξαμηνιαῖον
1143 632 1332 702 χρόνον
1382 635 1447 704 τῇ
1482 633 1670 704 στείρᾳ
1713 631 1984 700 γενέσθαι⁶

418 720 503 772 ἵνα
532 725 559 774 6
586 722 684 791 τῆς
712 725 946 796 γαστρὸς
993 725 1158 793 ὄγκος
1197 725 1383 778 λοιπὸν
1415 725 1512 796 τὴν
1563 724 1760 796 κύησιν
1788 721 1989 793 ἐγγυή-

419 829 598 882 σηται,
629 815 722 867 καὶ
774 818 1258 888 ἀναμφισϐήτητος
1303 818 1577 884 ἀπόδειξις
1616 817 1844 888 γένηται
1891 815 1989 884 τῆς

420 901 567 976 1531]
598 907 925 976 συλλήψεως.
957 909 1066 960 1ίαί¹
1087 908 1184 962 θέα
1215 925 1302 977 μοι
1323 908 1482 961 πάλιν
1513 910 1612 978 τὴν
1639 907 1856 960 σύνεσιν
1893 903 1987 958 τοῦ

417 994 674 1066 Γαϐριὴλ.
708 998 842 1051 Οὐδὲ
905 998 1012 1070 γάρ
1047 999 1348 1071 ἀνέμνησεν
1403 1000 1572 1069 αὐτῆς
1600 1001 1698 1070 τῆς
1746 999 1985 1070 Σάρρας,

416 1086 536 1138 οὐδὲ
580 1087 676 1156 τῆς
737 1088 1050 1152 Ῥεϐέκκας,
1089 1091 1209 1143 οὐδὲ
1245 1091 1346 1160 τῆς
1386 1089 1602 1161 Ῥαχήλ-
1664 1089 1840 1143 καίτοι
1894 1088 1990 1142 καὶ

417 1166 577 1226 αὗται
606 1177 823 1247 στεῖραι
844 1173 1003 1247 ἦσαν,
1023 1179 1117 1231 καὶ
1146 1173 1302 1232 αὗται
1333 1182 1714 1249 γεγηρακυῖαι,
1740 1179 1834 1233 καὶ
1857 1179 1989 1234 θαῦ-

421 1283 498 1334 μα
519 1267 578 1319 τὸ
600 1269 884 1337 γινόμενον
908 1265 998 1340 ἦν·
1025 1270 1162 1324 ἀλλά
1208 1271 1409 1324 παλαιά
1444 1270 1512 1324 τὰ
1552 1271 1864 1342 διηγήματα
1898 1270 1988 1343 ἦν.

419 1357 541 1409 Τῶν
569 1357 626 1410 δὲ
654 1358 897 1429 ἀρχαίων
934 1359 1001 1412 τά
1042 1360 1138 1413 νέα
1171 1361 1265 1414 καὶ
1300 1363 1586 1432 πρόσφατα
1606 1364 1700 1416 καὶ
1723 1364 1864 1418 κατά
1891 1365 1989 1437 τὴν

419 1447 614 1515 γενεὰν
659 1449 1020 1518 συμϐαίνοντα
1047 1451 1146 1521 τὴν
1179 1453 1454 1524 ἡμετέραν
1489 1454 1686 1524 μᾶλλον
1715 1457 1866 1526 ἡμᾶς
1910 1458 1990 1521 εἰς

419 1539 602 1591 πίστιν
634 1541 740 1592 τῶν
779 1540 1070 1611 θαυμάτων
1103 1542 1317 1610 ἐνάγειν
1347 1543 1522 1597 εἴωθε.
1560 1544 1658 1598 Διά
1674 1545 1828 1600 τοῦτο
1844 1547 1989 1600 ἐκεί-

419 1648 517 1694 νας
550 1631 736 1699 ἀφεὶς,
771 1633 866 1684 ἀπ’
905 1633 1074 1703 αὐτῆς
1119 1634 1369 1702 ἐννοῆσαι
1408 1635 1506 1704 τῆς
1537 1637 1847 1704 συγγενίδος
1891 1639 1990 1708 τῆς

432 1722 714 1776 Ἐλισάϐετ
752 1724 812 1776 τὸ
845 1724 931 1776 ἐπ’
959 1725 1096 1796 αὐτῇ
1133 1726 1516 1796 προεϐάλλετο,
1552 1728 1692 1781 ὥστε
1723 1730 1818 1784 ἀπ’
1848 1730 1990 1783 ἐκεί-

415 1831 513 1884 νης
542 1814 676 1884 πρὸς
705 1815 794 1866 τὸν
819 1818 1014 1868 οἰκεῖον
1062 1817 1230 1887 αὐτὴν
1256 1817 1414 1871 τόκον
1439 1819 1726 1887 ἐναγαγεῖν
1755 1819 1845 1874 τὸν
1875 1839 1992 1892 φρι-
2020 1808 2028 1818 κ’

417 1905 753 1956 κωδέστατον
788 1906 992 1958 ἐκεῖνον
1041 1905 1134 1959 καὶ
1172 1905 1521 1976 σεμνότατον.
1552 1907 1732 1971 Μέσος
1761 1909 1871 1978 γὰρ
1895 1907 1989 1961 τοῦ

415 2014 474 2049 τε
509 1997 779 2067 ἡμετέρου
810 1997 902 2049 καὶ¹
933 1995 1026 2050 τοῦ
1059 1997 1379 2051 δεσποτικοῦ
1419 2001 1447 2051 6
1481 1998 1636 2061 τόκος
1669 1999 1698 2050 ὁ
1724 1999 1823 2070 τῆς
1853 1999 1992 2052 στεί-

418 2107 516 2164 ρας
544 2085 633 2162 ἦν,
689 2092 924 2146 ἐλάττων
955 2092 1056 2162 μὲν
1083 2092 1178 2146 τοῦ
1207 2093 1307 2164 τῆς
1345 2091 1643 2164 Παρθένου,
1697 2094 1896 2164 μείζων
1934 2094 1990 2148 δέ

413 2184 507 2236 τοῦ
541 2185 828 2255 ἡμετέρου.
865 2185 962 2237 Διά
993 2183 1171 2243 τοῦτο,
1211 2185 1400 2255 ὥσπερ
1427 2185 1518 2239 διά
1548 2203 1691 2250 τινος
1722 2186 2004 2257 γεφύρας,.

418 2276 591 2348 μέσης
628 2277 727 2346 τῆς
771 2276 1073 2339 Ἐλισάϐετ,
1112 2277 1220 2330 ἀπὸ
1259 2276 1366 2329 τῶν
1400 2277 1543 2330 κατά
1587 2279 1748 2348 φύσιν
1785 2277 1990 2332 ὠδίνων

412 2369 507 2420 ἐπὶ
525 2369 647 2431 τοὺς
669 2369 809 2439 ὑπὲρ
826 2369 986 2437 φύσιν
1002 2370 1193 2437 ἀνάγει
1207 2370 1303 2440 τῆς
1325 2368 1598 2441 Παρθένου
1617 2371 1714 2443 τὴν
1732 2371 1988 2425 διάνοιαν.

488 2459 554 2511 θ’.
600 2459 930 2530 Ἐϐουλόμην
957 2460 1177 2514 πλείονα
1203 2462 1396 2525 εἰπεῖν,
1435 2462 1528 2514 καὶ
1553 2463 1770 2534 ἐτέρους
1799 2463 1992 2531 λόγους

415 2551 561 2620 ὑμᾶς
590 2551 820 2618 διδάξαι,
853 2551 920 2604 δι’
951 2549 1045 2614 οὓς
1089 2555 1278 2624 στεῖρα
1305 2553 1339 2623 ἡ
1377 2553 1640 2607 Ῥεϐέκκα
1678 2555 1772 2608 καὶ
1797 2556 1831 2626 ὴ
1878 2555 1994 2607 Ῥα-

413 2643 518 2714 χὴλ
548 2639 634 2714 ἦν·
682 2642 795 2695 ἀλλ’
843 2643 872 2695 ὀ
910 2642 1099 2714 καιρὸς
1143 2644 1244 2696 οὐκ
1285 2643 1478 2714 ἀφίησι
1525 2646 1867 2714 κατεπείγων
1901 2645 1995 2698 τὸν

414 2735 572 2802 λόγον
608 2734 746 2805 πρὸς
779 2733 876 2804 τὴν
908 2735 1006 2804 τῆς
1047 2734 1213 2805 εὐχῆς
1243 2735 1492 2806 δύναμιν.
1545 2735 1642 2788 Διά
1689 2736 1799 2806 γὰρ
1836 2736 1994 2790 τοῦτο

415 2826 709 2882 καὶταῦτα
745 2827 922 2879 πάντα
951 2826 1305 2896 ἐκινήσαμεν,
1344 2828 1430 2881 ἵνα
1474 2827 1702 2898 μάθητε,
1735 2827 1854 2892 πῶς
1896 2827 1994 2898 τὴν

419 2922 704 2993 στείρωσιν
758 2921 858 2990 τῆς
895 2920 1152 2989 γυναικὸς
1203 2919 1358 2972 ἔλυσε
1387 2919 1480 2973 τοῦ
1538 2920 1788 2992 ’ἰσαάκή
1836 2920 1991 2991 εὐχὴ,

415 3014 510 3068 καὶ
538 3014 670 3084 εὐχὴ
718 3014 968 3068 τοσούτου
999 3012 1212 3084 χρόνου.
1271 3012 1521 3077 Ἑδέετο,
1563 3013 1750 3082 φησὶν,
1788 3013 1994 3066 Ἰσαάκ

415 3108 548 3175 περὶ
582 3106 897 3172 Ῥεϐέκκας
929 3104 1040 3174 τῆς
1063 3103 1347 3175 γυναικὸς
1374 3104 1581 3170 αὑτοῦ,
1611 3105 1710 3158 καὶ
1741 3104 1996 3170 ἐπήκου-

415 3215 529 3251 σεν·
554 3198 738 3252 αὑτοῦ
768 3200 801 3251 ὁ
829 3197 990 3262 Θεός.
1019 3195 1110 3264 Μὴ
1136 3195 1245 3265 γάρ
1279 3195 1507 3266 νομίσῃς
1543 3197 1625 3248 ὅτι
1657 3193 1884 3248 ἐκάλεσε
1903 3195 1994 3248 τὸν

415 3287 568 3349 Θεὸν,
599 3288 694 3340 καὶ
729 3286 930 3349 εὐθέως
963 3283 1317 3356 εἰσηκούσθη·
1374 3283 1542 3336 πολὺν
1597 3283 1706 3356 γάρ
1748 3283 1994 3338 ἀνάλωσε

418 3379 606 3449 χρόνον
653 3379 906 3449 δεόμενος
949 3376 1046 3432 τοῦ
1077 3376 1236 3430 Θεοῦ.
1277 3377 1387 3429 Καὶ
1427 3378 1474 3428 εἰ
1517 3375 1770 3444 βούλεσθε
1806 3375 1995 3446 μαθεῖν

418 3473 603 3533 πόσον,
641 3470 750 3542 ἐγὼ
783 3472 910 3542 ὑμῖν
940 3471 1034 3523 καὶ
1063 3470 1223 3522 τοῦτο
1269 3469 1407 3538 μετά
1438 3469 1723 3539 ἀκριϐείας
1751 3468 1880 3539 ἐρῶ.
1914 3468 1999 3521 Εἶ-

417 3582 538 3620 κοσι
573 3549 710 3616 ἐτῶν
737 3561 970 3633 ἀριθμὸν
983 3561 1229 3614 ἀνάλωσε
1254 3559 1508 3629 δεόμενος
1539 3558 1634 3612 τοῦ
1654 3558 1808 3612 Θεοῦ.
1825 3558 1995 3612 Πόθεν

415 3655 573 3709 τοῦτο
601 3655 792 3724 δῆλον;
837 3654 931 3706 Ἐκ
969 3654 1069 3722 τῆς
1096 3650 1416 3713 ἀκολουθίας
1458 3650 1645 3720 αὐτῆς.
1688 3649 1992 3722 Βουλομένη

417 3747 526 3815 γάρ
555 3746 588 3815 ἡ
619 3745 656 3796 Γ
663 3744 806 3814 ραφὴ
829 3744 928 3813 τὴν
951 3743 1134 3796 πίστιν
1165 3742 1261 3796 καὶ
1298 3741 1396 3812 τὴν
1431 3741 1709 3812 ὑπομονὴν
1746 3743 1842 3794 καὶ
1898 3740 1995 3812 τὴν

418 3837 736 3906 φιλοσοφίαν
776 3835 946 3901 δεῖξαι
999 3833 1094 3886 τοῦ
1128 3833 1362 3895 δικαίου,
1406 3833 1528 3886 ούδέ
1552 3833 1644 3885 τὸν
1670 3833 1860 3904 χρόνον
1884 3834 1994 3886 ἀπ-

417 3931 749 4000 εσιώπησεν,
774 3928 912 3981 ἀλλά
939 3928 1036 3981 καί
1061 3927 1225 3981 αὑτὸν
1253 3926 1412 3997 δῆλον
1441 3926 1572 3997 ἡμῖν
1596 3926 1840 3997 ἐποίησε,
1868 3925 1997 3981 λαν-

420 4022 686 4084 θανόντως
722 4021 840 4090 μὲν,
894 4018 1038 4073 ὥστε
1065 4020 1328 4088 διεγεῖραι
1365 4019 1526 4089 ἡμῶν
1551 4017 1650 4090 τὴν
1700 4017 1996 4089 ῥαθυμίαν,

419 4114 557 4184 πλὴν
581 4113 694 4167 ἀλλ’
723 4113 823 4166 οὐκ
845 4112 1060 4182 ἀφῆκεν
1075 4107 1214 4164 εἶναι
1235 4110 1437 4180 ἀφανῆ.
1460 4110 1724 4162 Ἄκουσον
1739 4108 1870 4177 γοῦν
1881 4108 1999 4171 πῶς

417 4205 786 4270 λανθανόντως
815 4207 947 4276 ἡμῖν
975 4205 1066 4258 τὸν
1095 4203 1285 4275 χρόνον
1313 4202 1600 4273 ἐδήλωσεν.
1619 4201 1814 4256 Ἰσαὰκ
1838 4200 1905 4254 δὲ
1921 4197 1998 4272 ἦν

417 4299 570 4354 ἐτῶν
597 4297 1075 4365 τεσσαράκοντα,
1104 4297 1290 4366 φησιν,
1315 4294 1414 4348 ὅτε
1440 4295 1618 4348 ἔλασε
1640 4294 1752 4362 τὴν
1777 4293 1998 4348 Ῥεϐέκ-

421 4407 538 4444 καν
577 4389 870 4457 θυγατέρα
902 4388 1184 4455 Ratioth
1226 4386 1334 4440 τοῦ
1364 4385 1582 4454 Σύρου.
1620 4383 1863 4454 Ἔμαθες
1909 4383 2002 4437 πό-

422 4501 530 4536 σων
557 4481 690 4536 ἐτῶν
722 4477 811 4553 ἦν,
864 4481 950 4533 ὅτε
985 4479 1083 4551 τὴν
1119 4480 1353 4548 γυναῖκα
1404 4478 1674 4546 ἡγάγετος
1719 4476 2003 4546 Τεσσαρά·

422 4590 588 4628 κοντα
633 4571 793 4635 ἐτῶν,
853 4570 1039 4641 φησὶν,
1074 4564 1141 4640 ἦν
1187 4569 1276 4621 ὅτε
1321 4566 1482 4620 ἔλαϐε
1529 4565 1626 4637 τὴν
1687 4565 2000 4622 Ῥεϐέκκαν.

434 4665 574 4718 Ἀλλ’
628 4663 814 4733 ἐπειδὴ
846 4661 1123 4732 ἐμάθομεν
1171 4659 1353 4712 πόσων
1386 4656 1523 4710 ἐτῶν
1569 4655 1644 4710 ὢν
1693 4656 1868 4728 ἔγημε
1901 4658 2000 4728 τὴν

423 4759 681 4825 γυναῖκα,
721 4755 980 4826 μάθωμεν
1028 4751 1124 4805 καὶ
1175 4750 1306 4803 πότε
1333 4749 1550 4818 ἐγένετο
1581 4748 1765 4802 λοιπὸν
1796 4748 1999 4820 πατὴρ,

425 4851 520 4903 καὶ
558 4847 738 4900 πόσων
781 4845 918 4899 ἐτῶν
955 4839 1024 4916 ἦν
1068 4842 1212 4906 τότε,
1239 4844 1326 4896 ὅτε
1354 4841 1609 4912 ἐγέννησε
1651 4840 1741 4894 τὸν
1786 4839 1999 4895 Ἰακώϐ·

424 4941 522 4994 καὶ
550 4935 892 5006 δυνησόμεθα
935 4935 1062 4988 ἰδεῖν
1098 4933 1265 4985 πόσον
1314 4931 1497 5002 ἔμεινε
1534 4931 1722 5002 χρόνον
1748 4932 1934 5002 στεῖρα
1967 4933 2000 4998 ἡ

426 5029 587 5100 γυνὴ,
627 5028 721 5082 καὶ
764 5029 846 5080 ὃτι
897 5024 1087 5079 τοῦτον
1128 5025 1342 5078 ἅπαντα
1387 5023 1563 5076 ἐδέετο
1609 5021 1702 5075 τοῦ
1741 5020 1876 5075 Θεοῦ
1912 5021 2003 5074 τὸν

427 5121 640 5192 χρόνον.
671 5118 858 5171 Πόσων
877 5113 968 5170 οῦν
999 5116 1138 5168 ἐτῶν
1167 5110 1256 5183 ἦν.
1287 5116 1373 5167 ὅτε
1401 5114 1654 5184 ἐγέννησε
1674 5114 1762 5166 τὸν
1777 5110 2000 5176 Ἶακώϐς

441 5207 717 5276 Ἐξῆλθε,
762 5207 946 5276 φησιν,
1011 5204 1220 5258 Ἰακὼϐ
1249 5203 1678 5272 ἐπειλημμένος
1719 5201 1794 5270 τῇ
1835 5202 2004 5268 δεξιᾷ

425 5299 540 5369 τῆς
569 5297 831 5366 πτέρνης
881 5297 986 5352 τοῦ
1014 5295 1279 5365 ἀδελφοῦ
1309 5294 1517 5348 αὐτοῦ·
1543 5292 1641 5347 διὰ
1672 5293 1847 5347 τοῦτο
1869 5293 2005 5346 ἐκὰο

429 5395 616 5445 lacer
647 5389 836 5444 αὑτὸν·
869 5387 1085 5452 Ἰακὼϐ,
1107 5387 1341 5440 ἐκεῖνον·
1370 5385 1438 5439 δὲ
1475 5385 1677 5442 Ἠσαῦ.
1713 5385 1915 5442 Ἰσαὰκ
1937 5385 2006 5438 δὲ

333 5515 338 5524 -
428 5476 509 5546 ἦν
533 5479 683 5534 ἐτῶν
710 5476 1025 5544 ἐξήκοντα,
1051 5477 1147 5530 ὅτε
1169 5476 1501 5546 ἐγέννησεν
1535 5475 1776 5540 αὐτούς.
1803 5475 1867 5526 Εἰ
1892 5474 2006 5526 τοί-

429 5588 546 5636 νυν,
579 5572 667 5624 ὃτε
695 5570 792 5641 μὲν
821 5570 1059 5639 ἠγάγετο
1091 5567 1189 5639 τὴν
1242 5567 1558 5631 Ῥεϐέκκαν,
1599 5567 2005 5636 τεσσαράκοντα

433 5659 572 5711 δτῶν
599 5656 688 5731 ἦν,
724 5661 814 5714 ὅτε
841 5661 898 5714 δὲ
945 5659 1206 5730 ἐγέννησε
1237 5658 1364 5722 τοὺς
1405 5658 1576 5720 υἱοὺς,
1609 5655 1893 5728 ἐξήκοντα,
1918 5655 2007 5710 εῦ-

421 5749 593 5820 .δηλον
613 5753 694 5806 ὅτι
727 5754 928 5810 εῖκοσιν
959 5753 1055 5824 ἔτη
1087 5750 1287 5822 μεταξὺ
1335 5753 1520 5823 στεῖρα
1549 5749 1762 5820 ἔμεινεν
1789 5751 2003 5822 ἡγυνὴ,

1078 350 1134 404 S.
1179 349 1462 406 JOANNIS
1499 340 1981 404 CHRYSOSTOMI
2023 337 2343 400 ARCHIEP.
2381 345 2932 401 CONSTANTINOP.

3548 322 3654 378 562

2087 442 2182 494 καί
2232 442 2416 496 τοῦτον
2459 443 2675 496 ἅπαντα
2718 441 2808 496 τὸν
2851 443 3038 513 χρόνον
3090 442 3267 497 ἐδέετο
3312 441 3406 495 τοῦ
3451 442 3586 495 Θεοῦ
3624 445 3654 494 ὁ

2099 535 2306 591 Ἰσαάκ.

2161 625 2308 698 [552]
2332 633 2381 679 ι’.
2408 624 2541 680 Εἶτα
2561 627 2662 680 οὐκ
2685 625 3072 697 αἰσχυνόμεθα,
3097 626 3217 679 οὐδὲ
3242 624 3658 695 ἐγκαλυπτόμε-

2090 717 2175 778 θα,
2194 719 2286 771 τὸν
2304 718 2402 788 μὲν
2417 719 2626 772 δίκαιον
2652 719 2885 790 ὁρῶντες
2918 718 3122 772 εἴκοσιν
3153 717 3246 786 ἔτη
3274 716 3659 788 παραμένοντα

2089 803 2184 856 καὶ
2209 807 2310 858 οὐκ
2337 805 2736 874 ἀφιστάμενον·
2767 807 2928 877 ἡμεῖς
2956 806 3011 858 δὲ
3046 791 3110 858 ἐκ
3141 805 3363 876 πρώτης
3393 807 3659 875 αἰτήσεως

2089 895 2122 964 ἢ
2164 895 2421 967 δευτέρας
2466 897 2728 961 πολλάκις
2761 897 3196 968 ἀπαγορεύοντες
3235 897 3329 950 καὶ
3377 897 3660 968 δυσχεραί-

2090 1001 2307 1051 νοντες;
2339 986 2528 1039 Καίτοι
2555 989 2583 1038 6
2616 987 2714 1057 μὲν
2742 986 2941 1056 πολλὴν
2973 987 3110 1058 πρὸς
3134 986 3224 1040 τὸν
3255 985 3387 1040 Θεὸν
3418 983 3533 1058 εἶχε
3561 988 3660 1058 τὴν

2091 1077 2420 1148 παρρησίαν,
2457 1080 2552 1131 καὶ
2575 1080 2722 1149 ὅμως
2748 1078 2849 1131 οὐκ
2878 1079 3216 1149 ἐδυσχέραινε
3249 1079 3382 1150 πρὸς
3402 1079 3501 1150 τὴν
3527 1079 3661 1132 ἀνα-

2092 1169 2252 1240 ϐολὴν
2286 1169 2382 1240 τῆς
2415 1169 2648 1234 δόσεως,
2677 1171 2734 1224 ἀ)
2747 1171 2794 1224 λ’
2842 1169 3001 1240 ἔμενε
3041 1169 3322 1241 καρτερῶν
3346 1187 3359 1200 ·
3409 1172 3572 1240 ἡμεῖς
3603 1169 3662 1223 δὲ

2097 1261 2308 1332 μυρίων
2343 1262 2762 1333 ἁμαρτημάτων
2799 1262 3083 1333 γέμοντες,
3133 1261 3352 1332 πονηρῷ
3397 1262 3660 1314 συνειδότι

2092 1353 2364 1418 συζῶντες
2383 1393 2397 1418 ,
2424 1354 2680 1426 οὐδεμίαν
2717 1353 2928 1408 εὖνοιαν
2959 1353 3086 1425 περὶ
3121 1353 3214 1406 τὸν
3239 1355 3515 1423 Δεσπότην
3545 1357 3662 1406 ἐπι-

2091 1444 2454 1515 δεικνύμενοι,
2484 1444 2550 1498 ἂν
2576 1445 2670 1516 μὴ,
2697 1430 2826 1516 πρὶν
2849 1445 2880 1517 ἢ
2907 1443 3259 1515 φθέγξασθαι,
3281 1444 3659 1514 ἀκουσθῶμεν,

2091 1532 2346 1603 ἀλύομεν,
2368 1533 2736 1587 ἀποδυσπετοῦ
2745 1552 2864 1603 μεν,
2888 1533 3233 1603 ἀφιστάμεθα
3253 1533 3351 1603 τῆς
3373 1535 3658 1604 αἰτήσεως·

2096 1625 2187 1678 διά
2208 1625 2365 1679 τοῦτο
2389 1628 2573 1689 κεναῖς
2595 1627 2683 1680 ἀεὶ
2709 1626 2993 1698 ἀναχωροῦ
3001 1643 3098 1696 μεν
3121 1625 3295 1697 χερσί.
3331 1627 3423 1689 Τίς
3457 1625 3665 1681 εἴκοσιν

2093 1717 2187 1788 ἔτη
2223 1718 2364 1790 ὑπὲρ
2395 1718 2513 1782 ἐνὸς
2539 1720 2867 1790 πράγματος
2893 1720 3232 1791 παρεκάλεσε
3256 1720 3348 1772 τὸν
3379 1719 3531 1782 Θεὸν,
3562 1738 3662 1772 κα-

2095 1811 2274 1882 θάπερ
2303 1806 2457 1876 οὗτος
2489 1812 2517 1864 6
2547 1811 2783 1877 δίκαιος;
2823 1811 3023 1883 μᾶλλον
3074 1811 3132 1864 δέ
3162 1811 3247 1875 τίς
3288 1810 3458 1864 εῐκοσι
3489 1812 3667 1883 μῆνας

2097 1903 2291 1974 μόνους
2314 1921 2331 1972 ;

2164 2005 2307 2067 Χθές
2335 2005 2432 2076 μὲν
2461 1999 2554 2058 οῦν
2592 2003 2797 2073 ἔλεγον,
2826 2005 2909 2058 ὅτι
2945 2003 3130 2057 πολλοί
3159 2006 3296 2058 εἰσιν
3324 2005 3372 2058 οἱ
3405 2002 3542 2075 μετὰ
3569 2007 3667 2075 5‘4-

2095 2098 2291 2170 θυμίας
2307 2098 2608 2170 εὐχόμενοι,
2627 2098 2722 2153 καὶ
2744 2097 3116 2170 χασμώμενοι,
3140 2097 3233 2152 καὶ
3255 2098 3664 2166 διατεινόμεναι,

2095 2191 2188 2245 καὶ
2237 2191 2734 2262 μεταστρεφόμενοι
2782 2192 3042 2262 συνεχῶς,
3077 2191 3172 2244 καὶ
3204 2190 3462 2260 ὀλιγωρία
3514 2189 3667 2261 πάσῃ

2095 2282 2226 2354 περὶ
2269 2283 2368 2346 τάς
2396 2267 2560 2353 εὐχὰς
2586 2283 2946 2354 κεχρημένοι·
2989 2283 3226 2352 σήμερον
3265 2280 3323 2333 δὲ
3351 2285 3442 2332 καὶ
3475 2280 3667 2350 ἑτέραν

2095 2376 2301 2448 βλάϐην
2327 2368 2484 2447 εὗρον
2511 2377 2631 2438 ταῖς
2652 2377 2839 2445 εὐχαῖς
2875 2373 3314 2445 προσγινομένην
3348 2371 3666 2442 ὀλεθριωτέ⁶

2099 2483 2198 2537 ραν
2224 2466 2456 2538 ἐκείνης,
2490 2465 2677 2519 Πολλοὶ
2697 2466 2805 2535 γάρ
2827 2468 3049 2535 πρηνεῖς
3078 2466 3302 2528 ἑαυτοὺς
3328 2462 3666 2534 ῥιπτοῦντες.

2097 2560 2192 2610 καὶ
2217 2557 2293 2626 τῷ
2323 2557 2559 2628 μετώπῳ
2579 2556 2680 2627 τὴν
2706 2557 2809 2627 γῆν
2856 2560 3168 2617 τύπτοντες,
3201 2555 3296 2608 καὶ
3327 2553 3502 2626 θερμά
3529 2569 3668 2623 προ-

2096 2651 2310 2721 χέοντες
2351 2649 2583 2720 δάκρυα,
2629 2649 2724 2701 καὶ
2770 2648 2964 2719 πικρὸν
3001 2646 3246 2701 κάτωθεν
3295 2645 3664 2708 στενάζοντες,

2101 2740 2197 2794 καὶ
2227 2740 2322 2803 τὰς
2352 2742 2540 2811 χεῖρας
2573 2739 2926 2804 ἐκτείνοντες,
2950 2739 3044 2791 καὶ
3069 2737 3270 2808 πολλὴν
3298 2737 3529 2807 σπουδὴν

2095 2830 2464 2900 δεικνύμενοι,
2505 2832 2569 2901 τῇ
2615 2829 2907 2902 θερμότητι
2950 2829 3124 2901 ταύτῃ
3163 2829 3255 2882 καὶ
3285 2831 3352 2899 τῇ
3388 2826 3669 2897 προθυμίᾳ⁵

2098 2922 2239 2976 κατά
2307 2924 2406 2992 τῆς
2469 2922 2672 2985 οἰκείας
2725 2921 3017 2992 κέχρηνται
3075 2920 3368 2990 σωτηρίας.
3425 2918 3503 2972 Οὐ
3557 2919 3670 2987 γὰρ

2099 3015 2241 3084 ὑπὲρ
2291 3014 2398 3067 τῶν
2443 3014 2658 3066 οἰκείων
2701 3015 3109 3084 ἁμαρτημάτων
3161 3009 3532 3082 παρακαλοῦσι
3576 3009 3670 3061 τὸν

2096 3105 2248 3168 Θεὸν,
2284 3105 2404 3158 οὐδὲ
2439 3102 2769 3176 συγγνώμην
2796 3104 3005 3156 αἰτοῦσι
3037 3102 3147 3156 τῶν
3176 3100 3671 3173 πλημμεληθέντων

2097 3193 2300 3256 αὐτοῖς,
2331 3191 2466 3245 άλλά
2487 3193 2586 3262 τὴν
2623 3191 2855 3261 σπουδὴν
2898 3191 3102 3262 ταύτην
3136 3191 3278 3244 κατά
3309 3189 3416 3243 τῶν
3458 3188 3671 3259 ἐχθρῶν

2096 3284 2334 3338 κινοῦσιν
2364 3284 2602 3349 ἃπασαν,
2631 3283 2825 3338 ταύτὸν
2859 3281 3140 3346 ποιοῦντες
3161 3324 3177 3349 ,
3207 3280 3397 3352 ὥσπερ
3420 3278 3484 3334 ἂν
3514 3282 3672 3342 εἴτις

2095 3376 2156 3428 τὸ
2200 3376 2351 3446 ξίφος
2385 3377 2686 3447 ἀκονήσας,
2726 3374 2825 3446 μὴ·
2851 3373 2988 3428 κατά
3028 3373 3134 3426 τῶν
3176 3372 3449 3444 πολεμίων
3492 3371 3674 3443 χρῷτο

2095 3467 2173 3538 τῷ
2212 3467 2381 3538 ὅπλῳ,
2423 3467 2560 3520 ἀλλά
2605 3465 2694 3518 διὰ
2735 3466 2833 3534 τῆς
2865 3463 3070 3527 οἰκείας
3121 3462 3254 3516 αὐτὸ
3301 3462 3462 3532 δέρης
3513 3461 3670 3516 ώθοῖ.

2097 3555 2253 3608 Οὕτω
2295 3555 2388 3609 καὶ
2427 3549 2572 3608 οὗτοι
2609 3551 2707 3622 οὐχ
2737 3551 2879 3620 ὑπὲρ
2904 3551 3005 3621 τῆς
3036 3550 3282 3619 ἀφέσεως
3306 3548 3414 3602 τῶν
3452 3550 3675 3602 οἰκείων

2097 3644 2313 3714 ἀμαρτη
2323 3643 2524 3712 μάτων,
2560 3640 2699 3694 ἀλλά
2731 3639 2872 3692 κατά
2897 3637 2998 3706 τῆς
3020 3637 3290 3708 τιμωρίας
3317 3635 3428 3689 τῶν
3458 3635 3674 3705 ἐχθρῶν

2098 3734 2214 3794 ταῖς
2231 3731 2416 3801 εὐχαῖς
2439 3730 2754 3800 κέχρηνται·
2777 3729 2914 3798 ὅπερ
2942 3727 3056 3778 ἐστί
3078 3726 3200 3778 καθ’
3225 3724 3501 3778 ἐαυτῶντὸ
3523 3724 3675 3792 ξίφος

2097 3820 2274 3874 ὠθεῖν.
2321 3818 2613 3888 Ἐπενόησε
2643 3817 2700 3870 δὲ
2740 3821 2835 3870 καὶ
2872 3815 3030 3868 τοῦτο
3061 3816 3089 3867 6
3119 3813 3374 3884 πονηρὸς,
3402 3813 3492 3866 ἵνα
3536 3811 3677 3864 πάν-

2097 3907 2250 3960 τοθεν
2291 3906 2517 3968 ἐαυτοὺς
2550 3902 2928 3974 ἀπολλύωμεν,
2981 3901 3074 3955 καὶ
3102 3901 3192 3954 διὰ
3225 3899 3498 3972 ῥᾳθυμίας
3518 3937 3533 3960 ,
3581 3899 3680 3951 καὶ

2097 3988 2188 4043 διὰ
2226 3987 2482 4058 σπουδῆς.
2516 3987 2578 4040 Ol
2623 3987 2718 4057 μὲν
2751 3985 2860 4057 γὰρ
2898 3987 2965 4055 τῇ
2997 3982 3124 4054 περί
3149 3982 3250 4046 τὰς
3283 3982 3448 4051 εὐχάς
3480 3981 3678 4048 όλιγω-

2103 4075 2192 4146 ρίᾳ
2223 4071 2580 4144 παροξύνουσι
2608 4071 2698 4124 τὸν
2721 4069 2874 4130 Θεὸν,
2901 4069 3000 4138 τὴν
3035 4066 3441 4138 καταφρόνησιν
3461 4064 3546 4118 διὰ
3577 4065 3679 4135 τῆς

2102 4157 2374 4230 ῥᾳθυμίας
2401 4153 2835 4224 ἐπιδεικνύμενοι
2860 4167 2873 4180 ·
2909 4153 2957 4204 οἰ
2990 4150 3045 4203 δὲ
3075 4149 3264 4219 ἐπειδὴ
3297 4147 3532 4218 σπουδὴν
3559 4148 3683 4200 ἐπι-

2098 4240 2423 4300 δείκνυνται,
2450 4236 2548 4306 τὴν
2579 4235 2813 4306 σπουδὴν
2844 4234 3005 4288 πάλιν
3037 4231 3179 4286 κατά
3204 4232 3304 4302 τῆς
3331 4230 3536 4284 ἐαυτῶν
3559 4231 3683 4282 ἐπι-

2099 4323 2402 4376 δείκνυνται
2429 4318 2721 4390 σωτηρίας.
2761 4319 2820 4370 ’0
2846 4317 3013 4380 δεῖνα,
3047 4316 3199 4387 φησὶ,
3231 4313 3493 4386 ῥᾳθυμεῖ·
3520 4315 3684 4385 ἀρκεῖ

2104 4423 2194 4476 μοι
2231 4405 2370 4476 πρὸς
2395 4403 2455 4456 τὸ
2509 4403 2734 4473 μηδενὸς
2771 4401 2933 4456 αὑτὸν
2981 4401 3290 4470 ἐπιτυχεῖν·
3323 4394 3475 4460 οὗτος
3509 4413 3682 4448 σπου-

2101 4489 2247 4551 δαῖός
2281 4489 2396 4540 ἐστι
2429 4487 2523 4540 καὶ
2564 4485 3022 4556 διεγηγερμένος·
3070 4484 3124 4536 τί
3157 4477 3250 4536 οὖν
3295 4482 3380 4534 ἵνα
3411 4480 3680 4550 γένηται;

2103 4572 2178 4625 Οὐ
2206 4570 2442 4640 δύναμαι
2472 4567 2697 4621 ἐκλῦσαι
2722 4567 2818 4638 τὴν
2849 4565 3105 4636 σπουδὴν,
3137 4565 3256 4618 οὐδὲ
3282 4564 3364 4626 εἰς
3384 4562 3682 4631 ὀλιγωρίαν

2103 4655 2390 4725 ἐμϐαλεῖν·
2431 4651 2633 4721 ἑτέρως
2672 4648 2838 4703 αὐτοῦ
2879 4647 3211 4720 περιοδεύσω
3251 4647 3350 4717 τὴν
3376 4644 3679 4698 ἀπώλειαν.

2103 4739 2267 4803 Πῶς;
2302 4737 2394 4799 Εἰς
2425 4733 2768 4804 παρανομίαν
2806 4734 2872 4802 τῇ
2915 4731 3118 4801 σπουδῇ
3149 4727 3459 4800 χρήσασθαι
3503 4744 3684 4798 παρα-

2107 4822 2354 4876 σκευάσω
2376 4833 2390 4847 ·
2414 4821 2476 4873 τὸ
2504 4817 2611 4889 γάρ
2641 4815 2782 4871 κατὰ
2807 4816 2916 4868 τῶν
2943 4814 3154 4886 ἐχθρῶν
3190 4812 3466 4883 εὔχεσθαι,
3499 4813 3683 4883 παρά-

2105 4905 2267 4976 νομόν
2316 4906 2482 4957 ἐστιν.
2546 4899 2930 4956 Ἀπελεύσεται
2980 4897 3158 4950 τοίνυν
3213 4898 3273 4949 οὐ
3314 4897 3473 4966 μόνον
3524 4896 3683 4948 οὐδὲν

2106 4989 2370 5059 κερδάνας
2409 4986 2518 5040 ἀπὸ
2559 4987 2658 5054 τῆς
2703 4983 2969 5053 σπουδῆς,
3000 4981 3136 5034 ἀλλὰ
3172 4982 3266 5034 καὶ
3313 4981 3534 5033 πλείονα
3579 4982 3684 5050 τὴν

2109 5072 2310 5144 βλάϐην
2336 5068 2636 5140 ὑπομείνας
2662 5067 2761 5137 τῆς
2783 5066 2871 5119 διά
2905 5065 3194 5136 ῥᾳθυμίας.
3223 5063 3480 5118 Τοιαῦται
3505 5066 3563 5118 αί
3587 5064 3680 5116 τοῦ

2106 5155 2349 5210 διαϐόλου
2383 5151 2657 5224 μηχαναί·
2691 5150 2818 5210 τοὺς
2847 5149 2945 5212 μὲν
2973 5147 3061 5200 διὰ
3081 5147 3178 5217 τῆς
3215 5146 3487 5217 ῥᾳθυμίας
3507 5185 3520 5208 ,
3553 5148 3683 5210 τοὺς

2106 5240 2162 5291 δὲ
2209 5237 2274 5290 δι’
2309 5236 2475 5306 αὐτῆς
2508 5233 2771 5287 ἀπόλλυσι
2809 5231 2906 5302 τῆς
2955 5230 3218 5299 σπουδῆς,
3247 5231 3375 5283 ὅταν
3412 5230 3492 5300 μὴ
3536 5232 3682 5285 κατά

2106 5322 2301 5392 νόμους
2329 5317 2467 5388 αὕτη
2497 5317 2734 5386 γίνηται.

2181 5425 2267 5472 ια’.
2287 5415 2444 5469 Ἀλλά
2461 5415 2552 5466 καὶ
2574 5411 2750 5466 αὐτῶν
2779 5411 2926 5478 ἀξιον
2941 5409 3170 5463 ἀκοῦσαι
3184 5406 3292 5462 τῶν
3314 5409 3574 5480 ῥημάτων
3584 5409 3683 5480 τῆς

2107 5502 2294 5572 εὐχῆς,
2327 5499 2421 5553 καί⁸
2465 5497 2582 5560 πῶς
2615 5495 2869 5564 παιδικῆς
2916 5496 3029 5546 ἐστι
3063 5492 3410 5572 διανοίαςῌτά
3442 5494 3680 5563 ῥήματα,

2108 5570 2553 5656 πῶςίνηπιώδους
2579 5578 2780 5650 ψυχῆς.
2799 5576 3134 5646 Αἰσχύνομαι
3155 5577 3254 5645 μὲν
3273 5570 3365 5628 οῦν
3396 5577 3535 5629 αὐτά
3561 5576 3683 5645 μὲλ-

2107 5670 2214 5723 λων
2243 5668 2410 5738 ἐρεῖν,
2442 5663 2578 5734 πλὴν
2611 5662 2824 5730 ἀνάγκη
2857 5662 3073 5722 πάντως
3096 5659 3271 5711 εἰπεῖν
3302 5657 3394 5711 καὶ
3431 5658 3682 5738 μιμήσα-
3779 5707 3786 5714 ,

2113 5753 2235 5808 σθαι
2272 5737 2370 5821 τὴν
2401 5748 2722 5804 ἀπαίδευτον
2746 5743 2988 5815 γλῶτταν
3015 5743 3249 5815 ἐκείνην.
3285 5742 3416 5796 Τίνα
3441 5737 3536 5796 οὖν
3567 5743 3681 5795 ἐστι
