4020 6370
313 357 409 412 581
1570 340 1661 397 DE
1702 339 1839 394 NON
1880 341 2351 399 DESPERANDO.

314 472 411 525 vit.
434 468 550 524 Non
578 466 720 522 enim
749 482 777 519 a
809 465 1071 537 principio
1105 464 1281 518 statim
1316 462 1388 516 illi
1419 458 1774 520 annnntiavit,
1803 452 1896 508 sed

316 572 370 615 nt
407 568 669 615 semestre
712 568 921 629 tempus
961 556 1127 611 sterili
1172 556 1493 619 elaberetur,
1525 552 1892 624 exspectavit:

317 662 373 704 nt
405 651 610 705 ventris
648 657 824 703 tumor
861 648 1264 717 conceptionem
1302 646 1580 711 indicaret,
1607 653 1663 699 et
1690 654 1898 697 uterum

318 744 462 796 illam
492 751 700 812 gestare
738 739 987 796 dubitare
1029 739 1249 794 minime
1292 747 1487 807 posset.
1520 739 1595 792 Ac
1620 736 1748 791 mihi
1778 752 1901 789 rur-

318 848 411 888 sus
449 832 782 896 prudentiam
811 831 1074 887 Gabrielis
1117 830 1420 885 considera.
1448 829 1632 899 Neque
1655 828 1796 882 enim
1828 828 1900 881 illi

319 928 593 982 revocavit
622 927 674 980 in
706 925 1020 981 memoriam
1063 926 1300 989 Sarram,
1329 938 1429 978 nec
1454 923 1769 984 Rebeccam,
1803 935 1903 975 nec

319 1017 633 1082 Rachelem,
651 1016 857 1072 tametsi
874 1016 1083 1071 steriles
1099 1016 1257 1070 etiam
1270 1024 1421 1070 erant
1436 1014 1570 1081 istm,
1588 1029 1649 1067 ae
1662 1022 1904 1067 senectu-

320 1123 374 1166 te
394 1112 674 1178 confectze,
698 1127 870 1182 neque
897 1127 984 1165 res
1014 1110 1229 1165 carebat
1253 1109 1509 1163 miraculo
1537 1126 1550 1162 :
1575 1106 1669 1162 sed
1698 1120 1904 1161 veteres

320 1214 477 1260 erant
507 1204 610 1258 illa:
637 1204 894 1258 historiaz.
914 1203 1083 1257 Porro
1111 1219 1227 1273 qua:
1252 1218 1387 1256 nova
1418 1211 1542 1255 sunt
1567 1212 1621 1255 et
1645 1201 1900 1262 recentia,

320 1311 441 1365 qua:
468 1306 648 1350 nostra
677 1303 833 1349 aetate
857 1294 1184 1356 acciderunt,
1220 1292 1384 1346 multo
1430 1291 1597 1361 magis
1626 1307 1783 1361 quam
1810 1306 1902 1343 an-

327 1388 468 1456 tiqua
500 1401 599 1441 nos
643 1386 817 1441 solent
856 1383 923 1441 ad
965 1386 1121 1439 fidem
1153 1383 1446 1439 habendam
1476 1384 1742 1438 miraculis
1773 1383 1905 1437 inci-

326 1495 462 1539 tare.
492 1483 661 1551 Quam
683 1480 753 1537 ob
775 1494 1011 1543 causam,
1044 1476 1147 1531 illis
1178 1477 1566 1547 prietermissis,
1602 1476 1905 1545 exemplum

328 1577 429 1646 ipsi
459 1584 701 1645 cognatae
753 1587 864 1626 sua:
910 1569 1148 1625 Elizabet
1191 1570 1543 1639 proponebat,
1576 1577 1634 1622 ut
1654 1584 1718 1622 ex
1740 1584 1803 1622 eo
1831 1567 1905 1634 id,

324 1669 467 1740 quod
498 1668 571 1723 illi
606 1678 923 1724 eventurum
964 1673 1101 1732 erat,
1137 1662 1475 1733 intelligeret,
1504 1671 1561 1717 ut
1585 1662 1727 1717 illius
1756 1672 1905 1731 partu

322 1764 391 1819 ad
416 1780 571 1821 suum
617 1763 765 1817 illum
809 1762 1038 1816 maxime
1083 1759 1421 1815 tremendum
1463 1770 1621 1828 atque
1648 1772 1909 1811 veneran-

325 1857 455 1911 dum
484 1864 634 1911 certo
656 1853 978 1909 credendum
1001 1852 1361 1907 induceretur.
1391 1850 1593 1905 Medius
1614 1850 1811 1920 quippe
1837 1850 1910 1902 in-

325 1960 408 2004 ter
431 1958 671 2004 nostrum
697 1957 752 2003 et
780 1947 990 2002 Domini
1020 1957 1228 2017 partum
1258 1946 1354 1999 fuit
1375 1945 1463 1999 ille
1489 1944 1683 1999 sterilis
1713 1943 1906 1997 mulie-

324 2043 418 2106 ris,
484 2041 659 2095 minor
722 2039 936 2110 quidem
994 2037 1250 2108 virgineo,
1320 2035 1414 2090 sed
1472 2035 1644 2104 major
1700 2042 1904 2087 nostro.

328 2134 612 2203 Propterea
643 2142 908 2202 tamquam
938 2147 1036 2202 per
1057 2130 1337 2199 quemdam
1369 2137 1583 2198 pontem
1614 2141 1711 2196 per
1735 2126 1909 2179 Eliza-

326 2226 436 2287 bet,
462 2239 583 2295 qua:
608 2224 783 2279 media
811 2231 961 2286 erat,
992 2238 1023 2276 a
1055 2221 1280 2276 naturali
1320 2230 1473 2290 partu
1516 2223 1583 2273 ad
1623 2218 1770 2273 illum
1821 2216 1909 2287 qui

328 2328 572 2371 naturam
605 2315 834 2380 excedit,
861 2313 1107 2369 subvehit
1128 2322 1359 2367 mentem
1389 2311 1625 2381 virginis.

398 2410 452 2464 9.
484 2408 619 2475 Quot
638 2423 798 2461 annos
816 2415 1044 2477 precatus
1058 2405 1122 2460 sit
1153 2403 1322 2460 Isaac.
1340 2434 1412 2444 —
1431 2402 1731 2458 Voluissem
1759 2401 1911 2472 equi-

324 2501 448 2556 dem
490 2500 642 2575 plura
678 2499 876 2564 dicere,
905 2514 1107 2565 vosque
1149 2497 1282 2553 alias
1320 2496 1517 2552 docere
1554 2495 1809 2562 rationes,
1843 2492 1913 2548 ob

324 2610 458 2664 quas
480 2594 679 2649 sterilis
706 2601 819 2648 erat
846 2592 1114 2655 Rebecca,
1149 2599 1203 2645 et
1230 2588 1432 2645 Rachel
1464 2587 1599 2643 :sed
1639 2604 1744 2642 non
1786 2587 1914 2641 sinit

328 2697 559 2755 tempus,
588 2683 729 2754 quod
757 2684 1051 2739 orationem
1080 2682 1223 2752 cogit
1251 2681 1319 2736 ad
1346 2679 1731 2736 ostendendam
1751 2680 1915 2734 virtu—

325 2786 435 2831 tem
459 2792 678 2849 precum
702 2776 973 2831 festinare.
993 2774 1196 2830 Idcirco
1218 2788 1445 2844 namque
1468 2772 1537 2827 de
1562 2772 1644 2827 his
1666 2770 1913 2827 omnibus

326 2884 631 2924 sermonem
680 2868 1024 2934 iustituimus,
1067 2875 1124 2921 ut
1148 2865 1543 2936 intelligeretis,
1577 2878 1681 2934 qua
1708 2862 1914 2918 ratione

329 2975 514 3029 preces
544 2960 687 3014 Isaac
733 2960 1068 3015 sterilitatem
1113 2958 1295 3012 uxoris
1338 2956 1615 3021 solverint,
1643 2964 1698 3009 et
1726 2969 1913 3026 preces

329 3051 590 3121 temporis
636 3062 739 3105 tam
788 3051 1044 3105 diuturni.
1092 3049 1489 3120 Deprecabatur,
1542 3047 1732 3118 inquit,
1762 3046 1914 3101 Isaac

327 3159 423 3212 pro
433 3143 656 3198 Rebecca
683 3160 839 3198 uxore
862 3160 975 3210 sua,
1006 3152 1052 3197 et
1078 3142 1329 3197 exaudivit
1351 3159 1463 3196 eum
1482 3141 1615 3195 Deus
1639 3138 1799 3211 (Gen.
1820 3139 1910 3194 25.

328 3238 444 3305 21).
473 3237 588 3292 Noli
618 3238 759 3292 enim
791 3246 979 3306 putare
1008 3237 1174 3291 Deum
1204 3238 1351 3291 illum
1382 3238 1680 3302 invocasse,
1707 3250 1771 3289 ac
1794 3244 1907 3289 sta-

328 3326 424 3383 tim
468 3327 773 3384 exauditum
801 3328 966 3384 fuisse
992 3328 1250 3382 :multum
1280 3329 1423 3383 enim
1467 3327 1721 3396 temporis
1744 3326 1913 3381 Deum

330 3422 535 3476 orando
562 3422 912 3491 consumpsit.
938 3422 1015 3474 Ac
1040 3420 1303 3474 sidiscere
1324 3419 1497 3474 velitis
1520 3428 1795 3488 quantum,
1817 3432 1916 3487 ego

328 3513 482 3568 vobis
515 3511 644 3566 illud
686 3519 873 3566 exacte
912 3509 1166 3565 narrabo.
1189 3508 1390 3577 Viginti
1423 3522 1684 3562 annorum
1722 3522 1915 3561 nume-

329 3620 448 3659 rum
480 3605 647 3659 Deum
696 3602 900 3657 orando
926 3602 1275 3673 consumpsit.
1298 3601 1452 3656 Unde
1488 3601 1539 3655 id
1566 3600 1812 3655 constat?
1839 3600 1915 3653 Ex

331 3698 444 3766 ipsa
467 3696 605 3750 serie
643 3695 982 3750 narrationis.
1014 3693 1213 3749 Volens
1249 3694 1392 3747 enim
1432 3693 1703 3762 Scriptura
1732 3691 1912 3756 tidem,

330 3779 640 3849 patientiam
667 3788 721 3834 et
748 3778 1138 3849 phil050phiam
1160 3778 1287 3848 justi
1321 3777 1579 3843 indicare,
1614 3793 1683 3831 ne
1705 3785 1914 3846 tempus

328 3874 546 3943 quidem
582 3873 745 3939 siluit,
770 3874 863 3929 sed
908 3882 963 3929 et
994 3874 1167 3944 ipsum
1215 3873 1532 3938 declaravit,
1570 3874 1693 3928 licet
1719 3872 1919 3927 subob-

327 3984 509 4035 scure,
555 3980 613 4023 ut
650 3969 1027 4039 negligentiam
1068 3978 1306 4023 nostram
1351 3968 1642 4032 excitaret;
1681 3975 1914 4020 attamen

332 4063 567 4129 ignotum
596 4076 715 4116 esse
754 4077 860 4115 non
888 4060 1032 4114 sivit.
1064 4058 1200 4113 Audi
1230 4074 1379 4129 ergo,
1411 4067 1700 4129 quo'paeto
1727 4057 1917 4111 subob-

330 4166 489 4206 scure
517 4150 668 4205 nobis
697 4158 904 4219 tempus
948 4149 1209 4204 indicarit.
1239 4146 1392 4201 Isaac
1430 4157 1596 4200 autem
1650 4157 1758 4201 erat
1790 4164 1917 4217 qua—

330 4242 570 4314 draginta
623 4258 893 4306 annorum,
927 4241 1127 4310 inquit,
1156 4239 1360 4310 quando
1405 4240 1599 4309 accepit
1640 4237 1916 4292 Rebecca»:

331 4335 493 4403 ﬁliam
533 4331 754 4388 Batltuel
800 4333 919 4403 Syri
958 4330 1106 4403 (Gen.
1137 4330 1225 4385 25.
1255 4328 1370 4401 20).
1400 4330 1638 4384 Didicisti
1667 4337 1797 4399 quot
1824 4344 1919 4382 an-

335 4443 525 4481 norum
562 4436 702 4481 esset
731 4425 945 4496 quando
973 4425 1121 4479 duxit
1150 4422 1412 4477 uxorem?
1436 4420 1795 4491 Quadraginta
1822 4438 1918 4475 an-

332 4534 549 4585 norum,
573 4518 762 4589 inquit,
792 4527 930 4583 erat,
958 4514 1176 4585 quando
1213 4514 1511 4569 Rebeccam
1558 4513 1783 4583 accepit.
1811 4512 1917 4567 Sed

332 4610 584 4680 quoniam
616 4609 688 4681 (a)
718 4617 847 4679 quot
881 4623 1143 4661 annorum
1171 4613 1316 4661 esset
1340 4604 1641 4670 didicimus,
1667 4620 1787 4658 cum
1814 4604 1915 4658 sibi

245 4704 261 4723 ⁶
335 4700 677 4754 matrimonio
697 4699 876 4769 junxit
904 4712 1146 4762 uxorem,
1173 4696 1444 4751 discamus
1480 4704 1533 4750 et
1562 4693 1774 4764 quando
1801 4702 1916 4747 tan-

335 4791 459 4845 dem
490 4790 787 4860 susceperit
821 4789 1039 4852 liberos,
1069 4796 1125 4842 et
1150 4796 1279 4858 quot
1308 4802 1567 4841 annorum
1597 4794 1771 4851 esset,
1795 4800 1918 4839 cum

335 4881 503 4937 Jacob
527 4881 740 4951 genuit;
772 4889 882 4933 tum
923 4879 1104 4933 videre
1134 4878 1425 4947 poterimus
1453 4886 1652 4947 quanto
1676 4885 1920 4945 tempore

336 4973 535 5027 sterilis
575 4986 711 5026 uxor
759 4970 1036 5034 manserit,
1065 4986 1127 5024 ac
1149 4979 1262 5023 toto
1294 4969 1386 5022 illo
1412 4978 1650 5037 tempore
1680 4967 1920 5022 lsaacum

341 5065 508 5117 Deum
554 5077 673 5117 esse
713 5062 1077 5131 deprecatum.
1119 5061 1261 5128 Quot
1303 5060 1463 5129 igitur
1504 5073 1765 5113 annorum
1808 5068 1924 5113 erat

337 5157 553 5227 quando
585 5156 841 5212 Iacobum
877 5155 1095 5224 genuit?
1121 5153 1287 5219 Exiit,
1318 5153 1505 5223 inquit,
1527 5150 1688 5204 Jacob
1713 5151 1920 5205 dextera

337 5260 509 5304 tenens
546 5250 839 5303 calcaneum
885 5248 1059 5319 fratris
1099 5252 1180 5302 sui
1210 5264 1228 5303 :
1258 5258 1522 5319 propterea
1569 5249 1761 5302 vocavit
1810 5265 1920 5302 eum

334 5341 520 5405 Jacob,
550 5341 696 5395 illum
733 5350 900 5394 autem
936 5337 1101 5394 Esau.
1129 5337 1282 5393 Isaac
1321 5350 1487 5393 autem
1531 5352 1637 5394 erat
1671 5357 1922 5393 annorum

336 5433 624 5503 sexaginta,
651 5432 854 5501 quando
880 5431 1050 5503 genuit
1079 5447 1162 5484 eos
1184 5430 1332 5500 (Gen.
1358 5430 1447 5485 25.
1467 5432 1558 5486 25.
1580 5433 1693 5500 ‘26).
1717 5432 1771 5487 Si
1793 5447 1922 5501 ergo

339 5541 463 5579 cum
508 5525 662 5578 duxit
701 5523 1023 5589 Rebeccam,
1069 5521 1415 5592 quadraginta
1466 5533 1582 5577 erat
1636 5538 1919 5587 annorum,

340 5618 555 5689 quando
608 5632 770 5689 porro
818 5616 957 5671 filios
998 5617 1519 5687 genuit,sexaginta,
1547 5617 1713 5687 liquet
1741 5616 1921 5687 viginti

405 5774 478 5836 (a)
502 5780 741 5824 Hactenus
764 5773 812 5824 in
835 5773 1033 5823 tiomilia
1055 5774 1115 5822 49
1139 5785 1190 5821 ιιι
1212 5774 1455 5823 Genesim.

3480 350 3587 406 562

2005 470 2175 511 annos
2210 456 2419 513 interim
2449 461 2684 517 sterilem
2710 480 2929 519 usurem
2953 467 3231 533 mansisse,
3253 477 3467 539 totoque
3488 475 3589 526 hoc

2007 557 2246 618 tempore
2278 551 2512 608 lsaacum
2544 555 2710 610 Deum
2736 572 2937 611 orasse.

2079 639 2166 693 10.
2204 644 2395 696 Annon
2453 642 2610 713 igitur
2663 647 3027 703 erubescimus
3080 660 3134 704 et
3187 651 3582 718 confundimur,

2005 747 2126 786 cum
2162 733 2364 803 justum
2403 737 2643 794 videmus
2687 756 2856 796 annos
2886 742 3067 812 viginti
3095 754 3455 817 exspectasse,
3487 763 3588 802 nec

2006 823 2277 881 abstitisse
2299 844 2311 879 :
2334 842 2431 881 nos
2449 844 2576 883 vero
2598 841 2717 898 post
2742 847 2898 886 unam
2921 834 3003 888 vel
3024 834 3242 889 alteram
3276 838 3587 905 petitionem

2007 930 2148 985 saepe
2173 916 2470 985 deficimus,
2498 931 2548 974 et
2582 923 2953 992 indignamur?
2991 926 3221 983 Tametsi
3250 930 3336 985 hic
3365 931 3589 986 multam

2007 1007 2146 1075 apud
2199 1008 2368 1063 Deum
2415 1009 2660 1067 fiduciam
2696 1013 2945 1081 habebat,
2980 1027 3033 1071 et
3062 1027 3239 1074 tamen
3276 1021 3589 1077 dilationem

2008 1100 2131 1155 doni
2163 1118 2267 1156 non
2299 1120 2440 1174 aegre
2467 1107 2688 1175 ferebat,
2716 1110 2808 1165 sed
2834 1113 3099 1181 patienter
3119 1120 3462 1187 exspectabat
3494 1137 3508 1174 :
3539 1133 3592 1174 at

2008 1209 2106 1247 nos
2151 1195 2442 1251 innumeris
2487 1201 2691 1254 onerati
2746 1206 3018 1271 peccatis,
3062 1221 3221 1275 prava
3264 1212 3588 1266 conscientia

2011 1284 2155 1350 torti,
2186 1302 2284 1342 nec
2300 1288 2458 1341 ullam
2491 1305 2616 1361 erga
2661 1291 2940 1350 Dominum
2986 1298 3409 1355 benevolentiam
3439 1305 3589 1358 exhi-

2010 1375 2218 1445 bentes,
2243 1380 2343 1435 nisi
2370 1383 2515 1451 prius
2540 1400 2697 1455 quam
2724 1386 2958 1458 eloquuti
2983 1389 3259 1458 fuerimus,
3288 1394 3587 1465 audiamur,

2009 1470 2188 1526 animo
2218 1475 2568 1540 concidimus,
2611 1494 2752 1549 aegre
2795 1481 3033 1548 ferimus,
3061 1500 3089 1538 a
3117 1488 3419 1555 precatione
3445 1489 3591 1544 absi-

2011 1563 2200 1617 stimus
2224 1581 2244 1617 .:
2276 1582 2381 1636 quo
2412 1568 2470 1621 fit
2510 1579 2567 1623 ut
2606 1574 2788 1626 vacuis
2836 1588 3049 1644 semper
3092 1579 3336 1633 manibus
3367 1581 3588 1636 receda-

2012 1669 2150 1708 mus.
2178 1656 2306 1721 Quis
2326 1661 2498 1727 spatio
2522 1661 2703 1732 viginti
2725 1680 2985 1721 annorum
3033 1684 3129 1738 pro
3178 1687 3281 1725 una
3326 1688 3384 1726 re
3427 1674 3589 1728 Deum

2012 1756 2260 1815 precatus
2309 1759 2393 1804 est
2446 1752 2581 1807 sicut
2634 1754 2720 1809 hic
2760 1756 2980 1825 justus?
3012 1761 3094 1814 vel
3145 1764 3340 1831 potius,
3369 1766 3486 1835 quis
3512 1768 3593 1820 vi-

2011 1841 2140 1908 ginti
2176 1843 2321 1897 solos
2350 1845 2600 1901 menses?

2085 1932 2180 1986 Cui
2204 1935 2392 1989 similes
2419 1937 2541 2004 sint,
2569 1939 2658 2008 qui
2696 1950 2873 1995 contra
2914 1944 3144 1998 inimicos
3180 1956 3346 2001 orant.
3369 1978 3440 1990 —
3468 1948 3591 2003 Heri

2013 2026 2227 2095 quidem
2250 2028 2489 2084 dicebam
2513 2033 2709 2087 multos
2728 2050 2848 2090 esse
2876 2036 2965 2107 qui
2994 2038 3322 2108 negligenter
3347 2014 3521 2107 orant,
3540 2052 3594 2097 et

2013 2120 2322 2188 oscitantes,
2353 2137 2411 2176 se
2437 2124 2803 2191 extendentes,
2833 2141 2897 2180 ac
2940 2138 3194 2197 perpetuo
3237 2145 3295 2184 se
3327 2130 3428 2185 huc
3466 2134 3593 2186 illnc

2013 2223 2307 2281 vertentes,
2345 2230 2561 2270 omnem
2614 2218 2872 2273 incuriam
2922 2237 3029 2289 prae
3078 2238 3135 2275 se
3188 2221 3594 2280 feruntzhodie

2017 2320 2142 2359 vero
2193 2307 2382 2361 vitium
2424 2309 2568 2363 aliud
2608 2310 2749 2380 quod
2804 2312 3051 2379 precibus
3094 2313 3380 2370 intervenit
3426 2318 3596 2371 multo

2014 2399 2367 2468 perniciosius
2422 2401 2512 2456 illo
2561 2403 2755 2471 reperi.
2798 2402 2941 2457 Multi
2993 2406 3135 2458 enim
3173 2422 3369 2475 pronos
3400 2408 3450 2461 in
3479 2418 3591 2463 ter-

2015 2506 2127 2545 ram
2165 2508 2223 2546 se
2265 2493 2625 2563 projieientes,
2654 2504 2851 2550 terram
2889 2496 3065 2553 fronte
3093 2496 3365 2565 ferientes,
3396 2501 3596 2556 calidas

2016 2582 2299 2639 fundentes
2341 2587 2631 2656 lacrymas,
2675 2588 2868 2644 acerbe
2908 2590 3131 2645 interius
3168 2592 3593 2662 ingemiscentes,

2016 2677 2249 2731 extensis
2274 2677 2539 2745 manibus,
2571 2679 2902 2749 multumque
2940 2682 3170 2737 studium
3197 2699 3307 2753 pra:
3332 2698 3390 2739 se
3420 2684 3599 2739 feren-

2017 2777 2116 2833 tes,
2140 2770 2239 2826 hoc
2256 2770 2465 2827 fervore
2486 2787 2550 2826 ac
2571 2773 2985 2843 promptitudine
3006 2776 3167 2829 animi
3194 2771 3455 2832 adversus
3480 2793 3601 2848 pro-

2021 2861 2434 2932 priamsalutem
2463 2875 2701 2920 utuntur.
2729 2865 2861 2921 Nam
2888 2868 2995 2922 Deo
3031 2884 3217 2938 preces
3239 2868 3469 2924 offerunt
3490 2886 3597 2926 non

2020 2972 2114 3025 pro
2143 2958 2254 3012 suis
2283 2958 2513 3025 delictis,
2546 2976 2717 3031 neque
2758 2970 2813 3014 ut
2849 2962 3058 3015 veniam
3100 2971 3438 3031 peccatorum
3470 2977 3598 3019 suo-

2017 3063 2136 3101 rum
2163 3056 2366 3118 petant,
2394 3050 2488 3105 sed
2517 3049 2619 3105 hoc
2647 3051 2883 3105 studium
2911 3066 3070 3107 omne
3095 3051 3381 3107 conferunt
3405 3053 3598 3109 adver-

2018 3153 2111 3193 sus
2151 3139 2396 3194 inimicos
2425 3155 2441 3193 :
2468 3155 2531 3194 ac
2560 3142 2780 3211 perinde
2810 3141 3033 3208 faciunt,
3065 3158 3129 3198 ac
3172 3145 3215 3198 si
3255 3146 3373 3215 quis
3413 3161 3598 3200 ensem

2017 3242 2200 3299 acuat,
2223 3246 2323 3286 nec
2348 3232 2604 3287 adversus
2632 3233 2814 3289 hostes
2843 3235 2935 3289 illo
2958 3251 3154 3305 genere
3180 3252 3449 3292 armorum
3483 3246 3598 3292 uta-

2020 3334 2122 3389 tur,
2157 3324 2252 3378 sed
2280 3340 2348 3380 eo
2370 3326 2611 3395 jugulum
2641 3340 2793 3380 suum
2826 3327 3071 3395 trajiciat.
3098 3328 3186 3384 Sic
3212 3339 3266 3383 et
3293 3329 3379 3383 isti
3401 3345 3503 3384 non
3532 3329 3597 3383 ad

2018 3415 2360 3469 obtinendam
2387 3431 2604 3470 suorum
2637 3418 2844 3471 veniam
2876 3417 3215 3483 delictorum,
3239 3419 3331 3474 sed
3358 3420 3424 3474 ad
3450 3435 3605 3474 acce—

2020 3508 2296 3563 leranduin
2337 3509 2674 3565 inimicorum
2712 3513 3026 3582 supplicium
3059 3515 3303 3582 precibus
3330 3525 3550 3570 utuntur
3584 3531 3596 3568 :

2021 3600 2161 3669 quod
2199 3609 2283 3655 est
2328 3603 2533 3671 seipsos
2584 3602 2759 3671 gladio
2799 3619 2897 3658 suo
2932 3608 3262 3676 transfigere.
3288 3607 3399 3662 Hoc
3424 3617 3600 3664 autem

2022 3692 2286 3761 malignus
2345 3693 2431 3748 ille
2456 3696 2796 3764 excogitavit,
2830 3705 2888 3750 ut
2908 3710 3006 3750 nos
3030 3698 3175 3751 omni
3205 3714 3269 3751 ex
3295 3708 3444 3767 parte
3472 3714 3600 3767 per-

2021 3783 2240 3850 damus,
2265 3794 2319 3839 et
2351 3785 2474 3839 dum
2517 3788 2846 3857 negligentes
2881 3802 3085 3854 sumus,
3114 3799 3167 3843 et
3205 3789 3330 3843 dum
3371 3791 3604 3845 studium

2022 3878 2232 3946 aliquod
2256 3878 2591 3933 adhibemus.
2628 3880 2689 3933 lli
2717 3881 2860 3935 enim
2892 3881 2991 3935 hac
3016 3896 3111 3937 sua
3165 3883 3217 3937 in
3264 3884 3512 3952 precibus
3534 3884 3607 3938 in-

2023 3970 2167 4030 curia
2196 3969 2360 4024 Deum
2393 3972 2620 4035 irritant,
2639 3972 2764 4026 dum
2794 3987 2890 4041 per
2912 3972 3052 4027 hanc
3076 3975 3451 4044 negligentiam
3474 3990 3604 4030 con~

2023 4069 2281 4129 temptum
2312 4076 2420 4129 pra:
2441 4076 2499 4115 se
2538 4060 2715 4116 ferunt
2751 4079 2764 4115 :
2800 4063 2875 4116 illi
2902 4078 3032 4118 vero
3060 4065 3291 4119 studium
3324 4062 3606 4133 exhibent,

2023 4153 2117 4208 sed
2159 4154 2212 4207 in
2261 4154 2448 4208 salutis
2496 4169 2606 4209 sua:
2648 4155 2937 4224 perniciem
2967 4156 3239 4211 exhibent.
3267 4154 3383 4223 Ille,
3413 4142 3605 4228 inquit,

2024 4246 2297 4315 negligens
2324 4255 2438 4313 est;
2471 4246 2573 4301 hoc
2602 4246 2731 4300 mihi
2757 4247 2952 4301 sufficit
2981 4256 3038 4301 nt
3063 4248 3192 4301 nihil
3219 4248 3496 4303 obtineat:
3520 4248 3607 4303 hic

2024 4337 2250 4407 diligens
2282 4347 2365 4392 est
2404 4347 2460 4392 et
2485 4346 2756 4404 attentus;
2782 4338 2908 4408 quid
2935 4354 3063 4409 ergo
3089 4338 3455 4394 faciam?Non
3486 4355 3613 4410 pos-

2024 4446 2141 4485 sum
2163 4431 2395 4485 studium
2423 4432 2538 4500 ejus
2564 4430 2871 4501 infringere,
2895 4447 3069 4501 neque
3094 4430 3147 4485 in
3194 4447 3315 4487 eum
3341 4439 3610 4501 torporem

2025 4524 2347 4589 immittere;
2379 4524 2480 4578 alia
2527 4524 2733 4579 ratione
2774 4522 3063 4594 perniciem
3097 4524 3147 4577 in
3176 4539 3298 4578 eum
3325 4523 3603 4577 machina-

2027 4617 2145 4672 bor.
2174 4618 2289 4685 Quo
2312 4617 2524 4671 tandem
2544 4616 2742 4672 modo?
2770 4615 3012 4671 Efliciam
3031 4627 3087 4670 ut
3112 4616 3288 4671 studio
3309 4616 3617 4687 diligentia-

2026 4729 2130 4783 que
2160 4711 2225 4765 ad
2254 4711 2586 4781 iniquitatem
2615 4718 2793 4764 utatur
2825 4727 2839 4764 :
2870 4709 3105 4780 iniquum
3132 4711 3276 4765 enim
3317 4719 3396 4765 est
3419 4710 3615 4764 adver-

2031 4821 2123 4860 sus
2170 4805 2414 4859 inimicos
2462 4817 2648 4872 preces
2692 4802 2932 4858 fundere.
2962 4805 3039 4861 Ita
3075 4804 3183 4869 ﬁet,
3220 4812 3279 4858 ut
3322 4818 3427 4858 non
3456 4804 3617 4857 modo

2033 4898 2178 4952 nullo
2199 4906 2470 4967 reportato
2498 4898 2647 4953 lucro
2667 4913 2734 4953 ex
2760 4897 2938 4952 studio
2963 4910 3061 4949 suo
3087 4895 3347 4963 discedat,
3375 4896 3469 4951 sed
3496 4896 3616 4966 plus

2030 4992 2334 5047 detrimenti
2392 4991 2652 5061 patiatur,
2705 5005 2863 5062 quam
2936 4989 3255 5060 negligentia
3303 4989 3613 5044 invexisset.

2031 5083 2307 5154 Ejusmodi
2351 5093 2475 5138 sunt
2518 5084 2715 5138 diaboli
2765 5082 3056 5136 machinae:
3084 5082 3218 5134 alios
3290 5095 3386 5150 per
3439 5079 3612 5148 negli-

2031 5179 2287 5247 gentiam,
2311 5178 2445 5232 alios
2467 5191 2561 5245 per
2586 5177 2756 5245 ipsum
2779 5174 3012 5228 studium
3038 5172 3233 5243 perdit,
3261 5187 3381 5228 cum
3415 5187 3520 5226 non
3548 5185 3616 5224 ex

2036 5269 2345 5339 przescripto
2372 5268 2546 5339 legum
2573 5268 2879 5323 adhibetur.

2106 5363 2165 5417 11
2181 5405 2194 5419 .
2221 5360 2395 5416 Oratio
2409 5377 2577 5415 eorum
2594 5358 2909 5431 quivindicta
2931 5354 3340 5410 delectantur.——
3360 5351 3465 5408 Sed
3486 5366 3619 5421 0pc-

2036 5474 2112 5513 rte
2137 5458 2363 5530 pretium
2382 5456 2540 5511 fuerit
2562 5453 2723 5510 verba
2743 5452 3002 5507 orationis
3017 5451 3220 5515 audire,
3255 5459 3308 5505 et
3333 5462 3439 5518 quo
3466 5454 3621 5515 pacto

2036 5554 2254 5624 puerilis
2276 5553 2435 5607 verba
2474 5552 2583 5605 sint
2632 5548 2846 5612 mentis,
2877 5554 2931 5601 et
2981 5545 3144 5599 animi
3197 5540 3474 5597 infantilis.
3535 5536 3619 5592 Me

2034 5645 2251 5716 quidem
2281 5645 2443 5714 pudet
2474 5643 2563 5697 illa
2592 5641 2793 5707 dicere,
2828 5652 3050 5693 necesse
3080 5644 3162 5692 est
3192 5644 3366 5688 tamen
3394 5629 3615 5685 omnino

2046 5758 2109 5799 ea
2135 5751 2190 5797 ut
2216 5741 2482 5805 dicamus,
2516 5746 2567 5793 et
2596 5734 2862 5790 indoctam
2893 5732 3126 5803 linguam
3155 5726 3296 5781 illam
3328 5723 3617 5779 imitemur.
