4020 6370
463 393 572 450 363

461 510 715 577 Quatnam
737 503 897 574 igitur
919 500 1007 556 illa
1035 507 1161 554 sunt
1189 495 1386 552 verba?
1413 492 1632 548 Vindiea
1659 507 1744 546 me
1770 490 1836 545 de
1860 489 2034 544 inimio

459 605 538 658 cis
564 600 732 656 meis:
763 593 985 652 ostende
1011 592 1116 646 illis
1143 605 1229 645 me
1257 603 1467 659 quoque
1495 587 1658 640 Deum
1682 583 1900 638 habere.
1919 581 2036 636 Non

461 704 571 748 tum
618 692 784 747 Deum
827 702 925 741 nos
967 683 1162 739 habere
1201 680 1433 739 discunt,
1464 676 1534 730 mi
1583 675 1762 738 homo,
1790 687 1908 727 cum
1937 686 2038 726 nos

461 783 819 852 indignamur,
852 786 906 831 et
930 773 1229 836 irascimur,
1259 779 1314 824 et
1343 784 1482 837 (egre
1509 767 1726 820 ferimus
1757 781 1770 816 :
1794 762 1885 817 sed
1913 777 2034 816 cum

461 873 686 930 modesti
727 886 909 925 sumus
929 911 943 934 ,
973 867 1132 921 mites
1161 873 1215 918 et
1257 860 1496 920 humani,
1519 871 1839 925 omnemque
1865 853 2038 924 philo-

457 967 699 1036 sOphiam
728 975 1063 1019 exercemus.
1093 957 1166 1012 lta
1196 969 1410 1025 quoque
1443 952 1576 1006 dixit
1607 951 1746 1004 Deus
1789 965 1803 1001 :
1847 946 2038 1000 Luceat

458 1059 550 1112 tua:
581 1065 744 1109 vestra
780 1067 952 1106 coram
995 1046 1316 1111 hominibus,
1350 1053 1402 1096 ut
1447 1041 1648 1096 videant
1691 1055 1845 1109 opera
1873 1047 2037 1090 vestra

460 1153 611 1215 bona,
642 1124 693 1201 et.
731 1144 1011 1215 gloriﬁcent
1032 1141 1245 1193 Patrem
1287 1147 1503 1190 vestrum
1554 1133 1641 1202 qui
1680 1132 1733 1185 in
1779 1130 1916 1184 cretis
1964 1137 2038 1184 est

459 1245 671 1317 (Matth.
703 1243 758 1306 5,
788 1238 899 1311 16).
923 1237 1038 1293 Non
1071 1230 1446 1290 animadvertis
1483 1227 1734 1317 injuriam
1775 1235 1826 1317 te
1861 1223 2038 1279 facere

459 1315 592 1402 Deo,
622 1349 743 1388 cum
777 1332 943 1385 Deum
987 1326 1243 1381 adversus
1273 1319 1517 1375 itiimicos
1543 1315 1740 1387 rogas?
1763 1315 1880 1382 Quo
1917 1325 2036 1368 tau-

459 1430 581 1482 dem
604 1436 777 1496 pacto,
801 1421 990 1490 inquit,
1008 1419 1118 1472 Deo
1138 1415 1193 1469 fit
1215 1413 1443 1483 injuria?
1467 1409 1726 1476 Quoniam
1746 1408 1857 1477 ipsc
1879 1403 2034 1459 dixit:

463 1521 618 1576 Orate
642 1533 733 1590 pro
767 1512 982 1568 inimicis
1010 1508 1182 1563 vestris
1202 1505 1311 1577 (Ib.
1343 1521 1393 1558 υ.
1415 1501 1528 1574 44),
1560 1510 1616 1556 et
1641 1500 1871 1554 divinam
1901 1497 2038 1551 banc

460 1618 627 1686 legem
656 1611 873 1667 invexit.
896 1606 1028 1662 Cum
1057 1604 1216 1673 igitur
1241 1598 1601 1670 legislaturem
1627 1609 1803 1665 rogas,
1837 1603 2038 1686 utAsuas

456 1683 620 1763 violet
643 1705 804 1774 leges,
833 1711 889 1755 et
909 1695 1160 1762 hortaris,
1180 1700 1240 1747 ut
1263 1690 1376 1746 suis
1395 1687 1692 1744 contrarias
1713 1687 1856 1756 leges
1878 1683 2035 1750 ferat,

457 1811 510 1855 et
536 1813 656 1854 eum
685 1793 774 1865 qui
806 1790 1169 1863 prohibuerat,
1200 1801 1267 1839 ne
1281 1784 1539 1838 adversus
1568 1779 1811 1834 inimicos
1828 1792 2034 1842 orares,

459 1890 715 1962 precaris,
742 1894 800 1941 ut
837 1893 890 1938 te
932 1882 1190 1936 adversus
1229 1876 1475 1930 inimicos
1528 1880 1774 1962 orantem
1816 1868 2035 1962 audiat:

457 1958 562 2038 non
583 1994 728 2042 oras,
759 1977 885 2029 dum
917 1972 967 2027 id
997 1969 1159 2036 facis,
1191 1982 1364 2036 neque
1403 1962 1653 2024 hortaris,
1685 1959 1779 2014 sed
1827 1958 2038 2028 legisla-

459 2072 560 2128 tori
604 2066 982 2125 contumeliam
1026 2061 1212 2127 infers,
1243 2067 1298 2112 et
1353 2057 1407 2111 in
1447 2069 1569 2108 eum
1612 2049 1915 2115 insolescis,
1947 2048 2036 2118 qui

456 2165 593 2218 bona
627 2159 721 2215 tibi
749 2157 1033 2226 largiturus
1061 2157 1206 2212 erat,
1240 2163 1358 2218 quae
1388 2144 1671 2200 occasione
1697 2156 1914 2212 precum
1942 2139 2037 2193 nb-

455 2254 692 2308 veniunt.
724 2250 789 2302 Et
821 2262 926 2316 quo
965 2253 1120 2314 pacto
1150 2241 1283 2303 fieri,
1314 2251 1518 2308 quaeso,
1551 2241 1744 2304 potest,
1771 2239 1832 2285 ut
1853 2229 2036 2284 audia-

454 2347 529 2400 ris
557 2344 682 2399 dum
713 2355 856 2405 oras,
889 2338 934 2392 si
975 2351 1094 2389 eum
1136 2332 1224 2402 qui
1251 2339 1335 2385 est
1364 2328 1641 2382 auditurus
1667 2324 1880 2380 irrites?
1913 2323 2037 2377 Ilzec

454 2437 597 2492 enim
626 2425 751 2488 dum
777 2430 928 2494 facis,
961 2427 1011 2480 in
1035 2425 1340 2479 barathrum
1368 2420 1594 2475 salutem
1628 2425 1770 2472 tuam
1801 2413 2036 2483 compel-

456 2529 544 2590 lis,
574 2535 628 2580 et
654 2524 706 2577 in
737 2518 1084 2591 prmcipitium
1116 2514 1247 2578 ruis,
1266 2512 1391 2565 dum
1419 2509 1692 2564 inimicum
1733 2507 1784 2560 in
1813 2520 2038 2573 conspe-

454 2633 542 2675 ctu
594 2617 753 2686 Regis
799 2610 1049 2682 percutis.
1080 2607 1331 2676 Quamvis
1353 2605 1494 2658 enim
1542 2601 1788 2657 manibus
1835 2599 1886 2654 id
1928 2613 2033 2653 non

455 2715 638 2777 facias,
671 2709 848 2764 verbis
885 2717 1063 2759 tatuen
1109 2716 1232 2756 eum
1267 2698 1501 2768 percutis
1527 2713 1541 2750 :
1571 2693 1714 2765 quod
1754 2707 1878 2762 erga
1915 2707 2037 2746 con-

455 2819 640 2860 servos
679 2808 934 2871 przestare
978 2810 1084 2848 non
1125 2791 1308 2845 audes.
1339 2789 1502 2858 Igitur
1546 2786 1598 2840 id
1644 2800 1804 2855 agere
1839 2784 2036 2837 audeas

455 2879 764 2969 magistratu
811 2899 1085 2961 spectante
1115 2904 1127 2939 :
1157 2886 1286 2939 licet
1332 2883 1608 2936 innumera
1637 2889 1722 2933 tua
1754 2879 1857 2932 sint
1889 2887 2037 2931 recte

455 2994 609 3054 facta,
632 2985 849 3042 omnino
869 2978 1148 3036 confestim
1181 2974 1245 3029 ad
1273 2985 1499 3028 mortem
1527 2971 1828 3025 abduceris.
1863 2971 2033 3039 Ergo-

455 3099 521 3136 ne
569 3094 748 3135 coratn
801 3073 1109 3144 magistratu
1155 3083 1261 3122 non
1301 3065 1465 3119 audes
1512 3063 1770 3132 a‘qualem
1822 3059 2036 3116 afﬁcere

449 3168 808 3226 contumelia:
837 3179 1018 3219 coram
1066 3161 1175 3215 Deo
1219 3167 1394 3211 autem
1448 3155 1536 3225 qni
1589 3154 1640 3208 id
1692 3152 1861 3218 facis,
1906 3169 2033 3216 non,

451 3276 654 3334 qnzeso,
683 3259 887 3324 tremis,
914 3271 1018 3311 non
1051 3253 1205 3307 times
1241 3249 1367 3304 dum
1404 3247 1662 3301 orationis
1704 3255 1944 3314 tempore
1972 3259 2036 3299 ac

453 3369 668 3425 precum
699 3353 777 3406 sic
803 3346 1148 3404 excandescis
1177 3351 1232 3399 et
1255 3341 1514 3406 efferaris,
1545 3354 1607 3393 ac
1637 3339 1891 3406 majorem
1927 3352 2034 3406 pra:

452 3457 505 3501 te
540 3445 645 3499 fers
679 3441 1007 3510 iniquitatem
1054 3437 1143 3489 illo
1179 3434 1268 3504 qui
1297 3441 1511 3488 centum
1540 3431 1789 3485 denarios
1819 3440 2036 3499 repete-

457 3537 583 3591 bat?
611 3533 763 3602 Quod
796 3531 938 3583 enitn
983 3541 1035 3581 tu
1071 3526 1326 3595 majorem
1376 3523 1622 3592 injuriam
1663 3521 1882 3587 inferas,
1910 3521 2034 3575 audi

452 3644 560 3699 quo
576 3635 728 3697 pacto
759 3633 982 3679 testetur
1011 3620 1251 3674 historia.
1283 3616 1470 3671 Decies
1497 3616 1639 3670 mille
1661 3615 1857 3669 talenta
1882 3614 2032 3685 quis-

455 3722 592 3791 piam
613 3719 828 3773 domino
848 3715 1076 3769 debebat
1107 3731 1120 3766 :
1153 3711 1347 3766 deinde
1367 3726 1486 3765 cum
1509 3725 1614 3764 non
1645 3708 1865 3763 haberet
1893 3707 2033 3762 unde

452 3812 734 3875 redderet,
765 3807 951 3862 orabat
979 3814 1036 3859 ut
1077 3803 1292 3875 patienti
1321 3801 1498 3855 animo
1521 3815 1646 3870 erga
1685 3815 1743 3854 se
1779 3808 1948 3864 esset,
1977 3808 2035 3852 ut

450 3903 662 3959 vendita
697 3913 878 3962 uxore,
911 3897 1087 3961 domo,
1118 3910 1181 3950 ac
1224 3893 1344 3948 filiis
1391 3891 1627 3946 debitum
1676 3890 1893 3944 domino
1935 3903 2033 3943 suo

453 3996 780 4069 persolveret
821 3989 1042 4062 (Matth.
1082 3988 1169 4043 18.
1212 3987 1303 4041 24.
1342 3985 1479 4056 sqq.)
1504 3984 1638 4040 Cum
1669 3991 1845 4038 autem
1881 3982 2032 4037 illum

450 4089 696 4145 dominus
725 4087 1100 4139 lamentantem
1130 4079 1332 4134 videret
1359 4076 1700 4131 miseratione
1728 4083 2031 4128 connnotus

452 4192 553 4250 est,
590 4191 643 4235 et
676 4180 812 4234 dena
858 4177 1017 4231 millia
1051 4174 1366 4228 talentorum
1401 4168 1624 4224 remisit.
1654 4169 1912 4241 Egressus
1943 4167 2033 4224 ille

450 4290 571 4330 cum
599 4273 821 4326 alterum
853 4285 1063 4326 servum
1094 4266 1400 4328 invenisset,
1427 4279 1516 4335 qut
1547 4275 1759 4320 centum
1786 4264 2034 4319 denarios

449 4365 548 4436 ipsi
592 4362 839 4426 debebat,
867 4359 1131 4414 suffocatis
1178 4373 1299 4411 eum
1353 4357 1515 4410 multa
1561 4371 1679 4411 cum
1721 4355 2034 4410 crudelitate

450 4467 612 4525 atque
653 4453 984 4508 immanitate
1038 4449 1333 4518 repetebat.
1368 4448 1460 4501 llis
1485 4447 1678 4501 auditis
1703 4447 1950 4505 dominus
1977 4446 2031 4499 in

447 4561 719 4601 carcerem
757 4559 878 4598 eum
905 4539 1154 4609 conjecit,
1185 4547 1240 4593 et
1263 4538 1402 4608 qudd
1433 4539 1576 4608 prius
1604 4539 1906 4603 remiserat,
1934 4538 2032 4592 de-

447 4639 616 4692 bitum
656 4635 852 4691 denum
897 4633 1122 4686 millium
1155 4632 1472 4684 talentorum
1497 4671 1512 4694 ,
1544 4629 1619 4683 illi
1649 4645 1834 4685 rursus
1858 4629 2032 4698 impo-

444 4732 570 4794 suit,
620 4736 673 4782 et
713 4726 803 4781 ille
844 4739 955 4779 suae
1010 4722 1065 4776 in
1116 4735 1433 4776 conservum
1480 4719 1808 4774 crudelitatis
1840 4733 2033 4789 plenas

445 4818 612 4872 dedit.

519 4911 609 4964 12.
637 4910 705 4962 At
726 4917 780 4962 tu
801 4914 999 4978 quanto
1026 4904 1362 4976 iniquiorillo
1387 4918 1450 4958 ac
1476 4903 1736 4974 stupidior
1761 4905 2031 4972 evaseris,

1163 383 1218 437 S.
1261 379 1538 436 JOANNIS
1574 371 2048 432 CilliYSOSTOMl
2087 331 2401 430 Al‘iéillEP.
2442 372 2976 431 CONSTANTINOP.

3620 386 3723 441 584

2145 495 2234 566 qui
2252 495 2508 552 adversus
2534 494 2776 550 inimicos
2789 497 3045 565 precaris,
3061 494 3204 548 vide.
3226 495 3314 550 llle
3329 495 3602 552 dominum
3618 514 3726 555 non

2143 588 2394 658 rogabat,
2423 597 2480 640 ut
2503 587 2752 642 denarios
2793 595 3007 642 centum
3047 596 3332 656 repeteret,
3357 588 3450 643 sed
3479 590 3590 658 ipse
3637 608 3726 647 re-

2144 679 2358 748 petebat
2378 687 2591 732 centum
2618 677 2865 732 deuarios
2889 696 2902 731 :
2929 689 2981 731 tu
3000 692 3127 732 vero
3154 677 3430 732 Dominum
3458 680 3524 734 ad
3551 681 3727 750 impu-

2141 772 2358 826 dentem
2380 787 2444 825 ac
2471 771 2788 840 prohibitam
2817 773 3182 840 repetitionem
3210 773 3525 828 cohortaris.
3554 776 3726 845 Atque

2143 861 2234 916 ille
2261 863 2474 932 quidem
2506 878 2611 917 non
2661 865 2713 916 in
2741 864 2909 918 oculis
2937 864 3138 918 domini
3162 907 3175 928 ,
3205 865 3299 919 sed
3353 865 3483 920 foris
3507 882 3727 921 conser-

2146 967 2272 1006 vum
2304 953 2594 1008 suifocahat
2615 970 2628 1006 :
2653 961 2708 1008 at
2737 965 2790 1009 tu
2820 956 2870 1008 in
2898 955 3013 1024 ipso
3041 964 3278 1025 tempore
3296 958 3552 1014 orationis
3577 969 3728 1014 Stans

2143 1060 2323 1100 coram
2369 1047 2515 1117 Rege
2547 1047 2596 1102 id
2630 1047 2776 1102 facis.
2823 1048 2975 1116 Quod
3000 1049 3046 1105 si
3074 1049 3164 1105 ille
3202 1065 3322 1104 cum
3350 1067 3521 1120 neque
3547 1051 3726 1107 domi-

2143 1153 2271 1191 num
2324 1138 2392 1192 ad
2440 1140 2785 1209 repetendum
2835 1151 2979 1195 esset
3026 1141 3303 1203 hortatus.
3345 1151 3401 1196 et
3449 1151 3725 1213 postquam

2143 1245 2389 1299 egressus
2417 1229 2625 1298 fuisset,
2652 1232 2753 1286 hoc
2774 1231 2994 1298 faceret,
3028 1233 3227 1287 nullam
3250 1243 3332 1288 est
3357 1235 3566 1289 veniam
3591 1251 3728 1288 conv-

2143 1335 2399 1394 sequutus
2422 1368 2436 1391 ,
2471 1333 2525 1379 tu
2551 1327 2640 1396 qui
2668 1327 2951 1382 Dominum
2994 1326 3062 1380 ad
3089 1327 3224 1381 hanc
3252 1327 3468 1381 vetitam
3498 1328 3729 1382 solutio-

2143 1434 2264 1472 nem
2313 1419 2570 1488 impellis,
2594 1429 2649 1473 et
2694 1420 2746 1472 in
2770 1418 2882 1488 ejus
2933 1428 3222 1487 conspectu
3271 1418 3385 1472 haec
3425 1419 3538 1488 agis
3563 1460 3580 1482 ,
3619 1435 3729 1490 quo

2143 1525 2249 1564 non
2287 1510 2568 1580 supplicio,
2602 1525 2817 1579 quaeso,
2844 1509 3222 1564 tnuletaberis?
3248 1511 3317 1563 At
3359 1509 3724 1565 inﬂammatur

2141 1600 2352 1655 animus
2382 1610 2501 1655 tuus
2528 1600 2607 1655 ira
2637 1617 2701 1655 ex
2735 1600 3105 1655 recordatione
3136 1601 3423 1655 inimicitia:
3447 1644 3460 1667 ,
3490 1613 3544 1656 et
3583 1603 3729 1655 intu-

2142 1693 2350 1758 mescit,
2379 1701 2434 1746 et
2459 1707 2556 1746 cor
2575 1703 2963 1755 commovetur,
2996 1707 3059 1746 ac
3099 1691 3224 1745 dum
3256 1702 3484 1761 acceptae
3512 1691 3731 1760 injurize

2142 1780 2451 1844 meministi,
2483 1781 2643 1834 animi
2676 1790 2937 1834 tumorem
2967 1794 3071 1832 non
3101 1788 3254 1849 potes
3283 1782 3616 1849 reprimere?
3647 1782 3690 1835 Τ
3696 1799 3728 1836 ιι

2143 1888 2274 1928 vero
2301 1873 2387 1926 isti
2415 1886 2628 1942 oppone
2653 1870 3114 1925 excandescentia:
3148 1879 3482 1938 peccatorum
3511 1881 3725 1928 tuormn

2143 1964 2488 2028 memoriam,
2537 1978 2600 2018 ac
2644 1962 2808 2016 futuri
2857 1961 3042 2030 judicii
3098 1963 3366 2016 timorem.
3418 1961 3730 2019 Recordare

2140 2072 2299 2127 quam
2326 2056 2612 2109 multorum
2643 2054 2781 2124 apud
2812 2054 3093 2108 Dominum
3125 2070 3250 2109 reus
3271 2055 3366 2120 sis,
3401 2063 3558 2125 teque
3586 2057 3728 2110 isto-

2141 2165 2258 2204 rum
2285 2149 2522 2204 omnium
2555 2149 2725 2218 pinnis
2749 2147 3037 2202 obnoxium
3065 2162 3207 2214 esse,
3233 2157 3341 2201 tum
3369 2148 3590 2202 omnino
3613 2165 3729 2203 tneo

2141 2248 2226 2295 tus
2252 2241 2351 2296 iste
2382 2241 2708 2294 iracundiam
2741 2240 2882 2294 illam
2913 2239 3120 2304 vincet,
3152 2238 3578 2310 quandoquidem
3611 2240 3728 2295 haec

2141 2349 2352 2403 quoque
2378 2333 2565 2402 passio
2594 2333 2748 2401 longe
2771 2340 2853 2386 est
2882 2332 2967 2386 illa
2992 2333 3276 2400 potentior.
3305 2331 3610 2387 Recordare
3637 2348 3730 2402 ge-

2143 2427 2334 2481 hennae
2360 2441 2637 2496 poenarum
2677 2441 2739 2480 ac
2767 2425 3146 2494 suppliciorum
3176 2435 3414 2494 tempore
3438 2425 3724 2492 orationis,

2139 2531 2202 2571 ac
2249 2532 2316 2571 ne
2345 2516 2397 2571 in
2429 2527 2661 2571 mentem
2700 2517 2914 2586 quidem
2954 2517 3133 2570 veniet
3179 2517 3443 2571 inimicus.
3495 2515 3729 2572 Contere

2141 2607 2376 2661 animum
2411 2617 2577 2674 tuum,
2608 2620 2840 2662 mentem
2873 2608 3084 2662 humilia
3116 2619 3325 2663 tuorum
3353 2610 3729 2666 recordatione

2141 2699 2454 2755 delictorum
2475 2742 2489 2761 ,
2518 2715 2582 2754 ac
2611 2715 2675 2754 ne
2699 2700 2994 2754 molestiam
3022 2700 3234 2770 quidem
3259 2701 3419 2754 ullam
3445 2702 3724 2756 iracundia

2140 2792 2437 2847 exhibebit.
2467 2792 2570 2847 Sed
2604 2791 2701 2846 hoc
2727 2791 2856 2845 illud
2902 2800 3017 2858 est,
3049 2793 3188 2846 unde
3234 2804 3423 2848 cuneta
3455 2796 3596 2849 mala
3625 2812 3729 2851 na-

2141 2892 2378 2949 scuntur,
2409 2883 2549 2953 quod
2577 2883 2630 2936 in
2671 2883 2896 2936 aliorum
2927 2883 3142 2952 quidem
3198 2893 3412 2952 peccata
3443 2885 3729 2954 diligenter

2143 2974 2474 3044 inquiramus
2493 3017 2506 3040 ,
2535 2986 2715 3028 nostra
2747 2989 2873 3028 vero
2923 2975 3250 3044 negligenter
3274 2975 3558 3029 admodum
3582 2993 3729 3047 prae-

2143 3075 2432 3121 tereamus.
2479 3069 2544 3120 At
2587 3067 2912 3120 contrarium
2955 3067 3216 3134 agendum
3261 3075 3443 3121 esset:
3478 3069 3726 3137 proprio-

2143 3173 2258 3211 rum
2287 3157 2498 3226 quidem
2552 3171 2842 3226 numquam
2889 3156 3308 3211 obliviscendum
3335 3167 3509 3219 esset,
3553 3159 3727 3213 aliena

2141 3265 2426 3321 numquam
2454 3259 2724 3319 oporteret
2745 3258 2923 3304 mente
2947 3265 3182 3304 versare.
3207 3249 3262 3304 Id
3290 3250 3334 3304 si
3360 3249 3639 3313 faciamus,
3674 3261 3730 3305 et

2144 3343 2284 3397 Deus
2311 3343 2571 3411 propitius
2602 3342 2752 3396 nobis
2795 3342 2930 3406 erit,
2960 3351 3015 3396 et
3042 3341 3326 3396 immortali
3365 3343 3488 3396 odio
3543 3345 3726 3412 proxi-

2141 3450 2286 3488 tnum
2327 3433 2576 3503 prosequi
2606 3433 2913 3488 desinemus
2938 3474 2950 3495 ,
2976 3443 3032 3487 et
3052 3433 3256 3486 nullum
3281 3450 3531 3503 umquam
3557 3433 3730 3489 habe-

2139 3528 2312 3582 bimus
2335 3527 2626 3581 inimicum.
2645 3527 2796 3592 Quod
2825 3537 2878 3579 et
2904 3526 2947 3579 si
2978 3526 3190 3595 quando
3212 3525 3524 3589 habeamus,
3544 3525 3727 3580 odium

2139 3620 2245 3673 cito
2271 3617 2620 3688 deponentus,
2646 3627 2698 3671 et
2718 3619 2946 3672 celerem
2980 3629 3318 3686 peccatorum
3349 3619 3560 3672 veniam
3589 3618 3728 3672 obii.

2141 3711 2404 3766 nehimus.
2434 3711 2566 3765 Nam
2604 3709 3053 3780 quemadmodum
3082 3711 3127 3761 is
3147 3751 3162 3775 ,
3192 3710 3282 3778 qui
3309 3721 3648 3779 acceptarum
3697 3727 3727 3763 ει

2141 3804 2383 3874 proximo
2437 3804 2748 3873 iujuriarum
2785 3818 2990 3856 memor
3014 3811 3097 3855 est
3121 3844 3134 3864 ,
3173 3802 3363 3855 dimitti
3394 3816 3578 3878 pmuas
3623 3803 3729 3860 mi-

2140 3897 2283 3950 nimc
2313 3895 2458 3960 sinit,
2479 3910 2608 3963 quas
2631 3894 2741 3947 suis
2771 3894 3002 3962 peccatis
3031 3909 3267 3954 meretur
3300 3917 3314 3952 :
3345 3900 3414 3953 ita
3439 3900 3526 3969 qui
3559 3900 3625 3954 ab
3649 3902 3724 3953 ira

2140 3989 2392 4043 immunis
2417 3995 2534 4074 est...
2562 3989 2669 4048 cito
2715 3987 2872 4048 etiam
2904 3993 3157 4048 immunis
3184 3994 3286 4048 erit
3325 4008 3355 4047 a
3383 3994 3636 4062 peccatis.
3672 3993 3728 4048 Si

2138 4081 2277 4140 enim
2307 4095 2404 4139 nos
2435 4079 2659 4155 improbi
2681 4127 2698 4151 ,
2728 4095 2778 4140 et
2811 4086 2903 4140 πω
2934 4085 3227 4139 servientes
3248 4127 3263 4150 ,
3294 4083 3364 4139 ob
3386 4084 3478 4139 Dei
3509 4085 3731 4137 manda-

2142 4189 2250 4230 lunt
2295 4177 2474 4233 omnia
2504 4177 2556 4230 in
2608 4191 2708 4231 nos
2761 4177 3044 4231 commissa
3095 4187 3312 4246 peccata
3351 4175 3726 4244 despicimus:

2141 4271 2310 4325 multo
2358 4271 2525 4340 magis
2574 4270 2837 4339 benignus
2879 4285 2940 4323 ac
2970 4269 3144 4324 bonus
3182 4268 3440 4323 Dominus
3464 4310 3477 4332 ,
3505 4284 3630 4322 cum
3661 4267 3730 4322 ab

2140 4363 2284 4416 minii
2319 4363 2716 4432 perturbatione
2740 4363 2808 4416 sit
2839 4377 3023 4432 purus,
3053 4361 3244 4416 delicta
3275 4373 3454 4416 nostra
3477 4360 3729 4415 dissimu-

2141 4455 2302 4519 labit,
2335 4463 2389 4508 et
2418 4463 2720 4508 nostrorum
2748 4453 3063 4508 remissione
3103 4463 3466 4523 peccatorum,
3512 4453 3730 4507 exhibi-

2140 4555 2248 4599 tam
2294 4546 2538 4616 proximo
2585 4547 2889 4599 comitatem
2927 4555 2982 4600 et
3006 4544 3388 4599 humanitatem
3416 4559 3731 4598 remunera-

2140 4638 2298 4692 bitur.
2352 4638 2522 4705 Quam
2591 4638 2793 4691 utinam
2848 4638 3001 4692 nobis
3045 4637 3292 4692 omnibus
3338 4637 3551 4705 assequi
3603 4651 3732 4692 cnn-
3783 4691 3796 4710 _

2141 4728 2328 4799 tingat,
2356 4730 2524 4800 gratia
2553 4739 2606 4785 et
2629 4730 2956 4799 benignitate
2988 4729 3196 4784 Domini
3222 4729 3389 4783 nostri
3417 4727 3546 4782 Jesn
3574 4729 3733 4780 (Ihri-

2141 4821 2242 4886 sti,
2275 4821 2359 4874 cui
2395 4820 2562 4890 gloria
2607 4828 2662 4875 et
2702 4821 2985 4890 imperium
3038 4821 3091 4874 in
3143 4819 3335 4874 smcula
3380 4819 3728 4873 sateulorum.

2142 4913 2334 4966 Amen.

443 5183 572 5226 NON
613 5181 946 5224 OPORTERE
989 5177 1348 5231 QUEMQUAM
1402 5176 1485 5218 DE
1553 5176 1765 5220 SEIPSO
1834 5178 2201 5224 DESPEBARE
2239 5209 2256 5236 ,
2302 5182 2430 5224 AUT
2472 5180 2706 5224 PRECES
2748 5181 2996 5223 CONTRA
3053 5178 3342 5223 INlMlCOS
3402 5176 3731 5228 FUNDERB.

525 5284 651 5327 AUT
695 5281 894 5324 ΔΝΙΜΟ
938 5279 1276 5333 DEFICERE,
1321 5275 1598 5329 QUAMVIS
1640 5277 1875 5322 PETENS
1919 5279 2034 5323 NON

2141 5282 2426 5340 CCIPIAT;
2475 5283 2554 5325 ET
2595 5283 2678 5326 AD
2720 5281 2995 5327 MARITOS
3040 5281 3124 5323 DE
3167 5281 3327 5323 PACE
3368 5278 3536 5322 ERGA
3564 5274 3734 5319 U30.

527 5383 638 5428 RES
681 5379 1159 5424 CONSEBVANDA.

1812 5528 2051 5539 .—_—

521 5637 572 5689 ι.
630 5632 849 5687 Fructus
890 5644 1175 5684 sermonum
1210 5639 1358 5680 antea
1385 5627 1690 5680 habitorum.
1726 5625 2036 5681 Publicanus

449 5725 592 5779 limes
617 5724 822 5777 ultimus
855 5720 1083 5775 malitiae.
1113 5747 1183 5759 ——
1225 5719 1440 5787 Magnas
1464 5718 1615 5772 vobis
1657 5733 1757 5788 ago
1794 5718 1991 5788 gratias
2017 5759 2032 5781 ,

444 5813 592 5879 quod
611 5827 730 5868 cum
755 5812 917 5868 animi
944 5809 1215 5867 alacritate
1240 5807 1450 5866 habitos
1467 5809 1533 5865 de
1550 5809 1794 5880 precibus
1821 5823 2028 5865 sermo-

2056 5515 2152 5558 30

2157 5531 2410 5544 ————..

2143 5644 2239 5684 nes
2286 5629 2366 5700 (α)
2404 5631 2750 5701 exceperitis,
2782 5631 2923 5704 quod
2971 5631 3186 5688 beatum
3233 5645 3322 5687 me
3364 5629 3728 5686 reddideritis.

2205 5833 2277 5899 (α)
2302 5833 2664 5900 Cbrysostomus
2685 5846 2943 5886 sermones
2964 5831 3029 5884 de
3046 5831 3275 5896 precibus
3295 5830 3575 5881 habuerat.-
