4020 6370
360 266 465 324 363
1544 275 1681 334 NON
1715 280 1885 338 ESSE
1922 285 2376 351 DESPERANDU
2389 294 2457 351 M.
3499 300 3607 356 564

360 380 509 455 [555]
549 381 616 436 τὰ
673 383 929 454 ῥήματας
982 387 1298 460 Ἐκδίκησόν
1334 408 1401 462 με
1448 392 1512 447 ἐκ
1562 396 1672 448 τῶν
1718 398 1929 470 ἐχθρῶν

358 493 464 547 μου
485 492 501 510 ο
524 473 695 540 δεῖξον
717 479 917 544 αὐτοῖς,
945 481 1026 535 ὅτι
1047 482 1180 537 Θεὸν
1207 484 1315 556 ἅχω
1341 488 1516 557 κάγώ.
1543 490 1615 544 Οὐ
1643 504 1763 547 τοτε
1794 511 1929 564 μαν-

355 569 628 633 θάνουσιν,
650 570 924 642 ἄνθρωπε.
949 575 1031 627 ὄτι
1051 574 1183 629 Θεὸν
1208 577 1421 651 ἔχομεν,
1454 582 1581 636 ὅταν
1604 584 1929 654 ἀγανακτῶ-

358 676 476 729 μεν,
507 661 602 713 καὶ
634 661 1001 732 ὀργιζώμεθα,
1037 666 1132 719 καὶ
1158 666 1596 742 δυσχεραίνωμεν
1618 691 1630 704 ·
1655 674 1772 731 ἀλλ’
1798 676 1928 730 ὅταν

352 751 612 814 ἐπιεικεῖς
642 746 815 824 ὦμεν,
846 756 941 809 καὶ
972 758 1159 826 πρᾶοι,
1208 760 1303 813 καὶ
1333 761 1556 833 ἥμεροι,
1593 766 1687 819 καὶ
1742 768 1924 821 πᾶσαν

352 839 612 910 ἀσκῶμεν
643 841 981 912 φιλοσοφίαν.
1012 845 1169 900 Οὕτω
1207 848 1302 901 καὶ
1342 851 1370 902 6
1408 850 1541 918 Θεὸς
1581 849 1703 906 εἶπε
1725 872 1740 887 ο
1766 860 1926 926 Λαμ·

350 926 520 996 ψάτω
559 930 626 984 τὸ
658 931 784 1000 φῶς
826 935 993 1002 ὑμῶν
1032 935 1375 1006 ἔμπροσθεν
1422 940 1542 996 τῶν
1577 944 1921 1013 ἀνθρώπων,

349 1015 509 1083 ὅπως
543 1018 713 1073 ἴδωσι
737 1021 809 1075 τὰ
830 1023 988 1077 καλὰ
1004 1024 1147 1095 ἔργα
1168 1028 1351 1097 ὑμῶν,
1374 1030 1472 1085 καὶ
1494 1030 1799 1093 δοξάσωσι
1817 1035 1924 1090 τὸν

349 1108 580 1175 Πατέρα
607 1109 775 1180 ὑμῶν
807 1111 912 1169 τὸν
956 1114 1027 1168 ἐν
1062 1116 1187 1183 τοῖς
1226 1120 1523 1189 οὐρανοῖς.
1568 1123 1683 1178 Οὐκ
1723 1126 1923 1190 ἐννοεῖς

346 1196 428 1249 ὅτι
477 1197 635 1269 ὐϐρις
679 1199 827 1255 ἐστὶν
860 1204 940 1267 εἰς
971 1188 1063 1259 τὸν
1099 1206 1252 1273 Θεὸν,
1298 1209 1360 1262 τὸ
1402 1188 1572 1266 αἰτεῖν
1620 1214 1763 1268 κατὰ
1810 1188 1921 1271 τῶν

344 1287 554 1359 ἐχθρῶν
577 1290 668 1344 τὸν
696 1291 863 1359 Θεόν;
900 1295 1010 1349 Καὶ
1038 1295 1154 1361 πῶς
1188 1297 1347 1371 ὐϐρις
1377 1302 1495 1355 ἐστί
1520 1319 1536 1369 ;
1569 1304 1756 1374 φησίν.
1792 1306 1917 1364 Ὂτι

342 1377 504 1441 αὐτὸς
536 1374 707 1447 εἶπεν,
735 1383 1005 1455 Εὕχεσθε
1024 1387 1176 1456 ὑπὲρ
1205 1389 1325 1444 τῶν
1351 1390 1579 1461 ἐχθρῶν
1601 1396 1768 1464 ὑμῶν
1784 1436 1802 1464 ,
1826 1401 1919 1453 καὶ

340 1469 432 1524 τὸν
453 1470 594 1526 θεῖον
611 1472 796 1529 τοῦτον
814 1477 1078 1548 εἰσήγαγε
1100 1478 1459 1551 νόμον.”οταν
1472 1478 1561 1538 οὖν
1580 1485 1673 1540 τὸν
1698 1489 1919 1561 νομοθέ-

338 1577 440 1632 την
464 1561 637 1627 άξιοῖς
668 1566 796 1629 τοὺς
832 1568 1066 1633 οἰκείους
1095 1570 1395 1642 παραλύειν
1427 1573 1645 1644 νόμους,
1683 1578 1778 1633 καὶ
1816 1598 1918 1634 πα-

338 1652 582 1728 ρακαλῇς
596 1655 758 1711 αὐτὸν
772 1658 1200 1734 ἁντινομοθετεῖν
1230 1663 1399 1736 αὐτῷ,
1427 1666 1522 1721 καί¹
1536 1668 1628 1722 τόν
1652 1686 1711 1723 σε
1736 1671 1911 1728 κωλύ-

338 1760 505 1797 σαντα
530 1745 888 1818 κατεύχεσθαι
916 1750 1023 1805 τῶν
1055 1753 1264 1826 ἐχθρῶν
1289 1756 1536 1835 ίκετεύῃς
1559 1760 1789 1819 ἀκοῦσαί
1814 1781 1909 1818 σου

336 1837 733 1909 κατευχομένου
748 1839 854 1894 τῶν
876 1842 1106 1915 ἐχθρῶν,
1126 1846 1374 1921 οὐκξεύχῃ
1395 1850 1554 1905 τοῦτο
1581 1854 1773 1919 ποιῶν,
1788 1857 1909 1910 οὐδὲ

332 1929 693 1999 παρακαλεῖς,
709 1931 824 1986 ἀλλ’
841 1933 907 1986 ὐϐ
914 1933 1082 2005 ρίζεις
1094 1936 1185 1990 τὸν
1199 1940 1513 2012 νομοθέτην,
1527 1944 1623 1998 καὶ
1634 1951 1909 2020 παροινεῖς

330 2018 412 2083 εἰς
448 2020 539 2073 τὸν
577 2022 841 2092 μέλλοντα
874 2025 1073 2082 διδόναι
1114 2045 1197 2082 σοι
1228 2029 1298 2084 τὰ
1329 2032 1510 2103 ἀγαθά
1551 2034 1621 2089 τὰ
1660 2018 1769 2092 ἀπὸ
1808 2038 1907 2109 τῆς

330 2109 514 2180 εὐχῆς.
542 2112 653 2166 Καὶ
677 2114 797 2179 πῶς
816 2116 1042 2174 δυνατὸν
1074 2121 1410 2194 ἀκουσθῆναι
1439 2126 1755 2199 εὐχόμενον,
1783 2130 1905 2185 εἰπέ

330 2216 443 2270 μοι,
481 2203 612 2257 ὅταν
649 2205 742 2261 τὸν
785 2207 1049 2278 μέλλοντα
1093 2213 1311 2268 ἀκούειν
1343 2216 1688 2291 παροξύνῃς;
1721 2221 1906 2277 Ταῦτα

334 2294 437 2367 γὰρ
462 2296 630 2351 ποιῶν
661 2298 739 2363 εἰς
762 2299 1035 2376 βάραθρον
1062 2304 1162 2378 τὴν
1186 2307 1394 2362 οἰκείαν
1422 2309 1583 2376 ὠθεῖς
1609 2315 1901 2387 σωτηρίαν,

328 2387 423 2440 καὶ
467 2387 607 2442 κατὰ
652 2391 902 2463 κρημνοῦ
936 2394 1101 2468 φέρῃ,
1132 2396 1222 2451 τὸν
1250 2399 1447 2471 ἐχθρὸν
1493 2403 1581 2456 ἐπ’
1616 2404 1770 2476 ὄψεσι
1802 2408 1899 2461 τύο

326 2494 476 2532 πτων
504 2480 601 2533 τοῦ
629 2480 910 2550 βασιλέως.
944 2486 1007 2540 Εἰ
1035 2488 1144 2561 γὰρ
1181 2491 1276 2545 καὶ
1307 2492 1382 2565 μὴ
1406 2497 1527 2563 ταῖς
1558 2498 1714 2568 χερσὶ
1739 2499 1900 2554 τοῦτο

325 2574 519 2639 ποιεῖς,
556 2577 671 2638 τοῖς
706 2576 945 2651 ῥήμασιν
978 2579 1141 2635 αὐτὸν
1186 2583 1413 2650 τύπτεις
1441 2603 1454 2617 ο
1486 2588 1624 2660 ὅπερ
1656 2590 1778 2643 οὐδὲ
1809 2592 1901 2646 ἐπὶ

322 2662 434 2717 τῶν
459 2666 765 2735 ὁμοδούλων
803 2669 1026 2741 ποιῆσαι
1072 2674 1297 2746 τολμᾷς.
1343 2677 1622 2749 Τόλμησον
1653 2680 1783 2749 γοῦν
1808 2682 1901 2736 ἐπὶ

322 2753 583 2825 ἄρχοντος
611 2758 768 2813 τοῦτο
792 2761 1016 2831 ποιῆσαι
1038 2780 1054 2796 ο
1076 2765 1180 2819 κᾶν
1211 2766 1379 2837 μυρία
1402 2764 1471 2839 ᾗς
1493 2770 1895 2842 κατωρθωκὼς,

321 2845 421 2915 τὴν
449 2847 543 2902 ἐπὶ
570 2847 797 2906 θάνατον
822 2851 1026 2917 εὐθέως
1051 2854 1345 2927 ἀπαχθήσῃ
1381 2857 1616 2923 πάντως.
1646 2856 1778 2915 Εἶτα
1805 2862 1897 2916 ἐπὶ

322 2936 579 3007 ἄρχοντος
611 2941 709 3012 μὲν
738 2943 796 2995 οὐ
827 2943 1028 3015 τολμᾷς
1047 2944 1139 2999 τὸν
1164 2948 1426 3019 ὁμότιμον
1460 2949 1701 3019 ὑϐρίσαι,
1725 2952 1820 3006 ἐπὶ
1839 2953 1897 3008 δέ

319 3029 415 3081 τοῦ
443 3029 578 3084 Θεοῦ
616 3032 775 3087 τοῦτο
809 3036 1010 3102 ποιῶν,
1047 3038 1296 3109 εἰπέμοι
1316 3079 1332 3104 ,
1372 3040 1433 3095 οὐ
1466 3042 1711 3113 φρίττεις
1731 3082 1748 3109 ,
1781 3043 1902 3101 οὐδὲ

319 3116 563 3185 δέδοικας
584 3122 642 3176 ἐν
664 3123 842 3196 καιρῷ
867 3126 1108 3198 δεήσεως
1128 3128 1224 3183 καὶ
1250 3129 1414 3201 εὐχῆς
1437 3132 1739 3203 ἀγριαίνων
1758 3133 1903 3188 οὕτω

320 3211 415 3263 καὶ
452 3212 906 3287 ἐκθηριούμενος,
954 3220 1052 3277 καὶ
1100 3222 1324 3293 μείζονα
1352 3226 1746 3299 ἀγνωμοσύνην
1779 3230 1902 3283 ἐπι-

318 3300 665 3373 δεικνύμενος
713 3306 809 3361 τοῦ
861 3309 932 3364 τὰ
983 3312 1178 3367 ἑκατὸν
1224 3315 1584 3381 ἀπαιτοῦντος
1628 3318 1902 3393 δηνάρια;

318 3392 442 3446 ’(ντι
472 3393 579 3467 γὰρ
605 3397 818 3452 ἐκείνου
846 3401 913 3454 σὺ
949 3402 1146 3472 μᾶλλον
1176 3405 1446 3478 ὑϐρίζεις,
1474 3409 1644 3480 αὐτῆς
1671 3392 1901 3467 ἄκουσον

315 3485 414 3554 τῆς
443 3487 701 3559 ἱστορίας.
726 3491 915 3563 Μύρια
940 3494 1178 3550 τάλαντα
1206 3497 1407 3570 ὤφειλέ
1431 3516 1514 3565 τις
1533 3501 1610 3572 τῷ
1629 3503 1864 3578 δεσπότῃ
1885 3522 1898 3537 ο

318 3573 437 3630 εἶτα
463 3577 562 3632 οὐκ
603 3579 741 3651 ἔχων
784 3582 1099 3652 ἀποδοῦναι,
1129 3589 1284 3659 ήξίου
1321 3591 1772 3664 μακροθυμῆσαι,
1813 3573 1900 3651 ἵνα

316 3665 617 3738 πραθείσης
648 3670 816 3726 αὐτοῦ
856 3675 956 3745 τῆς
1006 3679 1266 3746 γυναικὸς
1310 3681 1407 3734 καὶ
1453 3683 1554 3754 τῆς
1590 3684 1766 3747 οἰκίας
1806 3688 1901 3741 καὶ

315 3753 425 3806 τῶν
466 3757 693 3827 παίδων,
743 3761 1065 3835 διαλύσηται
1112 3768 1173 3822 τὸ
1210 3769 1428 3842 ὄφλημα
1468 3753 1529 3826 τὸ
1559 3773 1896 3831 δεσποτικὸν.

327 3844 472 3899 Ἰδὼν
509 3847 567 3901 δέ
619 3850 781 3906 αὐτὸν
822 3854 1146 3928 ὀδυρόμενον
1190 3860 1219 3914 6
1267 3861 1536 3934 δεσπότης
1593 3866 1896 3938 κατηλέησε

317 3939 408 3991 καὶ
435 3939 505 3993 τά
552 3940 722 4012 μύρια
751 3945 931 4019 ἀφῆκε
966 3947 1225 4006 τάλαντα.
1274 3952 1539 4016 Ἐξελθών
1563 3955 1770 4020 ἐκεῖνος
1804 3958 1897 4011 καὶ

314 4029 491 4102 εὑρὼν
505 4033 719 4105 οἰκέτην
740 4036 828 4090 ἐτε
836 4055 926 4109 ρον
943 4039 1228 4109 ὀφείλοντα
1250 4042 1398 4113 αὐτῷ
1428 4042 1660 4115 δηνάρια
1677 4046 1893 4111 ἑκατὸν,

316 4122 499 4192 ἄγχων
541 4124 739 4196 ἀπῄτει
788 4129 925 4198 μετὰ
971 4130 1171 4202 πολλῆς
1201 4133 1300 4204 τῆς
1339 4134 1623 4205 ὠμότητος
1669 4137 1763 4190 καὶ
1796 4139 1893 4209 τῆς

315 4217 731 4289 ἀπανθρωπίας.
781 4224 1045 4289 Ἀκούσας
1074 4226 1249 4280 ταῦτα
1279 4229 1307 4280 6
1344 4228 1609 4300 δεσπότης
1642 4231 1893 4285 ἐνέϐαλεν

316 4309 477 4363 αὐτὸν
508 4312 587 4376 εἰς
634 4312 696 4366 τὸ
737 4313 1136 4386 δεσμωτήριον,
1171 4318 1266 4371 καὶ
1307 4318 1336 4370 δ
1380 4320 1643 4390 πρότερον
1682 4323 1891 4392 ἀφῆκεν

314 4400 450 4472 ὃφλη
460 4420 534 4471 μα
554 4403 662 4457 τῶν
688 4406 896 4477 μυρίων
921 4408 1218 4472 ταλάντων,
1248 4410 1518 4481 ἐπέθηκεν
1536 4413 1684 4484 αὐτῷ
1707 4414 1888 4480 πάλιν,

315 4494 528 4563 καὶτῆς
553 4496 632 4558 εἰς
657 4496 746 4549 τὸν
768 4497 1050 4553 σύνδουλον
1079 4500 1360 4572 ὠμότητος
1384 4502 1553 4557 ἔδωκε
1580 4504 1678 4575 τὴν
1714 4523 1887 4577 τιμω-

316 4585 438 4651 ρίαν
468 4586 691 4651 ἐκεῖνος.

389 4674 473 4746 ιβ’.
511 4680 583 4732 Σὺ
610 4679 665 4733 δέ
689 4680 938 4735 κάκείνου
966 4680 1064 4737 θέα
1088 4682 1252 4737 πόσον
1274 4684 1754 4759 ἁγνωμονέστερος
1790 4688 1886 4744 καὶ

330 4921 459 4931 υ--κ
469 4926 657 4933 -ητς-
666 4928 1330 4939 .___——..—_.—.—__.

2033 401 2491 486 ἀχαισθητότῇερος
2504 405 2782 486 γέγονας,
2815 409 2924 465 τῶν
2949 409 3158 482 ἐχθρῶν
3185 414 3606 486 κατευχόμενος.

2041 477 2279 560 Ἐκεῖνος
2321 480 2442 560 οὐχὶ
2468 480 2558 560 τδν
2595 484 2861 555 δεσπότην
2915 477 3067 555 ήξίού
3114 477 3459 560 ἁωιτῆσᾶί,
3487 477 3604 547 ἀλλ’

2027 556 2189 635 αὐτὸς
2229 556 2425 629 ἀπῄτει
2459 557 2527 612 τά
2557 560 2750 617 ἑκατὸν
2775 563 3036 635 δηνάρια·
3073 566 3137 619 σὺ
3177 566 3234 621 δὲ
3268 556 3476 625 καὶτὸν
3506 574 3604 625 Δε-

2029 634 2234 718 σπότην
2278 636 2372 718 ἐπι
2411 636 2509 718 τὴν
2551 634 2849 711 ἀπαίτησιν
2877 634 3083 713 ταύτην
3122 643 3221 715 τὴν
3251 646 3605 718 ἀναίσχυντον

2026 712 2121 764 καὶ
2147 712 2540 793 κεκωλυμένην
2569 718 2928 787 παρακαλεῖς.
2961 712 3228 782 Κάκεῖνος
3262 724 3361 793 μὲν
3387 712 3488 780 οὐκ
3510 729 3604 783 ἐπ’

2024 789 2181 873 ὕφεσι
2205 789 2299 873 τεξῦ
2326 791 2540 873 Mign».
2576 794 2691 873 mf
2729 794 2835 860 eam
2869 796 2961 850 τὸν
2992 789 3277 853 σύνδουλον
3315 799 3492 873 ἦγχε·
3536 808 3602 859 σὺ

2023 867 2080 951 δέ
2110 869 2169 951 ἐν
2215 867 2364 951 αὐτῷ
2407 868 2485 939 τῷ
2514 870 2691 942 καιρῷ
2734 874 2831 942 τῆς
2862 875 3029 944 εὐχῆς
3077 875 3184 951 πρὸ
3211 878 3304 931 τοῦ
3338 867 3604 951 βασιλέως

2024 945 2193 1010 ἐστώς
2217 948 2391 1001 ταῦτα
2422 952 2616 1012 ποιεῖς.
2640 951 2705 1003 Εἰ
2739 951 2797 1004 δὲ
2837 953 3045 1016 ἐκεῖνος
3069 945 3193 1011 οὔτε
3220 956 3311 1011 τὸν
3332 945 3600 1031 δεσπότην

2024 1027 2176 1111 [554]
2208 1030 2597 1100 παρακαλέσας
2626 1032 2719 1089 ἐπὶ
2751 1032 2850 1103 τὴν
2887 1034 3208 1106 ἀπαίτησιν,
3243 1040 3338 1093 καὶ
3373 1042 3515 1111 μετά
3538 1027 3599 1099 τὸ

2022 1109 2260 1175 ἐξελθεῖν
2297 1112 2472 1167 ταῦτα
2510 1114 2701 1179 ποιῶν,
2756 1116 3013 1185 οὐδεμιᾶς
3048 1117 3204 1191 ἐτυχε
3246 1109 3596 1197 συγγνώμης,

2022 1193 2088 1245 σὺ
2127 1194 2222 1249 καὶ
2260 1195 2352 1249 τὸν
2395 1199 2672 1270 Δεσπότην
2707 1200 2801 1254 ἐπὶ
2830 1199 2928 1270 τὴν
2954 1201 3342 1274 κεκωλυμένην
3385 1193 3597 1278 ταύτην

2020 1276 2225 1331 ἐκτισιν
2249 1279 2552 1352 διεγείρων,
2574 1283 2668 1334 καὶ
2692 1281 2778 1333 ἐπ’
2800 1281 2985 1350 ὄψεσιν
3004 1284 3169 1337 αὐτοῦ
3201 1286 3374 1341 ταῦτα
3404 1289 3593 1354 ποιῶν,

2019 1360 2179 1415 ποίαν
2222 1362 2283 1415 οὐ
2347 1361 2538 1427 δώσεις
2580 1364 2874 1436 τιμωρίαν,
2908 1366 3032 1418 εἰπέ
3079 1384 3210 1441 μοι;
3258 1370 3418 1425 Ἀλλά
3466 1372 3596 1442 φλε-

2018 1443 2240 1513 γμαίνει
2269 1462 2363 1498 σου
2389 1448 2454 1517 τῇ
2486 1447 2675 1519 μνήμῃ
2696 1448 2793 1518 τῆς
2814 1447 3013 1519 ἔχθρας
3029 1451 3063 1520 η
3084 1449 3290 1505 διάνοια
3320 1456 3415 1507 καὶ
3440 1457 3591 1521 οἰδεῖ,

2018 1526 2112 1579 καὶ
2134 1527 2432 1599 ἀνέστηκεν
2456 1530 2489 1598 ή
2522 1530 2739 1601 καρδία,
2772 1531 2869 1584 καὶ
2896 1530 2991 1584 τοῦ
3006 1531 3373 1604 λελυπηκότος
3398 1539 3596 1608 ἀναμι-

2020 1609 2394 1680 μνῃσκόμενος
2425 1612 2486 1663 οὐ
2514 1610 2740 1664 δύνασαι
2770 1614 3119 1669 καταστεῖλαι
3162 1617 3224 1669 τὸ
3255 1618 3458 1690 οἴδημα
3484 1621 3596 1675 τῶν

2015 1690 2324 1763 λογισμῶν;
2363 1693 2504 1776 Ἀλλ’
2529 1695 2856 1767 ἀντίστησω
2883 1700 2952 1769 τῇ
2983 1698 3263 1773 φλεγμονῇ
3291 1702 3463 1776 ταύτῃ
3495 1704 3595 1776 τὴν

2014 1774 2125 1859 ἀπὸ
2152 1775 2263 1830 τῶν
2310 1775 2420 1831 σῶν
2450 1777 2864 1850 ἁμαρτημάτων
2915 1782 3158 1852 μνήμην,
3208 1785 3301 1839 τὸν
3346 1774 3459 1845 ἀπδ
3494 1774 3596 1859 τῆς

2017 1858 2317 1932 μελλούσης
2372 1860 2647 1929 κολάσεως
2698 1863 2882 1932 φόϐον.
2950 1865 3355 1939 Ἀναμνήσθητι
3410 1858 3594 1927 πόσων

2014 1942 2314 2008 ὑπεύθυνος
2348 1939 2404 1998 εἶ
2427 1944 2507 2016 τῷ
2555 1945 2802 2019 Δεσπότῃ
2822 1985 2836 2009 ,
2872 1948 2967 2005 καὶ
2993 1949 3076 2001 ὅτι
3121 1952 3339 2009 πάντων
3367 1953 3593 2010 ἐκείνων

2010 2026 2168 2091 δίκας
2196 2027 2431 2096 ὀφείλεις
2474 2028 2648 2098 αὐτῷ,
2692 2031 2786 2082 καὶ
2819 2032 3088 2101 κρατήσει
3123 2032 3342 2101 πάντως
3385 2030 3538 2100 οὗτος
3563 2040 3592 2091 6

2012 2110 2175 2180 φόϐος
2199 2112 2297 2183 τῆς
2324 2112 2495 2184 ὀργῆς
2518 2112 2755 2184 ἐκείνης,
2790 2115 2977 2185 ἐπειδὴ
3007 2118 3100 2174 καί
3131 2117 3265 2172 πολὺ
3295 2117 3592 2173 δυνατώτε-

2014 2210 2105 2264 ρον
2129 2193 2289 2247 τοῦτο
2327 2194 2539 2248 ἐκείνου
2572 2194 2669 2247 τοῦ
2714 2196 2942 2260 πάθους.
2993 2198 3401 2272 Ἀναμνήσθητι
3447 2202 3593 2270 γεέν-

2008 2293 2105 2347 νης
2138 2278 2231 2330 καὶ
2267 2278 2540 2341 κολάσεως
2566 2280 2659 2331 καὶ
2683 2279 2954 2350 τιμωρίας
2974 2282 3115 2335 κατὰ
3151 2282 3244 2335 τὸν
3274 2283 3466 2354 καιρὸν
3488 2286 3590 2357 τῆς

2008 2359 2197 2430 εὐχῆς,
2224 2361 2321 2414 καὶ
2346 2361 2471 2414 οὐδὲ
2510 2362 2591 2424 εἰς
2629 2361 2756 2415 νοῦν
2784 2362 2966 2416 λαϐεῖν
3008 2364 3214 2439 δυνήσῃ
3253 2366 3346 2420 τὸν
3375 2368 3585 2440 ἐχθρόν.

2008 2441 2304 2514 Σύντριψον
2352 2443 2452 2513 τήν
2487 2443 2748 2511 διάνοιαν,
2798 2448 3136 2503 ταπείνωσον
3179 2449 3277 2521 τὴν
3301 2450 3478 2522 ψυχὴν
3517 2456 3586 2524 τῇ

2008 2528 2199 2599 μνήμῃ
2223 2526 2333 2579 τῶν
2369 2544 2451 2581 σοι
2483 2527 2851 2600 πεπλημμελη
2862 2531 3061 2601 μένων,
3096 2534 3193 2586 καὶ
3222 2535 3346 2587 οὐδὲ
3374 2537 3588 2607 ἐνοχλῆο

2008 2626 2097 2667 σαι
2126 2610 2412 2681 δυνήσεταί
2440 2627 2520 2664 σοι
2548 2610 2737 2682 θυμός.
2777 2613 2938 2670 Ἀλλά
2966 2615 3124 2669 τοῦτό
3146 2618 3262 2669 ἐστι
3281 2617 3343 2672 τὸ
3370 2619 3587 2674 πάντων

2005 2693 2176 2747 αἴτιον
2198 2693 2306 2746 τῶν
2328 2693 2536 2758 κακῶν,
2562 2694 2644 2755 ὅτι
2666 2694 2734 2749 τὰ
2758 2696 2858 2767 μὲν
2883 2696 2992 2755 τῶν
3018 2698 3192 2757 ἄλλων
3213 2700 3586 2771 ἁμαρτήματα

2008 2774 2147 2845 μετὰ
2185 2775 2388 2847 πολλῆς
2413 2777 2737 2850 ἐξετάζομεν
2772 2779 2871 2850 τῆς
2899 2779 3204 2853 ἀκριϐείας,
3247 2782 3315 2837 τὰ
3350 2782 3406 2837 δὲ
3448 2784 3586 2854 ἡμέ-

2002 2876 2139 2930 τερα
2175 2860 2314 2930 μετά
2356 2863 2559 2933 πολλῆς
2607 2864 3096 2936 παραπεμπόμεθα
3140 2866 3238 2935 τῆς
3288 2868 3580 2941 ῥᾳθυμίας.

2003 2945 2327 2998 Τούναντίον
2387 2945 2444 2998 δὲ
2489 2950 2665 3001 ποιεῖν
2713 2948 2914 3019 ἐχρῆν
2950 2948 3017 3001 τά
3065 2949 3165 3020 μὲν
3210 2951 3386 3011 οἰκεῖα
3437 2954 3584 3011 κακά

1997 3027 2208 3099 ἄληστα
2256 3029 2427 3101 ἐχειν,
2475 3030 2584 3087 τῶν
2630 3029 2688 3084 δέ
2731 3030 3030 3102 ἀλλοτρίων
3064 3031 3339 3103 μηδέποτε
3374 3034 3583 3090 ἔννοιαν

1998 3110 2317 3180 λαμϐάνειν.
2351 3114 2448 3165 Ἂν
2477 3112 2636 3166 τοῦτο
2674 3114 2939 3186 ποιῶμεν,
2986 3116 3081 3168 καὶ
3113 3115 3205 3168 τὸν
3231 3116 3364 3169 Θεὸν
3385 3117 3582 3188 ἕξομεν

1999 3192 2157 3247 ῖλεων
2178 3235 2193 3261 ,
2227 3195 2322 3248 καλ⁸
2358 3198 2470 3258 τοῖς
2492 3196 2722 3266 πλησίον
2754 3198 3077 3268 παυσόμεθα
3105 3197 3347 3252 ἀθάνατα
3368 3201 3583 3272 ὀργιζό-

2002 3293 2174 3347 μενοι,
2207 3277 2302 3330 καὶ
2333 3276 2526 3350 ἐχθρὸν
2550 3278 2739 3332 οὐδένα
2778 3280 3033 3333 οὐδέποτε
3062 3280 3256 3352 ἕξομεν
3280 3297 3294 3311 ⁸
3330 3284 3378 3335 εἰ
3403 3283 3461 3335 δὲ
3487 3285 3582 3338 καὶ

2000 3358 2273 3429 σχοίημὲν
2309 3354 2464 3424 ποτε,
2495 3361 2707 3430 ταχέως
2740 3362 2834 3415 καὶ
2864 3363 2964 3433 τὴν
3007 3363 3304 3434 ἀπέχθειαν
3341 3366 3580 3418 καταλύ-

2004 3458 2192 3511 σομεν,
2238 3442 2333 3495 καὶ
2364 3443 2474 3497 τῶν
2521 3444 2739 3505 οἰκείων
2774 3446 3187 3518 ἁμαρτημάτων
3229 3452 3455 3525 ταχεῖαν
3480 3450 3576 3503 λά-

2003 3527 2189 3595 ϐωμεν
2213 3539 2239 3566 ι
2265 3527 2635 3599 συγχώρησιν.
2665 3529 2876 3600 Ὥσπερ
2898 3534 3008 3602 γὰρ
3028 3533 3058 3584 6
3086 3531 3164 3602 τῷ
3189 3531 3414 3603 πλησίον
3444 3551 3580 3606 μνη-

2002 3610 2243 3665 σικακῶν
2265 3612 2365 3665 οὐκ
2379 3613 2572 3684 ἀφίησι
2598 3611 2697 3686 τὴν
2722 3615 2815 3671 ἐπὶ
2838 3617 2951 3679 τοῖς
2978 3616 3199 3681 οἰκείοις
3214 3617 3578 3692 ἁμαρτήμασι

2000 3693 2371 3767 καταλυθῆναι
2417 3695 2658 3762 κόλασιν,
2698 3697 2872 3761 οὓτως
2916 3700 2943 3753 6
2985 3699 3224 3770 καθαρὸς
3267 3698 3342 3751 ὠν
3384 3701 3575 3773 ὀργῆς,

1999 3777 2235 3847 καθαρὸς
2283 3780 2378 3832 καὶ
2428 3779 2842 3851 ἁμαρτημάτων
2878 3780 3031 3834 ἔσται
3074 3783 3300 3852 ταχέως.
3352 3784 3414 3835 Εἰ
3467 3787 3575 3854 γὰρ

1998 3860 2161 3929 ἡμεῖς
2196 3862 2245 3912 οἰ
2286 3862 2513 3932 πονηροὶ
2537 3863 2629 3915 καὶ
2659 3863 2814 3934 θυμῷ
2861 3864 3223 3928 δουλεύοντες,
3256 3865 3343 3919 διὰ
3377 3866 3439 3919 τὸ
3477 3869 3572 3920 τοῦ

1996 3942 2131 3996 Θεοῦ
2189 3943 2518 4015 πρόσταγμα
2566 3948 2744 3999 πάντα
2789 3947 2859 4000 τὰ
2907 3950 2989 4010 είς
3040 3949 3186 4018 ἡμᾶς
3242 3950 3573 4021 παρορῶμεν

1995 4026 2371 4098 ἁμαρτήματα
2397 4068 2412 4093 ,
2479 4029 2659 4100 πολλῷ
2714 4031 2917 4100 μᾶλλον
2972 4034 3001 4085 6
3051 4031 3433 4103 φιλάνθρωπος
3477 4038 3572 4088 καὶ

1994 4109 2199 4178 ἀγαθὸς
2225 4111 2320 4169 καὶ
2345 4112 2547 4177 παντὸς
2572 4113 2809 4183 καθαρὸς
2826 4113 2901 4171 ὢν
2930 4114 3135 4179 πάθους
3157 4115 3569 4187 παραϐλέψεται

1994 4193 2151 4264 ήμῶν
2194 4195 2263 4248 τά
2291 4196 2737 4268 πλημμελήματα
2760 4238 2776 4263 ,
2806 4199 2906 4270 τῆς
2932 4201 3013 4264 εἰς
3042 4200 3131 4252 τὸν
3162 4200 3388 4271 πλησίον
3421 4199 3569 4268 φιλο-

1993 4276 2289 4346 φροσύνης,
2323 4279 2381 4331 ἐν
2409 4282 2473 4349 τῇ
2501 4280 2609 4332 τῶν
2652 4281 2869 4334 οἰκείων
2897 4283 3310 4354 ἁμαρτημάτων
3358 4299 3567 4352 συγχω-

1993 4361 2172 4429 ρήσει,
2201 4361 2301 4431 τήν
2320 4362 2554 4433 ἀμοιϐήν
2582 4365 2715 4434 ήμῖν
2740 4365 3025 4429 ἀποδιδούς
3044 4383 3058 4397 °
3090 4363 3159 4439 ἦς
3191 4367 3404 4435 γένοιτο
3432 4366 3567 4419 πάν·

1990 4461 2090 4506 τας
2131 4446 2279 4515 ἡμᾶς
2325 4447 2624 4517 ἐπιτυχεῖν,
2671 4448 2854 4519 χάριτι
2900 4452 2990 4504 καὶ
3044 4451 3423 4523 φιλανθρωπίᾳ
3470 4450 3562 4503 τοῦ

1990 4527 2196 4598 Κυρίου
2222 4529 2379 4600 ήμῶν
2421 4529 2594 4603 Ἰησοῦ
2634 4532 2896 4602 Χριστοῦ,
3004 4538 3037 4606 ἡ
3066 4535 3197 4599 δόξα
3220 4536 3398 4590 καὶτὸ
3428 4536 3564 4606 κρά-

1987 4626 2098 4674 τος.
2129 4613 2209 4677 εἰς
2233 4614 2362 4677 τοὺς
2401 4615 2606 4679 αἰῶνας
2631 4616 2739 4671 τῶν
2773 4616 3006 4675 αἰώνων.
3053 4617 3248 4691 ’Δμήν.

2050 4699 2080 4731 ⁸
2112 4699 2225 4751 Cod.
2249 4700 2340 4749 748
2362 4702 2540 4758 ἕξομεν.

2111 4935 2917 4947 _.——..—————.__—.___._.

310 5101 446 5172 Περί
470 5105 576 5159 τοῦ
598 5104 694 5201 μὴ1
708 5106 1335 5201 ἀπργινώσκεινητινὰς
1349 5110 1595 5201 ἑαυτῶν,
1607 5112 1761 5201 μηδὲ
1779 5115 2181 5201 κατεύχεσθαί
2192 5116 2315 5173 τῶν
2334 5117 2584 5201 ἐχθρῶν,
2597 5120 2752 5201 μηδὲ
2788 5121 3259 5201 ἀπαγορεύεινὲν
3276 5122 3352 5190 τῷ
3362 5123 3449 5195 μὴ

659 5177 983 5249 λαμϐάνειν
1010 5180 1351 5247 αἰτοῦντας·
1389 5184 1487 5234 καὶ
1523 5177 1918 5252 πρὸςᾶνδρας
1938 5177 2070 5255 περὶ
2108 5187 2220 5255 τῆς
2256 5177 2408 5257 πρὸξ*
2432 5177 2539 5257 ἑὰς
2570 5177 2858 5260 ﬁli-ﬂxae
2877 5177 3139 5260 είρῆνης.

377 5580 446 5627 α’.
475 5572 681 5637 Πολλὰς
708 5573 833 5644 ὑμῖν
865 5573 972 5645 ἔχω
1004 5576 1250 5646 χάριτας,
1284 5579 1365 5631 ὅτι
1394 5579 1531 5650 μετὰ
1559 5579 1869 5653 προθυμίας

310 5666 431 5728 τοὺς
454 5667 581 5737 περὶ
605 5666 701 5738 τῆς
743 5666 909 5738 εὐχῆς
940 5668 1188 5735 ἐδέξασθε
1219 5671 1427 5736 λόγους,
1473 5674 1552 5727 ὅτι
1582 5692 1648 5744 με
1683 5673 1869 5743 μακά-

651 5792 923 5840 ιίιηιιυι..
968 5786 1081 5841 (Fu.
1138 5786 1231 5843 LI.

1980 5598 2094 5653 ριον
2142 5582 2451 5653 ἐποιήσατε.
2492 5583 2796 5653 Μακάριος
2838 5585 2947 5661 γάρ
2989 5590 3023 5642 ὁ
3063 5591 3255 5657 λέγων
3308 5592 3394 5658 εἰς
3434 5587 3555 5646 ὦτα

1975 5674 2334 5730 ἀκουόντων.
2369 5677 2482 5730 Οὐκ
2512 5677 2620 5730 ἀπὸ
2657 5676 2767 5731 τῶν
2798 5679 3010 5749 κρότων
3049 5682 3139 5733 καὶ
3171 5680 3278 5733 τῶν
3315 5684 3550 5736 ἐπαίνων

3182 5792 3256 5849 23
