4020 6370
369 269 472 326 ῗιίῖἴὶ

367 395 547 466 μόνον,
587 393 724 448 ἀλλὰ
765 393 857 448 καὶ
897 395 989 464 ἀφ’
1030 389 1106 449 ὧν
1141 395 1429 460 ποιοῦντας
1459 391 1621 462 εἶδον,
1655 395 1934 466 ἐπείσθην.

363 485 514 560 [355]
545 487 673 540 Ὅτε
717 485 826 558 γὰρ
858 488 986 558 ὑμῖν
1019 488 1292 560 παρῄνουν
1322 489 1396 560 μὴ
1437 488 1799 558 κατεύχεσθαι
1832 487 1940 544 τῶν

362 577 592 649 ἐχθρῶν,
632 579 727 632 καὶ
754 579 939 648 ἔλεγον
965 581 1046 633 ὅτι
1078 580 1170 632 τὸν
1200 581 1334 635 Θεὸν
1371 579 1748 651 παροξύνομεν
1782 578 1941 632 τοῦτο

362 671 672 734 ποιοῦντες,
704 671 794 724 καὶ
827 671 1346 743 ἀντινομοθετοῦμεν
1395 673 1544 744 αὐτῷ
1581 674 1599 742 (
1629 672 1792 736 αὐτὸς
1829 673 1939 743 γάρ

359 757 536 823 εἶπεν,
565 761 834 830 Εὔχεσθε
861 761 1013 829 ὑπὲρ
1049 761 1167 816 τῶν
1193 761 1444 831 ἐχθρῶν,
1476 767 1640 836 ἡμεῖς
1669 765 1725 817 δέ
1751 781 1939 818 κατευ-

364 853 587 924 χόμενοι
613 854 722 906 τῶν
746 854 978 925 ἐχθρῶν,
1002 856 1262 928 ἀξιοῦμεν
1282 857 1442 910 αὐτὸν
1459 857 1548 910 τὸν
1565 857 1758 910 ἐαυτοῦ
1779 857 1936 911 λῦσαι

357 945 582 1013 νόμον),
617 945 706 997 ὅτε
743 943 838 998 οὖν
868 945 1038 1000 ταῦτα
1071 948 1164 1000 καὶ
1199 948 1268 1002 τὰ
1297 948 1522 1002 τοιαῦτα
1554 949 1772 1018 έλεγον,
1805 949 1936 1002 πολ-

357 1034 481 1097 λοὺς
513 1034 572 1088 ἐν
613 1036 742 1105 ὐμῖν
773 1031 913 1089 εἶδον
943 1038 1211 1107 πρόσωπα
1250 1039 1552 1103 τύπτοντας
1585 1041 1680 1094 καὶ
1725 1043 1896 1112 στήθη
1917 1079 1931 1104 ,

358 1127 714 1192 στενάζοντας
745 1127 974 1198 πικρῶς,
1004 1130 1082 1191 εἰς
1105 1129 1197 1183 τὸν
1223 1130 1450 1202 οὐρανὸν
1466 1129 1564 1195 τάς
1595 1132 1782 1201 χεῖρας
1802 1132 1934 1185 ἀνα-

355 1221 650 1284 τείνοντας,
691 1217 1023 1290 συγγνώμην
1055 1219 1341 1286 αἰτοῦντας
1376 1221 1504 1292 περὶ
1536 1221 1646 1275 τῶν
1679 1220 1934 1274 τοιούτων

356 1311 554 1380 εὐχῶν.
575 1311 710 1364 Τότε
730 1313 787 1366 δέ
810 1314 902 1368 καὶ
924 1311 1035 1381 ἐγὼ
1049 1311 1172 1375 τοὺς
1185 1312 1494 1383 ὀφθαλμοὺς
1511 1314 1590 1376 είς
1607 1313 1696 1366 τὸν
1709 1313 1935 1384 οὐρανὸν

355 1404 661 1467 ἀνατείνας,
700 1405 1082 1476 ηὐχαρίστησα
1107 1403 1184 1474 τῷ
1211 1403 1349 1473 Θεῷ,
1387 1405 1468 1457 ὃτι
1498 1405 1640 1458 οῦτω
1667 1406 1878 1476 ταχέως
1905 1406 1934 1458 6

357 1491 508 1562 λόγος
553 1493 650 1564 τῆς
708 1494 1060 1557 διδασκαλίας
1108 1493 1201 1547 τὸν
1254 1494 1467 1565 καρπὸν
1526 1496 1658 1565 ἡμῖν
1709 1496 1930 1566 ἡνεγκε.

356 1584 606 1638 Τοιοῦτον
645 1587 754 1657 γὰρ
807 1587 836 1638 6
887 1586 1088 1656 σπόρος
1140 1586 1169 1637 6
1214 1587 1614 1656 πνευματικόςο
1652 1587 1711 1639 οὐ
1763 1587 1934 1642 δεῖται

355 1677 642 1742 ἐνιαυτῶν,
674 1679 794 1731 οὐδὲ
832 1678 1062 1750 χρόνων,
1099 1678 1222 1732 οὐδὲ
1279 1678 1522 1750 ⁴ἡμερῶν,
1551 1679 1685 1732 ἀλλά
1713 1679 1778 1734 ἂν
1810 1681 1934 1733 ἐπι-

352 1765 582 1838 λάϐηται
621 1767 802 1837 ψυχῆς
830 1768 1123 1836 γενναίας,
1157 1767 1367 1831 εὐθέως
1400 1770 1491 1821 τὸν
1523 1769 1724 1840 στάχυν
1763 1771 1938 1840 ἀκμάο

351 1859 513 1921 ζοντα
557 1861 654 1914 καὶ
701 1860 1117 1930 ἀπηρτισμένον
1156 1860 1432 1914 δείκνυσιν
1461 1877 1476 1890 ·
1514 1861 1543 1913 ὂ
1582 1860 1637 1913 δὲ
1683 1862 1774 1914 καὶ
1808 1863 1934 1933 χθές

349 1950 568 2019 γέγονεν
593 1950 683 2020 ὑφ’
711 1951 887 2021 ὑμῶν.
933 1949 1240 2005 Κατέϐαλον
1265 1950 1422 2019 λόγον
1448 1952 1810 2017 κατανύξεως,
1841 1954 1934 2007 καὶ

349 2041 647 2115 ἐϐλάστησε
680 2043 983 2114 στεναγμὸς
1009 2042 1448 2114 ἐξομολογήσεως
1473 2087 1486 2111 ,
1515 2046 1814 2116 στεναγμὸς
1841 2065 1932 2100 πο-

351 2135 446 2188 λὺν
475 2135 615 2205 ἔχων
645 2134 736 2189 τὸν
762 2135 992 2188 πλοῦτον
1014 2135 1120 2189 τῶν
1151 2134 1392 2203 ἀγαθῶν.
1422 2135 1485 2188 El
1513 2135 1664 2206 γάρὸ
1694 2135 1934 2208 τελώνης

349 2229 587 2293 ἐκεῖνος,
618 2228 706 2282 ἵνα
734 2229 796 2282 τὸ
823 2228 1018 2299 στῆθος
1050 2227 1272 2282 τύπτων
1310 2228 1461 2301 είπῃ,
1498 2228 1803 2297 Ἰλάσθητί
1827 2247 1931 2300 μοι

347 2315 425 2382 τῷ
450 2317 778 2387 ἁμαρτωλῷ
798 2359 812 2384 ,
849 2319 1060 2390 ἀπῆλθε
1086 2319 1507 2390 δεδικαιωμένος
1539 2321 1677 2394 ὑπὲρ
1703 2321 1798 2375 τὸν
1823 2323 1931 2376 Φα-

350 2413 578 2482 ρισαῖον,
615 2411 786 2483 πόσην
813 2413 958 2476 εἰκὸς
987 2415 1135 2484 ἡμᾶς
1164 2413 1470 2484 κτήσασθαι
1502 2415 1840 2487 παρρησίαν,
1867 2415 1926 2469 ἐν

347 2503 539 2574 βραχεῖ
576 2502 753 2573 χρόνῳ
806 2503 1076 2576 τοσαύτην
1109 2505 1398 2571 κατάνυξιν
1440 2505 1922 2578 ἐπιδειξαμένουςς

346 2591 538 2643 Καίτοι
568 2589 799 2642 τελώνου
824 2594 1004 2662 χεῖρον
1025 2592 1177 2646 οὐδέν
1196 2609 1210 2622 -
1243 2587 1396 2656 οὗτος
1420 2593 1530 2664 γάρ
1551 2593 1778 2666 ἔσχατος
1807 2597 1933 2667 ὄρος

346 2681 546 2744 κακίας
591 2681 759 2734 ἐστίν·
807 2683 943 2752 ὅπερ
983 2677 1076 2736 οῦν
1110 2683 1204 2736 καὶ
1236 2685 1265 2736 6
1299 2682 1532 2756 Χριστὸς
1579 2685 1927 2758 παραδηλῶν,

346 2773 426 2834 εἰς
452 2771 803 2842 παράδειγμα
831 2773 937 2826 τῶν
971 2775 1217 2843 ἐσχάτων
1243 2774 1431 2829 κακῶν
1463 2775 1563 2839 τὰς
1596 2777 1802 2849 πόρνας
1835 2781 1930 2834 καὶ

344 2864 471 2926 τοὺς
498 2863 734 2929 τελώνας
773 2865 898 2934 άγει
929 2866 1190 2937 συνεχῶς.
1237 2868 1774 2943 Πεπαρῤησιασμένη
1822 2867 1930 2944 γάρ

347 2955 464 3007 ἐστι
504 2955 626 3025 βία,
662 2956 1054 3028 άνεπιτίμητος
1085 2959 1339 3031 ἁρπαγὴ,
1385 2961 1738 3033 ἀναίσχυντος
1770 2963 1931 3018 πλεο--

348 3043 528 3110 νεξίας
561 3046 781 3117 τρόπος,
817 3048 1169 3118 πραγματεία
1211 3049 1370 3119 λόγον
1397 3051 1495 3104 οὐκ
1529 3051 1746 3122 ἔχουσα,
1771 3057 1929 3110 ἀναι-

347 3136 442 3208 δὴς
482 3138 723 3209 ἐμπορία
743 3155 756 3169 ⁸
790 3138 904 3191 ἀλλ’
940 3140 1088 3210 ὅμως
1121 3142 1149 3193 6
1175 3139 1451 3206 τοσούτοις
1481 3142 1658 3208 συζῶν
1705 3149 1927 3211 κακοῖς,

347 3227 564 3298 ῖσχυσεν
593 3228 701 3282 ἀπὸ
721 3229 892 3300 ψιλῶν
915 3230 1177 3301 ῥημάτων
1200 3233 1608 3304 ἀπορρίψασθαι
1638 3235 1706 3289 τὰ
1731 3237 1928 3308 ὀνείδη,

345 3322 440 3373 καὶ
483 3321 644 3375 πλέον
698 3314 773 3374 ὧν
806 3321 976 3393 ᾔτησε
1011 3323 1214 3378 λαϐεῖν.
1270 3325 1444 3387 Αὐτὸς
1476 3326 1575 3397 μὲν
1624 3327 1733 3400 γὰρ
1776 3329 1928 3400 ἠξίου

343 3414 536 3482 λέγων,
579 3413 875 3481 Ἰλάσϐητί
889 3432 993 3483 μοι
1026 3415 1106 3481 τῷ
1129 3417 1453 3486 ἀμαρτωλῷ
1477 3435 1491 3448 ·
1522 3419 1551 3470 6
1588 3419 1644 3473 δὲ
1671 3421 1803 3486 Θεὸς
1831 3423 1930 3494 οὐχ

343 3508 504 3571 ἵλεως
543 3509 723 3580 μόνον,
775 3507 912 3562 ἀλλά
965 3508 1060 3561 καὶ
1109 3509 1426 3565 ἐδικαίωσεν
1469 3513 1629 3567 αὐτὸν
1663 3515 1802 3587 ὑπὲρ
1835 3516 1930 3570 τὸν

341 3611 654 3680 Φαρισαῖον.
692 3608 790 3662 Διά
823 3608 982 3662 τοῦτό
1011 3625 1174 3679 φησιν
1199 3611 1228 3662 ό
1265 3611 1494 3676 Παῦλοςο
1533 3614 1616 3680 Τῷ
1645 3615 1714 3668 δὲ
1742 3619 1928 3673 δυνα-

337 3713 500 3782 μένῳ
519 3711 716 3764 πάντα
737 3711 986 3780 ποιῆσαι
1015 3711 1166 3780 ὑπὲρ
1189 3711 1256 3764 ἐκ
1282 3715 1576 3781 περισσοῦ
1614 3711 1702 3772 ὧν
1734 3723 1927 3777 αἰτού-

337 3818 490 3884 μεθα
519 3814 558 3882 ἢ
593 3814 874 3883 νοοῦμεν.
906 3815 1098 3867 Καίτοι
1126 3815 1154 3866 6
1178 3815 1471 3887 Φαρισαῖος
1491 3818 1709 3890 ηὔξατο,
1741 3825 1837 3877 καὶ
1868 3824 1926 3878 ἐν

340 3910 418 3980 τῷ
457 3914 588 3986 ἱερῷ
639 3915 804 3986 ἔστη,
853 3917 949 3969 καὶ
1000 3917 1093 3970 τὸν
1135 3917 1298 3972 αὐτὸν
1349 3919 1573 3972 ἐκάλεσε
1616 3921 1770 3985 Θεὸν,
1833 3925 1927 3978 καὶ

341 4016 560 4070 πλείονα
587 4013 707 4071 εἷπε
731 4019 949 4089 ῥήματα
976 4057 990 4081 ,
1019 4021 1114 4073 καὶ
1136 4021 1243 4074 ἀπὸ
1277 4021 1624 4093 εὐχαριστίας
1656 4023 1716 4077 τὸ
1743 4027 1926 4096 προοί-

343 4134 465 4187 μιον
494 4117 788 4187 ἐποιήσατο
817 4118 917 4188 τῆς
939 4117 1123 4190 εὐχῆς.
1155 4120 1324 4174 Πόθεν
1353 4117 1444 4175 οῦν
1471 4124 1678 4188 ἐκεῖνος
1710 4126 1807 4196 μὲν
1832 4127 1926 4180 καὶ

337 4219 372 4272 ἀ
399 4214 544 4290 εἶχεν
564 4218 812 4273 ἀπώλεσε
834 4219 994 4286 καλά,
1023 4210 1178 4284 οὗτος
1201 4221 1257 4275 δὲ
1287 4223 1380 4276 καὶ
1412 4223 1478 4295 ἢν
1504 4224 1603 4278 οὐκ
1629 4221 1740 4296 εἶχε
1764 4246 1928 4301 προσ-

340 4318 499 4372 έλαϐε
524 4319 868 4391 παῤῥησίαν;
906 4321 1029 4373 Ὀτι
1060 4321 1122 4375 οὐ
1148 4322 1247 4392 τῆς
1277 4322 1444 4394 εὐχῆς
1475 4325 1505 4377 6
1537 4325 1701 4390 αὐτὸς
1726 4329 1926 4400 τρόπος

337 4415 428 4488 ἦν.
471 4419 529 4471 '0
554 4420 652 4490 μὲν
676 4418 787 4491 γὰρ
813 4419 1132 4485 ἀλαζονείας
1159 4421 1323 4492 ἔγεμε
1352 4423 1445 4476 καὶ
1477 4423 1646 4494 τύφου
1670 4428 1764 4480 καὶ
1791 4429 1925 4482 ἀπο·

337 4518 506 4582 νοίας,
536 4512 688 4582 οὗτος
717 4517 774 4571 δέ
806 4520 1228 4592 εὐγνωμοσύνης
1256 4521 1480 4593 πολλῆςο
1519 4523 1607 4577 διὰ
1637 4525 1796 4580 τοῦτο
1829 4522 1924 4581 οῦ-

336 4628 428 4682 τος
479 4618 576 4689 μέν
615 4619 785 4690 μυρία
832 4620 1248 4692 ἁμαρτημάτων
1300 4623 1495 4698 φορτία
1544 4625 1704 4696 ἔχων,
1744 4629 1924 4685 πάντα

335 4717 601 4783 ἀπέθετο,
635 4720 733 4774 καλ⁸
765 4719 1111 4792 δικαιοσύνην
1145 4720 1368 4776 ἐλαϐεν·
1405 4724 1610 4789 ἐκεῖνος
1639 4726 1695 4780 δὲ
1740 4729 1918 4802 πλήρη

333 4819 434 4890 τὴν
455 4817 588 4873 ναῦν
609 4819 1050 4890 κατορθωμάτων
1071 4821 1384 4891 ἀναγαγὼν.
1409 4826 1504 4878 καὶ
1528 4827 1917 4901 ἐλεημοσύνηςο

334 4921 430 4973 καὶ
457 4921 710 4992 νηστείας
731 4963 746 4988 ,
780 4921 1033 4996 καθάπερ
1060 4923 1167 4977 τινὶ
1197 4925 1443 4995 σκοπέλῳ
1473 4930 1824 5000 προσαράξας
1843 4932 1921 5004 τῷ

334 5021 436 5092 τῆς
467 5022 773 5090 κενοδοξίας
801 5023 894 5076 καὶ
920 5024 1177 5088 ἀπονοίας
1209 5027 1534 5096 φρονήματι,
1571 5029 1631 5082 ἐν
1668 5029 1816 5102 αὐτῷ
1842 5032 1920 5104 τῷ

335 5119 514 5187 λιμένι
548 5121 609 5173 τὸ
639 5122 893 5192 ναυάγιον
915 5124 1175 5195 ὑπέμεινε
1197 5141 1211 5157 ·
1236 5125 1296 5178 τὸ
1323 5126 1434 5196 γάρ
1464 5127 1522 5180 ἐν
1543 5127 1674 5200 εὐχῇ
1711 5129 1920 5202 ζημιω-

335 5217 514 5288 θῆναι,
543 5221 600 5272 ἐν
628 5220 805 5291 λιμένι
831 5223 1088 5293 ναυάγιόν
1130 5226 1277 5278 ἐστιν
1316 5226 1632 5296 ὑπομεῖναι.
1682 5227 1821 5283 Ἀλλ’
1855 5233 1917 5286 οὐ

312 5305 487 5388 ’παρὰ
518 5321 617 5393 τὴν
650 5319 810 5390 φύσιν
831 5324 928 5394 τῆς
960 5325 1126 5396 εὐχῆς
1153 5326 1312 5380 τοῦτο
1339 5327 1581 5396 γέγονεν,
1607 5329 1741 5385 ἀλλά
1769 5333 1919 5405 παρά

336 5415 433 5485 τὴν
461 5419 779 5488 προαίρεσιν
806 5421 902 5490 τὴν
931 5423 1119 5478 αὑτοῦ.

409 5515 474 5586 β’.
508 5518 672 5590 Ὁρᾷς
691 5520 807 5584 πῶς
821 5521 920 5574 οὐκ
939 5523 1101 5594 ἀρκεῖ
1119 5525 1252 5597 πρός
1270 5527 1543 5598 σωτηρίαν
1565 5531 1697 5599 ἡμῖν
1711 5532 1744 5602 ἡ
1759 5532 1914 5604 εὐχὴ,

337 5610 432 5663 ἐὰν
470 5613 543 5686 μὴ
571 5619 747 5690 προσῇ
768 5617 830 5670 τὸ
855 5620 974 5673 κατ’
994 5622 1233 5686 ἐκείνους
1261 5623 1521 5692 εὔξασθαι
1541 5627 1665 5692 τοὺς
1695 5629 1912 5699 νόμους.

338 5706 430 5771 οῦς
459 5711 710 5770 ,τέθεικεν
753 5719 782 5770 6
813 5719 1078 5791 Χριστός;
1130 5723 1292 5786 Τίνας
1338 5724 1392 5777 δὲ
1428 5725 1636 5780 τέθεικε
1681 5727 1909 5799 νόμους;

1077 283 1130 338 S.
1175 283 1458 340 JOANNIS
1493 283 1978 342 CIIRYSOSTOMI
2018 286 2334 343 ARCIIIEP.
2377 286 2912 344 CONSTANTINOP.

3515 279 3624 333 366

2046 392 2196 466 [356]
2239 395 2410 465 ’Υπὲρ
2452 396 2559 448 τῶν
2599 394 2806 466 ἐχθρῶν
2855 393 3129 466 εὔχεσθαι,
3179 396 3271 449 καὶ
3317 396 3423 449 τῶν
3455 396 3624 450 πολλὰ

2041 486 2370 540 λυπούντων.
2403 488 2521 540 Κᾶν
2547 488 2621 557 μὴ
2644 488 2802 540 τοῦτο
2825 489 3090 558 ποιῶμεν,
3114 487 3461 558 ἀπολλύμεθα
3489 488 3624 540 πάν-

2040 597 2167 642 τως’
2200 580 2294 632 καὶ
2327 579 2484 646 δῆλον
2514 580 2578 632 ἐκ
2607 579 2700 632 τοῦ
2742 579 3184 650 παραδείγματος
3221 579 3313 632 τοῦ
3345 579 3487 632 κατά
3530 580 3625 631 τὸν

2039 672 2347 742 Φαρισαῖον.
2386 673 2448 724 Εἰ
2492 671 2601 740 γὰρ
2626 665 2799 733 οῦτος,
2833 671 2954 740 οὐχὶ
2985 671 3094 722 τῶν
3118 670 3325 741 ἐχθρῶν
3356 671 3624 736 κατευξάο

2043 781 2222 834 μενος,
2256 764 2390 817 ἀλλὰ
2418 761 2772 833 κενοδοξήσας
2821 763 3000 832 μόνον,
3037 760 3303 830 τοσαύτην
3334 761 3502 812 ἔδωκε
3535 761 3614 812 δί-

2038 873 2162 927 κην,
2205 857 2288 918 τίς
2340 855 2488 926 μένει
2533 854 2774 926 τιμωρία
2813 854 2938 917 τοὺς
2989 855 3229 924 μακροὺς
3265 853 3357 906 καί
3395 852 3625 915 πολλοὺς

2039 949 2179 1005 κατά
2221 947 2329 1001 τῶν
2373 946 2583 1018 ἐχθρῶν
2640 945 3020 1008 ἀποτείνοντας
3063 945 3286 1012 λόγους;
3322 945 3385 996 Τί
3425 947 3620 1010 ποιεῖς,

2037 1042 2331 1112 άνθρωπε;
2371 1042 2611 1110 ἕστηκας
2639 1037 2967 1110 συγγνώμην
2995 1038 3161 1092 αἰτῶν
3191 1039 3621 1108 ἁμαρτημάτων,

2037 1135 2130 1189 καὶ
2161 1133 2331 1205 θυμοῦ
2362 1133 2589 1204 πληροῖς
2618 1132 2716 1204 τὴν
2759 1133 2994 1186 διάνοιαν
3021 1148 3036 1196 ;
3067 1131 3196 1184 Ὅτε
3238 1133 3454 1185 πάντων
3482 1133 3624 1201 ἡμε-

2041 1225 2311 1295 ρωτέρους
2338 1218 2476 1276 εἶναι
2525 1222 2667 1294 χρὴ,
2714 1224 2957 1294 Δεσπότῃ
2987 1221 3400 1292 διαλεγομένους
3425 1263 3439 1283 ,
3481 1223 3624 1294 ὑπὲρ

2035 1318 2250 1372 οίκείων
2288 1315 2779 1387 πλημμελημάτων
2814 1313 3266 1386 παρακαλοῦντας
3287 1357 3300 1378 ,
3350 1314 3496 1366 ἔλεον
3528 1315 3623 1366 καὶ

2036 1407 2447 1480 φιλανθρωπίαν
2519 1406 2614 1459 καὶ
2688 1403 3020 1474 συγγνώμην
3100 1400 3416 1464 αἰτοῦντας,
3498 1402 3622 1456 τότε

2035 1497 2414 1571 ἀγριούμεθα,
2455 1497 2549 1550 καὶ
2597 1495 2734 1566 πρὸς
2783 1493 3077 1566 θηριωδίαν
3115 1492 3475 1562 ἐκπίπτομεν,
3525 1493 3624 1544 καὶ

2036 1589 2260 1660 πικρίας
2289 1589 2349 1641 τὸ
2376 1587 2552 1658 στόμα
2584 1587 2689 1657 πλη
2701 1584 2932 1658 ροῦμεν;
2965 1586 3074 1637 Καὶ
3103 1585 3222 1647 πῶς
3250 1583 3614 1654 δυνησόμεθα,

2036 1679 2156 1733 εἰπέ
2181 1697 2292 1750 μοι,
2317 1680 2415 1749 τῆς
2445 1677 2719 1750 σωτηρίας
2754 1678 3051 1746 ἐπιτυχεῖν,
3081 1676 3263 1746 σχῆμα
3296 1675 3395 1745 μὲν
3428 1675 3622 1726 ἱκετῶν

2036 1773 2462 1846 προϐαλλόμενοι
2487 1813 2500 1832 ,
2541 1773 2759 1841 ῥήματα
2806 1769 2862 1822 δέ
2906 1768 3162 1830 ἀπονοίας
3195 1768 3480 1839 φέροντες,
3525 1771 3622 1822 καὶ

2035 1864 2159 1917 καθ’
2203 1861 2408 1916 ἑαυτῶν
2442 1861 2834 1933 παροξύνοντες
2867 1859 2958 1911 τὸν
3007 1859 3320 1929 Δεσπότην;
3356 1857 3621 1927 Εἰσῆλθες

2033 1957 2102 2010 τά
2144 1957 2320 2010 οίκεῖα
2365 1953 2703 2026 θεραπεῦσαι
2753 1950 3043 2022 τραύματα
3065 1991 3078 2014 ,
3108 1950 3228 2020 οὐχὶ
3253 1950 3320 2004 τὰ
3359 1949 3451 2003 τοῦ
3481 1951 3624 2022 πλη-

2038 2049 2152 2102 σίον
2180 2047 2538 2119 χαλεπώτερα
2577 2043 2915 2116 ἐργάσασθαι
2935 2056 2950 2073 ο
2977 2041 3204 2112 ίλασμοῦ
3235 2042 3422 2113 καιρός
3448 2044 3618 2103 ἐστιν,

2036 2139 2202 2209 εὐχῆς
2272 2137 2461 2209 καιρὸς
2529 2136 2625 2189 καὶ
2694 2133 3040 2204 στεναγμοῦ,
3102 2133 3223 2204 οὐχὶ
3279 2135 3467 2205 ὀργῆς⁹
3524 2134 3620 2186 δα-

2035 2230 2239 2301 κρύων,
2289 2229 2408 2298 οὐχὶ
2454 2225 2662 2298 θυμοῦ,
2705 2224 3048 2289 κατανύξεως
3077 2263 3092 2288 ,
3144 2223 3264 2294 οὐχὶ
3306 2225 3620 2295 ἀγανακτή.

2037 2340 2192 2385 σεως.
2245 2321 2310 2373 Τί
2344 2321 2593 2390 συγχέεις
2639 2318 2738 2390 τὴν
2770 2318 2957 2383 τάξιν;
2989 2318 3040 2370 τί
3091 2315 3273 2387 σαυτῷ
3317 2317 3572 2388 πολεμεῖς
3601 2337 3624 2382 ',

2033 2412 2087 2464 τί
2144 2409 2432 2473 καταλύεις
2491 2426 2584 2462 σου
2645 2409 2742 2480 τὴν
2794 2407 3116 2478 οίκοδομήν;
3168 2408 3272 2460 Τὸν
3325 2409 3622 2478 εὐχόμενον

2034 2504 2141 2574 πρὸ
2167 2502 2276 2556 τῶν
2320 2501 2495 2555 ἄλλων
2521 2501 2776 2554 ἀπάντων
2810 2501 3014 2572 ἥμερον
3042 2501 3188 2572 ἔχειν
3215 2503 3319 2574 χρὴ
3352 2502 3621 2568 διάνοιαν,

2034 2593 2468 2664 κατεσταλμένον
2527 2591 2674 2657 νοῦν,
2732 2595 3202 2666 συντετριμμένην
3268 2595 3490 2664 καρδίαν
3521 2613 3536 2626 ·
3588 2597 3619 2648 6

2032 2682 2089 2735 δὲ
2138 2682 2248 2735 τῶν
2312 2679 2521 2753 ἐχθρῶν
2563 2681 2843 2735 καταϐοῶν
2895 2684 2995 2735 οὐκ
3050 2682 3117 2736 ἂν
3167 2684 3416 2756 δυνηθείη
3459 2686 3622 2738 τοῦτο

2033 2774 2374 2846 κατορθῶσαί
2407 2790 2560 2828 ποτε·
2610 2772 2784 2844 θυμοῦ
2830 2773 2936 2845 γάρ
2994 2777 3110 2828 ἐστι
3160 2776 3619 2848 πεπληρωμένος,

2033 2871 2127 2923 καὶ
2151 2870 2248 2939 οὐχ
2270 2862 2380 2932 οἷός
2405 2868 2464 2922 τέ
2487 2870 2634 2920 ἐστιν
2665 2879 2689 2908 ι
2722 2866 2866 2937 ἔχειν
2890 2868 3331 2939 κατεσταλμένην
3355 2870 3613 2926 διάνοιαν.

2103 2961 2194 3034 Μὴ
2219 2962 2396 3015 τοίνυν
2430 2959 2824 3031 κατευχώμεθα
2856 2959 2966 3012 τῶν
3019 2959 3249 3033 ἐχθρῶν,
3302 2961 3438 3013 ἀλλά
3483 2962 3619 3032 μηδι

2030 3054 2140 3106 τῶν
2196 3050 2635 3122 κατορθωμάτων
2669 3050 2778 3103 τῶν
2827 3049 3110 3121 ἡμετέρων
3163 3051 3613 3122 μνημονεύωμεν,

2032 3143 2120 3197 ἵνα
2172 3142 2247 3214 μὴ
2307 3139 2573 3211 πάθωμεν
2618 3140 2755 3211 ὅπερ
2803 3141 2832 3193 ό
2873 3141 3188 3210 Φαρισαῖος.
3236 3141 3449 3212 ’Ὠσπερ
3508 3143 3622 3214 γάρ

2035 3235 2449 3306 ἁμαρτημάτων
2484 3233 2828 3304 μεμνῆσθαι,
2871 3232 3056 3296 καλὸν,
3093 3233 3234 3286 οῦτω
3264 3235 3621 3304 κατορθωμάο

2029 3346 2139 3382 των
2185 3327 2568 3398 ἐπιλελῆσθαι,
2605 3326 2789 3379 καλόν.
2823 3326 2978 3389 Τίνος
3027 3326 3249 3390 ἕνεκεν;
3285 3327 3406 3380 Ὅτι
3453 3328 3486 3396 ἡ
3519 3329 3623 3396 μέν

2030 3419 2138 3473 τῶν
2190 3419 2632 3490 κατορθωμάτων
2682 3419 2867 3490 μνήμη
2923 3418 3060 3488 πρὸς
3101 3418 3418 3482 ἀλαζονείαν
3469 3422 3620 3490 ἡμᾶς

2031 3511 2283 3582 ἐπαίρει,
2311 3511 2422 3582 ἠδὲ
2452 3512 2560 3563 τῶν
2594 3510 3004 3582 ἁμαρτημάτων
3043 3511 3229 3581 μνήμη
3264 3513 3618 3566 καταστέλλει

2029 3604 2128 3676 τὴν
2157 3604 2394 3658 διάνοιαν
2419 3605 2512 3657 καὶ
2539 3605 2800 3656 ταπεινοῖ·
2837 3603 2931 3654 καὶ
2956 3603 3142 3672 ἐκείνη
3180 3603 3280 3672 μὲν
3313 3603 3621 3675 ῥᾳθυμοτέ-

2035 3714 2159 3769 ρους
2199 3698 2374 3760 ποιεῖ,
2404 3694 2544 3767 αῦτη
2581 3695 2637 3748 δέ
2673 3694 3122 3765 σπουδαιοτέρους
3153 3695 3468 3765 ἐργάζεται.
3507 3698 3619 3751 Καὶ

2029 3791 2138 3862 γὰρ
2170 3790 2283 3843 ὅσοι
2325 3789 2490 3859 μηδὲν
2517 3789 2829 3858 νομίζουσιν
2871 3788 3016 3858 ἔχειν
3061 3787 3246 3850 καλὸν,
3276 3788 3620 3860 προθυμότεο

2032 3899 2114 3953 ροι
2149 3881 2390 3950 γίνονται
2427 3879 2563 3950 πρὸς
2591 3881 2652 3932 τὸ
2685 3880 2988 3951 κτήσασθαι
3018 3880 3087 3932 τά
3121 3880 3290 3934 καλά·
3320 3883 3367 3934 oi
3405 3882 3462 3934 δὲ
3489 3883 3620 3934 πολ-

2029 3973 2124 4043 λὴν
2161 3975 2372 4036 ἐαυτοῖς
2420 3971 2804 4025 ἀποτεθεῖσθαι
2848 3972 2946 4042 τὴν
2985 3972 3254 4043 ἐμπορίαν
3284 3974 3614 4044 ἡγούμενοι,

2030 4065 2357 4136 θαρροῦντες
2389 4066 2454 4135 τῇ
2487 4063 2691 4135 ταύτης
2721 4065 3028 4137 περιουσίᾳ,
3057 4065 3156 4118 οὐκ
3183 4065 3248 4118 ἂν
3278 4066 3478 4137 πολλὴν
3503 4068 3621 4120 ἐπι-

2027 4156 2292 4222 δείξαιντο
2344 4157 2576 4227 σπουδὴν
2637 4157 2774 4229 πρὸς
2831 4157 2893 4210 :6
2950 4157 3171 4211 πλείονα
3227 4159 3619 4229 περιλαϐέσθαι

2029 4247 2210 4301 πάλιν.

2097 4392 2170 4452 γ’.
2188 4384 2277 4457 Μὴ
2293 4384 2473 4437 τοίνυν
2497 4386 2741 4457 μνησθῇς
2759 4387 2866 4439 τῶν
2891 4388 3348 4460 κατορθωμάτων,
3370 4392 3456 4446 ἵνα
3477 4411 3616 4463 μνη-

2029 4477 2127 4548 σθῇ
2156 4477 2334 4531 αὐτῶν
2373 4479 2400 4530 ὁ
2447 4478 2597 4540 Θεός.
2634 4479 2783 4548 Λέγε
2818 4481 2960 4550 γὰρ,
3001 4483 3152 4552 φησὶ,
3186 4488 3292 4550 τὰς
3323 4486 3618 4554 ἁμαρτίας

2024 4585 2142 4622 σου
2191 4568 2460 4636 πρῶτος,
2490 4570 2590 4621 ἵνα
2642 4569 2979 4639 δικαιωθῇς.
3023 4573 3133 4626 Καὶ
3162 4574 3354 4626 πάλιν·
3399 4578 3482 4629 Οὐ
3525 4578 3614 4645 μὴ

2017 4659 2270 4730 μνησθῶ
2291 4658 2411 4712 τῶν
2431 4659 2692 4729 ἀνομιῶν
2719 4676 2858 4727 σου,
2887 4662 3019 4734 φησί
3037 4681 3052 4695 ο
3075 4663 3158 4718 σὺ
3187 4663 3256 4716 δὲ
3279 4665 3609 4733 μνήσθητι.

2036 4749 2194 4803 Ἀλλά
2219 4750 2360 4814 τίνος
2381 4751 2569 4803 ἕνεκεν
2597 4751 2689 4804 τοῦ
2720 4752 2951 4807 τελώνου
2977 4753 3120 4809 οὕτω
3142 4757 3352 4826 ταχέως
3381 4759 3619 4830 ἐπήκουο

2024 4857 2115 4894 σεν
2144 4843 2173 4894 6
2201 4841 2352 4905 Θεὸς,
2383 4841 2474 4893 τὸν
2497 4842 2554 4895 δέ
2594 4843 2779 4896 Ἰσαὰκ
2813 4845 3025 4913 ἀφῆκεν
3046 4845 3252 4900 εἴκοσιν
3275 4847 3369 4918 ἐτη
3394 4849 3612 4904 δέεσθαι

2022 4933 2114 4987 καὶ
2152 4933 2488 5003 παρακαλεῖν
2528 4933 2689 4987 αὐτὸν
2722 4937 2975 5006 περὶτῆς
3011 4941 3267 5006 γυναικὸς
3294 4941 3482 5006 αὐτοῦ,
3518 4945 3616 4996 καὶ

2019 5024 2138 5076 τότε
2165 5024 2422 5078 ἐπένευσε
2447 5027 2568 5088 ταῖς
2597 5027 2786 5096 εὐχαῖς
2809 5027 2903 5080 τοῦ
2938 5029 3147 5084 δικαίου
3171 5049 3184 5092 ;
3220 5033 3458 5105 Ἀνάγκη
3502 5036 3615 5106 γὰρ

2017 5117 2116 5186 τῆς
2138 5116 2263 5186 χθὲς
2277 5116 2622 5180 διδασκαλίας
2636 5119 2927 5173 ἀποδοῦναι
2946 5121 2975 5173 ὐ
2985 5123 3074 5191 μῖν
3095 5121 3163 5176 τά
3179 5122 3428 5192 λείψανα.
3451 5125 3615 5192 Τίνος

2017 5202 2110 5258 οῦν
2135 5208 2320 5260 ἕνεκεν
2343 5208 2498 5262 τοῦτο
2520 5210 2740 5278 γέγονεν
2761 5227 2776 5274 ;
2803 5213 2920 5265 Ἵνα
2946 5214 3052 5266 ἀπὸ
3081 5215 3180 5284 μὲν
3203 5214 3313 5267 τῶν
3347 5217 3491 5270 κατὰ
3516 5217 3614 5269 τὸν

2016 5299 2254 5371 τελώνην
2291 5300 2468 5373 μάθῃς
2501 5301 2599 5373 τὴν
2635 5304 3048 5376 φιλανθρωπίαν
3074 5307 3168 5361 τοῦ
3203 5309 3480 5362 Δεσπότου
3509 5327 3610 5364 τα-

2017 5391 2159 5462 χέως
2170 5392 2596 5456 ἐπακούσαντος,
2617 5395 2725 5447 ἀπὸ
2745 5395 2803 5450 δέ
2827 5394 2934 5448 τῶν
2948 5397 3089 5451 κατὰ
3104 5398 3194 5451 τὸν
3221 5399 3405 5452 Ίσαάκ
3429 5399 3611 5471 μάθῃς

2015 5483 2112 5552 τὴν
2143 5483 2418 5554 ὑπομονὴν
2451 5486 2542 5539 τοῦ
2569 5487 2758 5541 δούλου
2791 5489 3037 5562 βραδέως
3063 5490 3342 5557 λαϐόντος,
3380 5494 3472 5546 καὶ
3506 5495 3611 5548 οὐκ

2017 5572 2351 5638 ἀποστάντος
2383 5574 2480 5645 τῆς
2515 5576 2826 5647 ἱκετηρίας·
2868 5581 2976 5647 ἵνα,
3017 5581 3122 5636 κᾶν
3151 5582 3479 5654 ἁμαρτωλὸς
3516 5579 3608 5660 ᾗς,

2081 5742 2107 5772 ⁸
2133 5743 2288 5794 Savil.
2327 5747 2413 5810 οὐχ
2436 5749 2532 5796 οἷόν
2557 5751 2608 5798 τέ
2643 5751 2789 5800 ἐστιν.
2818 5751 2888 5801 Ita
2915 5759 2968 5802 ΘΙ.
2987 5752 3104 5804 Cod.
3131 5753 3240 5802 768.
