4020 6370
266 339 372 395 3â€˜35

266 456 453 512 Brutus
481 460 676 531 quippe
697 503 711 527 ,
747 464 834 534 qui
857 474 1031 519 narrat
1059 466 1112 520 in
1137 482 1283 521 aures
1319 468 1630 522 audientium
1656 470 1841 541 (Eccli.

262 550 355 602 9.5.
386 550 501 619 12).
527 550 580 605 ld
608 553 734 606 mihi
767 571 871 609 non
900 572 964 612 ex
997 558 1593 626 plausibuslaudibusve
1621 572 1844 630 tantum,

262 639 359 692 sed
391 650 445 694 et
474 656 539 695 ex
563 642 628 697 iis
656 659 774 713 qua:
800 644 913 700 fieri
943 662 971 700 a
995 649 1149 703 vobis
1179 651 1462 706 cernebam
1484 694 1498 718 ,
1531 668 1844 721 persuasum

263 738 365 785 est.
397 731 529 786 Cum
554 735 728 801 enim,
762 745 818 789 ut
842 737 1095 795 adversus
1139 741 1378 797 inimicos
1404 758 1590 813 preces
1630 746 1847 802 minime

264 818 559 877 funderetis
578 865 593 890 ,
614 839 711 879 vos
737 826 1080 896 cohortarer,
1110 844 1172 885 ac
1198 831 1429 887 dicerem
1476 850 1571 888 nos
1591 877 1605 902 ,
1636 835 1761 890 dum
1794 838 1845 892 id

262 916 490 982 agimus,
520 918 683 973 Deum
715 920 960 987 irritare,
987 939 1049 978 ac
1090 926 1292 996 legibus
1327 928 1442 998 ejus
1477 931 1608 984 alias
1632 942 1846 987 contra-

266 1008 373 1060 rias
396 1006 866 1079 ferre(dixitenim
898 1015 1028 1084 ipse,
1053 1015 1207 1071 Orate
1249 1035 1341 1088 pro
1373 1021 1586 1076 inimicis
1629 1021 1841 1094 [Matt/1.

264 1097 316 1151 5.
348 1097 459 1171 44],
488 1109 543 1154 at
576 1117 673 1158 nos
697 1103 822 1158 dum
851 1106 1107 1163 adversus
1154 1110 1396 1166 inimicos
1436 1128 1681 1182 oramus,
1706 1117 1845 1184 peti-

263 1207 384 1246 mus
410 1194 477 1249 ab
502 1210 568 1249 eo
596 1206 653 1251 ut
682 1214 829 1253 suam
864 1201 1031 1271 legem
1055 1203 1168 1271 ipse
1194 1204 1472 1279 dissolvat)
1496 1249 1512 1274 ,
1545 1209 1846 1279 cumigitur

265 1283 379 1339 haec
400 1296 452 1340 et
469 1287 589 1341 talia
609 1289 862 1356 dicerem,
884 1294 1076 1348 multos
1094 1294 1232 1350 inter
1248 1312 1341 1350 vos
1356 1298 1637 1353 cernebam
1655 1298 1845 1356 faciem

267 1378 625 1443 percutientes
650 1390 703 1435 et
722 1392 926 1452 pectus,
943 1388 1175 1456 graviter
1201 1388 1630 1458 ingemiscentes,
1656 1406 1846 1447 manus

265 1466 318 1520 in
349 1470 537 1524 cazlum
570 1474 849 1530 tendentes
869 1518 884 1543 ,
916 1479 1122 1532 veniam
1147 1494 1174 1531 a
1212 1480 1317 1534 Deo
1338 1490 1554 1550 propter
1582 1482 1844 1551 ejusmodi

267 1575 453 1627 preces
491 1561 633 1617 fusas
675 1567 1024 1635 postulantes.
1066 1570 1198 1625 Tum
1229 1588 1358 1627 vero
1401 1589 1499 1643 ego
1529 1575 1750 1629 sublatis
1790 1576 1842 1630 in

264 1652 453 1706 carlum
479 1656 646 1709 oculis
674 1657 781 1712 Deo
821 1660 1017 1728 gratias
1061 1664 1182 1733 egi,
1212 1664 1351 1734 quod
1394 1674 1497 1719 tam
1541 1668 1646 1721 cito
1690 1667 1845 1722 nobis

263 1744 520 1802 doctrinm
547 1765 725 1805 sermo
755 1751 977 1807 fructum
1002 1757 1327 1824 protulisset.
1362 1757 1436 1811 Ea
1467 1759 1662 1829 quippe
1685 1760 1843 1829 spiri-

266 1838 423 1893 tualis
445 1841 664 1896 seminis
712 1853 795 1898 est
831 1846 1065 1901 conditio
1095 1864 1108 1901 :
1134 1863 1239 1901 non
1285 1852 1439 1903 annis
1478 1850 1711 1921 indiget,
1746 1866 1845 1906 nec

266 1931 613 1998 temporibus,
638 1949 737 1988 nec
761 1934 968 2002 diebus,
988 1937 1080 1993 sed
1104 1938 1144 1992 si
1167 1939 1395 1993 animam
1422 1955 1734 2010 generosam
1763 1942 1843 1995 in-

264 2023 461 2075 vaserit
480 2065 495 2089 ,
526 2024 803 2088 confestim
834 2028 1033 2096 spicam
1062 2030 1320 2085 virentem
1360 2041 1413 2087 et
1435 2031 1723 2101 perfectam
1753 2048 1843 2088 os-

266 2113 436 2167 tendit
466 2133 476 2166 :
511 2116 651 2185 quod
690 2128 743 2172 et
772 2133 800 2171 a
832 2120 983 2175 vobis
1032 2122 1283 2176 hesterno
1326 2122 1413 2176 die
1441 2131 1711 2191 peractum
1739 2132 1839 2177 est.

263 2205 699 2273 (Lompunctionis
730 2224 1028 2266 sermonem
1058 2227 1354 2280 sparseram
1377 2253 1392 2278 ,
1411 2221 1466 2267 et
1494 2211 1846 2267 confessionis

263 2298 493 2362 gemitus
512 2299 846 2366 germinavit,
874 2302 1101 2369 gemitus
1133 2304 1323 2357 multas
1350 2304 1610 2357 bonorum
1634 2302 1844 2357 divitias

263 2401 446 2440 secum
499 2392 693 2444 ferens.
724 2390 853 2444 Nam
900 2391 945 2446 si
990 2393 1299 2462 publicanus
1346 2396 1463 2457 ille,
1497 2410 1615 2447 cum
1661 2404 1845 2463 pectus

265 2481 611 2547 percutienda
654 2483 906 2551 dixisset,
957 2485 1222 2557 Propitius
1264 2498 1367 2541 esto
1415 2489 1537 2540 mihi
1594 2488 1845 2557 peccatori

263 2570 414 2640 (Luc.
450 2574 537 2628 18.
572 2576 686 2645 15),
720 2579 838 2645 plus
863 2594 1020 2648 quam
1071 2580 1370 2634 Phariszeus
1406 2580 1727 2649 justiticatus
1753 2596 1843 2634 rc-

263 2665 459 2731 cessit,
505 2678 757 2737 quantam
806 2685 903 2723 nos
932 2670 1069 2740 apud
1110 2671 1278 2726 Deum
1322 2672 1475 2727 nobis
1529 2673 1845 2727 conciliasse

261 2757 484 2824 gratiam
529 2760 816 2815 verisimile
859 2770 968 2828 est,
1000 2778 1121 2817 cum
1170 2765 1304 2818 intra
1340 2764 1594 2835 perbreve
1637 2773 1846 2832 tempus

264 2857 463 2902 tantam
495 2855 956 2921 compunctionem
1002 2856 1429 2913 ostenderimus?
1467 2858 1698 2912 Tametsi
1749 2875 1845 2926 pu-

263 2939 475 2995 blicano
502 2942 629 2997 nihil
654 2955 729 2998 est
764 2948 913 3016 pejus
944 2966 956 3001 :
990 2964 1108 3002 cum
1136 2950 1179 3004 is
1210 2951 1562 3019 improbitatis
1594 2952 1745 3005 limes
1776 2952 1845 3004 sit

262 3030 523 3087 ultimus:
555 3038 695 3104 quod
730 3040 909 3107 utique
948 3040 1186 3095 Christus
1215 3042 1453 3097 indicans
1496 3043 1548 3096 in
1577 3052 1843 3097 extremo-

262 3135 383 3175 rum
411 3123 672 3178 malorum
722 3130 1021 3198 exemplum
1078 3135 1387 3187 meretrices
1429 3150 1492 3188 ac
1534 3135 1844 3204 publicanos

261 3225 476 3281 semper
501 3215 552 3269 in
598 3219 833 3273 medium
873 3222 1104 3277 adducit.
1139 3224 1235 3279 Est
1276 3228 1414 3280 enim
1446 3226 1694 3282 violentia
1725 3244 1845 3296 quae

262 3300 431 3359 libere
483 3307 917 3381 confidenterque
945 3324 1232 3383 grassatur,
1266 3317 1446 3386 rapina
1496 3318 1610 3372 sine
1659 3334 1842 3387 repre-

263 3391 525 3450 hensione
549 3438 562 3463 ,
592 3399 873 3469 impudens
907 3406 1141 3459 avaritia:
1170 3422 1356 3476 genus,
1389 3409 1675 3479 negotiatio
1701 3426 1729 3463 a
1761 3426 1844 3463 ra-

269 3486 417 3542 tione
442 3488 632 3553 aliena,
668 3491 902 3548 insolens
941 3506 1276 3553 mercatura:
1306 3508 1539 3554 attamen
1575 3501 1619 3553 is
1639 3501 1725 3569 qui
1760 3501 1843 3553 in-

261 3584 347 3630 ter
377 3586 453 3632 tot
496 3581 631 3634 mala
661 3583 899 3651 vixerat,
934 3588 1090 3642 nudis
1110 3589 1289 3644 verbis
1334 3592 1501 3660 potuit
1530 3601 1608 3645 tot
1652 3592 1841 3660 probra

260 3667 475 3734 delere,
503 3686 565 3726 ac
590 3674 741 3742 plura
769 3690 925 3746 quam
958 3680 1251 3749 postularat
1278 3678 1542 3749 accipere.
1564 3680 1699 3735 Nam
1748 3697 1842 3751 pe-

263 3760 420 3814 lierat
440 3763 652 3831 quidem
682 3766 788 3847 ille,
826 3766 1088 3838 Propitius
1108 3781 1212 3823 esto
1239 3771 1362 3823 mihi
1382 3775 1628 3837 peccatori
1655 3815 1669 3838 ,
1704 3773 1844 3828 Deus

260 3862 439 3907 autem
466 3870 572 3910 non
601 3859 858 3928 propitius
884 3870 1083 3914 tantum
1116 3860 1246 3927 fuit,
1276 3864 1366 3915 sed
1397 3865 1555 3918 etiam
1580 3864 1726 3918 illmn
1757 3881 1846 3919 su-

262 3961 358 4013 pra
386 3946 710 4005 Pharismum
736 3952 1064 4020 justificavit.
1096 3955 1380 4025 Propterea
1413 3957 1577 4027 inquit
1608 3958 1841 4013 Paulus:

260 4036 330 4090 Ei
356 4050 524 4093 autem
547 4083 560 4105 ,
588 4046 674 4114 qui
726 4053 884 4113 potest
926 4048 1094 4101 omnia
1133 4049 1296 4117 facere
1342 4052 1808 4120 superabundanter
1828 4093 1841 4115 ,

259 4146 413 4199 quam
440 4133 653 4200 petimus
672 4177 686 4200 ,
716 4145 803 4188 aut
845 4138 1172 4209 intelligimus
1201 4139 1414 4211 (Ep/tes.
1444 4142 1496 4197 5.
1534 4143 1647 4212 20).
1685 4143 1843 4211 Atqui

261 4235 510 4290 precatus
537 4237 616 4280 est
638 4228 797 4282 etiam
827 4229 1127 4285 Pharisteus
1148 4274 1162 4296 ,
1192 4241 1247 4286 et
1280 4233 1331 4286 in
1361 4234 1555 4303 templo
1582 4235 1762 4299 stetit,
1790 4246 1845 4289 et

260 4314 511 4370 eumdem
542 4318 706 4372 Deum
734 4319 1031 4386 invocavit,
1065 4331 1113 4377 et
1142 4324 1289 4392 plura
1316 4326 1474 4381 verba
1506 4327 1768 4395 profudit,
1794 4336 1847 4382 et

259 4420 327 4459 ex
345 4408 635 4475 gratiarum
659 4412 867 4467 actione
894 4414 1149 4469 orationis
1178 4416 1452 4471 exordium
1477 4420 1659 4471 texuit.
1697 4419 1844 4473 Unde

260 4494 422 4565 igitur
442 4497 634 4554 factmn
664 4513 763 4569 est,
794 4513 850 4558 ut
876 4504 965 4559 ille
990 4506 1202 4576 quidem
1227 4523 1287 4562 ea
1318 4524 1436 4577 qua:
1458 4509 1684 4564 habebat
1709 4511 1845 4565 bona

261 4586 574 4658 perdiderit,
608 4592 695 4648 hic
718 4605 895 4650 autem
924 4612 1040 4651 eam
1062 4599 1283 4668 gratiam
1310 4615 1371 4654 ac
1399 4601 1662 4667 fiduciam,
1686 4619 1843 4673 quam

260 4695 367 4735 non
399 4683 627 4739 habebat
650 4686 751 4741 sibi
779 4689 1182 4744 conciliaverit?
1209 4692 1360 4758 Quod
1389 4693 1634 4746 nimirum
1659 4696 1845 4750 orandi

261 4775 457 4830 modus
480 4777 617 4832 idem
650 4795 756 4834 non
781 4791 941 4837 esset.
977 4782 1107 4837 Nam
1141 4784 1230 4838 ille
1259 4784 1472 4854 quidem
1496 4789 1844 4854 arrogantize,

262 4867 452 4933 fastus,
478 4869 852 4942 superbiaeque
869 4881 1009 4927 totus
1034 4875 1222 4944 plenus
1239 4885 1371 4940 erat,
1395 4874 1480 4929 hic
1509 4891 1638 4929 vero
1667 4878 1847 4931 multa:

261 4958 543 5026 probitatis
571 4970 626 5015 et
669 4963 930 5031 mquitatis
964 4982 975 5015 :
1012 4965 1210 5019 idcirco
1254 4966 1381 5019 licet
1424 4966 1507 5019 hic
1555 4966 1847 5021 innumeris

258 5060 602 5120 peccatorum
651 5054 881 5108 sarcinis
927 5067 1255 5125 gravaretur,
1295 5072 1482 5111 omnes
1535 5058 1728 5124 abjccit
1755 5100 1767 5121 ,
1796 5068 1849 5112 ct

255 5143 519 5214 justitiam
548 5147 856 5216 assumpsit;
887 5148 974 5201 ille
989 5158 1163 5203 autem
1184 5150 1271 5217 qui
1297 5151 1502 5219 plenam
1526 5156 1667 5205 recte
1687 5149 1849 5202 facto-

259 5245 403 5296 rum,
430 5231 890 5303 eleemosynarum
911 5274 924 5296 ,
949 5234 1291 5303 jejuniorum,
1324 5250 1509 5289 navem
1540 5235 1835 5301 reduxerat,

261 5328 531 5391 tamquam
563 5323 785 5393 scopulo
808 5324 1033 5394 cuipiam
1064 5327 1234 5380 inanis
1272 5328 1453 5395 gloria:
1483 5328 1848 5397 superbiteque

260 5414 458 5467 tumori
491 5414 718 5468 allidens
737 5416 789 5468 in
821 5415 935 5484 ipso
960 5425 1113 5485 portu
1146 5418 1473 5487 naufragium
1500 5419 1654 5472 fecit:
1684 5420 1850 5487 siqui-

260 5503 384 5557 dem
416 5504 468 5558 in
519 5506 761 5560 oratione
789 5506 1042 5562 damnum
1075 5510 1215 5576 pati,
1248 5509 1297 5562 id
1325 5526 1451 5563 vero
1478 5520 1559 5562 est
1609 5510 1658 5562 in
1695 5522 1846 5578 portu

262 5595 598 5666 naufragium
626 5597 821 5653 facere.
847 5598 962 5653 Non
984 5609 1160 5655 tamen
1189 5602 1240 5654 id
1266 5618 1329 5655 ex
1354 5614 1537 5657 natura
1569 5603 1845 5669 orationis,

260 5687 356 5741 sed
382 5704 448 5741 ex
475 5689 628 5758 culpa
658 5690 940 5744 voluntatis
967 5691 1081 5760 ejus
1106 5692 1301 5767 evenit.

334 5784 389 5837 2.
418 5782 731 5840 Precationis
754 5785 930 5840 modus
953 5787 1081 5856 quis.
1113 5817 1176 5827 â€”-
1210 5786 1370 5844 Vides
1410 5787 1473 5842 ad
1498 5774 1721 5844 salutem
1750 5805 1848 5845 no-

1442 353 1577 408 NON
1621 354 1781 409 ESSE
1823 352 2349 410 DESPERANDUM.

3434 366 3535 421 586

1958 468 2039 523 bis
2064 472 2357 526 orationem
2409 487 2513 527 non
2541 474 2786 532 sufficere
2807 517 2822 543 ,
2855 475 2959 531 nisi
2997 476 3155 532 simul
3198 491 3265 532 ex
3297 474 3537 549 legibus,

1956 576 2089 630 quas
2128 564 2247 618 tulit
2286 563 2546 630 Christus,
2576 569 2831 624 oremus?
2862 569 3006 637 Quas
3048 586 3207 640 porro
3257 571 3401 643 leges
3449 574 3536 628 ille

1957 653 2208 709 tulit?Ut
2235 670 2332 725 pro
2360 655 2589 713 inimicis
2626 674 2870 726 oremus,
2908 664 3117 716 tametsi
3148 664 3329 718 multis
3367 666 3536 720 mole-

1955 742 2073 796 stiis
2120 758 2218 798 nos
2264 744 2556 801 affecerint.
2592 752 2668 803 Ac
2711 750 2810 804 nisi
2858 749 2958 805 hoc
2987 760 3336 819 przestemus,
3379 754 3536 824 plane

1958 836 2230 903 gerimus:
2264 836 2316 891 id
2363 839 2503 909 quod
2551 855 2616 893 ex
2647 841 2900 896 Pharismi
2942 848 3442 915 constatexemplo.
3482 848 3536 902 Si

1954 928 2096 980 enim
2128 928 2226 982 istc
2252 944 2371 983 cum
2404 946 2507 984 non
2539 932 2795 987 adversus
2822 934 3062 990 inimicos
3088 944 3316 1001 orasset,
3346 952 3529 991 verum

1954 1019 2125 1074 inanis
2154 1020 2336 1089 gloriae
2364 1022 2636 1091 cupiditati
2665 1025 2835 1079 solum
2874 1024 3117 1080 addictus
3152 1026 3379 1093 fuisset,
3412 1038 3535 1082 tan-

1956 1119 2064 1164 tam
2091 1126 2299 1178 ptenam
2330 1114 2615 1178 sustinuit,
2655 1115 2797 1185 quod
2832 1116 3144 1185 supplicium
3174 1118 3295 1173 illos
3320 1130 3537 1183 manet,

1951 1200 2042 1270 qui
2073 1200 2259 1271 longos
2300 1204 2599 1274 multosque
2641 1220 2917 1261 sermones
2943 1206 3240 1277 producunt
3278 1211 3528 1265 adversus

1953 1293 2221 1349 inimicos?
2241 1295 2375 1364 Quid
2395 1296 2545 1364 facis,
2565 1299 2636 1352 mi
2664 1298 2850 1354 homo?
2871 1299 3086 1368 Adstas,
3105 1308 3163 1355 ut
3183 1301 3389 1356 veniam
3415 1317 3540 1372 pec-

1953 1396 2193 1441 catorum
2209 1389 2468 1457 postules,
2488 1398 2543 1445 et
2559 1392 2788 1446 animam
2805 1391 3077 1447 iracundia
3094 1393 3297 1462 reples?
3312 1393 3536 1460 Quando

1950 1480 2187 1535 omnium
2219 1482 2527 1538 mitissimos
2547 1499 2669 1539 esse
2696 1500 2795 1539 nos
2816 1493 3045 1555 Oportet,
3067 1485 3194 1540 dum
3219 1486 3539 1557 alloquimur

1953 1570 2258 1641 Dominum,
2274 1574 2396 1627 dum
2414 1589 2509 1643 pro
2524 1574 2732 1630 delictis
2746 1576 3539 1642 oramus,misericordiam,cle-

1950 1665 2224 1731 mentiam,
2244 1682 2305 1721 ac
2319 1671 2526 1723 veniam
2550 1669 2913 1740 implorantes,
2942 1679 3050 1724 tum
3077 1671 3534 1734 excandescimus,

1952 1755 2003 1809 in
2033 1754 2292 1812 feritatem
2333 1758 2688 1825 devolvimur,
2716 1768 2771 1815 et
2794 1775 2855 1814 os
2882 1769 3120 1813 nostrum
3147 1759 3271 1815 felle
3291 1761 3533 1830 comple-

1951 1846 2093 1899 mus?
2122 1845 2239 1913 Quo
2266 1857 2439 1917 pacto,
2466 1864 2665 1919 quzeso,
2695 1850 2987 1919 poterimus
3016 1849 3242 1904 salutem
3270 1849 3531 1920 adipisci,

1948 1951 2070 1991 cum
2094 1938 2405 2007 supplicium
2430 1939 2660 2008 speciem
2684 1955 2793 2009 prae
2821 1940 2974 1995 nobis
2992 1939 3245 2003 feramus,
3263 1940 3421 1995 verba
3444 1954 3539 1995 su-

1950 2030 2233 2099 perborum
2254 2030 2554 2097 efferamus,
2576 2040 2628 2086 et
2645 2032 2695 2085 in
2713 2045 2810 2087 nos
2831 2031 3113 2086 Dominum
3139 2030 3430 2086 irritemus?
3444 2032 3534 2087 ln-

1948 2135 2164 2189 gressus
2188 2136 2265 2188 es,
2289 2130 2348 2175 ut
2375 2124 2586 2192 propria
2603 2122 2819 2177 vulnera
2835 2137 3078 2186 curares,
3095 2138 3203 2177 non
3227 2132 3286 2177 ut
3314 2124 3532 2194 prepin-

1948 2213 2039 2283 qui
2067 2214 2282 2267 vulnera
2314 2214 2563 2269 redderes
2593 2214 2886 2269 acerbiora.
2911 2214 3310 2285 Propitiationis
3328 2226 3536 2285 tempus

1949 2312 2051 2365 est,
2074 2304 2329 2358 orationis
2352 2314 2581 2373 tempus,
2607 2320 2669 2359 ac
2693 2305 2920 2375 gemitus
2940 2345 2953 2367 ,
2978 2320 3084 2358 non
3113 2305 3396 2358 iracundia:
3420 2320 3435 2357 :
3466 2304 3536 2358 las

1949 2406 2274 2463 crymarum,
2303 2411 2408 2451 non
2431 2395 2921 2451 excandescentiaez
2950 2394 3394 2465 compunctionis,
3422 2409 3529 2449 non

1950 2483 2344 2554 indignationis.
2363 2487 2470 2542 Cur
2493 2484 2776 2542 confundis
2804 2485 3072 2540 ordinem?
3087 2501 3183 2540 cur
3203 2485 3295 2540 tibi
3321 2484 3417 2554 ipsi
3442 2500 3530 2541 reâ€”

1952 2577 2177 2645 pugnas?
2199 2592 2295 2631 cur
2312 2576 2592 2631 aedificium
2612 2584 2758 2631 tuum
2777 2575 2969 2630 diruis?
2990 2576 3268 2630 Hominem
3288 2575 3376 2646 qui
3392 2586 3529 2638 orat,

1950 2674 2073 2720 ante
2115 2668 2217 2721 alia
2257 2668 2436 2722 omnia
2484 2668 2597 2722 miti
2633 2669 2812 2722 animo
2860 2682 2978 2721 esse
3015 2673 3265 2736 oportet,
3294 2666 3530 2722 modesta

1951 2767 2150 2822 mente,
2181 2759 2342 2815 corde
2370 2760 2599 2813 contrito
2628 2759 2755 2829 :qni
2777 2772 2905 2813 vero
2925 2757 3121 2813 clamat
3144 2757 3399 2813 adversus
3428 2758 3534 2812 ini-

1952 2851 2139 2914 micos,
2170 2868 2456 2922 numquam
2503 2852 2628 2906 illud
2664 2852 2858 2921 poterit
2895 2851 3175 2906 obtinere:
3204 2850 3401 2921 quippe
3441 2852 3531 2920 qui

1950 2944 2021 2997 sit
2050 2945 2141 2998 irae
2173 2945 2359 3014 plenus
2383 2984 2398 3010 ,
2430 2959 2603 3014 neque
2626 2943 2887 2999 modestia
2911 2942 3078 3012 possit
3111 2951 3346 2997 mentem
3373 2940 3427 2996 in
3447 2942 3508 2996 of
3511 2968 3531 2979 -

1953 3037 2072 3090 ficio
2098 3037 2393 3093 continere.

2023 3124 2355 3180 Peccatorum
2378 3127 2675 3189 meminisse,
2706 3135 2838 3179 recte
2861 3128 3110 3194 factorum
3132 3122 3353 3177 oblivisci
3381 3139 3533 3191 opor-

1950 3230 2044 3276 tet.
2074 3220 2177 3275 Cur
2221 3230 2345 3275 esset
2367 3221 2550 3275 sterilis
2596 3236 2724 3274 uxor
2769 3217 2958 3283 Isaac;
3007 3234 3097 3271 cur
3129 3217 3325 3270 sterilis
3360 3227 3535 3284 partus

1951 3314 2279 3381 praecesserit.
2311 3311 2483 3367 â€”Ne
2531 3311 2689 3382 igitur
2745 3308 3000 3363 adversus
3049 3306 3291 3361 inimicos
3344 3321 3532 3377 preces

1952 3402 2267 3467 fundamus,
2296 3403 2389 3458 sed
2434 3417 2606 3472 neque
2651 3408 2796 3454 recte
2826 3398 3082 3452 factorum
3124 3411 3390 3452 memores
3431 3412 3532 3451 no.

1948 3504 2180 3550 strorum
2211 3496 2377 3550 simus
2401 3537 2417 3563 ,
2449 3510 2518 3549 ne
2556 3492 2708 3548 nobis
2730 3491 2782 3546 id
2809 3489 3044 3555 accidat,
3067 3489 3208 3559 quod
3234 3487 3526 3542 Phariszo.

1948 3587 2079 3641 Nam
2124 3587 2572 3658 quemadmodum
2620 3592 2958 3654 peccatorum
3011 3581 3279 3637 recordari
3330 3582 3526 3636 bonum

1949 3679 2160 3741 est,ita
2206 3687 2352 3732 recte
2383 3677 2642 3731 factorum
2685 3675 2881 3729 bonum
2931 3680 3014 3727 est
3052 3671 3311 3726 oblivisci.
3361 3670 3529 3738 Quam

1951 3769 2163 3824 tandem
2190 3769 2258 3823 ob
2285 3768 2526 3823 causam?
2553 3766 2815 3835 Quoniam
2854 3771 2998 3817 recte
3030 3762 3289 3817 factorum
3314 3761 3528 3831 quidem

1949 3860 2206 3916 memoria
2234 3876 2332 3915 nos
2356 3860 2410 3914 in
2434 3858 2733 3929 superbiam
2764 3856 2938 3925 erigit,
2970 3862 3312 3925 peccatorum
3351 3863 3527 3907 autem

1951 3952 2208 4007 memoria
2251 3961 2484 4006 mentem
2530 3948 2782 4017 deprimit
2825 3956 2986 4016 atque
3031 3945 3286 3999 humilem
3311 3944 3529 3999 reddit:

1949 4053 2109 4113 atque
2136 4043 2223 4096 illa
2250 4043 2462 4113 quidem
2490 4039 2902 4110 negligentiores
2927 4036 3122 4103 efficit,
3153 4036 3251 4090 ista
3280 4051 3407 4090 vero
3444 4036 3529 4091 di-

1950 4133 2258 4203 ligentiores
2288 4148 2386 4187 nos
2426 4132 2617 4187 reddit.
2662 4129 2794 4185 Nam
2824 4128 2914 4199 qui
2950 4128 3083 4181 nihil
3120 4127 3220 4181 sibi
3247 4142 3367 4182 esse
3406 4128 3531 4183 boni

1950 4225 2301 4287 arbitrantur,
2325 4223 2616 4277 alacriores
2638 4221 2703 4274 ad
2725 4217 3051 4289 acquirenda
3080 4216 3214 4271 bona
3243 4217 3375 4270 fiunt
3404 4235 3417 4269 :
3441 4219 3533 4287 qui

1950 4330 2076 4369 vero
2124 4316 2347 4370 multum
2403 4315 2503 4368 sibi
2535 4313 2827 4383 repositum
2882 4320 3144 4379 qumstum
3190 4311 3530 4377 existimant,

1953 4406 2034 4459 his
2062 4406 2253 4475 opibus
2295 4404 2624 4460 confidentes
2652 4418 2755 4456 non
2788 4415 3035 4472 maguum
3061 4400 3294 4455 studium
3324 4416 3432 4470 pra:
3472 4416 3534 4456 se

1951 4497 2127 4551 ferunt
2154 4498 2217 4551 ad
2251 4499 2397 4568 plura
2424 4498 2521 4551 sibi
2552 4496 2805 4565 deinceps
2831 4493 3208 4563 comparanda.

2023 4590 2075 4643 5.
2106 4589 2223 4644 Noli
2252 4604 2378 4660 ergo
2404 4600 2551 4643 recte
2587 4588 2847 4642 factorum
2889 4585 3196 4640 meminisse
3217 4627 3230 4652 ,
3262 4593 3322 4639 ut
3349 4586 3536 4639 memi-

1952 4684 2091 4737 nerit
2129 4682 2337 4737 illorum
2383 4682 2544 4736 Deus.
2578 4680 2670 4734 Dic
2712 4682 2846 4734 enim
2894 4688 3097 4748 peccata
3124 4677 3444 4746 tuaprimus,
3486 4691 3548 4729 ut

1940 4776 2240 4844 justiï¬ceris
2266 4772 2468 4845 (Hesai.
2497 4775 2584 4827 45.
2611 4772 2725 4842 26),
2750 4781 2803 4827 et
2825 4785 3042 4826 rursus:
3066 4767 3399 4839 Iniquitatum
3424 4778 3538 4821 Î¹Î¹Î¹Î±Ï…

1950 4883 2063 4918 rum
2105 4882 2208 4919 non
2252 4864 2574 4930 recordabor,
2602 4862 2802 4933 inquit:
2843 4870 2894 4914 at
2930 4869 2985 4913 tu
3034 4859 3302 4913 recordare
3329 4857 3434 4927 (Ib.
3482 4875 3532 4912 Ï….

1949 4960 2063 5030 25).
2109 4958 2216 5014 Sed
2268 4973 2426 5027 quam
2460 4955 2671 5011 tandem
2721 4953 2791 5009 ob
2816 4967 3029 5006 causam
3055 4950 3393 5020 publicanum
3427 4959 3535 5006 tam

1952 5056 2058 5109 cito
2088 5051 2359 5108 exaudivit
2383 5051 2521 5104 Deus
2543 5091 2557 5113 ,
2588 5047 2734 5103 Isaac
2765 5054 2942 5101 autem
2970 5043 3157 5114 viginti
3182 5058 3352 5097 annos
3378 5057 3535 5097 orare

1952 5146 2214 5216 permisit,
2244 5144 2399 5214 eique
2426 5158 2520 5211 pro
2544 5156 2707 5196 uxore
2729 5155 2822 5194 sua
2852 5137 3152 5209 supplicare
3171 5176 3185 5201 ,
3216 5150 3275 5189 ac
3305 5144 3415 5189 tum
3443 5136 3533 5190 de-

1953 5255 2096 5292 mum
2118 5238 2240 5307 justi
2268 5236 2513 5305 precibus
2533 5233 2755 5287 annuit?
2781 5232 2915 5287 Sunt
2944 5228 3245 5285 enimvohis
3272 5227 3531 5283 hesternae

1952 5332 2207 5385 doctrinae
2232 5330 2467 5397 reliqttia:
2492 5324 2877 5396 persolvendae.
2912 5323 3081 5391 Quam
3110 5320 3273 5390 igitur
3301 5320 3371 5374 ob
3405 5315 3544 5373 cau-'

1952 5439 2064 5477 sam
2101 5423 2150 5475 id
2177 5421 2408 5476 accidit?
2437 5418 2508 5474 Ut
2554 5434 2618 5474 ex
2650 5419 2714 5472 iis
2741 5431 2857 5487 quae
2888 5412 3170 5483 publicano
3198 5418 3528 5470 evenerunt,

1953 5513 2159 5566 Domini
2206 5509 2585 5581 benignitatem
2630 5520 2926 5577 cognoscas
2954 5522 2967 5558 :
2992 5519 3057 5557 ex
3088 5501 3154 5556 iis
3180 5510 3386 5565 autem,
3418 5513 3536 5567 qua:

1954 5603 2099 5658 Isaac
2150 5611 2478 5667 evenerunt,
2527 5600 2835 5669 patientiam
2884 5596 3021 5650 servi
3074 5604 3399 5662 cognoscas,
3445 5588 3533 5657 qui

1956 5696 2104 5750 tarde
2129 5696 2332 5763 accepit
2356 5736 2371 5757 ,
2399 5701 2452 5748 et
2481 5691 2690 5763 precari
2718 5704 2822 5743 non
2844 5685 3079 5748 destitit;
3109 5693 3163 5736 ut
3194 5680 3316 5735 licet
3344 5693 3535 5751 pecca-

1960 5800 2041 5843 tor
2070 5788 2142 5841 sis
2164 5828 2178 5854 ,
2213 5801 2315 5840 non
2344 5785 2599 5855 desperes
2627 5802 2637 5835 :
2667 5783 2788 5839 licet
2808 5779 2982 5850 justus
3004 5775 3109 5842 sis,
3145 5787 3248 5826 non
3277 5768 3535 5825 elici-aris.
