4020 6370
454 379 564 438 1’67

466 498 581 552 Non
607 506 680 552 est
709 514 834 569 opus
880 498 1156 555 valentibus
1197 500 1390 554 medico
1413 542 1426 563 ,
1459 499 1548 554 sed
1573 498 1704 553 male
1743 497 2036 552 habentibus

460 585 674 657 (Matth.
698 587 752 642 9.
786 587 900 659 12).
941 588 1077 645 Male
1116 588 1347 644 habebat
1388 590 1731 658 publicanus;
1762 599 2041 658 propterea

460 679 568 732 cito
596 694 813 733 manum
840 678 914 734 illi
941 681 1211 750 porrexit:
1243 681 1388 736 lsaac
1408 689 1586 736 autem
1611 681 1880 735 robustior
1905 689 2038 744 erat;

463 779 744 838 propterea
770 770 984 841 reliquit
1009 772 1202 841 ipsum,
1236 780 1293 826 ut
1316 773 1622 842 patientiam
1660 771 1775 841 ejus
1805 779 2041 842 augeret.

463 861 569 917 Sed
600 862 714 918 haec
743 864 956 934 quidem
984 879 1050 920 ex
1066 865 1353 922 abundanti
1377 881 1406 919 a
1434 865 1589 922 nobis
1614 864 1723 920 sint
1749 864 1914 920 dicta.
1937 866 2043 918 Cur

461 965 639 1008 autem
668 971 801 1010 uxor
831 957 1034 1012 sterilis
1059 966 1222 1021 esset,
1245 973 1421 1027 operte
1447 959 1674 1028 pretium
1703 957 1862 1012 fuerit
1890 970 2046 1012 enar-

462 1060 584 1099 rare
613 1064 625 1099 :
659 1055 735 1111 ut,
766 1062 888 1102 cum
915 1049 1175 1118 virginem
1206 1049 1403 1103 videris
1425 1049 1616 1104 iactam
1647 1063 1768 1104 esse
1793 1057 2040 1116 matrem,

462 1135 683 1192 credere
712 1153 816 1192 non
865 1153 1118 1194 recuses:
1151 1147 1228 1205 ut,
1263 1155 1384 1194 eum
1410 1139 1604 1195 dixerit
1647 1140 1740 1197 tibi
1779 1139 1996 1196 Juda-us
2026 1181 2042 1207 ,

463 1225 580 1292 Quo
609 1236 762 1296 pacto
791 1230 997 1298 peperit
1023 1229 1185 1285 Maria
1205 1231 1228 1283 ?
1251 1231 1400 1285 dicas
1431 1230 1527 1294 illi,
1553 1231 1667 1300 Quo
1697 1241 1852 1302 pacto
1881 1247 2043 1302 pepe-

469 1317 540 1371 rit
565 1317 747 1385 Sarra,
773 1330 828 1374 et
857 1319 1117 1386 Rebecca,
1142 1332 1196 1377 et
1217 1321 1454 1378 Rachel?
1477 1321 1608 1377 Cum
1634 1324 1775 1378 enim
1803 1323 2047 1378 mirabile

465 1409 733 1480 quidpiam
773 1425 1128 1482 magnumque
1153 1414 1311 1470 fuerit
1336 1425 1671 1478 eventurum,
1702 1413 1884 1470 multa:
1912 1432 2046 1485 prm-

413 1525 416 1528 ~
465 1511 687 1556 currunt
731 1501 936 1573 ﬁgurae.
956 1505 1020 1558 Et
1040 1506 1486 1576 quemadmodum
1503 1523 1624 1562 cum
1646 1507 1939 1578 Imperator
1960 1508 2044 1562 in-

465 1591 723 1660 greditur,
751 1604 1089 1664 praecurrunt
1114 1588 1308 1654 milites
1331 1641 1344 1662 ,
1387 1615 1453 1654 ne
1484 1599 1660 1654 subito
1683 1599 1751 1654 ab
1777 1600 2047 1671 imparatis

467 1682 762 1753 excipiatur
777 1703 789 1735 :
805 1685 874 1739 ita
887 1701 1005 1740 cum
1021 1687 1289 1743 insolitum
1306 1689 1535 1744 futurum
1551 1699 1693 1745 esset
1709 1692 2042 1758 miraculum,

469 1771 775 1836 prmcedunt
801 1771 1003 1842 ﬁgurae,
1029 1783 1083 1828 ut
1111 1789 1209 1829 nos
1236 1775 1382 1846 prius
1409 1777 1682 1832 exercitati
1712 1793 1776 1832 ac
1802 1777 2046 1848 dispositi

467 1873 572 1914 non
596 1862 776 1917 subito
801 1865 1009 1918 attoniti
1039 1866 1354 1932 haereamus,
1381 1883 1478 1923 nec
1504 1870 1580 1924 rei
1605 1878 1798 1940 praeter
1822 1883 2046 1940 exSpec-

469 1953 722 2009 tationem
759 1956 885 2012 visa:
905 1959 1076 2013 territi
1104 1961 1336 2015 novitate
1371 1961 1830 2031 obstupescamus.
1855 1962 1965 2018 Hoc
1995 1970 2049 2019 et

467 2044 518 2097 in
544 2057 736 2101 morte.
766 2047 1050 2105 Przecessit
1075 2050 1254 2116 Jonas,
1283 2062 1338 2108 et
1367 2063 1600 2108 mentem
1629 2064 1866 2109 nostram
1893 2070 2048 2111 exer-

465 2135 595 2191 cuit.
629 2136 694 2192 Ut
709 2139 850 2194 enim
875 2141 1023 2196 illum
1051 2153 1172 2212 post
1194 2154 1304 2198 tres
1329 2145 1443 2200 dies
1464 2154 1613 2202 cetus
1633 2149 1896 2215 evomuit,
1923 2162 2046 2204 cum

466 2226 519 2279 in
549 2243 613 2281 eo
643 2232 912 2299 proprium
934 2242 986 2287 et
1013 2235 1337 2292 conveniens
1367 2251 1473 2292 non
1501 2239 1788 2308 reperisset
1825 2239 2049 2296 alimen-

467 2326 576 2370 tum
608 2334 620 2370 :
654 2321 922 2388 prolirium
948 2323 1143 2394 quippe
1162 2327 1593 2398 conveniensque
1611 2331 1800 2386 mortis
1819 2332 2045 2388 alimen-

467 2417 578 2462 tum
621 2419 703 2465 est
732 2415 932 2482 peccati
977 2425 1164 2471 natura
1197 2435 1211 2471 :
1254 2419 1375 2475 inde
1405 2429 1526 2476 nata
1565 2431 1680 2491 est,
1711 2423 1834 2480 inde
1862 2440 2048 2480 corro-

468 2495 651 2556 bOrata
682 2514 793 2566 est,
823 2505 945 2561 inde
969 2509 1129 2562 etiam
1172 2509 1349 2566 alitur.
1383 2511 1453 2568 Ut
1495 2513 1654 2583 igitur
1692 2516 1746 2570 in
1788 2517 1939 2572 nobis
1962 2559 1976 2582 ,
2004 2518 2048 2572 si

465 2591 676 2661 quando
701 2593 928 2665 lapidem
956 2596 1326 2669 deglutivimus
1363 2603 1724 2674 imprudentes
1748 2649 1762 2674 ,
1789 2616 1897 2662 tum
1929 2610 2048 2679 qui-

467 2681 588 2736 dem
618 2684 844 2752 primum
873 2686 1018 2742 illum
1043 2689 1122 2745 vis
1151 2695 1412 2748 stomachi
1442 2710 1776 2768 concoquere
1801 2700 2048 2770 aggredi-

467 2782 554 2827 tur
584 2791 597 2828 :
628 2789 746 2830 eum
777 2791 904 2833 vero
940 2779 1118 2836 cibum
1162 2783 1382 2841 minime
1408 2786 1508 2842 sibi
1533 2789 1805 2858 preprium
1827 2806 2049 2860 compe-

468 2864 618 2932 rerit,
646 2867 731 2923 ubi
763 2869 960 2926 diutius
976 2873 1081 2927 vim
1104 2889 1252 2929 suam
1271 2879 1635 2948 concoquendi
1667 2881 1740 2936 illi
1769 2883 2048 2953 applicuit,

467 2969 574 3010 non
600 2957 746 3013 illum
765 2961 1083 3034 corrumpit,
1107 2965 1201 3020 sed
1232 2967 1477 3024 virtutem
1505 2983 1653 3025 suam
1687 2975 1889 3042 perdit:
1911 2975 2052 3032 unde

467 3062 567 3104 nec
607 3051 836 3120 priorem
867 3054 1042 3110 cibum
1066 3067 1238 3126 potest
1255 3061 1550 3130 continere,
1575 3064 1668 3118 sed
1698 3064 1906 3122 defessa
1930 3083 2050 3123 cum

469 3140 586 3211 ipso
629 3144 776 3200 illum
803 3161 1014 3219 quoque
1041 3165 1145 3205 non
1173 3153 1286 3206 sine
1315 3156 1459 3224 gravi
1491 3155 1676 3212 dolore
1716 3161 1914 3214 evomit
1941 3179 1954 3215 :
1979 3162 2049 3216 ita

467 3253 678 3309 quoque
707 3239 758 3294 in
784 3252 954 3298 morte
975 3245 1181 3300 accidit.
1209 3246 1462 3317 Lapidem
1495 3252 1799 3320 angularem
1826 3253 2053 3323 dcgluti-

468 3329 562 3392 vit,
597 3345 766 3401 neque
794 3347 1127 3406 concoquere
1152 3337 1325 3408 ipsum
1346 3343 1533 3410 potuit;
1557 3344 1730 3399 omnis
1754 3351 1874 3414 ejus
1887 3347 2052 3401 virtus

465 3421 700 3492 elanguit
727 3443 740 3478 :
771 3436 1050 3496 propterea
1082 3445 1201 3485 cum
1231 3432 1346 3501 ipso
1385 3433 1646 3505 reliquum
1693 3452 1850 3506 quem
1879 3437 2050 3494 habe-

471 3511 558 3566 bat
582 3514 757 3570 cibum
780 3517 936 3587 cjecit
959 3559 974 3585 ,
1008 3519 1134 3575 dum
1158 3524 1430 3578 hominum
1461 3533 1702 3580 naturam
1729 3529 1887 3583 simul
1919 3545 2049 3583 evo-

467 3605 619 3659 muit.
661 3606 842 3678 Neque
887 3612 1028 3665 enim
1075 3612 1328 3684 deinceps
1375 3617 1516 3671 illam
1571 3620 1622 3673 in
1652 3619 1811 3674 ﬁnem
1853 3624 2050 3691 poterit

467 3698 760 3754 continere.
785 3701 1069 3772 Propterea
1092 3707 1300 3761 steriles
1315 3725 1526 3778 quoque
1556 3723 1962 3781 prmccsserunt,
1994 3723 2049 3770 ut

469 3788 628 3842 etiam
657 3800 837 3859 partus
864 3795 994 3850 ﬁdes
1021 3796 1189 3863 ﬁeret;
1210 3799 1289 3852 vel
1319 3800 1492 3869 potius
1521 3817 1626 3856 non
1655 3803 1813 3858 modo
1837 3814 1891 3858 ut
1919 3805 2050 3860 fides

472 3889 654 3947 partus
679 3881 866 3949 ﬁeret;
890 3887 981 3941 sed
1003 3888 1046 3942 si
1076 3898 1260 3944 exacte
1285 3892 1589 3946 examinare
1609 3894 1853 3959 velimus,
1885 3896 2050 3965 ipsius

468 3972 626 4027 etiam
672 3977 856 4032 mortis
886 3977 1103 4049 ﬁguram
1143 3984 1474 4039 sterilitatem
1507 3984 1667 4041 fuisse
1699 3989 2049 4058 reperiemus.

538 4064 592 4118 4.
634 4064 743 4121 Sed
790 4071 1047 4126 attendite
1086 4088 1099 4124 :
1140 4074 1332 4129 subtile
1363 4091 1592 4146 namque
1621 4086 1703 4132 est
1727 4080 1869 4149 quod
1896 4081 2047 4135 dice-

469 4169 587 4212 mus
617 4174 630 4211 :
657 4160 855 4230 quippe
881 4163 1069 4219 dicturi
1103 4177 1287 4222 sumus
1328 4183 1434 4238 quo
1461 4182 1615 4238 pacto
1649 4171 1717 4226 ad
1768 4171 1926 4228 ﬁdem
1962 4190 2050 4229 re-

469 4251 816 4306 surrectionis
857 4269 955 4309 nos
1002 4257 1134 4311 uteri
1179 4256 1353 4312 Sarrae
1395 4261 1647 4315 sterilitas
1689 4264 1838 4332 quasi
1887 4281 2047 4321 manu

468 4339 648 4397 ducat.
675 4343 913 4410 Quonam
943 4347 1100 4416 igitur
1126 4359 1279 4419 pacto
1300 4365 1458 4405 manu
1481 4353 1664 4407 ducit?
1693 4355 2049 4423 Quemadmo-

467 4431 592 4518 dum
617 4433 705 4488 illa
731 4450 850 4490 cum
877 4448 1019 4493 esset
1046 4449 1253 4494 mortua
1271 4442 1530 4498 beneﬁcio
1553 4443 1644 4500 Dei
1670 4447 1917 4502 suscitata
1941 4458 2043 4517 est,

467 4532 522 4578 et
557 4523 721 4580 lsaaci
767 4542 962 4599 corpus
1005 4531 1184 4585 vivum
1215 4534 1533 4603 germinavit
1571 4555 1584 4591 :
1625 4539 1702 4592 sic
1741 4553 1860 4593 cum
1905 4550 2048 4596 esset

469 4626 711 4673 mortuus
754 4619 1018 4687 Christus,
1050 4627 1260 4694 propria
1298 4627 1490 4684 virtute
1522 4633 1832 4687 resurrexit.
1862 4632 2048 4703 Neque

471 4708 754 4764 violentam
781 4725 900 4766 esse
930 4723 1164 4769 nostram
1223 4719 1630 4788 expositionem,
1674 4725 1793 4778 audi
1825 4741 1925 4795 qua
1956 4742 2045 4781 ra-

473 4798 618 4854 tione
646 4800 841 4856 Paulus
866 4811 1107 4859 testetur.
1137 4803 1269 4861 Cum
1299 4809 1440 4864 enim
1467 4811 1535 4866 de
1556 4813 1859 4869 Abrahamo
1886 4816 2048 4871 dixis-

470 4901 595 4945 set:
632 4891 752 4948 Non
789 4897 1120 4952 consideravit
1165 4909 1443 4954 emortuam
1485 4905 1682 4961 vulvam
1725 4907 1919 4976 Same,
1960 4912 2048 4966 sed

471 4987 786 5055 confortatus
807 5002 876 5042 est
898 4989 1000 5057 ﬁde
1015 4991 1142 5044 dans
1163 4990 1378 5061 gloriam
1400 4993 1525 5059 Deo,
1557 4997 1845 5066 plenissime
1862 5002 2046 5070 sciens,

470 5076 591 5143 quia
611 5093 938 5150 quaecumque
958 5083 1204 5150 promisit,
1234 5093 1408 5153 potens
1438 5096 1510 5139 est
1538 5097 1584 5140 et
1605 5089 1769 5159 facere
1793 5089 1966 5162 (Rom.
1991 5095 2042 5148 4.

474 5167 667 5239 19-21)
699 5187 710 5222 :
743 5169 843 5226 hoc
879 5180 981 5238 est,
1010 5171 1226 5228 efﬁcere
1269 5183 1328 5228 ut
1381 5191 1445 5229 ex
1489 5179 1799 5248 corporibus
1825 5186 2049 5238 mortuis

475 5257 617 5314 ﬁlius
645 5261 798 5313 vivus
821 5272 1138 5319 enascatur:
1161 5263 1356 5319 deinde
1383 5266 1448 5320 ab
1472 5266 1557 5321 illa
1586 5267 1708 5333 ﬁde,
1737 5279 1797 5323 ut
1815 5270 1880 5324 ad
1911 5271 2048 5327 hanc

475 5366 571 5407 nos
600 5351 906 5419 deduceret,
931 5355 1122 5424 adjecit
1154 5373 1167 5410 :
1203 5355 1325 5409 Non
1353 5367 1423 5411 est
1448 5359 1690 5427 scriptum
1715 5371 1908 5414 tantum
1930 5381 2048 5433 pro-

479 5455 588 5514 pter
613 5444 800 5516 ipsum,
820 5446 939 5515 quia
963 5459 1247 5517 reputatum
1285 5459 1359 5501 est
1398 5449 1475 5502 illi
1499 5465 1517 5502 :
1545 5451 1634 5504 sed
1661 5461 1708 5504 et
1729 5463 1935 5521 propter
1957 5471 2049 5509 nos

481 5537 652 5598 (Rom.
706 5537 762 5591 4.
790 5536 879 5592 23.
911 5537 1026 5608 24).
1069 5539 1148 5594 Ad
1187 5540 1348 5610 quid?
1381 5540 1572 5606 Quibus
1605 5544 1933 5614 reputabitur,
1965 5547 2048 5600 in-

480 5629 608 5694 quit,
641 5629 953 5683 credentibus
979 5629 1031 5682 in
1061 5647 1194 5697 eum,
1236 5633 1320 5701 qui
1356 5633 1613 5686 suscitavit
1650 5633 1825 5688 Jesum
1868 5636 2046 5691 Domi-

480 5735 600 5770 num
642 5731 866 5774 nostrum
895 5738 926 5773 a
952 5721 1181 5774 mortuis.
1226 5723 1377 5790 Quod
1413 5737 1588 5779 autem
1619 5724 1769 5789 dicit,
1797 5736 1878 5781 est
1903 5727 2046 5798 ejus-

483 5808 653 5865 modi.
684 5809 918 5868 lsaacum
947 5828 1012 5868 ex
1040 5814 1262 5870 mortuis
1309 5815 1622 5884 corporibus
1647 5818 1898 5875 excitavit
1931 5837 1942 5873 :
1973 5822 2050 5876 sic

1203 379 1260 436 S.
1298 379 1576 437 JOANNIS
1613 373 2086 435 CllRYSOSTOiil
2128 373 2446 430 ARCIIIEP.
2479 378 3012 438 CONSTANTINOP.

3617 384 3720 441 568

2156 495 2316 548 etiam
2349 494 2538 549 Filium
2567 511 2720 551 suum
2742 497 2832 567 qui
2858 506 3097 550 mortuus
3120 506 3235 551 erat
3253 498 3551 552 suscitavit.
3575 497 3731 554 Visne

2149 584 2367 640 alterius
2394 585 2552 640 etiam
2586 587 2661 640 rei
2707 587 3006 657 symbolum
3054 586 3217 642 fuisse
3263 588 3596 643 sterilitatem
3641 605 3734 642 eo-

2154 677 2452 745 gnosccre?
2480 677 2870 732 Mnltitudinem
2900 678 3132 732 ﬁdelium
3165 679 3399 748 paritura
3419 689 3531 732 erat
3559 679 3738 733 Eccle-

2150 767 2225 820 sia
2265 784 2278 820 :
2311 778 2368 820 ut
2412 767 2569 837 igitur
2607 770 2830 823 credere
2870 768 3090 822 minime
3140 783 3414 823 recusares
3443 784 3550 839 quo
3579 781 3736 838 pacto

2152 857 2453 922 infecunda,
2499 857 2830 928 infrugifera,
2878 859 3073 915 sterilis
3119 861 3431 930 peperisset,
3462 862 3738 930 prmcessit

2149 964 2234 1016 ea,
2278 965 2397 1020 qu:e
2437 960 2622 1006 natura
2665 952 2865 1006 sterilis
2909 961 3024 1007 erat
3055 969 3067 1004 :
3099 967 3218 1021 quae
3268 951 3438 1014 sterili
3475 951 3734 1007 voluntati

2152 1043 2289 1096 viam
2311 1044 2679 1112 praemuniret,
2708 1053 2761 1098 et
2784 1043 2942 1100 Sarra
2986 1044 3127 1098 facta
3153 1054 3237 1100 est
3263 1043 3512 1098 Ecelesim
3543 1042 3728 1113 ﬁgura.

2152 1132 2282 1187 Nam
2309 1144 2366 1189 ut
2387 1134 2477 1189 illa
2507 1151 2630 1190 cum
2661 1136 2866 1190 sterilis
2893 1143 3056 1204 esset,
3080 1136 3285 1206 peperit
3315 1136 3365 1189 in
3389 1145 3602 1190 senecta
3625 1152 3637 1186 :
3657 1149 3737 1189 su:

2151 1234 2206 1281 ct
2231 1227 2328 1281 ista
2362 1243 2482 1281 cum
2511 1228 2713 1282 sterilis
2738 1236 2902 1294 esset,
2949 1228 3253 1282 novissimis
3290 1227 3615 1296 temporibus
3641 1241 3738 1296 pe-

2151 1318 2307 1388 perit.
2338 1319 2512 1389 Atque
2537 1319 2636 1374 hoc
2661 1335 2845 1374 verum
2872 1333 3014 1385 esse,
3041 1333 3150 1388 quo
3176 1325 3328 1388 pacto
3355 1317 3549 1372 Paulus
3565 1327 3736 1372 teste-

2151 1421 2238 1466 tur
2265 1410 2387 1465 audi
2417 1427 2431 1464 :
2469 1410 2579 1465 Nos
2622 1421 2791 1465 autem
2816 1427 2995 1464 sumus
3023 1411 3191 1465 liberte
3217 1410 3312 1480 ﬁlii
3352 1405 3493 1478 (Gal.
3524 1408 3576 1462 4.
3611 1400 3722 1477 5⁷1).

2150 1501 2283 1557 Cum
2315 1503 2458 1559 enim
2493 1502 2658 1574 ﬁgura
2690 1505 2760 1557 sit
2787 1502 3042 1557 Ecclesia:
3071 1501 3252 1566 Sarra,
3283 1516 3402 1571 qua:
3439 1500 3602 1554 libera
3628 1509 3734 1562 est,

2151 1596 2350 1652 idcirco
2390 1595 2609 1661 addidit,
2661 1586 2977 1651 nos‘liberte
3028 1595 3166 1649 ﬁlios
3209 1609 3348 1649 esse.
3393 1585 3462 1648 Et
3504 1607 3692 1646 rursus
3719 1609 3750 1653 :_

2151 1685 2353 1758 Itaque,
2378 1689 2580 1758 fratres,
2603 1686 2879 1741 secundum
2900 1684 3052 1740 Isaac
3079 1684 3424 1766 promissionis
3444 1679 3540 1753 ﬁlii
3561 1699 3739 1736 sumus

2155 1777 2296 1850 (Gal.
2328 1781 2382 1834 4.
2423 1779 2536 1849 28).
2578 1779 2715 1848 Quid
2753 1788 2836 1834 est
2877 1779 2999 1842 hoc,
3046 1777 3408 1832 Promissionis
3466 1777 3491 1830 ?
3537 1775 3739 1842 Quem-

2150 1870 2443 1924 admodum
2489 1869 2636 1924 illum
2682 1879 2870 1924 natura
2925 1884 3028 1923 non
3079 1870 3305 1938 peperit,
3336 1869 3413 1922 sic
3442 1882 3612 1937 neque
3640 1883 3741 1918 nos

2153 1971 2338 2016 natura
2365 1963 2592 2031 peperit,
2624 1961 2714 2016 scd
2735 1961 2897 2032 gratia
2926 1961 3040 2014 Dei.
3073 1960 3138 2014 Et
3164 1974 3354 2014 rursus
3380 1978 3393 2013 :
3420 1957 3548 2022 sz
3567 1969 3740 2010 autem

2152 2068 2354 2105 sursum
2384 2061 2456 2106 est
2485 2050 2774 2105 Jerusalem
2825 2051 2979 2104 libera
3014 2061 3106 2116 est,
3139 2065 3252 2120 qua:
3279 2059 3350 2104 est
3383 2059 3540 2102 mater
3565 2059 3743 2101 nostra

2151 2141 2296 2212 (Gal.
2328 2145 2382 2198 4.
2447 2141 2584 2213 26),
2642 2141 2755 2197 inec
2799 2151 2881 2197 est
2921 2151 3097 2198 autem
3145 2140 3407 2196 Ecclesia.
3451 2141 3744 2194 Accmislis

2152 2251 2288 2288 enim
2313 2235 2381 2288 ad
2407 2236 2535 2290 Sion
2557 2245 2796 2301 montem,
2826 2236 3017 2305 inquit,
3046 2246 3092 2289 et
3116 2235 3368 2288 ciuitatem
3393 2233 3489 2287 Dei
3507 2235 3740 2294 viventis,

2153 2325 2441 2379 Jerusalem
2471 2327 2735 2394 caelestem,
2761 2334 2810 2380 et
2842 2324 3122 2380 Ecclesiam
3156 2326 3522 2395 primitivorum
3548 2323 3739 2394 (Hebr.

2156 2418 2243 2473 l2.
2276 2418 2392 2487 22).
2425 2419 2479 2473 Si
2507 2434 2635 2488 ergo
2661 2433 2891 2488 superna
2916 2417 3210 2473 Jerusalem
3231 2428 3314 2472 est
3331 2417 3597 2483 Ecclesia,
3624 2432 3740 2485 pur-

2156 2525 2216 2564 ro
2247 2509 2545 2564 Jerusalem
2573 2525 2820 2579 superna:
2867 2509 3032 2580 ﬁgura
3075 2518 3159 2563 est
3187 2509 3368 2574 Sarra,
3397 2521 3554 2579 prout
3582 2507 3740 2568 dixit.

2158 2599 2286 2654 Duae
2307 2611 2446 2663 sunt,
2476 2618 2580 2654 una
2608 2601 2811 2671 quidem
2843 2601 2895 2654 in
2942 2602 3229 2654 servitutem
3250 2615 3510 2670 generous,
3530 2615 3642 2670 quae
3669 2609 3743 2650 est

2154 2693 2294 2764 Agar
2313 2711 2332 2746 :
2355 2709 2468 2764 quae
2497 2704 2666 2747 autem
2693 2710 2893 2748 sursum
2915 2704 2987 2747 est
3014 2694 3306 2748 Jerusalem
3333 2693 3491 2746 libera
3511 2698 3599 2758 est,
3627 2706 3745 2758 qua!

2155 2793 2227 2838 est
2254 2795 2414 2839 mater
2438 2796 2612 2839 nostra
2640 2785 2783 2847 (Gal.
2818 2787 2872 2842 4.
2903 2786 3092 2855 24-26)
3121 2805 3134 2840 :
3188 2767 3524 2840 manifestum
3554 2794 3631 2838 est
3652 2784 3746 2836 Je-

2155 2875 2408 2941 rusalem,
2441 2892 2561 2947 qu:e
2590 2892 2801 2932 sursum
2845 2887 2946 2941 est,
2977 2879 3200 2948 figuram
3235 2892 3356 2934 esse
3387 2876 3597 2932 Sarram
3639 2875 3743 2929 lia-

2156 2969 2265 3024 bita
2296 2970 2501 3026 ratione
2528 2979 2712 3040 partus
2740 2985 2804 3026 ac
2823 2970 3140 3026 sterilitatis.

2236 3062 2290 3117 5.
2333 3061 2457 3116 Scio
2484 3060 2761 3116 subtiliora
2790 3075 2910 3116 esse
2936 3075 3054 3129 qu:e
3075 3059 3307 3114 diximus
3331 3077 3343 3113 :
3367 3058 3460 3113 sed
3491 3058 3535 3112 si
3562 3067 3734 3111 atten-

2156 3151 2367 3220 damus,
2395 3152 2526 3206 nihil
2561 3167 2745 3207 eorum
2785 3166 2882 3207 nos
2911 3151 3144 3222 effugiet,
3195 3168 3313 3220 qu:e
3350 3151 3619 3206 dietmtur.
3658 3150 3723 3204 Ili

2155 3259 2282 3313 ergo
2310 3243 2574 3314 pleniores
2595 3244 2969 3317 mysteriorum
2999 3252 3122 3300 sunt
3166 3243 3577 3314 dogmatumqne
3604 3251 3725 3297 ser-

2157 3353 2345 3392 mones
2367 3354 2380 3389 :
2406 3338 2498 3392 sed
2529 3338 2573 3391 si
2597 3337 2743 3392 lubet
2768 3335 3306 3393 accommodatiorem
3329 3337 3394 3391 ad
3423 3351 3597 3392 mores
3616 3351 3745 3391 cum

2157 3429 2262 3483 illis
2285 3428 2636 3498 proferemus.
2665 3428 2878 3483 Sterilis
2905 3437 3020 3484 erat
3041 3444 3194 3495 uxor,
3229 3439 3282 3482 ut
3310 3430 3601 3483 castitatem
3627 3444 3744 3481 ma-

2157 3521 2243 3574 riti
2271 3535 2598 3591 cognoscas:
2626 3521 2765 3590 quod
2790 3536 2887 3576 nec
2913 3521 3054 3575 illam
3084 3521 3367 3590 expulerit,
3399 3517 3603 3575 tametsi
3628 3530 3741 3574 tum

2155 3617 2208 3671 id
2238 3616 2320 3670 lex
2353 3617 2494 3670 nulla
2527 3615 2858 3687 prohiberet,
2892 3617 3065 3684 neque
3092 3615 3311 3670 alteram
3343 3615 3553 3668 ductam
3597 3629 3742 3684 prm-

2157 3715 2238 3761 tcr
2281 3705 2500 3760 liberam
2545 3705 2836 3760 introduxit
2873 3705 3059 3775 :quod
3124 3714 3302 3759 tamen
3348 3703 3549 3759 faciunt
3587 3705 3742 3758 multi

2155 3796 2564 3866 qu:erendorum
2604 3795 2783 3866 specie
2828 3795 3142 3860 liberorum,
3189 3804 3246 3848 ιιι
3284 3795 3545 3848 luxuriam
3585 3810 3746 3849 suam

2161 3890 2430 3960 expleant,
2465 3897 2519 3943 et
2548 3888 2644 3942 has
2671 3888 2907 3958 ejiciunt,
2943 3887 3060 3942 illas
3089 3887 3430 3942 introducunt
3454 3906 3467 3942 :
3495 3886 3582 3940 alii
3606 3903 3742 3956 quo-

2153 3996 2256 4051 que
2286 3981 2500 4050 pelliees
2526 3981 2579 4034 in
2600 3995 2698 4035 eas
2728 3986 2962 4046 armant,
2981 3989 3035 4034 et
3065 3979 3286 4034 inﬁnitis
3306 3980 3494 4050 pugnis
3518 3994 3580 4033 ac
3607 3981 3744 4034 rixis

2154 4073 2342 4128 domos
2372 4072 2661 4142 complent.
2687 4075 2755 4126 At
2781 4087 2884 4126 non
2918 4073 2986 4126 ita
3023 4071 3197 4141 justus
3223 4073 3310 4127 ille
3345 4090 3359 4126 :
3387 4072 3480 4126 sed
3509 4073 3726 4142 quietus

2155 4173 2272 4219 erat
2294 4163 2417 4218 data
2447 4162 2548 4216 sibi
2579 4177 2608 4216 a
2641 4162 2750 4216 Deo
2774 4177 2938 4216 uxore
2964 4172 3268 4229 contentus,
3305 4178 3369 4217 ac
3399 4173 3601 4217 natura;
3631 4164 3742 4217 Do-

2153 4255 2355 4309 minum
2379 4253 2714 4323 precabatur,
2740 4261 2796 4306 ut
2825 4261 3027 4308 natura:
3049 4253 3258 4308 vincula
3287 4253 3538 4319 solveret,
3564 4270 3744 4323 neque

2154 4345 2307 4400 uxori
2329 4343 2688 4414 exprobravit.
2716 4342 2870 4399 Unde
2894 4358 3022 4399 vero
3047 4353 3256 4398 constat
3277 4359 3397 4398 eum
3418 4360 3521 4398 non
3539 4360 3742 4414 expro-

2155 4437 2381 4492 brasse?
2421 4435 2499 4491 Ex
2525 4436 2638 4506 ipsa
2665 4435 2962 4506 Scriptura.
2987 4436 3042 4492 Si
3063 4437 3458 4506 exprobrasset.
3483 4437 3584 4492 hoc
3603 4453 3741 4507 quo-

2153 4543 2258 4598 que
2293 4528 2564 4599 Scriptura
2585 4527 2828 4593 dixisset,
2854 4544 3029 4599 neque
3067 4529 3317 4585 tacuisset
3343 4547 3355 4583 :
3386 4530 3655 4600 siquidem
3687 4541 3741 4585 et

2153 4622 2408 4694 praeclara
2438 4622 2694 4690 facinora,
2723 4630 2778 4677 et
2807 4623 2932 4676 vitia
2952 4623 3223 4693 justorum
3249 4635 3657 4688 commemorat,
3684 4633 3742 4677 ut

2155 4716 2269 4772 hare
2299 4715 2582 4785 fugiamus,
2608 4716 2694 4770 illa
2727 4716 3062 4771 aemulemur.
3083 4715 3216 4771 Cum
3235 4716 3392 4786 igitur
3410 4716 3548 4784 apud
3570 4716 3741 4771 ﬁlium

2153 4808 2269 4878 ejus
2297 4824 2458 4862 nurus
2489 4808 2657 4878 ipsius
2685 4808 2886 4863 Rachel
2916 4807 3317 4873 lamentaretur,
3359 4818 3412 4862 et
3437 4807 3524 4861 ille
3550 4807 3741 4878 objur-

2151 4909 2321 4970 garet,
2342 4900 2614 4969 expressit
2629 4909 2934 4969 utrumque,
2963 4914 3060 4954 nec
3080 4899 3272 4953 celavit
3287 4897 3580 4968 Scriptura.
3601 4899 3740 4952 Cum

2153 4993 2294 5048 enim
2321 4992 2544 5047 dixisset
2572 5009 2585 5045 :
2609 4991 2690 5046 Da
2717 4992 2843 5045 mihi
2864 4992 3046 5046 liberos
3066 5008 3084 5046 :
3101 4993 3146 5046 si
3169 5001 3334 5044 autem
3356 5007 3477 5057 non,
3506 4992 3701 5043 moriar
3725 5009 3744 5044 :

2153 5087 2278 5157 quid
2301 5087 2390 5144 ille
2415 5088 2523 5141 ait?
2547 5085 2810 5156 Numquid
2837 5085 2978 5140 Deus
3007 5102 3117 5156 ego,
3145 5086 3232 5153 qui
3259 5085 3469 5154 privavit
3495 5094 3543 5136 te
3567 5088 3743 5153 fructu

2152 5179 2375 5232 ventris?
2423 5177 2501 5230 Da
2543 5178 2666 5231 mihi
2712 5176 2892 5231 liberos
2947 5174 3096 5247 (Gen.
3126 5176 3217 5230 30.
3252 5175 3304 5229 l.
3343 5173 3424 5245 2).
3450 5174 3732 5228 Muliebris

2154 5270 2455 5339 postulatio,
2482 5277 2536 5324 et
2564 5285 2593 5322 a
2623 5269 2830 5324 ratione
2859 5269 3052 5323 aliena.
3093 5266 3282 5321 Marito
3308 5265 3464 5332 dicis,
3503 5265 3583 5318 Da
3610 5268 3738 5319 milii

2154 5362 2354 5426 liberos,
2378 5369 2431 5414 ct
2461 5370 2662 5414 natura:
2691 5359 2973 5413 Dominum
3020 5357 3421 5426 praetermittis?
3451 5357 3657 5410 Itlcit‘Cn
3689 5368 3742 5411 et

2154 5454 2244 5509 ille
2265 5469 2387 5507 cum
2411 5453 2551 5506 illam
2575 5452 2901 5522 increpando
2922 5450 3305 5520 reSpondisset,
3321 5447 3606 5504 absurdam
3623 5451 3742 5517 ejus

2155 5546 2462 5616 petitionem
2486 5545 2763 5614 repressit,
2786 5553 2841 5599 et
2859 5559 2887 5597 a
2909 5559 3012 5613 quo
3031 5543 3315 5613 petendum
3331 5550 3475 5597 esset
3494 5541 3736 5595 edocuit.

2154 5640 2226 5693 At
2258 5652 2364 5692 non
2407 5637 2477 5691 ita
2507 5635 2631 5699 iste,
2661 5650 2832 5705 neque
2863 5635 2965 5688 tale
3000 5633 3288 5704 quidquam
3325 5633 3438 5702 ipse
3463 5631 3619 5698 dixit,
3652 5648 3739 5687 ne

2154 5745 2257 5801 que
2282 5728 2422 5798 apud
2446 5730 2604 5783 istum
2631 5727 2716 5782 illa
2744 5733 3032 5796 conquesta
3053 5735 3136 5780 est
3162 5734 3253 5779 aut
3276 5723 3586 5779 lamentata.

2235 5821 2371 5890 Quid
2402 5821 2639 5890 prwdicla
2657 5836 2746 5874 nos
2769 5820 2997 5875 doceant.
3021 5819 3065 5872 Α
3090 5818 3340 5888 ueneﬁciis
3352 5828 3509 5883 atque
3525 5814 3735 5883 pra’sti-
