  <div class='ocr_page' id='page_1' title='image "/cluster/home/n/w/nwhite01/storage/ocr_20150623/51/nnc1.0046978275/366.png"; bbox 0 0 4020 6370; ppageno 0'>
   <div class='ocr_carea' id='block_1_1' title="bbox 351 350 460 411">
    <p class='ocr_par' dir='ltr' id='par_1_1' title="bbox 351 350 460 411">
     <span class='ocr_line' id='line_1_1' title="bbox 351 350 460 411; baseline -0.037 0"><span class='ocrx_word' id='word_1_1' title='bbox 351 350 460 411; x_wconf 66' lang='grc' dir='ltr'>τε]</span> 
     </span>
    </p>
   </div>
   <div class='ocr_carea' id='block_1_2' title="bbox 346 458 1924 539">
    <p class='ocr_par' dir='ltr' id='par_1_2' title="bbox 346 458 1924 539">
     <span class='ocr_line' id='line_1_2' title="bbox 346 458 1924 539; baseline -0.006 -17"><span class='ocrx_word' id='word_1_2' title='bbox 346 466 421 539; x_wconf 84' lang='grc' dir='ltr'>μὴ</span> <span class='ocrx_word' id='word_1_3' title='bbox 446 465 720 536; x_wconf 84' lang='grc' dir='ltr'>ἀπογνῷς,</span> <span class='ocrx_word' id='word_1_4' title='bbox 748 464 849 518; x_wconf 82' lang='grc' dir='ltr'>κᾶν</span> <span class='ocrx_word' id='word_1_5' title='bbox 882 463 1091 525; x_wconf 88' lang='grc' dir='ltr'>δίκαιος</span> <span class='ocrx_word' id='word_1_6' title='bbox 1128 458 1215 534; x_wconf 80' lang='grc' dir='ltr'>ᾗς,</span> <span class='ocrx_word' id='word_1_7' title='bbox 1251 461 1325 532; x_wconf 88' lang='grc' dir='ltr'>μὴ</span> <span class='ocrx_word' id='word_1_8' title='bbox 1350 460 1616 531; x_wconf 80' lang='grc' dir='ltr'>ἐπαρθῇς.</span> <span class='ocrx_word' id='word_1_9' title='bbox 1654 460 1805 532; x_wconf 75' lang='grc'>[557]</span> <span class='ocrx_word' id='word_1_10' title='bbox 1842 463 1924 514; x_wconf 86' lang='grc' dir='ltr'>Οὺ</span> 
     </span>
    </p>
   </div>
   <div class='ocr_carea' id='block_1_3' title="bbox 342 542 1925 620">
    <p class='ocr_par' dir='ltr' id='par_1_3' title="bbox 342 542 1925 620">
     <span class='ocr_line' id='line_1_3' title="bbox 342 542 1925 620; baseline -0.006 -15"><span class='ocrx_word' id='word_1_11' title='bbox 342 552 555 620; x_wconf 78' lang='grc' dir='ltr'>χρείαν</span> <span class='ocrx_word' id='word_1_12' title='bbox 582 549 837 617; x_wconf 77' lang='grc' dir='ltr'>ἔχουσιν</span> <span class='ocrx_word' id='word_1_13' title='bbox 865 549 917 599; x_wconf 79' lang='grc' dir='ltr'>οἱ</span> <span class='ocrx_word' id='word_1_14' title='bbox 952 546 1269 614; x_wconf 81' lang='grc' dir='ltr'>ἰσχύοντες</span> <span class='ocrx_word' id='word_1_15' title='bbox 1303 543 1524 610; x_wconf 75' lang='grc' dir='ltr'>ἰατροῦ,</span> <span class='ocrx_word' id='word_1_16' title='bbox 1559 542 1697 597; x_wconf 79' lang='grc' dir='ltr'>ἀλλ’</span> <span class='ocrx_word' id='word_1_17' title='bbox 1733 545 1787 596; x_wconf 79' lang='grc' dir='ltr'>οἱ</span> <span class='ocrx_word' id='word_1_18' title='bbox 1818 560 1925 596; x_wconf 80' lang='grc' dir='ltr'>κα-</span> 
     </span>
    </p>
   </div>
   <div class='ocr_carea' id='block_1_4' title="bbox 342 625 1927 702">
    <p class='ocr_par' dir='ltr' id='par_1_4' title="bbox 342 625 1927 702">
     <span class='ocr_line' id='line_1_4' title="bbox 342 625 1927 702; baseline -0.006 -14"><span class='ocrx_word' id='word_1_19' title='bbox 342 634 461 701; x_wconf 77' lang='grc' dir='ltr'>κῶς</span> <span class='ocrx_word' id='word_1_20' title='bbox 505 636 773 702; x_wconf 75' lang='grc' dir='ltr'>ἔχοντες.</span> <span class='ocrx_word' id='word_1_21' title='bbox 830 629 1032 693; x_wconf 86' lang='grc' dir='ltr'>Κακῶς</span> <span class='ocrx_word' id='word_1_22' title='bbox 1081 625 1225 700; x_wconf 82' lang='grc' dir='ltr'>εἶχεν</span> <span class='ocrx_word' id='word_1_23' title='bbox 1269 629 1298 679; x_wconf 99' lang='lat'>6</span> <span class='ocrx_word' id='word_1_24' title='bbox 1342 626 1616 698; x_wconf 80' lang='grc' dir='ltr'>τελώνης·</span> <span class='ocrx_word' id='word_1_25' title='bbox 1646 625 1735 680; x_wconf 85' lang='grc' dir='ltr'>διὰ</span> <span class='ocrx_word' id='word_1_26' title='bbox 1769 626 1927 678; x_wconf 86' lang='grc' dir='ltr'>τοῦτο</span> 
     </span>
    </p>
   </div>
   <div class='ocr_carea' id='block_1_5' title="bbox 341 710 1927 789">
    <p class='ocr_par' dir='ltr' id='par_1_5' title="bbox 341 710 1927 789">
     <span class='ocr_line' id='line_1_5' title="bbox 341 710 1927 789; baseline -0.006 -18"><span class='ocrx_word' id='word_1_27' title='bbox 341 719 553 789; x_wconf 87' lang='grc' dir='ltr'>ταχέως</span> <span class='ocrx_word' id='word_1_28' title='bbox 588 714 737 786; x_wconf 80' lang='grc' dir='ltr'>αὐτῷ</span> <span class='ocrx_word' id='word_1_29' title='bbox 769 714 941 786; x_wconf 85' lang='grc' dir='ltr'>ώρεξε</span> <span class='ocrx_word' id='word_1_30' title='bbox 967 714 1157 783; x_wconf 89' lang='grc' dir='ltr'>χεῖρα·</span> <span class='ocrx_word' id='word_1_31' title='bbox 1196 714 1225 765; x_wconf 86' lang='grc' dir='ltr'>ὁ</span> <span class='ocrx_word' id='word_1_32' title='bbox 1257 712 1317 766; x_wconf 84' lang='grc' dir='ltr'>δὲ</span> <span class='ocrx_word' id='word_1_33' title='bbox 1359 711 1544 765; x_wconf 74' lang='grc' dir='ltr'>Ἰσαὰκ</span> <span class='ocrx_word' id='word_1_34' title='bbox 1580 710 1927 781; x_wconf 80' lang='grc' dir='ltr'>ἰσχυρότερος</span> 
     </span>
    </p>
   </div>
   <div class='ocr_carea' id='block_1_6' title="bbox 341 793 1929 874">
    <p class='ocr_par' dir='ltr' id='par_1_6' title="bbox 341 793 1929 874">
     <span class='ocr_line' id='line_1_6' title="bbox 341 793 1929 874; baseline -0.006 -19"><span class='ocrx_word' id='word_1_35' title='bbox 341 799 429 874; x_wconf 79' lang='grc' dir='ltr'>ἦν,</span> <span class='ocrx_word' id='word_1_36' title='bbox 457 801 551 853; x_wconf 73' lang='grc' dir='ltr'>καὶ</span> <span class='ocrx_word' id='word_1_37' title='bbox 576 800 668 854; x_wconf 87' lang='grc' dir='ltr'>διὰ</span> <span class='ocrx_word' id='word_1_38' title='bbox 692 799 854 853; x_wconf 91' lang='grc' dir='ltr'>τοῦτο</span> <span class='ocrx_word' id='word_1_39' title='bbox 881 796 1047 850; x_wconf 85' lang='grc' dir='ltr'>αὑτὸν</span> <span class='ocrx_word' id='word_1_40' title='bbox 1076 797 1279 860; x_wconf 75' lang='grc' dir='ltr'>εἴασεν,</span> <span class='ocrx_word' id='word_1_41' title='bbox 1310 796 1396 849; x_wconf 80' lang='grc' dir='ltr'>ἵνα</span> <span class='ocrx_word' id='word_1_42' title='bbox 1415 793 1578 847; x_wconf 83' lang='grc' dir='ltr'>αὐτοῦ</span> <span class='ocrx_word' id='word_1_43' title='bbox 1602 794 1699 860; x_wconf 89' lang='grc' dir='ltr'>τὴν</span> <span class='ocrx_word' id='word_1_44' title='bbox 1724 795 1929 865; x_wconf 83' lang='grc' dir='ltr'>ὑπομο-</span> 
     </span>
    </p>
   </div>
   <div class='ocr_carea' id='block_1_7' title="bbox 341 873 1927 955">
    <p class='ocr_par' dir='ltr' id='par_1_7' title="bbox 341 873 1927 955">
     <span class='ocr_line' id='line_1_7' title="bbox 341 873 1927 955; baseline -0.006 -18"><span class='ocrx_word' id='word_1_45' title='bbox 341 873 437 955; x_wconf 75' lang='grc' dir='ltr'>νὴν</span> <span class='ocrx_word' id='word_1_46' title='bbox 478 882 747 954; x_wconf 88' lang='grc' dir='ltr'>ἐπιτείνῃ.</span> <span class='ocrx_word' id='word_1_47' title='bbox 790 880 931 934; x_wconf 86' lang='grc' dir='ltr'>Ἀλλ’</span> <span class='ocrx_word' id='word_1_48' title='bbox 964 873 1117 941; x_wconf 71' lang='grc' dir='ltr'>οὗτος</span> <span class='ocrx_word' id='word_1_49' title='bbox 1153 877 1252 949; x_wconf 82' lang='grc' dir='ltr'>μὲν</span> <span class='ocrx_word' id='word_1_50' title='bbox 1294 880 1359 931; x_wconf 88' lang='grc' dir='ltr'>ἐκ</span> <span class='ocrx_word' id='word_1_51' title='bbox 1399 876 1715 948; x_wconf 79' lang='grc' dir='ltr'>περιουσίας</span> <span class='ocrx_word' id='word_1_52' title='bbox 1742 877 1873 955; x_wconf 68' lang='grc' dir='ltr'>ήμῖν</span> <span class='ocrx_word' id='word_1_53' title='bbox 1898 876 1927 928; x_wconf 89' lang='lat'>6</span> 
     </span>
    </p>
   </div>
   <div class='ocr_carea' id='block_1_8' title="bbox 339 953 1923 1035">
    <p class='ocr_par' dir='ltr' id='par_1_8' title="bbox 339 953 1923 1035">
     <span class='ocr_line' id='line_1_8' title="bbox 339 953 1923 1035; baseline -0.006 -16"><span class='ocrx_word' id='word_1_54' title='bbox 339 953 494 1034; x_wconf 78' lang='grc' dir='ltr'>λόγος</span> <span class='ocrx_word' id='word_1_55' title='bbox 535 953 793 1035; x_wconf 73' lang='grc' dir='ltr'>εἰρήσθω.</span> <span class='ocrx_word' id='word_1_56' title='bbox 831 963 988 1025; x_wconf 84' lang='grc' dir='ltr'>Τίνος</span> <span class='ocrx_word' id='word_1_57' title='bbox 1031 961 1087 1014; x_wconf 83' lang='grc' dir='ltr'>δὲ</span> <span class='ocrx_word' id='word_1_58' title='bbox 1127 960 1311 1019; x_wconf 81' lang='grc' dir='ltr'>ἐνεκεν</span> <span class='ocrx_word' id='word_1_59' title='bbox 1350 962 1389 1031; x_wconf 77' lang='grc' dir='ltr'><strong>ἡ</strong></span> <span class='ocrx_word' id='word_1_60' title='bbox 1433 957 1567 1028; x_wconf 83' lang='grc' dir='ltr'>γυνὴ</span> <span class='ocrx_word' id='word_1_61' title='bbox 1607 960 1792 1029; x_wconf 85' lang='grc' dir='ltr'>στεῖρα</span> <span class='ocrx_word' id='word_1_62' title='bbox 1832 953 1923 1027; x_wconf 83' lang='grc' dir='ltr'>ἦν,</span> 
     </span>
    </p>
   </div>
   <div class='ocr_carea' id='block_1_9' title="bbox 337 1041 1926 1118">
    <p class='ocr_par' dir='ltr' id='par_1_9' title="bbox 337 1041 1926 1118">
     <span class='ocr_line' id='line_1_9' title="bbox 337 1041 1926 1118; baseline -0.006 -15"><span class='ocrx_word' id='word_1_63' title='bbox 337 1052 635 1118; x_wconf 83' lang='grc' dir='ltr'>ἀναγκαῖον</span> <span class='ocrx_word' id='word_1_64' title='bbox 685 1048 885 1110; x_wconf 88' lang='grc' dir='ltr'>εἰπεῖν,</span> <span class='ocrx_word' id='word_1_65' title='bbox 925 1047 1014 1112; x_wconf 85' lang='grc' dir='ltr'>ἵν’,</span> <span class='ocrx_word' id='word_1_66' title='bbox 1063 1045 1192 1099; x_wconf 81' lang='grc' dir='ltr'>ὅταν</span> <span class='ocrx_word' id='word_1_67' title='bbox 1236 1044 1351 1114; x_wconf 86' lang='grc' dir='ltr'>ίδῃς</span> <span class='ocrx_word' id='word_1_68' title='bbox 1399 1041 1672 1114; x_wconf 78' lang='grc' dir='ltr'>Παρθένον</span> <span class='ocrx_word' id='word_1_69' title='bbox 1714 1042 1926 1112; x_wconf 86' lang='grc' dir='ltr'>μητέρα</span> 
     </span>
    </p>
   </div>
   <div class='ocr_carea' id='block_1_10' title="bbox 336 1124 1926 1202">
    <p class='ocr_par' dir='ltr' id='par_1_10' title="bbox 336 1124 1926 1202">
     <span class='ocr_line' id='line_1_10' title="bbox 336 1124 1926 1202; baseline -0.006 -17"><span class='ocrx_word' id='word_1_70' title='bbox 336 1132 652 1202; x_wconf 79' lang='grc' dir='ltr'>γινομένην,</span> <span class='ocrx_word' id='word_1_71' title='bbox 687 1131 761 1201; x_wconf 86' lang='grc' dir='ltr'>μὴ</span> <span class='ocrx_word' id='word_1_72' title='bbox 800 1130 1142 1199; x_wconf 84' lang='grc' dir='ltr'>ἀπιστήσῃς·</span> <span class='ocrx_word' id='word_1_73' title='bbox 1180 1126 1267 1189; x_wconf 72' lang='grc' dir='ltr'>ἵν’,</span> <span class='ocrx_word' id='word_1_74' title='bbox 1300 1126 1428 1178; x_wconf 85' lang='grc' dir='ltr'>ὅταν</span> <span class='ocrx_word' id='word_1_75' title='bbox 1455 1125 1584 1196; x_wconf 82' lang='grc' dir='ltr'>εἴπῃ</span> <span class='ocrx_word' id='word_1_76' title='bbox 1614 1141 1697 1177; x_wconf 89' lang='grc' dir='ltr'>σοι</span> <span class='ocrx_word' id='word_1_77' title='bbox 1722 1126 1751 1177; x_wconf 92' lang='lat'>6</span> <span class='ocrx_word' id='word_1_78' title='bbox 1795 1124 1926 1177; x_wconf 80' lang='grc' dir='ltr'>Ἰου-</span> 
     </span>
    </p>
   </div>
   <div class='ocr_carea' id='block_1_11' title="bbox 339 1207 1925 1283">
    <p class='ocr_par' dir='ltr' id='par_1_11' title="bbox 339 1207 1925 1283">
     <span class='ocr_line' id='line_1_11' title="bbox 339 1207 1925 1283; baseline -0.004 -12"><span class='ocrx_word' id='word_1_79' title='bbox 339 1220 506 1281; x_wconf 87' lang='grc' dir='ltr'>δαῖος,</span> <span class='ocrx_word' id='word_1_80' title='bbox 535 1216 659 1279; x_wconf 84' lang='grc' dir='ltr'>Πῶς</span> <span class='ocrx_word' id='word_1_81' title='bbox 688 1215 875 1268; x_wconf 81' lang='grc' dir='ltr'>έτεκεν</span> <span class='ocrx_word' id='word_1_82' title='bbox 903 1216 935 1283; x_wconf 91' lang='grc' dir='ltr'>ή</span> <span class='ocrx_word' id='word_1_83' title='bbox 962 1213 1182 1282; x_wconf 83' lang='grc' dir='ltr'>Μαρία;</span> <span class='ocrx_word' id='word_1_84' title='bbox 1214 1210 1375 1281; x_wconf 78' lang='grc' dir='ltr'>εἴπῃς</span> <span class='ocrx_word' id='word_1_85' title='bbox 1401 1208 1573 1279; x_wconf 85' lang='grc' dir='ltr'>αὐτῷ,</span> <span class='ocrx_word' id='word_1_86' title='bbox 1596 1208 1721 1271; x_wconf 90' lang='grc' dir='ltr'>Πῶς</span> <span class='ocrx_word' id='word_1_87' title='bbox 1739 1207 1925 1264; x_wconf 78' lang='grc' dir='ltr'>ἔτεκεν</span> 
     </span>
    </p>
   </div>
   <div class='ocr_carea' id='block_1_12' title="bbox 340 1290 1924 1371">
    <p class='ocr_par' dir='ltr' id='par_1_12' title="bbox 340 1290 1924 1371">
     <span class='ocr_line' id='line_1_12' title="bbox 340 1290 1924 1371; baseline -0.007 -17"><span class='ocrx_word' id='word_1_88' title='bbox 340 1302 375 1370; x_wconf 85' lang='grc' dir='ltr'>ή</span> <span class='ocrx_word' id='word_1_89' title='bbox 413 1300 600 1371; x_wconf 82' lang='grc' dir='ltr'>Σάρρα</span> <span class='ocrx_word' id='word_1_90' title='bbox 626 1338 641 1363; x_wconf 89' lang='grc'>,</span> <span class='ocrx_word' id='word_1_91' title='bbox 677 1299 771 1351; x_wconf 76' lang='grc' dir='ltr'>καὶ</span> <span class='ocrx_word' id='word_1_92' title='bbox 818 1299 852 1367; x_wconf 88' lang='grc' dir='ltr'>ή</span> <span class='ocrx_word' id='word_1_93' title='bbox 917 1294 1219 1353; x_wconf 84' lang='grc' dir='ltr'>Ῥεϐέκκα.</span> <span class='ocrx_word' id='word_1_94' title='bbox 1256 1292 1350 1345; x_wconf 68' lang='grc' dir='ltr'>κα)⁹</span> <span class='ocrx_word' id='word_1_95' title='bbox 1401 1293 1434 1363; x_wconf 93' lang='grc' dir='ltr'>ή</span> <span class='ocrx_word' id='word_1_96' title='bbox 1485 1290 1717 1361; x_wconf 75' lang='grc' dir='ltr'>Ῥαχήλ;</span> <span class='ocrx_word' id='word_1_97' title='bbox 1755 1290 1924 1343; x_wconf 86' lang='grc' dir='ltr'>Ὅταν</span> 
     </span>
    </p>
   </div>
   <div class='ocr_carea' id='block_1_13' title="bbox 338 1373 1918 1455">
    <p class='ocr_par' dir='ltr' id='par_1_13' title="bbox 338 1373 1918 1455">
     <span class='ocr_line' id='line_1_13' title="bbox 338 1373 1918 1455; baseline -0.004 -19"><span class='ocrx_word' id='word_1_98' title='bbox 338 1387 445 1454; x_wconf 79' lang='grc' dir='ltr'>γὰρ</span> <span class='ocrx_word' id='word_1_99' title='bbox 482 1384 653 1455; x_wconf 80' lang='grc' dir='ltr'>μέλλῃ</span> <span class='ocrx_word' id='word_1_100' title='bbox 684 1400 737 1435; x_wconf 89' lang='grc' dir='ltr'>τι</span> <span class='ocrx_word' id='word_1_101' title='bbox 770 1379 1085 1450; x_wconf 84' lang='grc' dir='ltr'>θαυμαστὸν</span> <span class='ocrx_word' id='word_1_102' title='bbox 1115 1378 1210 1432; x_wconf 72' lang='grc' dir='ltr'>καὶ</span> <span class='ocrx_word' id='word_1_103' title='bbox 1243 1376 1385 1447; x_wconf 86' lang='grc' dir='ltr'>μέγα</span> <span class='ocrx_word' id='word_1_104' title='bbox 1426 1374 1673 1444; x_wconf 87' lang='grc' dir='ltr'>γίνεσθαι</span> <span class='ocrx_word' id='word_1_105' title='bbox 1714 1373 1918 1445; x_wconf 83' lang='grc' dir='ltr'>θαῦμα,</span> 
     </span>
    </p>
   </div>
   <div class='ocr_carea' id='block_1_14' title="bbox 337 1458 1924 1539">
    <p class='ocr_par' dir='ltr' id='par_1_14' title="bbox 337 1458 1924 1539">
     <span class='ocr_line' id='line_1_14' title="bbox 337 1458 1924 1539; baseline -0.006 -18"><span class='ocrx_word' id='word_1_106' title='bbox 337 1468 524 1521; x_wconf 79' lang='grc' dir='ltr'>πολλοὶ</span> <span class='ocrx_word' id='word_1_107' title='bbox 574 1465 937 1539; x_wconf 87' lang='grc' dir='ltr'>προτρέχουσι</span> <span class='ocrx_word' id='word_1_108' title='bbox 971 1463 1160 1515; x_wconf 75' lang='grc' dir='ltr'>τύποι.</span> <span class='ocrx_word' id='word_1_109' title='bbox 1209 1461 1321 1514; x_wconf 79' lang='grc' dir='ltr'>Καὶ</span> <span class='ocrx_word' id='word_1_110' title='bbox 1362 1459 1615 1530; x_wconf 87' lang='grc' dir='ltr'>καθάπερ</span> <span class='ocrx_word' id='word_1_111' title='bbox 1663 1458 1924 1528; x_wconf 85' lang='grc' dir='ltr'>βασιλέως</span> 
     </span>
    </p>
   </div>
   <div class='ocr_carea' id='block_1_15' title="bbox 346 1540 1925 1621">
    <p class='ocr_par' dir='ltr' id='par_1_15' title="bbox 346 1540 1925 1621">
     <span class='ocr_line' id='line_1_15' title="bbox 346 1540 1925 1621; baseline -0.008 -16"><span class='ocrx_word' id='word_1_112' title='bbox 346 1553 630 1616; x_wconf 83' lang='grc' dir='ltr'>εἰσιόντος,</span> <span class='ocrx_word' id='word_1_113' title='bbox 665 1549 1025 1621; x_wconf 87' lang='grc' dir='ltr'>προτρέχουσι</span> <span class='ocrx_word' id='word_1_114' title='bbox 1061 1544 1409 1617; x_wconf 87' lang='grc' dir='ltr'>στρατιῶται,</span> <span class='ocrx_word' id='word_1_115' title='bbox 1443 1541 1581 1595; x_wconf 86' lang='grc' dir='ltr'>ὥστε</span> <span class='ocrx_word' id='word_1_116' title='bbox 1617 1542 1690 1613; x_wconf 86' lang='grc' dir='ltr'>μὴ</span> <span class='ocrx_word' id='word_1_117' title='bbox 1730 1540 1925 1611; x_wconf 87' lang='grc' dir='ltr'>ἁθρόον</span> 
     </span>
    </p>
   </div>
   <div class='ocr_carea' id='block_1_16' title="bbox 336 1622 1923 1706">
    <p class='ocr_par' dir='ltr' id='par_1_16' title="bbox 336 1622 1923 1706">
     <span class='ocr_line' id='line_1_16' title="bbox 336 1622 1923 1706; baseline -0.008 -17"><span class='ocrx_word' id='word_1_118' title='bbox 336 1634 849 1706; x_wconf 85' lang='grc' dir='ltr'>ἀπαρασκευάστως</span> <span class='ocrx_word' id='word_1_119' title='bbox 904 1628 1157 1693; x_wconf 80' lang='grc' dir='ltr'>δέξασθαι</span> <span class='ocrx_word' id='word_1_120' title='bbox 1203 1626 1293 1679; x_wconf 86' lang='grc' dir='ltr'>τὸν</span> <span class='ocrx_word' id='word_1_121' title='bbox 1346 1624 1603 1696; x_wconf 84' lang='grc' dir='ltr'>βασιλέα·</span> <span class='ocrx_word' id='word_1_122' title='bbox 1652 1622 1793 1677; x_wconf 79' lang='grc' dir='ltr'>οὕτω</span> <span class='ocrx_word' id='word_1_123' title='bbox 1830 1624 1923 1677; x_wconf 76' lang='grc' dir='ltr'>καὶ</span> 
     </span>
    </p>
   </div>
   <div class='ocr_carea' id='block_1_17' title="bbox 335 1707 1925 1789">
    <p class='ocr_par' dir='ltr' id='par_1_17' title="bbox 335 1707 1925 1789">
     <span class='ocr_line' id='line_1_17' title="bbox 335 1707 1925 1789; baseline -0.008 -18"><span class='ocrx_word' id='word_1_124' title='bbox 335 1717 615 1789; x_wconf 76' lang='grc' dir='ltr'>θαύματος</span> <span class='ocrx_word' id='word_1_125' title='bbox 670 1714 954 1786; x_wconf 86' lang='grc' dir='ltr'>μέλλοντος</span> <span class='ocrx_word' id='word_1_126' title='bbox 1006 1709 1252 1780; x_wconf 87' lang='grc' dir='ltr'>γίνεσθαι</span> <span class='ocrx_word' id='word_1_127' title='bbox 1311 1709 1639 1781; x_wconf 79' lang='grc' dir='ltr'>παραδόξου,</span> <span class='ocrx_word' id='word_1_128' title='bbox 1691 1707 1925 1779; x_wconf 89' lang='grc' dir='ltr'>προτρέ-</span> 
     </span>
    </p>
   </div>
   <div class='ocr_carea' id='block_1_18' title="bbox 335 1792 1923 1871">
    <p class='ocr_par' dir='ltr' id='par_1_18' title="bbox 335 1792 1923 1871">
     <span class='ocr_line' id='line_1_18' title="bbox 335 1792 1923 1871; baseline -0.007 -16"><span class='ocrx_word' id='word_1_129' title='bbox 335 1819 488 1871; x_wconf 86' lang='grc' dir='ltr'>χουσι</span> <span class='ocrx_word' id='word_1_130' title='bbox 531 1799 725 1862; x_wconf 88' lang='grc' dir='ltr'>τύποι,</span> <span class='ocrx_word' id='word_1_131' title='bbox 760 1797 902 1850; x_wconf 80' lang='grc' dir='ltr'>ὥστε</span> <span class='ocrx_word' id='word_1_132' title='bbox 934 1797 1081 1866; x_wconf 85' lang='grc' dir='ltr'>ἡμᾶς</span> <span class='ocrx_word' id='word_1_133' title='bbox 1109 1793 1621 1864; x_wconf 86' lang='grc' dir='ltr'>προμελετήσαντας</span> <span class='ocrx_word' id='word_1_134' title='bbox 1651 1792 1724 1863; x_wconf 87' lang='grc' dir='ltr'>μὴ</span> <span class='ocrx_word' id='word_1_135' title='bbox 1754 1809 1923 1845; x_wconf 87' lang='grc' dir='ltr'>κατα-</span> 
     </span>
    </p>
   </div>
   <div class='ocr_carea' id='block_1_19' title="bbox 341 1874 1920 1955">
    <p class='ocr_par' dir='ltr' id='par_1_19' title="bbox 341 1874 1920 1955">
     <span class='ocr_line' id='line_1_19' title="bbox 341 1874 1920 1955; baseline -0.008 -17"><span class='ocrx_word' id='word_1_136' title='bbox 341 1885 617 1955; x_wconf 84' lang='grc' dir='ltr'>πλαγῆναι</span> <span class='ocrx_word' id='word_1_137' title='bbox 660 1882 877 1952; x_wconf 89' lang='grc' dir='ltr'>ἀθρόον,</span> <span class='ocrx_word' id='word_1_138' title='bbox 917 1878 1053 1950; x_wconf 84' lang='grc' dir='ltr'>μηδὲ</span> <span class='ocrx_word' id='word_1_139' title='bbox 1101 1878 1362 1940; x_wconf 85' lang='grc' dir='ltr'>ἐκστῆναι</span> <span class='ocrx_word' id='word_1_140' title='bbox 1396 1875 1473 1945; x_wconf 82' lang='grc' dir='ltr'>τῷ</span> <span class='ocrx_word' id='word_1_141' title='bbox 1510 1874 1795 1946; x_wconf 77' lang='grc' dir='ltr'>παραδόξῳ</span> <span class='ocrx_word' id='word_1_142' title='bbox 1826 1874 1920 1927; x_wconf 82' lang='grc' dir='ltr'>τοῦ</span> 
     </span>
    </p>
   </div>
   <div class='ocr_carea' id='block_1_20' title="bbox 335 1956 1923 2038">
    <p class='ocr_par' dir='ltr' id='par_1_20' title="bbox 335 1956 1923 2038">
     <span class='ocr_line' id='line_1_20' title="bbox 335 1956 1923 2038; baseline -0.008 -18"><span class='ocrx_word' id='word_1_143' title='bbox 335 1967 641 2038; x_wconf 89' lang='grc' dir='ltr'>γινομένου.</span> <span class='ocrx_word' id='word_1_144' title='bbox 672 1963 845 2023; x_wconf 84' lang='grc' dir='ltr'>Τοῦτο</span> <span class='ocrx_word' id='word_1_145' title='bbox 887 1963 983 2015; x_wconf 80' lang='grc' dir='ltr'>καὶ</span> <span class='ocrx_word' id='word_1_146' title='bbox 1030 1960 1122 2013; x_wconf 78' lang='grc' dir='ltr'>ἐπὶ</span> <span class='ocrx_word' id='word_1_147' title='bbox 1154 1957 1247 2011; x_wconf 89' lang='grc' dir='ltr'>τοῦ</span> <span class='ocrx_word' id='word_1_148' title='bbox 1282 1957 1535 2011; x_wconf 88' lang='grc' dir='ltr'>θανάτου.</span> <span class='ocrx_word' id='word_1_149' title='bbox 1572 1956 1923 2027; x_wconf 88' lang='grc' dir='ltr'>Προέδραμεν</span> 
     </span>
    </p>
   </div>
   <div class='ocr_carea' id='block_1_21' title="bbox 349 2038 1921 2120">
    <p class='ocr_par' dir='ltr' id='par_1_21' title="bbox 349 2038 1921 2120">
     <span class='ocr_line' id='line_1_21' title="bbox 349 2038 1921 2120; baseline -0.009 -16"><span class='ocrx_word' id='word_1_150' title='bbox 349 2051 531 2112; x_wconf 81' lang='grc' dir='ltr'>Ἰωνᾶς</span> <span class='ocrx_word' id='word_1_151' title='bbox 553 2090 569 2116; x_wconf 92' lang='grc'>,</span> <span class='ocrx_word' id='word_1_152' title='bbox 599 2048 695 2102; x_wconf 79' lang='grc' dir='ltr'>καὶ</span> <span class='ocrx_word' id='word_1_153' title='bbox 722 2046 1029 2120; x_wconf 79' lang='grc' dir='ltr'>ἐγύμνασεν</span> <span class='ocrx_word' id='word_1_154' title='bbox 1061 2042 1217 2113; x_wconf 80' lang='grc' dir='ltr'>ἡμῶν</span> <span class='ocrx_word' id='word_1_155' title='bbox 1244 2042 1340 2113; x_wconf 88' lang='grc' dir='ltr'>τὴν</span> <span class='ocrx_word' id='word_1_156' title='bbox 1369 2040 1624 2094; x_wconf 87' lang='grc' dir='ltr'>διάνοιαν.</span> <span class='ocrx_word' id='word_1_157' title='bbox 1654 2038 1921 2110; x_wconf 83' lang='grc' dir='ltr'>Καθάπερ</span> 
     </span>
    </p>
   </div>
   <div class='ocr_carea' id='block_1_22' title="bbox 336 2122 1918 2204">
    <p class='ocr_par' dir='ltr' id='par_1_22' title="bbox 336 2122 1918 2204">
     <span class='ocr_line' id='line_1_22' title="bbox 336 2122 1918 2204; baseline -0.01 -18"><span class='ocrx_word' id='word_1_158' title='bbox 336 2133 444 2204; x_wconf 79' lang='grc' dir='ltr'>γὰρ</span> <span class='ocrx_word' id='word_1_159' title='bbox 481 2134 688 2184; x_wconf 86' lang='grc' dir='ltr'>ἐκεῖνον</span> <span class='ocrx_word' id='word_1_160' title='bbox 726 2127 863 2199; x_wconf 90' lang='grc' dir='ltr'>μετά</span> <span class='ocrx_word' id='word_1_161' title='bbox 896 2129 1045 2198; x_wconf 82' lang='grc' dir='ltr'>τρεῖς</span> <span class='ocrx_word' id='word_1_162' title='bbox 1091 2124 1304 2197; x_wconf 76' lang='grc' dir='ltr'>ἡμέρας</span> <span class='ocrx_word' id='word_1_163' title='bbox 1345 2122 1406 2175; x_wconf 86' lang='grc' dir='ltr'>τὸ</span> <span class='ocrx_word' id='word_1_164' title='bbox 1435 2123 1598 2192; x_wconf 84' lang='grc' dir='ltr'>κῆτος</span> <span class='ocrx_word' id='word_1_165' title='bbox 1633 2122 1839 2204; x_wconf 78' lang='grc' dir='ltr'>ἤμεσεν</span> <span class='ocrx_word' id='word_1_166' title='bbox 1867 2132 1918 2185; x_wconf 72' lang='grc' dir='ltr'>ει,</span> 
     </span>
    </p>
   </div>
   <div class='ocr_carea' id='block_1_23' title="bbox 333 2197 1918 2286">
    <p class='ocr_par' dir='ltr' id='par_1_23' title="bbox 333 2197 1918 2286">
     <span class='ocr_line' id='line_1_23' title="bbox 333 2197 1918 2286; baseline -0.009 -18"><span class='ocrx_word' id='word_1_167' title='bbox 333 2197 432 2285; x_wconf 75' lang='grc' dir='ltr'>οὐχ</span> <span class='ocrx_word' id='word_1_168' title='bbox 454 2215 613 2286; x_wconf 80' lang='grc' dir='ltr'>εὐρὺν</span> <span class='ocrx_word' id='word_1_169' title='bbox 642 2214 700 2265; x_wconf 90' lang='grc' dir='ltr'>ἐν</span> <span class='ocrx_word' id='word_1_170' title='bbox 728 2197 883 2282; x_wconf 78' lang='grc' dir='ltr'>αὑτῷ</span> <span class='ocrx_word' id='word_1_171' title='bbox 909 2197 1009 2281; x_wconf 82' lang='grc' dir='ltr'>τὴν</span> <span class='ocrx_word' id='word_1_172' title='bbox 1039 2208 1245 2261; x_wconf 79' lang='grc' dir='ltr'>οἰκείαν</span> <span class='ocrx_word' id='word_1_173' title='bbox 1287 2205 1491 2276; x_wconf 88' lang='grc' dir='ltr'>τροφὴν</span> <span class='ocrx_word' id='word_1_174' title='bbox 1526 2205 1619 2258; x_wconf 81' lang='grc' dir='ltr'>καὶ</span> <span class='ocrx_word' id='word_1_175' title='bbox 1648 2197 1918 2273; x_wconf 74' lang='grc' dir='ltr'>κατάλλη-</span> 
     </span>
    </p>
   </div>
   <div class='ocr_carea' id='block_1_24' title="bbox 333 2286 1922 2366">
    <p class='ocr_par' dir='ltr' id='par_1_24' title="bbox 333 2286 1922 2366">
     <span class='ocr_line' id='line_1_24' title="bbox 333 2286 1922 2366; baseline -0.008 -16"><span class='ocrx_word' id='word_1_176' title='bbox 333 2299 424 2351; x_wconf 87' lang='grc' dir='ltr'>λον</span> <span class='ocrx_word' id='word_1_177' title='bbox 448 2317 461 2330; x_wconf 80' lang='grc' dir='ltr'><strong>ο</strong></span> <span class='ocrx_word' id='word_1_178' title='bbox 489 2297 666 2351; x_wconf 79' lang='grc' dir='ltr'>οἰκεία</span> <span class='ocrx_word' id='word_1_179' title='bbox 701 2295 811 2366; x_wconf 88' lang='grc' dir='ltr'>γὰρ</span> <span class='ocrx_word' id='word_1_180' title='bbox 838 2292 1015 2365; x_wconf 85' lang='grc' dir='ltr'>τροφὴ</span> <span class='ocrx_word' id='word_1_181' title='bbox 1055 2291 1149 2345; x_wconf 71' lang='grc' dir='ltr'>καὶ</span> <span class='ocrx_word' id='word_1_182' title='bbox 1189 2288 1524 2359; x_wconf 81' lang='grc' dir='ltr'>κατάλληλος</span> <span class='ocrx_word' id='word_1_183' title='bbox 1559 2286 1791 2340; x_wconf 86' lang='grc' dir='ltr'>θανάτου</span> <span class='ocrx_word' id='word_1_184' title='bbox 1820 2287 1922 2357; x_wconf 89' lang='grc' dir='ltr'>τῆς</span> 
     </span>
    </p>
   </div>
   <div class='ocr_carea' id='block_1_25' title="bbox 334 2370 1917 2453">
    <p class='ocr_par' dir='ltr' id='par_1_25' title="bbox 334 2370 1917 2453">
     <span class='ocr_line' id='line_1_25' title="bbox 334 2370 1917 2453; baseline -0.009 -18"><span class='ocrx_word' id='word_1_185' title='bbox 334 2381 607 2453; x_wconf 85' lang='grc' dir='ltr'>ἁμαρτίας</span> <span class='ocrx_word' id='word_1_186' title='bbox 621 2382 653 2451; x_wconf 86' lang='grc' dir='ltr'>ή</span> <span class='ocrx_word' id='word_1_187' title='bbox 670 2380 848 2448; x_wconf 83' lang='grc' dir='ltr'>φύσις·</span> <span class='ocrx_word' id='word_1_188' title='bbox 869 2375 1115 2431; x_wconf 86' lang='grc' dir='ltr'>ἐντεῦθεν</span> <span class='ocrx_word' id='word_1_189' title='bbox 1126 2372 1342 2453; x_wconf 69' lang='grc' dir='ltr'>ἐτέχθη,</span> <span class='ocrx_word' id='word_1_190' title='bbox 1356 2370 1602 2425; x_wconf 88' lang='grc' dir='ltr'>ἐντεῦθεν</span> <span class='ocrx_word' id='word_1_191' title='bbox 1613 2370 1917 2453; x_wconf 12' lang='grc' dir='ltr'>,ἐρριζώθτμ</span> 
     </span>
    </p>
   </div>
   <div class='ocr_carea' id='block_1_26' title="bbox 334 2451 1920 2533">
    <p class='ocr_par' dir='ltr' id='par_1_26' title="bbox 334 2451 1920 2533">
     <span class='ocr_line' id='line_1_26' title="bbox 334 2451 1920 2533; baseline -0.007 -17"><span class='ocrx_word' id='word_1_192' title='bbox 334 2451 581 2516; x_wconf 84' lang='grc' dir='ltr'>ἐντεῦθεν</span> <span class='ocrx_word' id='word_1_193' title='bbox 602 2461 985 2533; x_wconf 75' lang='grc' dir='ltr'>καὶτρέφεται.</span> <span class='ocrx_word' id='word_1_194' title='bbox 1010 2457 1270 2526; x_wconf 86' lang='grc' dir='ltr'>Καθάπερ</span> <span class='ocrx_word' id='word_1_195' title='bbox 1283 2451 1375 2507; x_wconf 83' lang='grc' dir='ltr'>οῦν</span> <span class='ocrx_word' id='word_1_196' title='bbox 1400 2456 1485 2522; x_wconf 85' lang='grc' dir='ltr'>ἐφ’</span> <span class='ocrx_word' id='word_1_197' title='bbox 1506 2452 1685 2524; x_wconf 87' lang='grc' dir='ltr'>ήμῶν,</span> <span class='ocrx_word' id='word_1_198' title='bbox 1702 2451 1920 2507; x_wconf 82' lang='grc' dir='ltr'>ἐπειδὰν</span> 
     </span>
    </p>
   </div>
   <div class='ocr_carea' id='block_1_27' title="bbox 334 2536 1921 2614">
    <p class='ocr_par' dir='ltr' id='par_1_27' title="bbox 334 2536 1921 2614">
     <span class='ocr_line' id='line_1_27' title="bbox 334 2536 1921 2614; baseline -0.007 -15"><span class='ocrx_word' id='word_1_199' title='bbox 334 2547 479 2599; x_wconf 80' lang='grc' dir='ltr'>λίθον</span> <span class='ocrx_word' id='word_1_200' title='bbox 504 2544 861 2614; x_wconf 86' lang='grc' dir='ltr'>καταπίωμεν</span> <span class='ocrx_word' id='word_1_201' title='bbox 881 2542 981 2596; x_wconf 84' lang='grc' dir='ltr'>οὐκ</span> <span class='ocrx_word' id='word_1_202' title='bbox 1007 2540 1206 2602; x_wconf 86' lang='grc' dir='ltr'>εἰδότες</span> <span class='ocrx_word' id='word_1_203' title='bbox 1227 2578 1242 2603; x_wconf 92' lang='grc'>,</span> <span class='ocrx_word' id='word_1_204' title='bbox 1267 2538 1388 2591; x_wconf 85' lang='grc' dir='ltr'>τότε</span> <span class='ocrx_word' id='word_1_205' title='bbox 1424 2537 1522 2608; x_wconf 83' lang='grc' dir='ltr'>μὲν</span> <span class='ocrx_word' id='word_1_206' title='bbox 1558 2536 1774 2606; x_wconf 74' lang='grc' dir='ltr'>πρῶτον</span> <span class='ocrx_word' id='word_1_207' title='bbox 1800 2536 1921 2588; x_wconf 86' lang='grc' dir='ltr'>ἐπι-</span> 
     </span>
    </p>
   </div>
   <div class='ocr_carea' id='block_1_28' title="bbox 335 2618 1920 2701">
    <p class='ocr_par' dir='ltr' id='par_1_28' title="bbox 335 2618 1920 2701">
     <span class='ocr_line' id='line_1_28' title="bbox 335 2618 1920 2701; baseline -0.007 -18"><span class='ocrx_word' id='word_1_208' title='bbox 335 2633 512 2701; x_wconf 82' lang='grc' dir='ltr'>χειρεῖ</span> <span class='ocrx_word' id='word_1_209' title='bbox 535 2629 702 2697; x_wconf 67' lang='grc' dir='ltr'>πέψαι</span> <span class='ocrx_word' id='word_1_210' title='bbox 732 2626 922 2680; x_wconf 88' lang='grc' dir='ltr'>τοῦτον</span> <span class='ocrx_word' id='word_1_211' title='bbox 948 2627 983 2696; x_wconf 87' lang='grc' dir='ltr'>ή</span> <span class='ocrx_word' id='word_1_212' title='bbox 1006 2623 1101 2677; x_wconf 87' lang='grc' dir='ltr'>τοῦ</span> <span class='ocrx_word' id='word_1_213' title='bbox 1130 2621 1403 2693; x_wconf 83' lang='grc' dir='ltr'>στομάχου</span> <span class='ocrx_word' id='word_1_214' title='bbox 1432 2619 1681 2689; x_wconf 76' lang='grc' dir='ltr'>δύναμις·</span> <span class='ocrx_word' id='word_1_215' title='bbox 1702 2618 1920 2672; x_wconf 82' lang='grc' dir='ltr'>ἐπειδὰν</span> 
     </span>
    </p>
   </div>
   <div class='ocr_carea' id='block_1_29' title="bbox 334 2701 1920 2784">
    <p class='ocr_par' dir='ltr' id='par_1_29' title="bbox 334 2701 1920 2784">
     <span class='ocr_line' id='line_1_29' title="bbox 334 2701 1920 2784; baseline -0.007 -19"><span class='ocrx_word' id='word_1_216' title='bbox 334 2714 389 2765; x_wconf 75' lang='grc' dir='ltr'>δὲ</span> <span class='ocrx_word' id='word_1_217' title='bbox 413 2713 548 2784; x_wconf 80' lang='grc' dir='ltr'>εύρῃ</span> <span class='ocrx_word' id='word_1_218' title='bbox 570 2710 857 2782; x_wconf 81' lang='grc' dir='ltr'>ἀλλοτρίαν</span> <span class='ocrx_word' id='word_1_219' title='bbox 884 2707 1032 2777; x_wconf 82' lang='grc' dir='ltr'>αὺτῴ</span> <span class='ocrx_word' id='word_1_220' title='bbox 1051 2701 1214 2759; x_wconf 80' lang='grc' dir='ltr'>οὖσαν</span> <span class='ocrx_word' id='word_1_221' title='bbox 1244 2704 1468 2775; x_wconf 85' lang='grc' dir='ltr'>τροφὴν,</span> <span class='ocrx_word' id='word_1_222' title='bbox 1490 2703 1801 2775; x_wconf 84' lang='grc' dir='ltr'>ὀμιλήσασα</span> <span class='ocrx_word' id='word_1_223' title='bbox 1829 2702 1920 2755; x_wconf 79' lang='grc' dir='ltr'>ἐπὶ</span> 
     </span>
    </p>
   </div>
   <div class='ocr_carea' id='block_1_30' title="bbox 333 2784 1917 2866">
    <p class='ocr_par' dir='ltr' id='par_1_30' title="bbox 333 2784 1917 2866">
     <span class='ocr_line' id='line_1_30' title="bbox 333 2784 1917 2866; baseline -0.007 -18"><span class='ocrx_word' id='word_1_224' title='bbox 333 2796 495 2849; x_wconf 84' lang='grc' dir='ltr'>πλέον</span> <span class='ocrx_word' id='word_1_225' title='bbox 547 2794 694 2866; x_wconf 83' lang='grc' dir='ltr'>αὐτῷ</span> <span class='ocrx_word' id='word_1_226' title='bbox 740 2795 806 2864; x_wconf 78' lang='grc' dir='ltr'>τῇ</span> <span class='ocrx_word' id='word_1_227' title='bbox 860 2792 1099 2861; x_wconf 84' lang='grc' dir='ltr'>πεπτικῇ</span> <span class='ocrx_word' id='word_1_228' title='bbox 1151 2786 1401 2857; x_wconf 81' lang='grc' dir='ltr'>δυνάμει,</span> <span class='ocrx_word' id='word_1_229' title='bbox 1458 2786 1667 2839; x_wconf 84' lang='grc' dir='ltr'>ἐκεῖνον</span> <span class='ocrx_word' id='word_1_230' title='bbox 1706 2784 1804 2854; x_wconf 87' lang='grc' dir='ltr'>μὲν</span> <span class='ocrx_word' id='word_1_231' title='bbox 1857 2785 1917 2837; x_wconf 82' lang='grc' dir='ltr'>οὐ</span> 
     </span>
    </p>
   </div>
   <div class='ocr_carea' id='block_1_31' title="bbox 334 2871 1917 2952">
    <p class='ocr_par' dir='ltr' id='par_1_31' title="bbox 334 2871 1917 2952">
     <span class='ocr_line' id='line_1_31' title="bbox 334 2871 1917 2952; baseline -0.008 -16"><span class='ocrx_word' id='word_1_232' title='bbox 334 2881 656 2952; x_wconf 84' lang='grc' dir='ltr'>διαφθείρει,</span> <span class='ocrx_word' id='word_1_233' title='bbox 687 2879 784 2951; x_wconf 88' lang='grc' dir='ltr'>τὴν</span> <span class='ocrx_word' id='word_1_234' title='bbox 807 2878 865 2932; x_wconf 80' lang='grc' dir='ltr'>δὲ</span> <span class='ocrx_word' id='word_1_235' title='bbox 893 2877 1092 2947; x_wconf 80' lang='grc' dir='ltr'>ἑαυτῆς</span> <span class='ocrx_word' id='word_1_236' title='bbox 1117 2875 1415 2929; x_wconf 87' lang='grc' dir='ltr'>ἀπόλλυσιν</span> <span class='ocrx_word' id='word_1_237' title='bbox 1448 2874 1623 2943; x_wconf 80' lang='grc' dir='ltr'>ἰσχὺν,</span> <span class='ocrx_word' id='word_1_238' title='bbox 1648 2871 1770 2926; x_wconf 84' lang='grc' dir='ltr'>ὅθεν</span> <span class='ocrx_word' id='word_1_239' title='bbox 1796 2871 1917 2924; x_wconf 82' lang='grc' dir='ltr'>οὐδὲ</span> 
     </span>
    </p>
   </div>
   <div class='ocr_carea' id='block_1_32' title="bbox 334 2956 1917 3037">
    <p class='ocr_par' dir='ltr' id='par_1_32' title="bbox 334 2956 1917 3037">
     <span class='ocr_line' id='line_1_32' title="bbox 334 2956 1917 3037; baseline -0.006 -18"><span class='ocrx_word' id='word_1_240' title='bbox 334 2968 431 3036; x_wconf 84' lang='grc' dir='ltr'>τὴν</span> <span class='ocrx_word' id='word_1_241' title='bbox 472 2966 741 3037; x_wconf 83' lang='grc' dir='ltr'>προτέραν</span> <span class='ocrx_word' id='word_1_242' title='bbox 777 2962 997 3017; x_wconf 90' lang='grc' dir='ltr'>δύναται</span> <span class='ocrx_word' id='word_1_243' title='bbox 1047 2958 1298 3027; x_wconf 80' lang='grc' dir='ltr'>κατέχειν</span> <span class='ocrx_word' id='word_1_244' title='bbox 1330 2957 1570 3028; x_wconf 85' lang='grc' dir='ltr'>τροφὴν,</span> <span class='ocrx_word' id='word_1_245' title='bbox 1618 2956 1755 3009; x_wconf 84' lang='grc' dir='ltr'>ἀλλὰ</span> <span class='ocrx_word' id='word_1_246' title='bbox 1798 2957 1917 3009; x_wconf 82' lang='grc' dir='ltr'>άτο·</span> 
     </span>
    </p>
   </div>
   <div class='ocr_carea' id='block_1_33' title="bbox 334 3040 1919 3119">
    <p class='ocr_par' dir='ltr' id='par_1_33' title="bbox 334 3040 1919 3119">
     <span class='ocr_line' id='line_1_33' title="bbox 334 3040 1919 3119; baseline -0.006 -17"><span class='ocrx_word' id='word_1_247' title='bbox 334 3051 544 3114; x_wconf 84' lang='grc' dir='ltr'>νήσασα</span> <span class='ocrx_word' id='word_1_248' title='bbox 572 3048 832 3119; x_wconf 85' lang='grc' dir='ltr'>κάκείνην</span> <span class='ocrx_word' id='word_1_249' title='bbox 874 3044 1025 3116; x_wconf 82' lang='grc' dir='ltr'>αὐτῷ</span> <span class='ocrx_word' id='word_1_250' title='bbox 1062 3042 1346 3110; x_wconf 81' lang='grc' dir='ltr'>συνεξεμεῖ</span> <span class='ocrx_word' id='word_1_251' title='bbox 1392 3041 1528 3112; x_wconf 87' lang='grc' dir='ltr'>μετά</span> <span class='ocrx_word' id='word_1_252' title='bbox 1576 3040 1779 3110; x_wconf 80' lang='grc' dir='ltr'>πολλῆς</span> <span class='ocrx_word' id='word_1_253' title='bbox 1821 3041 1919 3111; x_wconf 91' lang='grc' dir='ltr'>τῆς</span> 
     </span>
    </p>
   </div>
   <div class='ocr_carea' id='block_1_34' title="bbox 336 3124 1919 3205">
    <p class='ocr_par' dir='ltr' id='par_1_34' title="bbox 336 3124 1919 3205">
     <span class='ocr_line' id='line_1_34' title="bbox 336 3124 1919 3205; baseline -0.004 -19"><span class='ocrx_word' id='word_1_254' title='bbox 336 3133 552 3205; x_wconf 72' lang='grc' dir='ltr'>ὀδύνης·</span> <span class='ocrx_word' id='word_1_255' title='bbox 598 3131 741 3185; x_wconf 77' lang='grc' dir='ltr'>οὕτω</span> <span class='ocrx_word' id='word_1_256' title='bbox 774 3131 868 3185; x_wconf 77' lang='grc' dir='ltr'>καὶ</span> <span class='ocrx_word' id='word_1_257' title='bbox 903 3130 996 3182; x_wconf 74' lang='grc' dir='ltr'>ἐπὶ</span> <span class='ocrx_word' id='word_1_258' title='bbox 1024 3127 1120 3181; x_wconf 88' lang='grc' dir='ltr'>τοῦ</span> <span class='ocrx_word' id='word_1_259' title='bbox 1161 3125 1395 3181; x_wconf 86' lang='grc' dir='ltr'>θανάτου</span> <span class='ocrx_word' id='word_1_260' title='bbox 1427 3126 1636 3194; x_wconf 83' lang='grc' dir='ltr'>γέγονε.</span> <span class='ocrx_word' id='word_1_261' title='bbox 1674 3124 1919 3179; x_wconf 86' lang='grc' dir='ltr'>Κατέπιε</span> 
     </span>
    </p>
   </div>
   <div class='ocr_carea' id='block_1_35' title="bbox 332 3209 1920 3285">
    <p class='ocr_par' dir='ltr' id='par_1_35' title="bbox 332 3209 1920 3285">
     <span class='ocr_line' id='line_1_35' title="bbox 332 3209 1920 3285; baseline -0.004 -17"><span class='ocrx_word' id='word_1_262' title='bbox 332 3218 424 3268; x_wconf 80' lang='grc' dir='ltr'>τὸν</span> <span class='ocrx_word' id='word_1_263' title='bbox 453 3216 597 3270; x_wconf 85' lang='grc' dir='ltr'>λίθον</span> <span class='ocrx_word' id='word_1_264' title='bbox 628 3216 721 3269; x_wconf 85' lang='grc' dir='ltr'>τὸν</span> <span class='ocrx_word' id='word_1_265' title='bbox 761 3214 1159 3285; x_wconf 83' lang='grc' dir='ltr'>ἀκρογωνιαῖον</span> <span class='ocrx_word' id='word_1_266' title='bbox 1181 3250 1197 3276; x_wconf 90' lang='grc'>,</span> <span class='ocrx_word' id='word_1_267' title='bbox 1240 3211 1334 3262; x_wconf 75' lang='grc' dir='ltr'>καὶ</span> <span class='ocrx_word' id='word_1_268' title='bbox 1375 3210 1475 3261; x_wconf 83' lang='grc' dir='ltr'>οὐκ</span> <span class='ocrx_word' id='word_1_269' title='bbox 1505 3210 1723 3278; x_wconf 72' lang='grc' dir='ltr'>ἴσχυσεν</span> <span class='ocrx_word' id='word_1_270' title='bbox 1757 3209 1920 3262; x_wconf 81' lang='grc' dir='ltr'>αὐτὸν</span> 
     </span>
    </p>
   </div>
   <div class='ocr_carea' id='block_1_36' title="bbox 334 3289 1920 3369">
    <p class='ocr_par' dir='ltr' id='par_1_36' title="bbox 334 3289 1920 3369">
     <span class='ocr_line' id='line_1_36' title="bbox 334 3289 1920 3369; baseline -0.004 -18"><span class='ocrx_word' id='word_1_271' title='bbox 334 3298 535 3369; x_wconf 75' lang='grc' dir='ltr'>πέψαι·</span> <span class='ocrx_word' id='word_1_272' title='bbox 568 3298 862 3369; x_wconf 69' lang='grc' dir='ltr'>ἠσθένησεν</span> <span class='ocrx_word' id='word_1_273' title='bbox 898 3294 1062 3350; x_wconf 76' lang='grc' dir='ltr'>αὑτοῦ</span> <span class='ocrx_word' id='word_1_274' title='bbox 1094 3296 1244 3347; x_wconf 84' lang='grc' dir='ltr'>πᾶσα</span> <span class='ocrx_word' id='word_1_275' title='bbox 1282 3295 1317 3362; x_wconf 89' lang='grc' dir='ltr'>ή</span> <span class='ocrx_word' id='word_1_276' title='bbox 1349 3292 1578 3361; x_wconf 88' lang='grc' dir='ltr'>δύναμις</span> <span class='ocrx_word' id='word_1_277' title='bbox 1598 3307 1611 3320; x_wconf 90' lang='grc'>·</span> <span class='ocrx_word' id='word_1_278' title='bbox 1644 3290 1732 3342; x_wconf 82' lang='grc' dir='ltr'>διὰ</span> <span class='ocrx_word' id='word_1_279' title='bbox 1762 3289 1920 3344; x_wconf 87' lang='grc' dir='ltr'>τοῦτο</span> 
     </span>
    </p>
   </div>
   <div class='ocr_carea' id='block_1_37' title="bbox 338 3372 1917 3453">
    <p class='ocr_par' dir='ltr' id='par_1_37' title="bbox 338 3372 1917 3453">
     <span class='ocr_line' id='line_1_37' title="bbox 338 3372 1917 3453; baseline -0.003 -22"><span class='ocrx_word' id='word_1_280' title='bbox 338 3384 454 3453; x_wconf 79' lang='grc' dir='ltr'>μετ’</span> <span class='ocrx_word' id='word_1_281' title='bbox 491 3382 656 3435; x_wconf 81' lang='grc' dir='ltr'>αὑτοῦ</span> <span class='ocrx_word' id='word_1_282' title='bbox 690 3382 786 3434; x_wconf 77' lang='grc' dir='ltr'>καὶ</span> <span class='ocrx_word' id='word_1_283' title='bbox 813 3381 912 3452; x_wconf 84' lang='grc' dir='ltr'>τὴν</span> <span class='ocrx_word' id='word_1_284' title='bbox 939 3378 1154 3447; x_wconf 84' lang='grc' dir='ltr'>λοιπὴν,</span> <span class='ocrx_word' id='word_1_285' title='bbox 1185 3377 1252 3446; x_wconf 83' lang='grc' dir='ltr'>ἣν</span> <span class='ocrx_word' id='word_1_286' title='bbox 1278 3372 1412 3445; x_wconf 84' lang='grc' dir='ltr'>εἶχε,</span> <span class='ocrx_word' id='word_1_287' title='bbox 1445 3373 1764 3437; x_wconf 84' lang='grc' dir='ltr'>συνεξέϐαλε</span> <span class='ocrx_word' id='word_1_288' title='bbox 1797 3391 1917 3444; x_wconf 88' lang='grc' dir='ltr'>τρο-</span> 
     </span>
    </p>
   </div>
   <div class='ocr_carea' id='block_1_38' title="bbox 334 3456 1917 3536">
    <p class='ocr_par' dir='ltr' id='par_1_38' title="bbox 334 3456 1917 3536">
     <span class='ocr_line' id='line_1_38' title="bbox 334 3456 1917 3536; baseline -0.009 -15"><span class='ocrx_word' id='word_1_289' title='bbox 334 3467 462 3536; x_wconf 76' lang='grc' dir='ltr'>φὴν,</span> <span class='ocrx_word' id='word_1_290' title='bbox 507 3467 615 3519; x_wconf 88' lang='grc' dir='ltr'>τῶν</span> <span class='ocrx_word' id='word_1_291' title='bbox 654 3462 961 3535; x_wconf 87' lang='grc' dir='ltr'>ἀνθρώπων</span> <span class='ocrx_word' id='word_1_292' title='bbox 1009 3459 1377 3529; x_wconf 79' lang='grc' dir='ltr'>συνεξεμέσας</span> <span class='ocrx_word' id='word_1_293' title='bbox 1421 3457 1520 3528; x_wconf 80' lang='grc' dir='ltr'>τὴν</span> <span class='ocrx_word' id='word_1_294' title='bbox 1564 3456 1745 3525; x_wconf 86' lang='grc' dir='ltr'>φύσιν.</span> <span class='ocrx_word' id='word_1_295' title='bbox 1784 3456 1917 3508; x_wconf 83' lang='grc' dir='ltr'>Ούδέ</span> 
     </span>
    </p>
   </div>
   <div class='ocr_carea' id='block_1_39' title="bbox 333 3538 1915 3618">
    <p class='ocr_par' dir='ltr' id='par_1_39' title="bbox 333 3538 1915 3618">
     <span class='ocr_line' id='line_1_39' title="bbox 333 3538 1915 3618; baseline -0.006 -17"><span class='ocrx_word' id='word_1_296' title='bbox 333 3550 443 3618; x_wconf 71' lang='grc' dir='ltr'>γὰρ</span> <span class='ocrx_word' id='word_1_297' title='bbox 485 3547 689 3617; x_wconf 88' lang='grc' dir='ltr'>ταύτην</span> <span class='ocrx_word' id='word_1_298' title='bbox 724 3546 1021 3614; x_wconf 86' lang='grc' dir='ltr'>κατασχεῖν</span> <span class='ocrx_word' id='word_1_299' title='bbox 1072 3543 1361 3613; x_wconf 85' lang='grc' dir='ltr'>δυνήσεται</span> <span class='ocrx_word' id='word_1_300' title='bbox 1403 3538 1589 3592; x_wconf 85' lang='grc' dir='ltr'>λοιπὸν</span> <span class='ocrx_word' id='word_1_301' title='bbox 1629 3541 1708 3602; x_wconf 83' lang='grc' dir='ltr'>είς</span> <span class='ocrx_word' id='word_1_302' title='bbox 1743 3539 1915 3602; x_wconf 85' lang='grc' dir='ltr'>τέλος.</span> 
     </span>
    </p>
   </div>
   <div class='ocr_carea' id='block_1_40' title="bbox 332 3622 1918 3696">
    <p class='ocr_par' dir='ltr' id='par_1_40' title="bbox 332 3622 1918 3696">
     <span class='ocr_line' id='line_1_40' title="bbox 332 3622 1918 3696; baseline -0.005 -13"><span class='ocrx_word' id='word_1_303' title='bbox 332 3630 431 3684; x_wconf 82' lang='grc' dir='ltr'>Διά</span> <span class='ocrx_word' id='word_1_304' title='bbox 456 3630 613 3683; x_wconf 90' lang='grc' dir='ltr'>τοῦτο</span> <span class='ocrx_word' id='word_1_305' title='bbox 660 3630 755 3684; x_wconf 74' lang='grc' dir='ltr'>καὶ</span> <span class='ocrx_word' id='word_1_306' title='bbox 796 3630 853 3682; x_wconf 86' lang='grc' dir='ltr'>αί</span> <span class='ocrx_word' id='word_1_307' title='bbox 904 3630 1112 3696; x_wconf 87' lang='grc' dir='ltr'>στεῖραι</span> <span class='ocrx_word' id='word_1_308' title='bbox 1158 3624 1534 3696; x_wconf 85' lang='grc' dir='ltr'>προέδραμον,</span> <span class='ocrx_word' id='word_1_309' title='bbox 1574 3622 1661 3674; x_wconf 83' lang='grc' dir='ltr'>ἵνα</span> <span class='ocrx_word' id='word_1_310' title='bbox 1702 3623 1730 3676; x_wconf 95' lang='lat'>6</span> <span class='ocrx_word' id='word_1_311' title='bbox 1761 3624 1918 3686; x_wconf 85' lang='grc' dir='ltr'>τόκος</span> 
     </span>
    </p>
   </div>
   <div class='ocr_carea' id='block_1_41' title="bbox 331 3705 1916 3785">
    <p class='ocr_par' dir='ltr' id='par_1_41' title="bbox 331 3705 1916 3785">
     <span class='ocr_line' id='line_1_41' title="bbox 331 3705 1916 3785; baseline -0.006 -19"><span class='ocrx_word' id='word_1_312' title='bbox 331 3713 581 3785; x_wconf 81' lang='grc' dir='ltr'>πιστωθῇ</span> <span class='ocrx_word' id='word_1_313' title='bbox 605 3730 619 3744; x_wconf 95' lang='grc'>·</span> <span class='ocrx_word' id='word_1_314' title='bbox 650 3713 848 3784; x_wconf 85' lang='grc' dir='ltr'>μᾶλλον</span> <span class='ocrx_word' id='word_1_315' title='bbox 881 3711 938 3764; x_wconf 84' lang='grc' dir='ltr'>δὲ</span> <span class='ocrx_word' id='word_1_316' title='bbox 967 3712 1067 3781; x_wconf 81' lang='grc' dir='ltr'>οὐχ</span> <span class='ocrx_word' id='word_1_317' title='bbox 1097 3710 1184 3762; x_wconf 82' lang='grc' dir='ltr'>ἵνα</span> <span class='ocrx_word' id='word_1_318' title='bbox 1210 3711 1237 3762; x_wconf 90' lang='lat'>6</span> <span class='ocrx_word' id='word_1_319' title='bbox 1267 3707 1425 3769; x_wconf 86' lang='grc' dir='ltr'>τόκος</span> <span class='ocrx_word' id='word_1_320' title='bbox 1454 3705 1696 3776; x_wconf 84' lang='grc' dir='ltr'>πιστωθῇ</span> <span class='ocrx_word' id='word_1_321' title='bbox 1736 3707 1916 3775; x_wconf 91' lang='grc' dir='ltr'>μόνον,</span> 
     </span>
    </p>
   </div>
   <div class='ocr_carea' id='block_1_42' title="bbox 331 3788 1915 3867">
    <p class='ocr_par' dir='ltr' id='par_1_42' title="bbox 331 3788 1915 3867">
     <span class='ocr_line' id='line_1_42' title="bbox 331 3788 1915 3867; baseline -0.005 -17"><span class='ocrx_word' id='word_1_322' title='bbox 331 3797 445 3851; x_wconf 77' lang='grc' dir='ltr'>ἀλλ’</span> <span class='ocrx_word' id='word_1_323' title='bbox 476 3796 569 3850; x_wconf 83' lang='grc' dir='ltr'>ἐὰν</span> <span class='ocrx_word' id='word_1_324' title='bbox 595 3795 835 3867; x_wconf 79' lang='grc' dir='ltr'>ἀκριϐῶς</span> <span class='ocrx_word' id='word_1_325' title='bbox 859 3793 1224 3862; x_wconf 81' lang='grc' dir='ltr'>ἐξετάσωμεν,</span> <span class='ocrx_word' id='word_1_326' title='bbox 1249 3789 1343 3842; x_wconf 71' lang='grc' dir='ltr'>καὶ</span> <span class='ocrx_word' id='word_1_327' title='bbox 1373 3788 1537 3842; x_wconf 86' lang='grc' dir='ltr'>αὐτοῦ</span> <span class='ocrx_word' id='word_1_328' title='bbox 1567 3789 1659 3842; x_wconf 88' lang='grc' dir='ltr'>τοῦ</span> <span class='ocrx_word' id='word_1_329' title='bbox 1686 3790 1915 3843; x_wconf 85' lang='grc' dir='ltr'>θανάτου</span> 
     </span>
    </p>
   </div>
   <div class='ocr_carea' id='block_1_43' title="bbox 330 3873 1494 3952">
    <p class='ocr_par' dir='ltr' id='par_1_43' title="bbox 330 3873 1494 3952">
     <span class='ocr_line' id='line_1_43' title="bbox 330 3873 1494 3952; baseline -0.007 -19"><span class='ocrx_word' id='word_1_330' title='bbox 330 3883 428 3952; x_wconf 81' lang='grc' dir='ltr'>τὴν</span> <span class='ocrx_word' id='word_1_331' title='bbox 460 3880 745 3951; x_wconf 89' lang='grc' dir='ltr'>στείρωσιν</span> <span class='ocrx_word' id='word_1_332' title='bbox 774 3878 945 3932; x_wconf 84' lang='grc' dir='ltr'>τύπον</span> <span class='ocrx_word' id='word_1_333' title='bbox 976 3873 1142 3931; x_wconf 84' lang='grc' dir='ltr'>οὖσαν</span> <span class='ocrx_word' id='word_1_334' title='bbox 1172 3874 1494 3945; x_wconf 84' lang='grc' dir='ltr'>εὑρήσομεν.</span> 
     </span>
    </p>
   </div>
   <div class='ocr_carea' id='block_1_44' title="bbox 406 3954 1913 4034">
    <p class='ocr_par' dir='ltr' id='par_1_44' title="bbox 406 3954 1913 4034">
     <span class='ocr_line' id='line_1_44' title="bbox 406 3954 1913 4034; baseline -0.004 -18"><span class='ocrx_word' id='word_1_335' title='bbox 406 3962 468 4017; x_wconf 89' lang='grc' dir='ltr'>δ’.</span> <span class='ocrx_word' id='word_1_336' title='bbox 512 3962 673 4016; x_wconf 85' lang='grc' dir='ltr'>Ἀλλά</span> <span class='ocrx_word' id='word_1_337' title='bbox 703 3961 1022 4034; x_wconf 85' lang='grc' dir='ltr'>προσέχετε·</span> <span class='ocrx_word' id='word_1_338' title='bbox 1059 3956 1252 4011; x_wconf 81' lang='grc' dir='ltr'>λεπτὸν</span> <span class='ocrx_word' id='word_1_339' title='bbox 1276 3958 1385 4027; x_wconf 87' lang='grc' dir='ltr'>γὰρ</span> <span class='ocrx_word' id='word_1_340' title='bbox 1405 3956 1466 4008; x_wconf 89' lang='lat'>16</span> <span class='ocrx_word' id='word_1_341' title='bbox 1508 3954 1913 4027; x_wconf 75' lang='grc' dir='ltr'>ῥηθησόμενον·</span> 
     </span>
    </p>
   </div>
   <div class='ocr_carea' id='block_1_45' title="bbox 334 4035 1916 4117">
    <p class='ocr_par' dir='ltr' id='par_1_45' title="bbox 334 4035 1916 4117">
     <span class='ocr_line' id='line_1_45' title="bbox 334 4035 1916 4117; baseline -0.013 -19"><span class='ocrx_word' id='word_1_342' title='bbox 334 4044 597 4117; x_wconf 86' lang='grc' dir='ltr'>μέλλομεν</span> <span class='ocrx_word' id='word_1_343' title='bbox 634 4040 743 4112; x_wconf 84' lang='grc' dir='ltr'>γὰρ</span> <span class='ocrx_word' id='word_1_344' title='bbox 775 4043 921 4112; x_wconf 88' lang='grc' dir='ltr'>ἐρεῖν</span> <span class='ocrx_word' id='word_1_345' title='bbox 943 4080 957 4105; x_wconf 94' lang='grc'>,</span> <span class='ocrx_word' id='word_1_346' title='bbox 989 4039 1105 4101; x_wconf 85' lang='grc' dir='ltr'>πῶς</span> <span class='ocrx_word' id='word_1_347' title='bbox 1146 4039 1282 4108; x_wconf 79' lang='grc' dir='ltr'>πρὸς</span> <span class='ocrx_word' id='word_1_348' title='bbox 1309 4038 1407 4117; x_wconf 83' lang='grc' dir='ltr'>τὴν</span> <span class='ocrx_word' id='word_1_349' title='bbox 1436 4039 1620 4089; x_wconf 83' lang='grc' dir='ltr'>πίστιν</span> <span class='ocrx_word' id='word_1_350' title='bbox 1650 4035 1749 4106; x_wconf 85' lang='grc' dir='ltr'>τῆς</span> <span class='ocrx_word' id='word_1_351' title='bbox 1770 4037 1916 4117; x_wconf 70' lang='grc' dir='ltr'>ἀνα-</span> 
     </span>
    </p>
   </div>
   <div class='ocr_carea' id='block_1_46' title="bbox 333 4114 1916 4190">
    <p class='ocr_par' dir='ltr' id='par_1_46' title="bbox 333 4114 1916 4190">
     <span class='ocr_line' id='line_1_46' title="bbox 333 4114 1916 4190; baseline -0.005 -14"><span class='ocrx_word' id='word_1_352' title='bbox 333 4114 572 4185; x_wconf 82' lang='grc' dir='ltr'>στάσεως</span> <span class='ocrx_word' id='word_1_353' title='bbox 622 4121 772 4190; x_wconf 80' lang='grc' dir='ltr'>ἡμᾶς</span> <span class='ocrx_word' id='word_1_354' title='bbox 816 4121 851 4189; x_wconf 92' lang='grc' dir='ltr'>ή</span> <span class='ocrx_word' id='word_1_355' title='bbox 908 4120 1090 4189; x_wconf 86' lang='grc' dir='ltr'>μήτρα</span> <span class='ocrx_word' id='word_1_356' title='bbox 1133 4117 1232 4187; x_wconf 87' lang='grc' dir='ltr'>τῆς</span> <span class='ocrx_word' id='word_1_357' title='bbox 1290 4116 1505 4186; x_wconf 79' lang='grc' dir='ltr'>Σάρρας</span> <span class='ocrx_word' id='word_1_358' title='bbox 1563 4114 1916 4183; x_wconf 89' lang='grc' dir='ltr'>στειρωθεῖσα</span> 
     </span>
    </p>
   </div>
   <div class='ocr_carea' id='block_1_47' title="bbox 330 4193 1914 4274">
    <p class='ocr_par' dir='ltr' id='par_1_47' title="bbox 330 4193 1914 4274">
     <span class='ocr_line' id='line_1_47' title="bbox 330 4193 1914 4274; baseline -0.006 -18"><span class='ocrx_word' id='word_1_359' title='bbox 330 4204 678 4274; x_wconf 83' lang='grc' dir='ltr'>χειραγωγεῖ.</span> <span class='ocrx_word' id='word_1_360' title='bbox 728 4199 854 4263; x_wconf 88' lang='grc' dir='ltr'>Πῶς</span> <span class='ocrx_word' id='word_1_361' title='bbox 897 4196 992 4251; x_wconf 86' lang='grc' dir='ltr'>οὖν</span> <span class='ocrx_word' id='word_1_362' title='bbox 1040 4197 1185 4266; x_wconf 83' lang='grc' dir='ltr'>ἡμᾶς</span> <span class='ocrx_word' id='word_1_363' title='bbox 1202 4196 1597 4274; x_wconf 33' lang='grc' dir='ltr'>ῌχειραςίωγεὴ</span> <span class='ocrx_word' id='word_1_364' title='bbox 1648 4193 1914 4274; x_wconf 78' lang='grc' dir='ltr'>Καθάπερ</span> 
     </span>
    </p>
   </div>
   <div class='ocr_carea' id='block_1_48' title="bbox 330 4270 1913 4352">
    <p class='ocr_par' dir='ltr' id='par_1_48' title="bbox 330 4270 1913 4352">
     <span class='ocr_line' id='line_1_48' title="bbox 330 4270 1913 4352; baseline -0.007 -17"><span class='ocrx_word' id='word_1_365' title='bbox 330 4270 471 4352; x_wconf 73' lang='grc' dir='ltr'>αῦτη</span> <span class='ocrx_word' id='word_1_366' title='bbox 508 4279 675 4350; x_wconf 88' lang='grc' dir='ltr'>νεκρά</span> <span class='ocrx_word' id='word_1_367' title='bbox 715 4274 850 4332; x_wconf 82' lang='grc' dir='ltr'>οὖσα</span> <span class='ocrx_word' id='word_1_368' title='bbox 884 4277 950 4329; x_wconf 88' lang='grc' dir='ltr'>ἐκ</span> <span class='ocrx_word' id='word_1_369' title='bbox 986 4274 1088 4343; x_wconf 84' lang='grc' dir='ltr'>τῆς</span> <span class='ocrx_word' id='word_1_370' title='bbox 1135 4270 1230 4352; x_wconf 79' lang='grc' dir='ltr'>τοῦ</span> <span class='ocrx_word' id='word_1_371' title='bbox 1257 4271 1408 4352; x_wconf 20' lang='grc' dir='ltr'>ᾲΘεοῦ</span> <span class='ocrx_word' id='word_1_372' title='bbox 1442 4272 1662 4352; x_wconf 87' lang='grc' dir='ltr'>χάριτος</span> <span class='ocrx_word' id='word_1_373' title='bbox 1691 4272 1913 4343; x_wconf 85' lang='grc' dir='ltr'>ἀνέστη,</span> 
     </span>
    </p>
   </div>
   <div class='ocr_carea' id='block_1_49' title="bbox 330 4350 1914 4431">
    <p class='ocr_par' dir='ltr' id='par_1_49' title="bbox 330 4350 1914 4431">
     <span class='ocr_line' id='line_1_49' title="bbox 330 4350 1914 4431; baseline -0.006 -17"><span class='ocrx_word' id='word_1_374' title='bbox 330 4362 424 4414; x_wconf 75' lang='grc' dir='ltr'>καὶ</span> <span class='ocrx_word' id='word_1_375' title='bbox 453 4350 611 4431; x_wconf 81' lang='grc' dir='ltr'>σῶμα</span> <span class='ocrx_word' id='word_1_376' title='bbox 636 4358 936 4428; x_wconf 91' lang='grc' dir='ltr'>ἐϐλάστησε</span> <span class='ocrx_word' id='word_1_377' title='bbox 967 4354 1075 4418; x_wconf 78' lang='grc' dir='ltr'>ζῶν</span> <span class='ocrx_word' id='word_1_378' title='bbox 1104 4350 1164 4404; x_wconf 92' lang='lat'>16</span> <span class='ocrx_word' id='word_1_379' title='bbox 1188 4350 1282 4403; x_wconf 89' lang='grc' dir='ltr'>τοῦ</span> <span class='ocrx_word' id='word_1_380' title='bbox 1327 4352 1511 4405; x_wconf 83' lang='grc' dir='ltr'>Ἰσαάκ</span> <span class='ocrx_word' id='word_1_381' title='bbox 1532 4368 1543 4378; x_wconf 93' lang='grc'>·</span> <span class='ocrx_word' id='word_1_382' title='bbox 1580 4351 1726 4404; x_wconf 73' lang='grc' dir='ltr'>οὕτω</span> <span class='ocrx_word' id='word_1_383' title='bbox 1763 4354 1857 4405; x_wconf 73' lang='grc' dir='ltr'>καὶ</span> <span class='ocrx_word' id='word_1_384' title='bbox 1885 4354 1914 4405; x_wconf 91' lang='lat'>6</span> 
     </span>
    </p>
   </div>
   <div class='ocr_carea' id='block_1_50' title="bbox 328 4431 1913 4511">
    <p class='ocr_par' dir='ltr' id='par_1_50' title="bbox 328 4431 1913 4511">
     <span class='ocr_line' id='line_1_50' title="bbox 328 4431 1913 4511; baseline -0.005 -18"><span class='ocrx_word' id='word_1_385' title='bbox 328 4441 563 4511; x_wconf 80' lang='grc' dir='ltr'>Χριστὸς</span> <span class='ocrx_word' id='word_1_386' title='bbox 608 4435 904 4510; x_wconf 77' lang='grc' dir='ltr'>νεκρωθεὶς</span> <span class='ocrx_word' id='word_1_387' title='bbox 936 4432 1145 4504; x_wconf 83' lang='grc' dir='ltr'>ὴγέρθη</span> <span class='ocrx_word' id='word_1_388' title='bbox 1188 4434 1253 4502; x_wconf 83' lang='grc' dir='ltr'>τῇ</span> <span class='ocrx_word' id='word_1_389' title='bbox 1296 4431 1477 4500; x_wconf 74' lang='grc' dir='ltr'>οἰκείᾳ</span> <span class='ocrx_word' id='word_1_390' title='bbox 1508 4431 1775 4511; x_wconf 57' lang='grc' dir='ltr'>δυνάμει.</span> <span class='ocrx_word' id='word_1_391' title='bbox 1803 4432 1913 4511; x_wconf 58' lang='grc' dir='ltr'>Καὶ.</span> 
     </span>
    </p>
   </div>
   <div class='ocr_carea' id='block_1_51' title="bbox 329 4510 1910 4589">
    <p class='ocr_par' dir='ltr' id='par_1_51' title="bbox 329 4510 1910 4589">
     <span class='ocr_line' id='line_1_51' title="bbox 329 4510 1910 4589; baseline -0.006 -16"><span class='ocrx_word' id='word_1_392' title='bbox 329 4510 409 4573; x_wconf 79' lang='grc' dir='ltr'>ὅτι</span> <span class='ocrx_word' id='word_1_393' title='bbox 450 4520 511 4572; x_wconf 84' lang='grc' dir='ltr'>ού</span> <span class='ocrx_word' id='word_1_394' title='bbox 562 4518 842 4589; x_wconf 85' lang='grc' dir='ltr'>βεϐίασται</span> <span class='ocrx_word' id='word_1_395' title='bbox 883 4514 943 4568; x_wconf 88' lang='lat'>16</span> <span class='ocrx_word' id='word_1_396' title='bbox 986 4511 1309 4584; x_wconf 84' lang='grc' dir='ltr'>εἰρημένον,</span> <span class='ocrx_word' id='word_1_397' title='bbox 1340 4512 1573 4564; x_wconf 85' lang='grc' dir='ltr'>ἄκουσον</span> <span class='ocrx_word' id='word_1_398' title='bbox 1625 4510 1791 4565; x_wconf 82' lang='grc' dir='ltr'>αὐτοῦ</span> <span class='ocrx_word' id='word_1_399' title='bbox 1818 4510 1910 4565; x_wconf 87' lang='grc' dir='ltr'>τοῦ</span> 
     </span>
    </p>
   </div>
   <div class='ocr_carea' id='block_1_52' title="bbox 328 4589 1909 4665">
    <p class='ocr_par' dir='ltr' id='par_1_52' title="bbox 328 4589 1909 4665">
     <span class='ocr_line' id='line_1_52' title="bbox 328 4589 1909 4665; baseline -0.006 -14"><span class='ocrx_word' id='word_1_400' title='bbox 328 4598 542 4651; x_wconf 80' lang='grc' dir='ltr'>Παύλου</span> <span class='ocrx_word' id='word_1_401' title='bbox 570 4597 834 4665; x_wconf 86' lang='grc' dir='ltr'>λέγοντος.</span> <span class='ocrx_word' id='word_1_402' title='bbox 866 4593 1052 4647; x_wconf 82' lang='grc' dir='ltr'>Εἰπὼν</span> <span class='ocrx_word' id='word_1_403' title='bbox 1089 4590 1198 4661; x_wconf 81' lang='grc' dir='ltr'>γὰρ</span> <span class='ocrx_word' id='word_1_404' title='bbox 1225 4589 1469 4660; x_wconf 75' lang='grc' dir='ltr'>περὶτοῦ</span> <span class='ocrx_word' id='word_1_405' title='bbox 1510 4589 1793 4662; x_wconf 82' lang='grc' dir='ltr'>Ἀϐραὰμ,</span> <span class='ocrx_word' id='word_1_406' title='bbox 1825 4590 1909 4644; x_wconf 87' lang='grc' dir='ltr'>ὃτι</span> 
     </span>
    </p>
   </div>
   <div class='ocr_carea' id='block_1_53' title="bbox 330 4669 1908 4744">
    <p class='ocr_par' dir='ltr' id='par_1_53' title="bbox 330 4669 1908 4744">
     <span class='ocr_line' id='line_1_53' title="bbox 330 4669 1908 4744; baseline -0.006 -12"><span class='ocrx_word' id='word_1_407' title='bbox 330 4681 454 4732; x_wconf 79' lang='grc' dir='ltr'>Οὐκ</span> <span class='ocrx_word' id='word_1_408' title='bbox 484 4680 774 4744; x_wconf 82' lang='grc' dir='ltr'>ἐνενόησε</span> <span class='ocrx_word' id='word_1_409' title='bbox 798 4675 913 4743; x_wconf 81' lang='grc' dir='ltr'>τὴν</span> <span class='ocrx_word' id='word_1_410' title='bbox 938 4672 1235 4739; x_wconf 78' lang='grc' dir='ltr'>νέκρωσιν</span> <span class='ocrx_word' id='word_1_411' title='bbox 1260 4671 1372 4740; x_wconf 80' lang='grc' dir='ltr'>τῆς</span> <span class='ocrx_word' id='word_1_412' title='bbox 1394 4669 1625 4739; x_wconf 80' lang='grc' dir='ltr'>μήτρας</span> <span class='ocrx_word' id='word_1_413' title='bbox 1653 4671 1908 4739; x_wconf 79' lang='grc' dir='ltr'>Σάρρας,</span> 
     </span>
    </p>
   </div>
   <div class='ocr_carea' id='block_1_54' title="bbox 326 4746 1910 4824">
    <p class='ocr_par' dir='ltr' id='par_1_54' title="bbox 326 4746 1910 4824">
     <span class='ocr_line' id='line_1_54' title="bbox 326 4746 1910 4824; baseline -0.006 -14"><span class='ocrx_word' id='word_1_414' title='bbox 326 4757 464 4811; x_wconf 74' lang='grc' dir='ltr'>ἀλλ’</span> <span class='ocrx_word' id='word_1_415' title='bbox 514 4752 929 4824; x_wconf 76' lang='grc' dir='ltr'>ἐνεδυναμώθη</span> <span class='ocrx_word' id='word_1_416' title='bbox 979 4749 1052 4819; x_wconf 80' lang='grc' dir='ltr'>τῇ</span> <span class='ocrx_word' id='word_1_417' title='bbox 1108 4749 1327 4813; x_wconf 83' lang='grc' dir='ltr'>πίστει,</span> <span class='ocrx_word' id='word_1_418' title='bbox 1386 4748 1531 4813; x_wconf 85' lang='grc' dir='ltr'>δοὺς</span> <span class='ocrx_word' id='word_1_419' title='bbox 1586 4748 1777 4812; x_wconf 81' lang='grc' dir='ltr'>δόξαν</span> <span class='ocrx_word' id='word_1_420' title='bbox 1827 4746 1910 4813; x_wconf 88' lang='grc' dir='ltr'>τῷ</span> 
     </span>
    </p>
   </div>
   <div class='ocr_carea' id='block_1_55' title="bbox 330 4826 1913 4902">
    <p class='ocr_par' dir='ltr' id='par_1_55' title="bbox 330 4826 1913 4902">
     <span class='ocr_line' id='line_1_55' title="bbox 330 4826 1913 4902; baseline -0.005 -11"><span class='ocrx_word' id='word_1_421' title='bbox 330 4836 472 4902; x_wconf 81' lang='grc' dir='ltr'>Θεῷ,</span> <span class='ocrx_word' id='word_1_422' title='bbox 513 4836 612 4890; x_wconf 78' lang='grc' dir='ltr'>καὶ</span> <span class='ocrx_word' id='word_1_423' title='bbox 656 4830 1138 4901; x_wconf 74' lang='grc' dir='ltr'>πληροφορηθεὶς</span> <span class='ocrx_word' id='word_1_424' title='bbox 1186 4828 1277 4882; x_wconf 84' lang='grc' dir='ltr'>ὅτι</span> <span class='ocrx_word' id='word_1_425' title='bbox 1314 4826 1347 4882; x_wconf 80' lang='grc' dir='ltr'>ὃ</span> <span class='ocrx_word' id='word_1_426' title='bbox 1399 4827 1758 4897; x_wconf 72' lang='grc' dir='ltr'>ἐπήγγελται</span> <span class='ocrx_word' id='word_1_427' title='bbox 1810 4829 1913 4883; x_wconf 84' lang='grc' dir='ltr'>δυ-</span> 
     </span>
    </p>
   </div>
   <div class='ocr_carea' id='block_1_56' title="bbox 326 4904 1911 4981">
    <p class='ocr_par' dir='ltr' id='par_1_56' title="bbox 326 4904 1911 4981">
     <span class='ocr_line' id='line_1_56' title="bbox 326 4904 1911 4981; baseline -0.004 -13"><span class='ocrx_word' id='word_1_428' title='bbox 326 4916 507 4981; x_wconf 84' lang='grc' dir='ltr'>νατός</span> <span class='ocrx_word' id='word_1_429' title='bbox 554 4915 685 4967; x_wconf 84' lang='grc' dir='ltr'>ἐστι</span> <span class='ocrx_word' id='word_1_430' title='bbox 716 4912 815 4965; x_wconf 78' lang='grc' dir='ltr'>καὶ</span> <span class='ocrx_word' id='word_1_431' title='bbox 857 4909 1130 4979; x_wconf 82' lang='grc' dir='ltr'>ποιῆσαι,</span> <span class='ocrx_word' id='word_1_432' title='bbox 1174 4906 1317 4960; x_wconf 89' lang='grc' dir='ltr'>τοῦτ’</span> <span class='ocrx_word' id='word_1_433' title='bbox 1348 4904 1514 4970; x_wconf 80' lang='grc' dir='ltr'>ἔστιν,</span> <span class='ocrx_word' id='word_1_434' title='bbox 1552 4907 1659 4961; x_wconf 85' lang='grc' dir='ltr'>ἀπὸ</span> <span class='ocrx_word' id='word_1_435' title='bbox 1690 4908 1799 4963; x_wconf 88' lang='grc' dir='ltr'>τῶν</span> <span class='ocrx_word' id='word_1_436' title='bbox 1824 4927 1911 4963; x_wconf 81' lang='grc' dir='ltr'>νε·-</span> 
     </span>
    </p>
   </div>
   <div class='ocr_carea' id='block_1_57' title="bbox 324 4985 1911 5065">
    <p class='ocr_par' dir='ltr' id='par_1_57' title="bbox 324 4985 1911 5065">
     <span class='ocr_line' id='line_1_57' title="bbox 324 4985 1911 5065; baseline -0.003 -19"><span class='ocrx_word' id='word_1_437' title='bbox 324 4996 475 5065; x_wconf 85' lang='grc' dir='ltr'>κρῶν</span> <span class='ocrx_word' id='word_1_438' title='bbox 508 4996 774 5065; x_wconf 88' lang='grc' dir='ltr'>σωμάτων</span> <span class='ocrx_word' id='word_1_439' title='bbox 805 4991 986 5057; x_wconf 82' lang='grc' dir='ltr'>ζῶντα</span> <span class='ocrx_word' id='word_1_440' title='bbox 1018 4990 1240 5061; x_wconf 90' lang='grc' dir='ltr'>ποιῆσαι</span> <span class='ocrx_word' id='word_1_441' title='bbox 1266 4986 1588 5058; x_wconf 85' lang='grc' dir='ltr'>γεννηθῆναι</span> <span class='ocrx_word' id='word_1_442' title='bbox 1621 4990 1734 5044; x_wconf 80' lang='grc' dir='ltr'>υίόν</span> <span class='ocrx_word' id='word_1_443' title='bbox 1755 5007 1768 5020; x_wconf 98' lang='grc'>·</span> <span class='ocrx_word' id='word_1_444' title='bbox 1794 4985 1911 5042; x_wconf 81' lang='grc' dir='ltr'>εἶτα</span> 
     </span>
    </p>
   </div>
   <div class='ocr_carea' id='block_1_58' title="bbox 324 5065 1903 5144">
    <p class='ocr_par' dir='ltr' id='par_1_58' title="bbox 324 5065 1903 5144">
     <span class='ocr_line' id='line_1_58' title="bbox 324 5065 1903 5144; baseline -0.003 -18"><span class='ocrx_word' id='word_1_445' title='bbox 324 5076 419 5126; x_wconf 83' lang='grc' dir='ltr'>ἀπ’</span> <span class='ocrx_word' id='word_1_446' title='bbox 443 5074 657 5144; x_wconf 82' lang='grc' dir='ltr'>ἐκείνης</span> <span class='ocrx_word' id='word_1_447' title='bbox 698 5074 777 5135; x_wconf 83' lang='grc' dir='ltr'>εἰς</span> <span class='ocrx_word' id='word_1_448' title='bbox 818 5069 1022 5140; x_wconf 88' lang='grc' dir='ltr'>ταύτην</span> <span class='ocrx_word' id='word_1_449' title='bbox 1070 5069 1218 5139; x_wconf 82' lang='grc' dir='ltr'>ἡμᾶς</span> <span class='ocrx_word' id='word_1_450' title='bbox 1267 5066 1366 5135; x_wconf 88' lang='grc' dir='ltr'>τὴν</span> <span class='ocrx_word' id='word_1_451' title='bbox 1408 5065 1591 5119; x_wconf 87' lang='grc' dir='ltr'>πίστιν</span> <span class='ocrx_word' id='word_1_452' title='bbox 1629 5085 1903 5139; x_wconf 87' lang='grc' dir='ltr'>χειραγω-</span> 
     </span>
    </p>
   </div>
   <div class='ocr_carea' id='block_1_59' title="bbox 325 5149 1912 5224">
    <p class='ocr_par' dir='ltr' id='par_1_59' title="bbox 325 5149 1912 5224">
     <span class='ocr_line' id='line_1_59' title="bbox 325 5149 1912 5224; baseline -0.001 -16"><span class='ocrx_word' id='word_1_453' title='bbox 325 5156 440 5224; x_wconf 84' lang='grc' dir='ltr'>γῶν</span> <span class='ocrx_word' id='word_1_454' title='bbox 470 5155 750 5224; x_wconf 77' lang='grc' dir='ltr'>ἐπήγαγεν</span> <span class='ocrx_word' id='word_1_455' title='bbox 769 5169 783 5182; x_wconf 97' lang='grc'>·</span> <span class='ocrx_word' id='word_1_456' title='bbox 819 5153 939 5205; x_wconf 84' lang='grc' dir='ltr'>Οὐκ</span> <span class='ocrx_word' id='word_1_457' title='bbox 965 5150 1194 5219; x_wconf 71' lang='grc' dir='ltr'>ἐγράφη</span> <span class='ocrx_word' id='word_1_458' title='bbox 1227 5150 1301 5204; x_wconf 81' lang='grc' dir='ltr'>δι’</span> <span class='ocrx_word' id='word_1_459' title='bbox 1327 5149 1563 5203; x_wconf 82' lang='grc' dir='ltr'>ἐκεῖνον</span> <span class='ocrx_word' id='word_1_460' title='bbox 1585 5150 1798 5218; x_wconf 84' lang='grc' dir='ltr'>μόνον,</span> <span class='ocrx_word' id='word_1_461' title='bbox 1822 5150 1912 5206; x_wconf 84' lang='grc' dir='ltr'>ὅτι</span> 
     </span>
    </p>
   </div>
   <div class='ocr_carea' id='block_1_60' title="bbox 322 5224 1912 5303">
    <p class='ocr_par' dir='ltr' id='par_1_60' title="bbox 322 5224 1912 5303">
     <span class='ocr_line' id='line_1_60' title="bbox 322 5224 1912 5303; baseline -0.005 -15"><span class='ocrx_word' id='word_1_462' title='bbox 322 5235 613 5303; x_wconf 76' lang='grc' dir='ltr'>ἐλογίσθη</span> <span class='ocrx_word' id='word_1_463' title='bbox 654 5228 849 5297; x_wconf 86' lang='grc' dir='ltr'>αὐτῷ,</span> <span class='ocrx_word' id='word_1_464' title='bbox 883 5231 1045 5285; x_wconf 80' lang='grc' dir='ltr'>ἀλλὰ</span> <span class='ocrx_word' id='word_1_465' title='bbox 1078 5230 1176 5282; x_wconf 81' lang='grc' dir='ltr'>καὶ</span> <span class='ocrx_word' id='word_1_466' title='bbox 1216 5230 1289 5284; x_wconf 82' lang='grc' dir='ltr'>δι’</span> <span class='ocrx_word' id='word_1_467' title='bbox 1324 5228 1501 5299; x_wconf 75' lang='grc' dir='ltr'>ἡμᾶς.</span> <span class='ocrx_word' id='word_1_468' title='bbox 1542 5228 1643 5281; x_wconf 83' lang='grc' dir='ltr'>Διά</span> <span class='ocrx_word' id='word_1_469' title='bbox 1682 5228 1734 5281; x_wconf 87' lang='grc' dir='ltr'>τί</span> <span class='ocrx_word' id='word_1_470' title='bbox 1756 5245 1772 5295; x_wconf 88' lang='grc'><strong>;</strong></span> <span class='ocrx_word' id='word_1_471' title='bbox 1810 5224 1912 5296; x_wconf 77' lang='grc' dir='ltr'>Οἷς</span> 
     </span>
    </p>
   </div>
   <div class='ocr_carea' id='block_1_61' title="bbox 322 5308 1911 5383">
    <p class='ocr_par' dir='ltr' id='par_1_61' title="bbox 322 5308 1911 5383">
     <span class='ocr_line' id='line_1_61' title="bbox 322 5308 1911 5383; baseline -0.004 -16"><span class='ocrx_word' id='word_1_472' title='bbox 322 5314 564 5383; x_wconf 80' lang='grc' dir='ltr'>μέλλει,</span> <span class='ocrx_word' id='word_1_473' title='bbox 613 5311 747 5381; x_wconf 68' lang='grc' dir='ltr'>φησ)⁸</span> <span class='ocrx_word' id='word_1_474' title='bbox 769 5349 783 5373; x_wconf 92' lang='grc'>,</span> <span class='ocrx_word' id='word_1_475' title='bbox 824 5308 1161 5378; x_wconf 73' lang='grc' dir='ltr'>λογίζεσθαι</span> <span class='ocrx_word' id='word_1_476' title='bbox 1205 5309 1330 5374; x_wconf 83' lang='grc' dir='ltr'>τοῖς</span> <span class='ocrx_word' id='word_1_477' title='bbox 1371 5310 1769 5363; x_wconf 77' lang='grc' dir='ltr'>πιστεύουσιν</span> <span class='ocrx_word' id='word_1_478' title='bbox 1813 5308 1911 5361; x_wconf 78' lang='grc' dir='ltr'>ἐπὶ</span> 
     </span>
    </p>
   </div>
   <div class='ocr_carea' id='block_1_62' title="bbox 324 5386 1910 5460">
    <p class='ocr_par' dir='ltr' id='par_1_62' title="bbox 324 5386 1910 5460">
     <span class='ocr_line' id='line_1_62' title="bbox 324 5386 1910 5460; baseline -0.001 -16"><span class='ocrx_word' id='word_1_479' title='bbox 324 5392 432 5445; x_wconf 84' lang='grc' dir='ltr'>τὸν</span> <span class='ocrx_word' id='word_1_480' title='bbox 463 5392 772 5460; x_wconf 68' lang='grc' dir='ltr'>ἐγείραντα</span> <span class='ocrx_word' id='word_1_481' title='bbox 826 5388 1061 5455; x_wconf 84' lang='grc' dir='ltr'>Ἰησοῦν</span> <span class='ocrx_word' id='word_1_482' title='bbox 1098 5387 1206 5441; x_wconf 83' lang='grc' dir='ltr'>τὸν</span> <span class='ocrx_word' id='word_1_483' title='bbox 1242 5390 1462 5457; x_wconf 83' lang='grc' dir='ltr'>Κύριον</span> <span class='ocrx_word' id='word_1_484' title='bbox 1502 5386 1672 5457; x_wconf 75' lang='grc' dir='ltr'>ἡμῶν</span> <span class='ocrx_word' id='word_1_485' title='bbox 1707 5389 1776 5441; x_wconf 80' lang='grc' dir='ltr'>ἐκ</span> <span class='ocrx_word' id='word_1_486' title='bbox 1815 5405 1910 5442; x_wconf 86' lang='grc' dir='ltr'>νε-</span> 
     </span>
    </p>
   </div>
   <div class='ocr_carea' id='block_1_63' title="bbox 324 5466 1911 5541">
    <p class='ocr_par' dir='ltr' id='par_1_63' title="bbox 324 5466 1911 5541">
     <span class='ocr_line' id='line_1_63' title="bbox 324 5466 1911 5541; baseline -0.002 -17"><span class='ocrx_word' id='word_1_487' title='bbox 324 5470 503 5537; x_wconf 80' lang='grc' dir='ltr'>κρῶν.</span> <span class='ocrx_word' id='word_1_488' title='bbox 538 5468 690 5541; x_wconf 80' lang='grc'>[558]</span> <span class='ocrx_word' id='word_1_489' title='bbox 730 5470 793 5521; x_wconf 86' lang='lat'>&quot;0</span> <span class='ocrx_word' id='word_1_490' title='bbox 824 5468 881 5521; x_wconf 81' lang='grc' dir='ltr'>δὲ</span> <span class='ocrx_word' id='word_1_491' title='bbox 910 5467 1079 5535; x_wconf 88' lang='grc' dir='ltr'>λέγει,</span> <span class='ocrx_word' id='word_1_492' title='bbox 1112 5466 1354 5522; x_wconf 88' lang='grc' dir='ltr'>τοιοῦτόν</span> <span class='ocrx_word' id='word_1_493' title='bbox 1397 5469 1533 5520; x_wconf 87' lang='grc' dir='ltr'>ἐστι·</span> <span class='ocrx_word' id='word_1_494' title='bbox 1580 5467 1684 5521; x_wconf 78' lang='grc' dir='ltr'>Τὸν</span> <span class='ocrx_word' id='word_1_495' title='bbox 1727 5468 1911 5521; x_wconf 83' lang='grc' dir='ltr'>Ἰσαὰκ</span> 
     </span>
    </p>
   </div>
   <div class='ocr_carea' id='block_1_64' title="bbox 326 5546 1910 5620">
    <p class='ocr_par' dir='ltr' id='par_1_64' title="bbox 326 5546 1910 5620">
     <span class='ocr_line' id='line_1_64' title="bbox 326 5546 1910 5620; baseline -0.001 -18"><span class='ocrx_word' id='word_1_496' title='bbox 326 5549 433 5609; x_wconf 77' lang='grc' dir='ltr'>ἀπὸ</span> <span class='ocrx_word' id='word_1_497' title='bbox 471 5548 680 5620; x_wconf 82' lang='grc' dir='ltr'>νεκρῶν</span> <span class='ocrx_word' id='word_1_498' title='bbox 720 5547 988 5617; x_wconf 89' lang='grc' dir='ltr'>σωμάτων</span> <span class='ocrx_word' id='word_1_499' title='bbox 1029 5547 1249 5617; x_wconf 77' lang='grc' dir='ltr'>ῆγειρεν</span> <span class='ocrx_word' id='word_1_500' title='bbox 1279 5560 1293 5577; x_wconf 61' lang='grc'>⁸</span> <span class='ocrx_word' id='word_1_501' title='bbox 1339 5546 1481 5599; x_wconf 73' lang='grc' dir='ltr'>οὕτω</span> <span class='ocrx_word' id='word_1_502' title='bbox 1528 5547 1739 5600; x_wconf 76' lang='grc' dir='ltr'>καὶτὸν</span> <span class='ocrx_word' id='word_1_503' title='bbox 1784 5548 1910 5601; x_wconf 82' lang='grc' dir='ltr'>Υἱὸν</span> 
     </span>
    </p>
   </div>
   <div class='ocr_carea' id='block_1_65' title="bbox 388 5680 1909 5742">
    <p class='ocr_par' dir='ltr' id='par_1_65' title="bbox 388 5680 1909 5742">
     <span class='ocr_line' id='line_1_65' title="bbox 388 5680 1909 5742; baseline 0 -13"><span class='ocrx_word' id='word_1_504' title='bbox 388 5683 412 5711; x_wconf 78' lang='grc'>⁸</span> <span class='ocrx_word' id='word_1_505' title='bbox 441 5683 592 5730; x_wconf 83' lang='lat' dir='ltr'>Savil.</span> <span class='ocrx_word' id='word_1_506' title='bbox 637 5680 686 5728; x_wconf 88' lang='lat' dir='ltr'><strong>in</strong></span> <span class='ocrx_word' id='word_1_507' title='bbox 728 5695 882 5742; x_wconf 83' lang='lat' dir='ltr'>marg.</span> <span class='ocrx_word' id='word_1_508' title='bbox 924 5680 1051 5731; x_wconf 87' lang='lat' dir='ltr'><strong>hanc</strong></span> <span class='ocrx_word' id='word_1_509' title='bbox 1098 5681 1295 5742; x_wconf 73' lang='lat' dir='ltr'>conﬁcit</span> <span class='ocrx_word' id='word_1_510' title='bbox 1333 5681 1569 5741; x_wconf 81' lang='lat' dir='ltr'>apodosin</span> <span class='ocrx_word' id='word_1_511' title='bbox 1618 5696 1630 5728; x_wconf 90' lang='lat'>:</span> <span class='ocrx_word' id='word_1_512' title='bbox 1686 5682 1810 5729; x_wconf 78' lang='grc' dir='ltr'>οὕτω</span> <span class='ocrx_word' id='word_1_513' title='bbox 1854 5682 1909 5729; x_wconf 85' lang='grc' dir='ltr'>τὸ</span> 
     </span>
    </p>
   </div>
   <div class='ocr_carea' id='block_1_66' title="bbox 342 5740 1905 5805">
    <p class='ocr_par' dir='ltr' id='par_1_66' title="bbox 342 5740 1905 5805">
     <span class='ocr_line' id='line_1_66' title="bbox 342 5740 1905 5805; baseline 0.002 -18"><span class='ocrx_word' id='word_1_514' title='bbox 342 5751 486 5804; x_wconf 79' lang='grc' dir='ltr'>ινῆμα</span> <span class='ocrx_word' id='word_1_515' title='bbox 520 5744 601 5790; x_wconf 78' lang='grc' dir='ltr'>τὸν</span> <span class='ocrx_word' id='word_1_516' title='bbox 648 5740 869 5805; x_wconf 68' lang='grc' dir='ltr'>Χριστόν.</span> <span class='ocrx_word' id='word_1_517' title='bbox 922 5740 1375 5805; x_wconf 8' lang='grc' dir='ltr'>,(ἶοόη-’ῖέδςιρχιυὶ</span> <span class='ocrx_word' id='word_1_518' title='bbox 1436 5750 1603 5805; x_wconf 53' lang='lat' dir='ltr'>nos,er</span> <span class='ocrx_word' id='word_1_519' title='bbox 1656 5751 1905 5805; x_wconf 53' lang='lat' dir='ltr'>eunsgnat.</span> 
     </span>
    </p>
   </div>
   <div class='ocr_carea' id='block_1_67' title="bbox 325 5760 1897 5866">
    <p class='ocr_par' dir='ltr' id='par_1_67' title="bbox 325 5760 1897 5866">
     <span class='ocr_line' id='line_1_67' title="bbox 342 5760 1885 5805; baseline 0.002 -18"><span class='ocrx_word' id='word_1_520' title='bbox 342 5760 486 5804; x_wconf 81' lang='grc' dir='ltr'>ινημα</span> <span class='ocrx_word' id='word_1_521' title='bbox 520 5760 601 5790; x_wconf 81' lang='grc' dir='ltr'>τον</span> <span class='ocrx_word' id='word_1_522' title='bbox 648 5760 869 5805; x_wconf 71' lang='grc' dir='ltr'>Αριστον.</span> <span class='ocrx_word' id='word_1_523' title='bbox 922 5760 1045 5795; x_wconf 70' lang='grc'>,1,00.</span> <span class='ocrx_word' id='word_1_524' title='bbox 1101 5760 1183 5788; x_wconf 67' lang='grc' dir='ltr'>Αιιῦ</span> <span class='ocrx_word' id='word_1_525' title='bbox 1218 5760 1371 5790; x_wconf 70' lang='grc' dir='ltr'>ιωιιυι</span> <span class='ocrx_word' id='word_1_526' title='bbox 1437 5760 1603 5789; x_wconf 63' lang='grc' dir='ltr'>11081Γο</span> <span class='ocrx_word' id='word_1_527' title='bbox 1656 5760 1885 5790; x_wconf 69' lang='grc' dir='ltr'>ςιιιιςυηίιι</span> 
     </span>
     <span class='ocr_line' id='line_1_68' title="bbox 325 5760 1897 5866; baseline -0.002 -12"><span class='ocrx_word' id='word_1_528' title='bbox 325 5760 477 5866; x_wconf 59' lang='grc' dir='ltr'>Ἐύρόν</span> <span class='ocrx_word' id='word_1_529' title='bbox 499 5814 663 5855; x_wconf 84' lang='lat' dir='ltr'>aulcm</span> <span class='ocrx_word' id='word_1_530' title='bbox 686 5805 822 5853; x_wconf 75' lang='lat' dir='ltr'>dedit</span> <span class='ocrx_word' id='word_1_531' title='bbox 848 5805 1017 5863; x_wconf 83' lang='lat' dir='ltr'>Savil.;</span> <span class='ocrx_word' id='word_1_532' title='bbox 1050 5802 1298 5853; x_wconf 62' lang='lat' dir='ltr'>Moulﬁet</span> <span class='ocrx_word' id='word_1_533' title='bbox 1323 5804 1429 5853; x_wconf 80' lang='lat' dir='ltr'>cod.</span> <span class='ocrx_word' id='word_1_534' title='bbox 1457 5803 1547 5851; x_wconf 65' lang='lat'>748</span> <span class='ocrx_word' id='word_1_535' title='bbox 1572 5805 1736 5866; x_wconf 74' lang='grc' dir='ltr'>εὑρών.</span> <span class='ocrx_word' id='word_1_536' title='bbox 1768 5804 1897 5853; x_wconf 79' lang='lat' dir='ltr'>Edil.</span> 
     </span>
    </p>
   </div>
   <div class='ocr_carea' id='block_1_68' title="bbox 1542 358 2453 419">
    <p class='ocr_par' dir='ltr' id='par_1_68' title="bbox 1542 358 2453 419">
     <span class='ocr_line' id='line_1_69' title="bbox 1542 358 2453 419; baseline 0.001 -5"><span class='ocrx_word' id='word_1_537' title='bbox 1542 358 1677 415; x_wconf 84' lang='lat' dir='ltr'>NON</span> <span class='ocrx_word' id='word_1_538' title='bbox 1712 359 1885 415; x_wconf 86' lang='lat' dir='ltr'>ESSE</span> <span class='ocrx_word' id='word_1_539' title='bbox 1918 358 2453 419; x_wconf 77' lang='lat' dir='ltr'>DESPERANDUM.</span> 
     </span>
    </p>
   </div>
   <div class='ocr_carea' id='block_1_69' title="bbox 3486 344 3597 400">
    <p class='ocr_par' dir='ltr' id='par_1_69' title="bbox 3486 344 3597 400">
     <span class='ocr_line' id='line_1_70' title="bbox 3486 344 3597 400; baseline -0.009 -1"><span class='ocrx_word' id='word_1_540' title='bbox 3486 344 3597 400; x_wconf 78' lang='lat'>368</span> 
     </span>
    </p>
   </div>
   <div class='ocr_carea' id='block_1_70' title="bbox 2024 459 3597 533">
    <p class='ocr_par' dir='ltr' id='par_1_70' title="bbox 2024 459 3597 533">
     <span class='ocr_line' id='line_1_71' title="bbox 2024 459 3597 533; baseline 0.001 -19"><span class='ocrx_word' id='word_1_541' title='bbox 2024 461 2287 533; x_wconf 76' lang='grc' dir='ltr'>ἀνέστησε</span> <span class='ocrx_word' id='word_1_542' title='bbox 2305 503 2320 527; x_wconf 91' lang='grc'>,</span> <span class='ocrx_word' id='word_1_543' title='bbox 2338 460 2535 532; x_wconf 84' lang='grc' dir='ltr'>νεκρὸν</span> <span class='ocrx_word' id='word_1_544' title='bbox 2568 460 2876 531; x_wconf 89' lang='grc' dir='ltr'>γενόμενον.</span> <span class='ocrx_word' id='word_1_545' title='bbox 2910 459 3096 514; x_wconf 79' lang='grc' dir='ltr'>Βούλει</span> <span class='ocrx_word' id='word_1_546' title='bbox 3124 460 3215 513; x_wconf 72' lang='grc' dir='ltr'>καὶ</span> <span class='ocrx_word' id='word_1_547' title='bbox 3238 460 3423 531; x_wconf 78' lang='grc' dir='ltr'>ἐτέρου</span> <span class='ocrx_word' id='word_1_548' title='bbox 3456 462 3597 533; x_wconf 80' lang='grc' dir='ltr'>πρά-</span> 
     </span>
    </p>
   </div>
   <div class='ocr_carea' id='block_1_71' title="bbox 2026 553 3596 625">
    <p class='ocr_par' dir='ltr' id='par_1_71' title="bbox 2026 553 3596 625">
     <span class='ocr_line' id='line_1_72' title="bbox 2026 553 3596 625; baseline -0.001 -17"><span class='ocrx_word' id='word_1_549' title='bbox 2026 571 2234 623; x_wconf 72' lang='grc' dir='ltr'>γματος</span> <span class='ocrx_word' id='word_1_550' title='bbox 2298 553 2489 625; x_wconf 87' lang='grc' dir='ltr'>μαθεῖν</span> <span class='ocrx_word' id='word_1_551' title='bbox 2558 554 2826 623; x_wconf 89' lang='grc' dir='ltr'>σύμϐολον</span> <span class='ocrx_word' id='word_1_552' title='bbox 2892 553 3051 608; x_wconf 83' lang='grc' dir='ltr'>οὖσαν</span> <span class='ocrx_word' id='word_1_553' title='bbox 3116 555 3217 623; x_wconf 85' lang='grc' dir='ltr'>τὴν</span> <span class='ocrx_word' id='word_1_554' title='bbox 3275 554 3596 624; x_wconf 81' lang='grc' dir='ltr'>στείρωσιν;</span> 
     </span>
    </p>
   </div>
   <div class='ocr_carea' id='block_1_72' title="bbox 2028 644 3600 716">
    <p class='ocr_par' dir='ltr' id='par_1_72' title="bbox 2028 644 3600 716">
     <span class='ocr_line' id='line_1_73' title="bbox 2028 644 3600 716; baseline 0.001 -18"><span class='ocrx_word' id='word_1_555' title='bbox 2028 644 2300 716; x_wconf 84' lang='grc' dir='ltr'>Ἧμελλεν</span> <span class='ocrx_word' id='word_1_556' title='bbox 2346 646 2380 714; x_wconf 89' lang='grc' dir='ltr'>ή</span> <span class='ocrx_word' id='word_1_557' title='bbox 2440 644 2733 714; x_wconf 85' lang='grc' dir='ltr'>Ἐκκλησία</span> <span class='ocrx_word' id='word_1_558' title='bbox 2768 644 2829 697; x_wconf 83' lang='grc' dir='ltr'>τὸ</span> <span class='ocrx_word' id='word_1_559' title='bbox 2878 644 3082 714; x_wconf 90' lang='grc' dir='ltr'>πλῆθος</span> <span class='ocrx_word' id='word_1_560' title='bbox 3128 646 3438 716; x_wconf 83' lang='grc' dir='ltr'>ἀποκυῆσαι</span> <span class='ocrx_word' id='word_1_561' title='bbox 3488 647 3600 700; x_wconf 86' lang='grc' dir='ltr'>τῶν</span> 
     </span>
    </p>
   </div>
   <div class='ocr_carea' id='block_1_73' title="bbox 2026 732 3600 809">
    <p class='ocr_par' dir='ltr' id='par_1_73' title="bbox 2026 732 3600 809">
     <span class='ocr_line' id='line_1_74' title="bbox 2026 732 3600 809; baseline 0 -20"><span class='ocrx_word' id='word_1_562' title='bbox 2026 736 2266 790; x_wconf 84' lang='grc' dir='ltr'>πιστῶν·</span> <span class='ocrx_word' id='word_1_563' title='bbox 2299 737 2365 789; x_wconf 85' lang='grc' dir='ltr'>ἵν’</span> <span class='ocrx_word' id='word_1_564' title='bbox 2393 732 2485 790; x_wconf 80' lang='grc' dir='ltr'>οὖν</span> <span class='ocrx_word' id='word_1_565' title='bbox 2518 736 2594 806; x_wconf 87' lang='grc' dir='ltr'>μὴ</span> <span class='ocrx_word' id='word_1_566' title='bbox 2623 737 2877 806; x_wconf 82' lang='grc' dir='ltr'>ἀπιστῇς,</span> <span class='ocrx_word' id='word_1_567' title='bbox 2912 735 3029 800; x_wconf 89' lang='grc' dir='ltr'>πῶς</span> <span class='ocrx_word' id='word_1_568' title='bbox 3062 737 3094 806; x_wconf 91' lang='grc' dir='ltr'>ή</span> <span class='ocrx_word' id='word_1_569' title='bbox 3125 736 3335 804; x_wconf 82' lang='grc' dir='ltr'>ἄγονος,</span> <span class='ocrx_word' id='word_1_570' title='bbox 3366 739 3399 808; x_wconf 83' lang='grc' dir='ltr'>ὴ</span> <span class='ocrx_word' id='word_1_571' title='bbox 3428 738 3600 809; x_wconf 77' lang='grc' dir='ltr'>ἄκαρ-</span> 
     </span>
    </p>
   </div>
   <div class='ocr_carea' id='block_1_74' title="bbox 2026 827 3595 901">
    <p class='ocr_par' dir='ltr' id='par_1_74' title="bbox 2026 827 3595 901">
     <span class='ocr_line' id='line_1_75' title="bbox 2026 827 3595 901; baseline -0.001 -18"><span class='ocrx_word' id='word_1_572' title='bbox 2026 847 2148 895; x_wconf 87' lang='grc' dir='ltr'>πος,</span> <span class='ocrx_word' id='word_1_573' title='bbox 2191 831 2220 900; x_wconf 80' lang='grc' dir='ltr'>ὴ</span> <span class='ocrx_word' id='word_1_574' title='bbox 2283 831 2472 901; x_wconf 85' lang='grc' dir='ltr'>στεῖρα</span> <span class='ocrx_word' id='word_1_575' title='bbox 2519 828 2703 895; x_wconf 71' lang='grc' dir='ltr'>ἔτεκε,</span> <span class='ocrx_word' id='word_1_576' title='bbox 2760 827 3129 899; x_wconf 85' lang='grc' dir='ltr'>προέλαϐενή</span> <span class='ocrx_word' id='word_1_577' title='bbox 3178 828 3336 898; x_wconf 89' lang='grc' dir='ltr'>φύσει</span> <span class='ocrx_word' id='word_1_578' title='bbox 3389 832 3595 898; x_wconf 86' lang='grc' dir='ltr'>στεῖρα,</span> 
     </span>
    </p>
   </div>
   <div class='ocr_carea' id='block_1_75' title="bbox 2026 918 3597 993">
    <p class='ocr_par' dir='ltr' id='par_1_75' title="bbox 2026 918 3597 993">
     <span class='ocr_line' id='line_1_76' title="bbox 2026 918 3597 993; baseline -0.001 -19"><span class='ocrx_word' id='word_1_579' title='bbox 2026 920 2454 993; x_wconf 84' lang='grc' dir='ltr'>προοδοποιοῦσα</span> <span class='ocrx_word' id='word_1_580' title='bbox 2489 923 2556 992; x_wconf 85' lang='grc' dir='ltr'>τῇ</span> <span class='ocrx_word' id='word_1_581' title='bbox 2594 919 2911 992; x_wconf 87' lang='grc' dir='ltr'>προαιρέσει</span> <span class='ocrx_word' id='word_1_582' title='bbox 2942 918 3164 991; x_wconf 77' lang='grc' dir='ltr'>στείρᾳ,</span> <span class='ocrx_word' id='word_1_583' title='bbox 3199 921 3293 972; x_wconf 84' lang='grc' dir='ltr'>καὶ</span> <span class='ocrx_word' id='word_1_584' title='bbox 3328 923 3361 991; x_wconf 87' lang='grc' dir='ltr'>ή</span> <span class='ocrx_word' id='word_1_585' title='bbox 3412 920 3597 991; x_wconf 78' lang='grc' dir='ltr'>Σάρρα</span> 
     </span>
    </p>
   </div>
   <div class='ocr_carea' id='block_1_76' title="bbox 2023 1009 3598 1084">
    <p class='ocr_par' dir='ltr' id='par_1_76' title="bbox 2023 1009 3598 1084">
     <span class='ocr_line' id='line_1_77' title="bbox 2023 1009 3598 1084; baseline -0.002 -19"><span class='ocrx_word' id='word_1_586' title='bbox 2023 1013 2126 1083; x_wconf 83' lang='grc' dir='ltr'>τῆς</span> <span class='ocrx_word' id='word_1_587' title='bbox 2166 1011 2491 1084; x_wconf 85' lang='grc' dir='ltr'>Ἐκκλησίας</span> <span class='ocrx_word' id='word_1_588' title='bbox 2533 1011 2749 1080; x_wconf 86' lang='grc' dir='ltr'>ἐγένετο</span> <span class='ocrx_word' id='word_1_589' title='bbox 2774 1009 2963 1074; x_wconf 84' lang='grc' dir='ltr'>τύπος.</span> <span class='ocrx_word' id='word_1_590' title='bbox 3007 1011 3216 1081; x_wconf 80' lang='grc' dir='ltr'>Ὠσπερ</span> <span class='ocrx_word' id='word_1_591' title='bbox 3254 1011 3362 1082; x_wconf 89' lang='grc' dir='ltr'>γάρ</span> <span class='ocrx_word' id='word_1_592' title='bbox 3414 1010 3598 1080; x_wconf 85' lang='grc' dir='ltr'>ἐκείνη</span> 
     </span>
    </p>
   </div>
   <div class='ocr_carea' id='block_1_77' title="bbox 2029 1098 3598 1175">
    <p class='ocr_par' dir='ltr' id='par_1_77' title="bbox 2029 1098 3598 1175">
     <span class='ocr_line' id='line_1_78' title="bbox 2029 1098 3598 1175; baseline 0 -18"><span class='ocrx_word' id='word_1_593' title='bbox 2029 1108 2217 1174; x_wconf 88' lang='grc' dir='ltr'>στεῖρα</span> <span class='ocrx_word' id='word_1_594' title='bbox 2240 1098 2374 1158; x_wconf 82' lang='grc' dir='ltr'>οὖσα</span> <span class='ocrx_word' id='word_1_595' title='bbox 2410 1103 2595 1157; x_wconf 76' lang='grc' dir='ltr'>ἔτεκεν</span> <span class='ocrx_word' id='word_1_596' title='bbox 2632 1104 2691 1156; x_wconf 90' lang='grc' dir='ltr'>ἐν</span> <span class='ocrx_word' id='word_1_597' title='bbox 2726 1104 2893 1174; x_wconf 82' lang='grc' dir='ltr'>γήρᾳ,</span> <span class='ocrx_word' id='word_1_598' title='bbox 2922 1104 3063 1157; x_wconf 71' lang='grc' dir='ltr'>οὕτω</span> <span class='ocrx_word' id='word_1_599' title='bbox 3103 1104 3197 1155; x_wconf 74' lang='grc' dir='ltr'>καὶ</span> <span class='ocrx_word' id='word_1_600' title='bbox 3234 1103 3374 1173; x_wconf 84' lang='grc' dir='ltr'>αῦτη</span> <span class='ocrx_word' id='word_1_601' title='bbox 3415 1105 3598 1175; x_wconf 83' lang='grc' dir='ltr'>στεῖρα</span> 
     </span>
    </p>
   </div>
   <div class='ocr_carea' id='block_1_78' title="bbox 2026 1191 3599 1266">
    <p class='ocr_par' dir='ltr' id='par_1_78' title="bbox 2026 1191 3599 1266">
     <span class='ocr_line' id='line_1_79' title="bbox 2026 1191 3599 1266; baseline -0.001 -16"><span class='ocrx_word' id='word_1_602' title='bbox 2026 1191 2159 1250; x_wconf 77' lang='grc' dir='ltr'>οὖσα</span> <span class='ocrx_word' id='word_1_603' title='bbox 2182 1195 2368 1250; x_wconf 78' lang='grc' dir='ltr'>ἔτεκεν</span> <span class='ocrx_word' id='word_1_604' title='bbox 2399 1197 2485 1248; x_wconf 88' lang='grc' dir='ltr'>ἐπ’</span> <span class='ocrx_word' id='word_1_605' title='bbox 2513 1196 2753 1266; x_wconf 81' lang='grc' dir='ltr'>ἐσχάτων</span> <span class='ocrx_word' id='word_1_606' title='bbox 2784 1195 2892 1249; x_wconf 87' lang='grc' dir='ltr'>τῶν</span> <span class='ocrx_word' id='word_1_607' title='bbox 2925 1194 3153 1266; x_wconf 88' lang='grc' dir='ltr'>καιρῶν.</span> <span class='ocrx_word' id='word_1_608' title='bbox 3184 1196 3294 1248; x_wconf 79' lang='grc' dir='ltr'>Καὶ</span> <span class='ocrx_word' id='word_1_609' title='bbox 3327 1197 3409 1250; x_wconf 84' lang='grc' dir='ltr'>ὅτι</span> <span class='ocrx_word' id='word_1_610' title='bbox 3441 1196 3599 1249; x_wconf 89' lang='grc' dir='ltr'>τοῦτό</span> 
     </span>
    </p>
   </div>
   <div class='ocr_carea' id='block_1_79' title="bbox 2026 1286 3599 1359">
    <p class='ocr_par' dir='ltr' id='par_1_79' title="bbox 2026 1286 3599 1359">
     <span class='ocr_line' id='line_1_80' title="bbox 2026 1286 3599 1359; baseline 0.001 -19"><span class='ocrx_word' id='word_1_611' title='bbox 2026 1288 2173 1340; x_wconf 86' lang='grc' dir='ltr'>ἐστιν</span> <span class='ocrx_word' id='word_1_612' title='bbox 2210 1286 2440 1359; x_wconf 84' lang='grc' dir='ltr'>ἀληθὲς,</span> <span class='ocrx_word' id='word_1_613' title='bbox 2480 1287 2710 1343; x_wconf 82' lang='grc' dir='ltr'>ἄκουσον</span> <span class='ocrx_word' id='word_1_614' title='bbox 2740 1287 2949 1341; x_wconf 89' lang='grc' dir='ltr'>Παύλου</span> <span class='ocrx_word' id='word_1_615' title='bbox 2988 1286 3268 1356; x_wconf 87' lang='grc' dir='ltr'>λέγοντος·</span> <span class='ocrx_word' id='word_1_616' title='bbox 3319 1288 3505 1357; x_wconf 81' lang='grc' dir='ltr'>Ἡμεῖς</span> <span class='ocrx_word' id='word_1_617' title='bbox 3531 1288 3599 1341; x_wconf 84' lang='grc' dir='ltr'>δὲ</span> 
     </span>
    </p>
   </div>
   <div class='ocr_carea' id='block_1_80' title="bbox 2026 1377 3599 1449">
    <p class='ocr_par' dir='ltr' id='par_1_80' title="bbox 2026 1377 3599 1449">
     <span class='ocr_line' id='line_1_81' title="bbox 2026 1377 3599 1449; baseline 0.003 -20"><span class='ocrx_word' id='word_1_618' title='bbox 2026 1377 2135 1447; x_wconf 81' lang='grc' dir='ltr'>τῆς</span> <span class='ocrx_word' id='word_1_619' title='bbox 2162 1378 2480 1447; x_wconf 81' lang='grc' dir='ltr'>ἐλευθέρας</span> <span class='ocrx_word' id='word_1_620' title='bbox 2501 1378 2682 1432; x_wconf 86' lang='grc' dir='ltr'>τέκνα</span> <span class='ocrx_word' id='word_1_621' title='bbox 2706 1379 2912 1449; x_wconf 82' lang='grc' dir='ltr'>ἐσμέν.</span> <span class='ocrx_word' id='word_1_622' title='bbox 2969 1379 3187 1449; x_wconf 85' lang='grc' dir='ltr'>Ἐπειδὴ</span> <span class='ocrx_word' id='word_1_623' title='bbox 3210 1379 3319 1449; x_wconf 87' lang='grc' dir='ltr'>γὰρ</span> <span class='ocrx_word' id='word_1_624' title='bbox 3343 1381 3374 1448; x_wconf 80' lang='grc' dir='ltr'>ἡ</span> <span class='ocrx_word' id='word_1_625' title='bbox 3414 1381 3599 1449; x_wconf 80' lang='grc' dir='ltr'>Σάρρα</span> 
     </span>
    </p>
   </div>
   <div class='ocr_carea' id='block_1_81' title="bbox 2024 1470 3599 1542">
    <p class='ocr_par' dir='ltr' id='par_1_81' title="bbox 2024 1470 3599 1542">
     <span class='ocr_line' id='line_1_82' title="bbox 2024 1470 3599 1542; baseline 0.001 -21"><span class='ocrx_word' id='word_1_626' title='bbox 2024 1470 2194 1533; x_wconf 88' lang='grc' dir='ltr'>τύπος</span> <span class='ocrx_word' id='word_1_627' title='bbox 2225 1470 2342 1523; x_wconf 78' lang='grc' dir='ltr'>ἐστὶ</span> <span class='ocrx_word' id='word_1_628' title='bbox 2384 1472 2482 1541; x_wconf 91' lang='grc' dir='ltr'>τῆς</span> <span class='ocrx_word' id='word_1_629' title='bbox 2526 1470 2886 1542; x_wconf 82' lang='grc' dir='ltr'>Ἐκκλησίας,</span> <span class='ocrx_word' id='word_1_630' title='bbox 2926 1473 2960 1542; x_wconf 86' lang='grc' dir='ltr'>ἡ</span> <span class='ocrx_word' id='word_1_631' title='bbox 2995 1470 3288 1541; x_wconf 86' lang='grc' dir='ltr'>ἐλευθέρα,</span> <span class='ocrx_word' id='word_1_632' title='bbox 3326 1470 3413 1523; x_wconf 83' lang='grc' dir='ltr'>διὰ</span> <span class='ocrx_word' id='word_1_633' title='bbox 3441 1470 3599 1523; x_wconf 88' lang='grc' dir='ltr'>τοῦτο</span> 
     </span>
    </p>
   </div>
   <div class='ocr_carea' id='block_1_82' title="bbox 2025 1561 3598 1632">
    <p class='ocr_par' dir='ltr' id='par_1_82' title="bbox 2025 1561 3598 1632">
     <span class='ocr_line' id='line_1_83' title="bbox 2025 1561 3598 1632; baseline 0.003 -20"><span class='ocrx_word' id='word_1_634' title='bbox 2025 1561 2324 1631; x_wconf 84' lang='grc' dir='ltr'>ἐπήγαγεν,</span> <span class='ocrx_word' id='word_1_635' title='bbox 2345 1563 2427 1615; x_wconf 84' lang='grc' dir='ltr'>ὅτι</span> <span class='ocrx_word' id='word_1_636' title='bbox 2461 1561 2573 1630; x_wconf 81' lang='grc' dir='ltr'>Τῆς</span> <span class='ocrx_word' id='word_1_637' title='bbox 2593 1563 2909 1632; x_wconf 85' lang='grc' dir='ltr'>ἐλευθέρας</span> <span class='ocrx_word' id='word_1_638' title='bbox 2932 1562 3112 1616; x_wconf 85' lang='grc' dir='ltr'>τέκνα</span> <span class='ocrx_word' id='word_1_639' title='bbox 3129 1562 3335 1631; x_wconf 83' lang='grc' dir='ltr'>ἐσμέν.</span> <span class='ocrx_word' id='word_1_640' title='bbox 3364 1564 3474 1615; x_wconf 74' lang='grc' dir='ltr'>Καὶ</span> <span class='ocrx_word' id='word_1_641' title='bbox 3496 1564 3598 1616; x_wconf 86' lang='grc' dir='ltr'>πά-</span> 
     </span>
    </p>
   </div>
   <div class='ocr_carea' id='block_1_83' title="bbox 2025 1652 3600 1724">
    <p class='ocr_par' dir='ltr' id='par_1_83' title="bbox 2025 1652 3600 1724">
     <span class='ocr_line' id='line_1_84' title="bbox 2025 1652 3600 1724; baseline 0 -19"><span class='ocrx_word' id='word_1_642' title='bbox 2025 1652 2127 1706; x_wconf 89' lang='grc' dir='ltr'>λιν·</span> <span class='ocrx_word' id='word_1_643' title='bbox 2147 1655 2314 1722; x_wconf 75' lang='grc' dir='ltr'>Ἀρα,</span> <span class='ocrx_word' id='word_1_644' title='bbox 2334 1653 2604 1723; x_wconf 65' lang='grc' dir='ltr'>ἀδελφοὶ,</span> <span class='ocrx_word' id='word_1_645' title='bbox 2632 1658 2781 1709; x_wconf 83' lang='grc' dir='ltr'>κατὰ</span> <span class='ocrx_word' id='word_1_646' title='bbox 2817 1655 3015 1708; x_wconf 80' lang='grc' dir='ltr'>Ἰσαὰκ</span> <span class='ocrx_word' id='word_1_647' title='bbox 3037 1654 3394 1724; x_wconf 76' lang='grc' dir='ltr'>ἐπαγγελίας</span> <span class='ocrx_word' id='word_1_648' title='bbox 3417 1653 3600 1707; x_wconf 80' lang='grc' dir='ltr'>τέκνα</span> 
     </span>
    </p>
   </div>
   <div class='ocr_carea' id='block_1_84' title="bbox 2024 1745 3598 1816">
    <p class='ocr_par' dir='ltr' id='par_1_84' title="bbox 2024 1745 3598 1816">
     <span class='ocr_line' id='line_1_85' title="bbox 2024 1745 3598 1816; baseline -0.001 -17"><span class='ocrx_word' id='word_1_649' title='bbox 2024 1745 2230 1815; x_wconf 79' lang='grc' dir='ltr'>ἐσμέν.</span> <span class='ocrx_word' id='word_1_650' title='bbox 2269 1746 2334 1798; x_wconf 87' lang='grc' dir='ltr'>Τί</span> <span class='ocrx_word' id='word_1_651' title='bbox 2361 1747 2528 1808; x_wconf 87' lang='grc' dir='ltr'>ἐστιν,</span> <span class='ocrx_word' id='word_1_652' title='bbox 2579 1746 2997 1816; x_wconf 69' lang='grc' dir='ltr'>Ἐπαγγελίιις;</span> <span class='ocrx_word' id='word_1_653' title='bbox 3024 1746 3234 1816; x_wconf 81' lang='grc' dir='ltr'>Ὠσπερ</span> <span class='ocrx_word' id='word_1_654' title='bbox 3264 1749 3467 1799; x_wconf 84' lang='grc' dir='ltr'>ἐκεῖνον</span> <span class='ocrx_word' id='word_1_655' title='bbox 3499 1746 3598 1798; x_wconf 78' lang='grc' dir='ltr'>οὐκ</span> 
     </span>
    </p>
   </div>
   <div class='ocr_carea' id='block_1_85' title="bbox 2025 1835 3598 1907">
    <p class='ocr_par' dir='ltr' id='par_1_85' title="bbox 2025 1835 3598 1907">
     <span class='ocr_line' id='line_1_86' title="bbox 2025 1835 3598 1907; baseline 0 -19"><span class='ocrx_word' id='word_1_656' title='bbox 2025 1835 2177 1888; x_wconf 77' lang='grc' dir='ltr'>ἔτεκε</span> <span class='ocrx_word' id='word_1_657' title='bbox 2209 1835 2390 1905; x_wconf 88' lang='grc' dir='ltr'>φύσις,</span> <span class='ocrx_word' id='word_1_658' title='bbox 2436 1836 2555 1889; x_wconf 80' lang='grc' dir='ltr'>οὐδὲ</span> <span class='ocrx_word' id='word_1_659' title='bbox 2588 1837 2738 1907; x_wconf 83' lang='grc' dir='ltr'>ἡμᾶς</span> <span class='ocrx_word' id='word_1_660' title='bbox 2781 1836 2941 1905; x_wconf 88' lang='grc' dir='ltr'>φύσις</span> <span class='ocrx_word' id='word_1_661' title='bbox 2974 1836 3158 1889; x_wconf 82' lang='grc' dir='ltr'>ἔτεκεν</span> <span class='ocrx_word' id='word_1_662' title='bbox 3178 1877 3193 1901; x_wconf 92' lang='grc'>,</span> <span class='ocrx_word' id='word_1_663' title='bbox 3225 1836 3339 1889; x_wconf 83' lang='grc' dir='ltr'>ἀλλ’</span> <span class='ocrx_word' id='word_1_664' title='bbox 3371 1839 3403 1907; x_wconf 89' lang='grc' dir='ltr'>ή</span> <span class='ocrx_word' id='word_1_665' title='bbox 3439 1836 3598 1907; x_wconf 90' lang='grc' dir='ltr'>χάρις</span> 
     </span>
    </p>
   </div>
   <div class='ocr_carea' id='block_1_86' title="bbox 2022 1927 3598 1997">
    <p class='ocr_par' dir='ltr' id='par_1_86' title="bbox 2022 1927 3598 1997">
     <span class='ocr_line' id='line_1_87' title="bbox 2022 1927 3598 1997; baseline 0.001 -18"><span class='ocrx_word' id='word_1_666' title='bbox 2022 1928 2115 1980; x_wconf 85' lang='grc' dir='ltr'>τοῦ</span> <span class='ocrx_word' id='word_1_667' title='bbox 2143 1928 2297 1982; x_wconf 83' lang='grc' dir='ltr'>Θεοῦ.</span> <span class='ocrx_word' id='word_1_668' title='bbox 2321 1929 2429 1982; x_wconf 74' lang='grc' dir='ltr'>Καὶ</span> <span class='ocrx_word' id='word_1_669' title='bbox 2449 1927 2610 1983; x_wconf 85' lang='grc' dir='ltr'>πάλιν</span> <span class='ocrx_word' id='word_1_670' title='bbox 2626 1944 2639 1957; x_wconf 94' lang='grc'>·</span> <span class='ocrx_word' id='word_1_671' title='bbox 2676 1928 2739 1983; x_wconf 86' lang='grc' dir='ltr'><strong>Ἠ</strong></span> <span class='ocrx_word' id='word_1_672' title='bbox 2765 1928 2833 1980; x_wconf 84' lang='grc' dir='ltr'>δὲ</span> <span class='ocrx_word' id='word_1_673' title='bbox 2861 1930 2981 1982; x_wconf 80' lang='grc' dir='ltr'>ἅνω</span> <span class='ocrx_word' id='word_1_674' title='bbox 3020 1928 3405 1997; x_wconf 81' lang='grc' dir='ltr'>Ἰερουσαλὴμ</span> <span class='ocrx_word' id='word_1_675' title='bbox 3429 1930 3598 1982; x_wconf 82' lang='grc' dir='ltr'>ἐλευ-</span> 
     </span>
    </p>
   </div>
   <div class='ocr_carea' id='block_1_87' title="bbox 2024 2019 3598 2091">
    <p class='ocr_par' dir='ltr' id='par_1_87' title="bbox 2024 2019 3598 2091">
     <span class='ocr_line' id='line_1_88' title="bbox 2024 2019 3598 2091; baseline 0 -18"><span class='ocrx_word' id='word_1_676' title='bbox 2024 2019 2163 2088; x_wconf 83' lang='grc' dir='ltr'>θέρα</span> <span class='ocrx_word' id='word_1_677' title='bbox 2185 2021 2377 2083; x_wconf 80' lang='grc' dir='ltr'>ἐστὶν,</span> <span class='ocrx_word' id='word_1_678' title='bbox 2410 2021 2541 2088; x_wconf 78' lang='grc' dir='ltr'>ἥτις</span> <span class='ocrx_word' id='word_1_679' title='bbox 2568 2022 2699 2076; x_wconf 77' lang='grc' dir='ltr'>ἐστὶ</span> <span class='ocrx_word' id='word_1_680' title='bbox 2727 2020 2928 2091; x_wconf 84' lang='grc' dir='ltr'>μήτηρ</span> <span class='ocrx_word' id='word_1_681' title='bbox 2961 2019 3148 2090; x_wconf 74' lang='grc' dir='ltr'>ἡμῶν·</span> <span class='ocrx_word' id='word_1_682' title='bbox 3180 2020 3318 2091; x_wconf 77' lang='grc' dir='ltr'>αῦτη</span> <span class='ocrx_word' id='word_1_683' title='bbox 3361 2021 3418 2073; x_wconf 88' lang='grc' dir='ltr'>δέ</span> <span class='ocrx_word' id='word_1_684' title='bbox 3450 2022 3598 2074; x_wconf 82' lang='grc' dir='ltr'>ἐστιν</span> 
     </span>
    </p>
   </div>
   <div class='ocr_carea' id='block_1_88' title="bbox 2023 2109 3592 2183">
    <p class='ocr_par' dir='ltr' id='par_1_88' title="bbox 2023 2109 3592 2183">
     <span class='ocr_line' id='line_1_89' title="bbox 2023 2109 3592 2183; baseline 0.002 -23"><span class='ocrx_word' id='word_1_685' title='bbox 2023 2109 2059 2178; x_wconf 83' lang='grc' dir='ltr'><strong>ἡ</strong></span> <span class='ocrx_word' id='word_1_686' title='bbox 2099 2109 2410 2179; x_wconf 84' lang='grc' dir='ltr'>Ἐκκλησία.</span> <span class='ocrx_word' id='word_1_687' title='bbox 2437 2113 2936 2183; x_wconf 76' lang='grc' dir='ltr'>Προσεληλύθατε</span> <span class='ocrx_word' id='word_1_688' title='bbox 2966 2112 3076 2180; x_wconf 80' lang='grc' dir='ltr'>γὰρ</span> <span class='ocrx_word' id='word_1_689' title='bbox 3099 2110 3253 2164; x_wconf 83' lang='grc' dir='ltr'>Σιὼν</span> <span class='ocrx_word' id='word_1_690' title='bbox 3275 2111 3416 2178; x_wconf 79' lang='grc' dir='ltr'>ὄρει,</span> <span class='ocrx_word' id='word_1_691' title='bbox 3440 2111 3592 2180; x_wconf 80' lang='grc' dir='ltr'>φησὶ,</span> 
     </span>
    </p>
   </div>
   <div class='ocr_carea' id='block_1_89' title="bbox 2022 2196 3595 2270">
    <p class='ocr_par' dir='ltr' id='par_1_89' title="bbox 2022 2196 3595 2270">
     <span class='ocr_line' id='line_1_90' title="bbox 2022 2196 3595 2270; baseline 0.003 -20"><span class='ocrx_word' id='word_1_692' title='bbox 2022 2196 2121 2252; x_wconf 77' lang='grc' dir='ltr'>καὶ</span> <span class='ocrx_word' id='word_1_693' title='bbox 2178 2199 2351 2262; x_wconf 66' lang='grc' dir='ltr'>,πόλει</span> <span class='ocrx_word' id='word_1_694' title='bbox 2375 2199 2521 2254; x_wconf 88' lang='grc' dir='ltr'>Θεοῦ</span> <span class='ocrx_word' id='word_1_695' title='bbox 2542 2198 2776 2267; x_wconf 80' lang='grc' dir='ltr'>ζῶντος,</span> <span class='ocrx_word' id='word_1_696' title='bbox 2811 2201 3211 2270; x_wconf 70' lang='grc' dir='ltr'>Ἰερουσαλὴμ</span> <span class='ocrx_word' id='word_1_697' title='bbox 3240 2203 3595 2270; x_wconf 82' lang='grc' dir='ltr'>ἐπουρανίῳ,</span> 
     </span>
    </p>
   </div>
   <div class='ocr_carea' id='block_1_90' title="bbox 2022 2288 3598 2364">
    <p class='ocr_par' dir='ltr' id='par_1_90' title="bbox 2022 2288 3598 2364">
     <span class='ocr_line' id='line_1_91' title="bbox 2022 2288 3598 2364; baseline 0.002 -21"><span class='ocrx_word' id='word_1_698' title='bbox 2022 2288 2122 2343; x_wconf 79' lang='grc' dir='ltr'>καί</span> <span class='ocrx_word' id='word_1_699' title='bbox 2163 2290 2489 2359; x_wconf 77' lang='grc' dir='ltr'>Ἐκκλησία</span> <span class='ocrx_word' id='word_1_700' title='bbox 2518 2295 2925 2362; x_wconf 81' lang='grc' dir='ltr'>πρωτοτόκων.</span> <span class='ocrx_word' id='word_1_701' title='bbox 2958 2294 3018 2346; x_wconf 85' lang='grc' dir='ltr'>Εἰ</span> <span class='ocrx_word' id='word_1_702' title='bbox 3049 2294 3227 2347; x_wconf 89' lang='grc' dir='ltr'>τοίνυν</span> <span class='ocrx_word' id='word_1_703' title='bbox 3248 2293 3359 2347; x_wconf 82' lang='grc' dir='ltr'>ἄνω</span> <span class='ocrx_word' id='word_1_704' title='bbox 3398 2293 3598 2364; x_wconf 83' lang='grc' dir='ltr'>Ἰερου-</span> 
     </span>
    </p>
   </div>
   <div class='ocr_carea' id='block_1_91' title="bbox 2025 2372 3599 2448">
    <p class='ocr_par' dir='ltr' id='par_1_91' title="bbox 2025 2372 3599 2448">
     <span class='ocr_line' id='line_1_92' title="bbox 2025 2372 3599 2448; baseline 0.004 -25"><span class='ocrx_word' id='word_1_705' title='bbox 2025 2372 2207 2444; x_wconf 78' lang='grc' dir='ltr'>σαλὴμ</span> <span class='ocrx_word' id='word_1_706' title='bbox 2250 2374 2285 2443; x_wconf 87' lang='grc' dir='ltr'>ή</span> <span class='ocrx_word' id='word_1_707' title='bbox 2337 2374 2632 2445; x_wconf 88' lang='grc' dir='ltr'>Ἐκκλησία</span> <span class='ocrx_word' id='word_1_708' title='bbox 2671 2378 2805 2441; x_wconf 75' lang='grc' dir='ltr'>ἐστὶ,</span> <span class='ocrx_word' id='word_1_709' title='bbox 2844 2377 2944 2445; x_wconf 84' lang='grc' dir='ltr'>τῆς</span> <span class='ocrx_word' id='word_1_710' title='bbox 2984 2377 3039 2429; x_wconf 86' lang='grc' dir='ltr'>δὲ</span> <span class='ocrx_word' id='word_1_711' title='bbox 3076 2377 3187 2435; x_wconf 82' lang='grc' dir='ltr'>ἄνω</span> <span class='ocrx_word' id='word_1_712' title='bbox 3247 2377 3599 2448; x_wconf 83' lang='grc' dir='ltr'>Ἰερουσαλὴμ</span> 
     </span>
    </p>
   </div>
   <div class='ocr_carea' id='block_1_92' title="bbox 2021 2456 3600 2530">
    <p class='ocr_par' dir='ltr' id='par_1_92' title="bbox 2021 2456 3600 2530">
     <span class='ocr_line' id='line_1_93' title="bbox 2021 2456 3600 2530; baseline 0.002 -20"><span class='ocrx_word' id='word_1_713' title='bbox 2021 2456 2190 2523; x_wconf 88' lang='grc' dir='ltr'>τύπος</span> <span class='ocrx_word' id='word_1_714' title='bbox 2224 2458 2369 2511; x_wconf 75' lang='grc' dir='ltr'>ἐστὶν</span> <span class='ocrx_word' id='word_1_715' title='bbox 2397 2459 2430 2528; x_wconf 89' lang='grc' dir='ltr'>ή</span> <span class='ocrx_word' id='word_1_716' title='bbox 2457 2458 2661 2530; x_wconf 79' lang='grc' dir='ltr'>Σάρρα,</span> <span class='ocrx_word' id='word_1_717' title='bbox 2690 2458 2871 2522; x_wconf 84' lang='grc' dir='ltr'>καθὼς</span> <span class='ocrx_word' id='word_1_718' title='bbox 2893 2456 3065 2526; x_wconf 75' lang='grc' dir='ltr'>εἶπεν,</span> <span class='ocrx_word' id='word_1_719' title='bbox 3088 2461 3169 2512; x_wconf 86' lang='grc' dir='ltr'>ὅτι</span> <span class='ocrx_word' id='word_1_720' title='bbox 3191 2461 3304 2513; x_wconf 86' lang='grc' dir='ltr'>Δύο</span> <span class='ocrx_word' id='word_1_721' title='bbox 3333 2460 3472 2525; x_wconf 81' lang='grc' dir='ltr'>είσὶ,</span> <span class='ocrx_word' id='word_1_722' title='bbox 3489 2462 3600 2530; x_wconf 86' lang='grc' dir='ltr'>μία</span> 
     </span>
    </p>
   </div>
   <div class='ocr_carea' id='block_1_93' title="bbox 2016 2538 3599 2613">
    <p class='ocr_par' dir='ltr' id='par_1_93' title="bbox 2016 2538 3599 2613">
     <span class='ocr_line' id='line_1_94' title="bbox 2016 2538 3599 2613; baseline 0.004 -23"><span class='ocrx_word' id='word_1_723' title='bbox 2016 2541 2133 2608; x_wconf 74' lang='grc' dir='ltr'>μὲν</span> <span class='ocrx_word' id='word_1_724' title='bbox 2151 2541 2237 2604; x_wconf 83' lang='grc' dir='ltr'>είς</span> <span class='ocrx_word' id='word_1_725' title='bbox 2268 2538 2553 2595; x_wconf 84' lang='grc' dir='ltr'>δουλείαν</span> <span class='ocrx_word' id='word_1_726' title='bbox 2578 2539 2869 2609; x_wconf 80' lang='grc' dir='ltr'>γεννῶσα,</span> <span class='ocrx_word' id='word_1_727' title='bbox 2902 2541 3033 2609; x_wconf 80' lang='grc' dir='ltr'>ἥτις</span> <span class='ocrx_word' id='word_1_728' title='bbox 3055 2542 3226 2597; x_wconf 77' lang='grc' dir='ltr'>ἐστὶν</span> <span class='ocrx_word' id='word_1_729' title='bbox 3253 2544 3444 2613; x_wconf 74' lang='grc' dir='ltr'>Ἅγαρ·</span> <span class='ocrx_word' id='word_1_730' title='bbox 3470 2543 3508 2609; x_wconf 75' lang='grc' dir='ltr'><strong><em>ἡ</em></strong></span> <span class='ocrx_word' id='word_1_731' title='bbox 3530 2542 3599 2613; x_wconf 79' lang='grc' dir='ltr'>δὲ</span> 
     </span>
    </p>
   </div>
   <div class='ocr_carea' id='block_1_94' title="bbox 2024 2620 3594 2695">
    <p class='ocr_par' dir='ltr' id='par_1_94' title="bbox 2024 2620 3594 2695">
     <span class='ocr_line' id='line_1_95' title="bbox 2024 2620 3594 2695; baseline 0.001 -21"><span class='ocrx_word' id='word_1_732' title='bbox 2024 2620 2145 2674; x_wconf 82' lang='grc' dir='ltr'>ἄνω</span> <span class='ocrx_word' id='word_1_733' title='bbox 2183 2621 2581 2692; x_wconf 76' lang='grc' dir='ltr'>Ἰερουσαλὴμ</span> <span class='ocrx_word' id='word_1_734' title='bbox 2609 2624 2892 2692; x_wconf 83' lang='grc' dir='ltr'>ἐλευθέρα</span> <span class='ocrx_word' id='word_1_735' title='bbox 2915 2625 3087 2678; x_wconf 82' lang='grc' dir='ltr'>ἐστὶν</span> <span class='ocrx_word' id='word_1_736' title='bbox 3107 2665 3121 2688; x_wconf 93' lang='grc'>,</span> <span class='ocrx_word' id='word_1_737' title='bbox 3159 2624 3291 2693; x_wconf 80' lang='grc' dir='ltr'>ἥτις</span> <span class='ocrx_word' id='word_1_738' title='bbox 3322 2625 3453 2678; x_wconf 82' lang='grc' dir='ltr'>ἐστί</span> <span class='ocrx_word' id='word_1_739' title='bbox 3478 2625 3594 2695; x_wconf 81' lang='grc' dir='ltr'>μή·</span> 
     </span>
    </p>
   </div>
   <div class='ocr_carea' id='block_1_95' title="bbox 2022 2702 3596 2779">
    <p class='ocr_par' dir='ltr' id='par_1_95' title="bbox 2022 2702 3596 2779">
     <span class='ocr_line' id='line_1_96' title="bbox 2022 2702 3596 2779; baseline 0.003 -23"><span class='ocrx_word' id='word_1_740' title='bbox 2022 2721 2133 2771; x_wconf 85' lang='grc' dir='ltr'>τηρ</span> <span class='ocrx_word' id='word_1_741' title='bbox 2164 2702 2354 2774; x_wconf 71' lang='grc' dir='ltr'>ἡμῶν,</span> <span class='ocrx_word' id='word_1_742' title='bbox 2396 2704 2616 2776; x_wconf 79' lang='grc' dir='ltr'>εὔδηλον</span> <span class='ocrx_word' id='word_1_743' title='bbox 2645 2707 2726 2759; x_wconf 80' lang='grc' dir='ltr'>ὅτι</span> <span class='ocrx_word' id='word_1_744' title='bbox 2759 2708 2856 2778; x_wconf 88' lang='grc' dir='ltr'>τῆς</span> <span class='ocrx_word' id='word_1_745' title='bbox 2891 2707 3002 2762; x_wconf 80' lang='grc' dir='ltr'>ἄνω</span> <span class='ocrx_word' id='word_1_746' title='bbox 3049 2707 3403 2779; x_wconf 80' lang='grc' dir='ltr'>Ἰερουσαλὴμ</span> <span class='ocrx_word' id='word_1_747' title='bbox 3429 2708 3596 2772; x_wconf 85' lang='grc' dir='ltr'>τύπος</span> 
     </span>
    </p>
   </div>
   <div class='ocr_carea' id='block_1_96' title="bbox 2022 2787 3523 2863">
    <p class='ocr_par' dir='ltr' id='par_1_96' title="bbox 2022 2787 3523 2863">
     <span class='ocr_line' id='line_1_97' title="bbox 2022 2787 3523 2863; baseline 0.004 -24"><span class='ocrx_word' id='word_1_748' title='bbox 2022 2788 2169 2840; x_wconf 75' lang='grc' dir='ltr'>ἐστὶν</span> <span class='ocrx_word' id='word_1_749' title='bbox 2190 2792 2223 2859; x_wconf 87' lang='grc' dir='ltr'>ή</span> <span class='ocrx_word' id='word_1_750' title='bbox 2260 2787 2446 2859; x_wconf 78' lang='grc' dir='ltr'>Σάρρα</span> <span class='ocrx_word' id='word_1_751' title='bbox 2484 2789 2625 2842; x_wconf 86' lang='grc' dir='ltr'>κατά</span> <span class='ocrx_word' id='word_1_752' title='bbox 2657 2790 2749 2843; x_wconf 83' lang='grc' dir='ltr'>τὸν</span> <span class='ocrx_word' id='word_1_753' title='bbox 2787 2789 2943 2843; x_wconf 89' lang='grc' dir='ltr'>τόκον</span> <span class='ocrx_word' id='word_1_754' title='bbox 2969 2791 3064 2844; x_wconf 77' lang='grc' dir='ltr'>καὶ</span> <span class='ocrx_word' id='word_1_755' title='bbox 3093 2792 3191 2863; x_wconf 84' lang='grc' dir='ltr'>τὴν</span> <span class='ocrx_word' id='word_1_756' title='bbox 3223 2791 3523 2862; x_wconf 87' lang='grc' dir='ltr'>στείρωσιν.</span> 
     </span>
    </p>
   </div>
   <div class='ocr_carea' id='block_1_97' title="bbox 2099 2866 3596 2947">
    <p class='ocr_par' dir='ltr' id='par_1_97' title="bbox 2099 2866 3596 2947">
     <span class='ocr_line' id='line_1_98' title="bbox 2099 2866 3596 2947; baseline 0.005 -23"><span class='ocrx_word' id='word_1_757' title='bbox 2099 2878 2161 2925; x_wconf 85' lang='grc' dir='ltr'>ε’.</span> <span class='ocrx_word' id='word_1_758' title='bbox 2190 2866 2321 2927; x_wconf 79' lang='grc' dir='ltr'>Οἶδα</span> <span class='ocrx_word' id='word_1_759' title='bbox 2349 2872 2430 2925; x_wconf 86' lang='grc' dir='ltr'>δτι</span> <span class='ocrx_word' id='word_1_760' title='bbox 2456 2872 2759 2946; x_wconf 89' lang='grc' dir='ltr'>λεπτότερα</span> <span class='ocrx_word' id='word_1_761' title='bbox 2778 2874 2847 2927; x_wconf 84' lang='grc' dir='ltr'>τὰ</span> <span class='ocrx_word' id='word_1_762' title='bbox 2865 2876 3149 2947; x_wconf 87' lang='grc' dir='ltr'>εἰρημένα·</span> <span class='ocrx_word' id='word_1_763' title='bbox 3176 2876 3291 2930; x_wconf 86' lang='grc' dir='ltr'>ἀλλ’</span> <span class='ocrx_word' id='word_1_764' title='bbox 3306 2877 3399 2929; x_wconf 82' lang='grc' dir='ltr'>ἐὰν</span> <span class='ocrx_word' id='word_1_765' title='bbox 3422 2876 3596 2931; x_wconf 86' lang='grc' dir='ltr'>λάϐω-</span> 
     </span>
    </p>
   </div>
   <div class='ocr_carea' id='block_1_98' title="bbox 2025 2957 3592 3032">
    <p class='ocr_par' dir='ltr' id='par_1_98' title="bbox 2025 2957 3592 3032">
     <span class='ocr_line' id='line_1_99' title="bbox 2025 2957 3592 3032; baseline 0.003 -21"><span class='ocrx_word' id='word_1_766' title='bbox 2025 2974 2122 3029; x_wconf 82' lang='grc' dir='ltr'>μεν</span> <span class='ocrx_word' id='word_1_767' title='bbox 2152 2958 2202 3026; x_wconf 67' lang='grc' dir='ltr'>δ,</span> <span class='ocrx_word' id='word_1_768' title='bbox 2232 2957 2387 3011; x_wconf 78' lang='grc' dir='ltr'>οὐδὲν</span> <span class='ocrx_word' id='word_1_769' title='bbox 2420 2960 2568 3028; x_wconf 78' lang='grc' dir='ltr'>ἡμᾶς</span> <span class='ocrx_word' id='word_1_770' title='bbox 2617 2958 3055 3030; x_wconf 88' lang='grc' dir='ltr'>παραδραμεῖται</span> <span class='ocrx_word' id='word_1_771' title='bbox 3106 2960 3214 3014; x_wconf 87' lang='grc' dir='ltr'>τῶν</span> <span class='ocrx_word' id='word_1_772' title='bbox 3264 2961 3592 3032; x_wconf 83' lang='grc' dir='ltr'>λεγομένων.</span> 
     </span>
    </p>
   </div>
   <div class='ocr_carea' id='block_1_99' title="bbox 2022 3035 3594 3115">
    <p class='ocr_par' dir='ltr' id='par_1_99' title="bbox 2022 3035 3594 3115">
     <span class='ocr_line' id='line_1_100' title="bbox 2022 3035 3594 3115; baseline 0.002 -21"><span class='ocrx_word' id='word_1_773' title='bbox 2022 3035 2180 3095; x_wconf 77' lang='grc' dir='ltr'>Οὗτοι</span> <span class='ocrx_word' id='word_1_774' title='bbox 2227 3041 2326 3112; x_wconf 80' lang='grc' dir='ltr'>μὲν</span> <span class='ocrx_word' id='word_1_775' title='bbox 2359 3036 2451 3094; x_wconf 84' lang='grc' dir='ltr'>οὖν</span> <span class='ocrx_word' id='word_1_776' title='bbox 2497 3041 2891 3113; x_wconf 89' lang='grc' dir='ltr'>μυστικώτεροι</span> <span class='ocrx_word' id='word_1_777' title='bbox 2920 3044 3016 3097; x_wconf 76' lang='grc' dir='ltr'>καὶ</span> <span class='ocrx_word' id='word_1_778' title='bbox 3056 3043 3523 3115; x_wconf 88' lang='grc' dir='ltr'>δογματικώτεροι</span> <span class='ocrx_word' id='word_1_779' title='bbox 3546 3047 3594 3097; x_wconf 84' lang='grc' dir='ltr'>οί</span> 
     </span>
    </p>
   </div>
   <div class='ocr_carea' id='block_1_100' title="bbox 2020 3125 3596 3201">
    <p class='ocr_par' dir='ltr' id='par_1_100' title="bbox 2020 3125 3596 3201">
     <span class='ocr_line' id='line_1_101' title="bbox 2020 3125 3596 3201; baseline 0.003 -23"><span class='ocrx_word' id='word_1_780' title='bbox 2020 3125 2201 3194; x_wconf 85' lang='grc' dir='ltr'>λόγοι·</span> <span class='ocrx_word' id='word_1_781' title='bbox 2238 3126 2286 3178; x_wconf 85' lang='grc' dir='ltr'>εί</span> <span class='ocrx_word' id='word_1_782' title='bbox 2324 3126 2381 3179; x_wconf 81' lang='grc' dir='ltr'>δὲ</span> <span class='ocrx_word' id='word_1_783' title='bbox 2408 3125 2693 3197; x_wconf 81' lang='grc' dir='ltr'>βούλεσθε,</span> <span class='ocrx_word' id='word_1_784' title='bbox 2728 3130 2823 3180; x_wconf 82' lang='grc' dir='ltr'>καὶ</span> <span class='ocrx_word' id='word_1_785' title='bbox 2854 3128 3186 3201; x_wconf 77' lang='grc' dir='ltr'>ἠθικώτερον</span> <span class='ocrx_word' id='word_1_786' title='bbox 3219 3130 3357 3201; x_wconf 88' lang='grc' dir='ltr'>μετὰ</span> <span class='ocrx_word' id='word_1_787' title='bbox 3388 3131 3596 3183; x_wconf 82' lang='grc' dir='ltr'>τούτων</span> 
     </span>
    </p>
   </div>
   <div class='ocr_carea' id='block_1_101' title="bbox 2020 3206 3595 3286">
    <p class='ocr_par' dir='ltr' id='par_1_101' title="bbox 2020 3206 3595 3286">
     <span class='ocr_line' id='line_1_102' title="bbox 2020 3206 3595 3286; baseline 0.003 -22"><span class='ocrx_word' id='word_1_788' title='bbox 2020 3211 2152 3282; x_wconf 84' lang='grc' dir='ltr'>ἐρῶ.</span> <span class='ocrx_word' id='word_1_789' title='bbox 2184 3212 2380 3282; x_wconf 86' lang='grc' dir='ltr'>Στεῖρα</span> <span class='ocrx_word' id='word_1_790' title='bbox 2406 3206 2475 3281; x_wconf 81' lang='grc' dir='ltr'>ἦν</span> <span class='ocrx_word' id='word_1_791' title='bbox 2520 3213 2555 3281; x_wconf 89' lang='grc' dir='ltr'>ή</span> <span class='ocrx_word' id='word_1_792' title='bbox 2600 3211 2767 3282; x_wconf 84' lang='grc' dir='ltr'>γυνὴ,</span> <span class='ocrx_word' id='word_1_793' title='bbox 2802 3212 2891 3265; x_wconf 74' lang='grc' dir='ltr'>ἵνα</span> <span class='ocrx_word' id='word_1_794' title='bbox 2937 3213 3116 3286; x_wconf 82' lang='grc' dir='ltr'>μάθῃς</span> <span class='ocrx_word' id='word_1_795' title='bbox 3143 3215 3238 3267; x_wconf 91' lang='grc' dir='ltr'>τοῦ</span> <span class='ocrx_word' id='word_1_796' title='bbox 3273 3215 3464 3286; x_wconf 82' lang='grc' dir='ltr'>ἀνδρὸς</span> <span class='ocrx_word' id='word_1_797' title='bbox 3495 3216 3595 3286; x_wconf 88' lang='grc' dir='ltr'>τὴν</span> 
     </span>
    </p>
   </div>
   <div class='ocr_carea' id='block_1_102' title="bbox 2022 3293 3597 3366">
    <p class='ocr_par' dir='ltr' id='par_1_102' title="bbox 2022 3293 3597 3366">
     <span class='ocr_line' id='line_1_103' title="bbox 2022 3293 3597 3366; baseline 0.002 -18"><span class='ocrx_word' id='word_1_798' title='bbox 2022 3293 2378 3364; x_wconf 85' lang='grc' dir='ltr'>σωφροσύνην</span> <span class='ocrx_word' id='word_1_799' title='bbox 2397 3311 2411 3324; x_wconf 93' lang='grc'>·</span> <span class='ocrx_word' id='word_1_800' title='bbox 2452 3294 2533 3347; x_wconf 82' lang='grc' dir='ltr'>ὅτι</span> <span class='ocrx_word' id='word_1_801' title='bbox 2570 3293 2693 3347; x_wconf 75' lang='grc' dir='ltr'>οὔτε</span> <span class='ocrx_word' id='word_1_802' title='bbox 2717 3294 2931 3366; x_wconf 83' lang='grc' dir='ltr'>ἐκείνην</span> <span class='ocrx_word' id='word_1_803' title='bbox 2958 3296 3179 3363; x_wconf 78' lang='grc' dir='ltr'>ἐξέϐαλε</span> <span class='ocrx_word' id='word_1_804' title='bbox 3201 3339 3217 3362; x_wconf 87' lang='grc'>,</span> <span class='ocrx_word' id='word_1_805' title='bbox 3245 3298 3421 3352; x_wconf 86' lang='grc' dir='ltr'>καίτοι</span> <span class='ocrx_word' id='word_1_806' title='bbox 3445 3298 3597 3351; x_wconf 77' lang='grc' dir='ltr'>οὐδε-</span> 
     </span>
    </p>
   </div>
   <div class='ocr_carea' id='block_1_103' title="bbox 2019 3378 3593 3455">
    <p class='ocr_par' dir='ltr' id='par_1_103' title="bbox 2019 3378 3593 3455">
     <span class='ocr_line' id='line_1_104' title="bbox 2019 3378 3593 3455; baseline 0.003 -24"><span class='ocrx_word' id='word_1_807' title='bbox 2019 3378 2108 3443; x_wconf 87' lang='grc' dir='ltr'>νὸς</span> <span class='ocrx_word' id='word_1_808' title='bbox 2150 3379 2271 3432; x_wconf 87' lang='grc' dir='ltr'>τότε</span> <span class='ocrx_word' id='word_1_809' title='bbox 2308 3378 2610 3443; x_wconf 85' lang='grc' dir='ltr'>κωλύοντος</span> <span class='ocrx_word' id='word_1_810' title='bbox 2658 3380 2845 3449; x_wconf 89' lang='grc' dir='ltr'>νόμου,</span> <span class='ocrx_word' id='word_1_811' title='bbox 2890 3379 3013 3435; x_wconf 72' lang='grc' dir='ltr'>οὔτε</span> <span class='ocrx_word' id='word_1_812' title='bbox 3043 3382 3236 3454; x_wconf 86' lang='grc' dir='ltr'>ἐτέραν</span> <span class='ocrx_word' id='word_1_813' title='bbox 3279 3383 3493 3447; x_wconf 88' lang='grc' dir='ltr'>λαϐὼν,</span> <span class='ocrx_word' id='word_1_814' title='bbox 3526 3386 3593 3455; x_wconf 85' lang='grc' dir='ltr'>τῇ</span> 
     </span>
    </p>
   </div>
   <div class='ocr_carea' id='block_1_104' title="bbox 2019 3461 3596 3537">
    <p class='ocr_par' dir='ltr' id='par_1_104' title="bbox 2019 3461 3596 3537">
     <span class='ocr_line' id='line_1_105' title="bbox 2019 3461 3596 3537; baseline 0.003 -23"><span class='ocrx_word' id='word_1_815' title='bbox 2019 3461 2277 3532; x_wconf 73' lang='grc' dir='ltr'>ἐλευθέρα</span> <span class='ocrx_word' id='word_1_816' title='bbox 2300 3463 2668 3533; x_wconf 82' lang='grc' dir='ltr'>ἐπεισήγαγεν</span> <span class='ocrx_word' id='word_1_817' title='bbox 2688 3478 2701 3492; x_wconf 95' lang='grc'>·</span> <span class='ocrx_word' id='word_1_818' title='bbox 2725 3463 2753 3515; x_wconf 86' lang='grc' dir='ltr'>ὃ</span> <span class='ocrx_word' id='word_1_819' title='bbox 2773 3462 2837 3533; x_wconf 87' lang='grc' dir='ltr'>δὴ</span> <span class='ocrx_word' id='word_1_820' title='bbox 2866 3463 3053 3520; x_wconf 78' lang='grc' dir='ltr'>πολλοὶ</span> <span class='ocrx_word' id='word_1_821' title='bbox 3083 3463 3297 3520; x_wconf 83' lang='grc' dir='ltr'>ποιοῦσι</span> <span class='ocrx_word' id='word_1_822' title='bbox 3324 3466 3596 3537; x_wconf 88' lang='grc' dir='ltr'>προφάσει</span> 
     </span>
    </p>
   </div>
   <div class='ocr_carea' id='block_1_105' title="bbox 2020 3544 3595 3620">
    <p class='ocr_par' dir='ltr' id='par_1_105' title="bbox 2020 3544 3595 3620">
     <span class='ocr_line' id='line_1_106' title="bbox 2020 3544 3595 3620; baseline 0.003 -23"><span class='ocrx_word' id='word_1_823' title='bbox 2020 3544 2365 3608; x_wconf 86' lang='grc' dir='ltr'>παιδοποιίας</span> <span class='ocrx_word' id='word_1_824' title='bbox 2381 3584 2396 3607; x_wconf 89' lang='grc'>,</span> <span class='ocrx_word' id='word_1_825' title='bbox 2417 3544 2515 3614; x_wconf 88' lang='grc' dir='ltr'>τὴν</span> <span class='ocrx_word' id='word_1_826' title='bbox 2541 3544 2831 3614; x_wconf 87' lang='grc' dir='ltr'>ἀσέλγειαν</span> <span class='ocrx_word' id='word_1_827' title='bbox 2858 3546 2956 3617; x_wconf 91' lang='grc' dir='ltr'>τὴν</span> <span class='ocrx_word' id='word_1_828' title='bbox 2990 3548 3199 3601; x_wconf 85' lang='grc' dir='ltr'>ἐαυτῶν</span> <span class='ocrx_word' id='word_1_829' title='bbox 3225 3548 3559 3620; x_wconf 80' lang='grc' dir='ltr'>πληροῦντες</span> <span class='ocrx_word' id='word_1_830' title='bbox 3580 3590 3595 3615; x_wconf 89' lang='grc'>,</span> 
     </span>
    </p>
   </div>
   <div class='ocr_carea' id='block_1_106' title="bbox 2019 3627 3595 3700">
    <p class='ocr_par' dir='ltr' id='par_1_106' title="bbox 2019 3627 3595 3700">
     <span class='ocr_line' id='line_1_107' title="bbox 2019 3627 3595 3700; baseline 0.002 -17"><span class='ocrx_word' id='word_1_831' title='bbox 2019 3629 2116 3683; x_wconf 73' lang='grc' dir='ltr'>καὶ</span> <span class='ocrx_word' id='word_1_832' title='bbox 2134 3627 2235 3692; x_wconf 83' lang='grc' dir='ltr'>τὰς</span> <span class='ocrx_word' id='word_1_833' title='bbox 2260 3628 2357 3699; x_wconf 82' lang='grc' dir='ltr'>μὲν</span> <span class='ocrx_word' id='word_1_834' title='bbox 2382 3628 2752 3696; x_wconf 86' lang='grc' dir='ltr'>ἐκϐάλλοντες,</span> <span class='ocrx_word' id='word_1_835' title='bbox 2778 3629 2877 3693; x_wconf 85' lang='grc' dir='ltr'>τὰς</span> <span class='ocrx_word' id='word_1_836' title='bbox 2905 3630 2961 3683; x_wconf 83' lang='grc' dir='ltr'>δὲ</span> <span class='ocrx_word' id='word_1_837' title='bbox 2984 3631 3296 3700; x_wconf 85' lang='grc' dir='ltr'>εἰσάγοντες</span> <span class='ocrx_word' id='word_1_838' title='bbox 3314 3648 3328 3664; x_wconf 94' lang='grc'>·</span> <span class='ocrx_word' id='word_1_839' title='bbox 3351 3636 3399 3686; x_wconf 89' lang='grc' dir='ltr'>οί</span> <span class='ocrx_word' id='word_1_840' title='bbox 3421 3633 3477 3686; x_wconf 90' lang='grc' dir='ltr'>δὲ</span> <span class='ocrx_word' id='word_1_841' title='bbox 3501 3634 3595 3686; x_wconf 79' lang='grc' dir='ltr'>καὶ</span> 
     </span>
    </p>
   </div>
   <div class='ocr_carea' id='block_1_107' title="bbox 2019 3711 3598 3787">
    <p class='ocr_par' dir='ltr' id='par_1_107' title="bbox 2019 3711 3598 3787">
     <span class='ocr_line' id='line_1_108' title="bbox 2019 3711 3598 3787; baseline 0.003 -21"><span class='ocrx_word' id='word_1_842' title='bbox 2019 3712 2355 3775; x_wconf 87' lang='grc' dir='ltr'>παλλακίδας</span> <span class='ocrx_word' id='word_1_843' title='bbox 2404 3711 2819 3781; x_wconf 77' lang='grc' dir='ltr'>ἐφοπλίξοντες,</span> <span class='ocrx_word' id='word_1_844' title='bbox 2874 3715 2968 3769; x_wconf 81' lang='grc' dir='ltr'>καὶ</span> <span class='ocrx_word' id='word_1_845' title='bbox 3021 3715 3230 3787; x_wconf 88' lang='grc' dir='ltr'>μυρίων</span> <span class='ocrx_word' id='word_1_846' title='bbox 3276 3715 3378 3780; x_wconf 81' lang='grc' dir='ltr'>τὰς</span> <span class='ocrx_word' id='word_1_847' title='bbox 3421 3717 3598 3781; x_wconf 88' lang='grc' dir='ltr'>οἰκίας</span> 
     </span>
    </p>
   </div>
   <div class='ocr_carea' id='block_1_108' title="bbox 2018 3796 3599 3868">
    <p class='ocr_par' dir='ltr' id='par_1_108' title="bbox 2018 3796 3599 3868">
     <span class='ocr_line' id='line_1_109' title="bbox 2018 3796 3599 3868; baseline 0.003 -18"><span class='ocrx_word' id='word_1_848' title='bbox 2018 3796 2352 3868; x_wconf 79' lang='grc' dir='ltr'>πληροῦντες</span> <span class='ocrx_word' id='word_1_849' title='bbox 2396 3796 2669 3867; x_wconf 88' lang='grc' dir='ltr'>πολέμων.</span> <span class='ocrx_word' id='word_1_850' title='bbox 2732 3797 2872 3851; x_wconf 84' lang='grc' dir='ltr'>Ἀλλ’</span> <span class='ocrx_word' id='word_1_851' title='bbox 2923 3799 3024 3853; x_wconf 76' lang='grc' dir='ltr'>οὐκ</span> <span class='ocrx_word' id='word_1_852' title='bbox 3076 3801 3282 3864; x_wconf 84' lang='grc' dir='ltr'>ἐκεῖνος</span> <span class='ocrx_word' id='word_1_853' title='bbox 3327 3802 3355 3853; x_wconf 85' lang='grc' dir='ltr'>ὁ</span> <span class='ocrx_word' id='word_1_854' title='bbox 3388 3800 3599 3866; x_wconf 90' lang='grc' dir='ltr'>δίκαιος</span> 
     </span>
    </p>
   </div>
   <div class='ocr_carea' id='block_1_109' title="bbox 2016 3879 3599 3955">
    <p class='ocr_par' dir='ltr' id='par_1_109' title="bbox 2016 3879 3599 3955">
     <span class='ocr_line' id='line_1_110' title="bbox 2016 3879 3599 3955; baseline 0.003 -21"><span class='ocrx_word' id='word_1_855' title='bbox 2016 3880 2223 3946; x_wconf 76' lang='grc' dir='ltr'>οὕτως,</span> <span class='ocrx_word' id='word_1_856' title='bbox 2256 3880 2371 3934; x_wconf 81' lang='grc' dir='ltr'>ἀλλ’</span> <span class='ocrx_word' id='word_1_857' title='bbox 2405 3880 2566 3952; x_wconf 73' lang='grc' dir='ltr'>ἔμενε</span> <span class='ocrx_word' id='word_1_858' title='bbox 2600 3879 2840 3951; x_wconf 87' lang='grc' dir='ltr'>στέργων</span> <span class='ocrx_word' id='word_1_859' title='bbox 2893 3882 2992 3952; x_wconf 91' lang='grc' dir='ltr'>τὴν</span> <span class='ocrx_word' id='word_1_860' title='bbox 3040 3882 3416 3954; x_wconf 89' lang='grc' dir='ltr'>κληρωθεῖσαν</span> <span class='ocrx_word' id='word_1_861' title='bbox 3448 3884 3599 3955; x_wconf 84' lang='grc' dir='ltr'>αὑτῷ</span> 
     </span>
    </p>
   </div>
   <div class='ocr_carea' id='block_1_110' title="bbox 2018 3964 3600 4040">
    <p class='ocr_par' dir='ltr' id='par_1_110' title="bbox 2018 3964 3600 4040">
     <span class='ocr_line' id='line_1_111' title="bbox 2018 3964 3600 4040; baseline 0.003 -22"><span class='ocrx_word' id='word_1_862' title='bbox 2018 3964 2168 4037; x_wconf 85' lang='grc' dir='ltr'>παρὰ</span> <span class='ocrx_word' id='word_1_863' title='bbox 2190 3964 2285 4018; x_wconf 89' lang='grc' dir='ltr'>τοῦ</span> <span class='ocrx_word' id='word_1_864' title='bbox 2313 3964 2449 4019; x_wconf 89' lang='grc' dir='ltr'>Θεοῦ</span> <span class='ocrx_word' id='word_1_865' title='bbox 2490 3968 2753 4034; x_wconf 86' lang='grc' dir='ltr'>γυναῖκα,</span> <span class='ocrx_word' id='word_1_866' title='bbox 2781 3966 2876 4019; x_wconf 77' lang='grc' dir='ltr'>καὶ</span> <span class='ocrx_word' id='word_1_867' title='bbox 2906 3967 3205 4037; x_wconf 83' lang='grc' dir='ltr'>παρεκάλει</span> <span class='ocrx_word' id='word_1_868' title='bbox 3234 3968 3326 4020; x_wconf 81' lang='grc' dir='ltr'>τὸν</span> <span class='ocrx_word' id='word_1_869' title='bbox 3364 3968 3464 4039; x_wconf 90' lang='grc' dir='ltr'>τῆς</span> <span class='ocrx_word' id='word_1_870' title='bbox 3498 3969 3600 4040; x_wconf 85' lang='grc' dir='ltr'>φύ-</span> 
     </span>
    </p>
   </div>
   <div class='ocr_carea' id='block_1_111' title="bbox 2019 4047 3600 4121">
    <p class='ocr_par' dir='ltr' id='par_1_111' title="bbox 2019 4047 3600 4121">
     <span class='ocr_line' id='line_1_112' title="bbox 2019 4047 3600 4121; baseline 0.003 -21"><span class='ocrx_word' id='word_1_871' title='bbox 2019 4065 2156 4113; x_wconf 87' lang='grc' dir='ltr'>σεως</span> <span class='ocrx_word' id='word_1_872' title='bbox 2188 4048 2464 4118; x_wconf 88' lang='grc' dir='ltr'>Δεσπότην</span> <span class='ocrx_word' id='word_1_873' title='bbox 2498 4047 2789 4119; x_wconf 87' lang='grc' dir='ltr'>διορθῶσαι</span> <span class='ocrx_word' id='word_1_874' title='bbox 2814 4048 2916 4119; x_wconf 88' lang='grc' dir='ltr'>τῆς</span> <span class='ocrx_word' id='word_1_875' title='bbox 2942 4048 3157 4118; x_wconf 87' lang='grc' dir='ltr'>φύσεως</span> <span class='ocrx_word' id='word_1_876' title='bbox 3188 4050 3257 4104; x_wconf 83' lang='grc' dir='ltr'>τὰ</span> <span class='ocrx_word' id='word_1_877' title='bbox 3278 4050 3472 4121; x_wconf 77' lang='grc' dir='ltr'>δεσμὰ,</span> <span class='ocrx_word' id='word_1_878' title='bbox 3505 4053 3600 4105; x_wconf 78' lang='grc' dir='ltr'>καὶ</span> 
     </span>
    </p>
   </div>
   <div class='ocr_carea' id='block_1_112' title="bbox 2015 4131 3598 4203">
    <p class='ocr_par' dir='ltr' id='par_1_112' title="bbox 2015 4131 3598 4203">
     <span class='ocr_line' id='line_1_113' title="bbox 2015 4131 3598 4203; baseline 0.003 -20"><span class='ocrx_word' id='word_1_879' title='bbox 2015 4131 2117 4185; x_wconf 82' lang='grc' dir='ltr'>οὐκ</span> <span class='ocrx_word' id='word_1_880' title='bbox 2144 4131 2385 4186; x_wconf 84' lang='grc' dir='ltr'>ὠνείδισε</span> <span class='ocrx_word' id='word_1_881' title='bbox 2414 4134 2481 4203; x_wconf 79' lang='grc' dir='ltr'>τῇ</span> <span class='ocrx_word' id='word_1_882' title='bbox 2512 4132 2751 4201; x_wconf 89' lang='grc' dir='ltr'>γυναικί.</span> <span class='ocrx_word' id='word_1_883' title='bbox 2783 4133 2893 4186; x_wconf 73' lang='grc' dir='ltr'>Καὶ</span> <span class='ocrx_word' id='word_1_884' title='bbox 2929 4131 3123 4197; x_wconf 89' lang='grc' dir='ltr'>πόθεν,</span> <span class='ocrx_word' id='word_1_885' title='bbox 3156 4133 3236 4185; x_wconf 85' lang='grc' dir='ltr'>ὅτι</span> <span class='ocrx_word' id='word_1_886' title='bbox 3265 4133 3365 4186; x_wconf 82' lang='grc' dir='ltr'>οὐκ</span> <span class='ocrx_word' id='word_1_887' title='bbox 3387 4134 3598 4188; x_wconf 86' lang='grc' dir='ltr'>ὠνείδι-</span> 
     </span>
    </p>
   </div>
   <div class='ocr_carea' id='block_1_113' title="bbox 2017 4212 3597 4287">
    <p class='ocr_par' dir='ltr' id='par_1_113' title="bbox 2017 4212 3597 4287">
     <span class='ocr_line' id='line_1_114' title="bbox 2017 4212 3597 4287; baseline 0.002 -20"><span class='ocrx_word' id='word_1_888' title='bbox 2017 4232 2140 4284; x_wconf 89' lang='grc' dir='ltr'>σεν;</span> <span class='ocrx_word' id='word_1_889' title='bbox 2182 4215 2271 4283; x_wconf 82' lang='grc' dir='ltr'>Ἐξ</span> <span class='ocrx_word' id='word_1_890' title='bbox 2311 4215 2482 4287; x_wconf 80' lang='grc' dir='ltr'>αὐτῆς</span> <span class='ocrx_word' id='word_1_891' title='bbox 2507 4215 2605 4287; x_wconf 92' lang='grc' dir='ltr'>τῆς</span> <span class='ocrx_word' id='word_1_892' title='bbox 2634 4216 2877 4286; x_wconf 89' lang='grc' dir='ltr'>Γραφῆς.</span> <span class='ocrx_word' id='word_1_893' title='bbox 2910 4217 2974 4268; x_wconf 86' lang='grc' dir='ltr'><strong>Εἰ</strong></span> <span class='ocrx_word' id='word_1_894' title='bbox 3008 4215 3314 4279; x_wconf 83' lang='grc' dir='ltr'>ὠνείδισεν,</span> <span class='ocrx_word' id='word_1_895' title='bbox 3347 4212 3500 4271; x_wconf 74' lang='grc' dir='ltr'>εἷπεν</span> <span class='ocrx_word' id='word_1_896' title='bbox 3531 4218 3597 4272; x_wconf 86' lang='grc' dir='ltr'>ἂν</span> 
     </span>
    </p>
   </div>
   <div class='ocr_carea' id='block_1_114' title="bbox 2015 4297 3598 4371">
    <p class='ocr_par' dir='ltr' id='par_1_114' title="bbox 2015 4297 3598 4371">
     <span class='ocr_line' id='line_1_115' title="bbox 2015 4297 3598 4371; baseline 0.002 -21"><span class='ocrx_word' id='word_1_897' title='bbox 2015 4299 2049 4368; x_wconf 84' lang='grc' dir='ltr'>ἡ</span> <span class='ocrx_word' id='word_1_898' title='bbox 2090 4298 2280 4371; x_wconf 86' lang='grc' dir='ltr'>Γραφὴ</span> <span class='ocrx_word' id='word_1_899' title='bbox 2314 4298 2408 4351; x_wconf 74' lang='grc' dir='ltr'>καὶ</span> <span class='ocrx_word' id='word_1_900' title='bbox 2438 4297 2613 4362; x_wconf 88' lang='grc' dir='ltr'>τοῦτο,</span> <span class='ocrx_word' id='word_1_901' title='bbox 2650 4299 2744 4352; x_wconf 71' lang='grc' dir='ltr'>καὶ</span> <span class='ocrx_word' id='word_1_902' title='bbox 2775 4300 2875 4352; x_wconf 84' lang='grc' dir='ltr'>οὐκ</span> <span class='ocrx_word' id='word_1_903' title='bbox 2909 4298 3186 4365; x_wconf 85' lang='grc' dir='ltr'>ἐσιώπησε</span> <span class='ocrx_word' id='word_1_904' title='bbox 3209 4315 3222 4328; x_wconf 96' lang='grc'>·</span> <span class='ocrx_word' id='word_1_905' title='bbox 3255 4301 3348 4352; x_wconf 79' lang='grc' dir='ltr'>καὶ</span> <span class='ocrx_word' id='word_1_906' title='bbox 3380 4301 3488 4371; x_wconf 81' lang='grc' dir='ltr'>γὰρ</span> <span class='ocrx_word' id='word_1_907' title='bbox 3527 4301 3598 4354; x_wconf 89' lang='grc' dir='ltr'>τά</span> 
     </span>
    </p>
   </div>
   <div class='ocr_carea' id='block_1_115' title="bbox 2015 4381 3594 4454">
    <p class='ocr_par' dir='ltr' id='par_1_115' title="bbox 2015 4381 3594 4454">
     <span class='ocr_line' id='line_1_116' title="bbox 2015 4381 3594 4454; baseline 0.002 -19"><span class='ocrx_word' id='word_1_908' title='bbox 2015 4381 2417 4453; x_wconf 90' lang='grc' dir='ltr'>κατορθώματα</span> <span class='ocrx_word' id='word_1_909' title='bbox 2437 4381 2584 4449; x_wconf 88' lang='grc' dir='ltr'>λέγει</span> <span class='ocrx_word' id='word_1_910' title='bbox 2608 4381 2713 4435; x_wconf 90' lang='grc' dir='ltr'>τῶν</span> <span class='ocrx_word' id='word_1_911' title='bbox 2734 4382 2977 4447; x_wconf 89' lang='grc' dir='ltr'>δικαίων,</span> <span class='ocrx_word' id='word_1_912' title='bbox 3003 4383 3097 4437; x_wconf 77' lang='grc' dir='ltr'>καὶ</span> <span class='ocrx_word' id='word_1_913' title='bbox 3126 4382 3193 4435; x_wconf 87' lang='grc' dir='ltr'>τὰ</span> <span class='ocrx_word' id='word_1_914' title='bbox 3221 4383 3594 4454; x_wconf 81' lang='grc' dir='ltr'>ἐλαττώματα,</span> 
     </span>
    </p>
   </div>
   <div class='ocr_carea' id='block_1_116' title="bbox 2016 4464 3599 4537">
    <p class='ocr_par' dir='ltr' id='par_1_116' title="bbox 2016 4464 3599 4537">
     <span class='ocr_line' id='line_1_117' title="bbox 2016 4464 3599 4537; baseline 0.003 -21"><span class='ocrx_word' id='word_1_915' title='bbox 2016 4465 2102 4518; x_wconf 83' lang='grc' dir='ltr'>ἵνα</span> <span class='ocrx_word' id='word_1_916' title='bbox 2131 4464 2201 4518; x_wconf 84' lang='grc' dir='ltr'>τὰ</span> <span class='ocrx_word' id='word_1_917' title='bbox 2245 4464 2345 4535; x_wconf 82' lang='grc' dir='ltr'>μὲν</span> <span class='ocrx_word' id='word_1_918' title='bbox 2390 4464 2687 4535; x_wconf 85' lang='grc' dir='ltr'>φύγωμεν,</span> <span class='ocrx_word' id='word_1_919' title='bbox 2718 4466 2785 4518; x_wconf 88' lang='grc' dir='ltr'>τά</span> <span class='ocrx_word' id='word_1_920' title='bbox 2815 4466 2872 4519; x_wconf 83' lang='grc' dir='ltr'>δὲ</span> <span class='ocrx_word' id='word_1_921' title='bbox 2908 4466 3262 4537; x_wconf 82' lang='grc' dir='ltr'>ζηλώσωμεν.</span> <span class='ocrx_word' id='word_1_922' title='bbox 3303 4469 3429 4521; x_wconf 74' lang='lat' dir='ltr'>&quot;Ore</span> <span class='ocrx_word' id='word_1_923' title='bbox 3464 4468 3599 4537; x_wconf 81' lang='grc' dir='ltr'>γοῦν</span> 
     </span>
    </p>
   </div>
   <div class='ocr_carea' id='block_1_117' title="bbox 2014 4548 3594 4624">
    <p class='ocr_par' dir='ltr' id='par_1_117' title="bbox 2014 4548 3594 4624">
     <span class='ocr_line' id='line_1_118' title="bbox 2014 4548 3594 4624; baseline 0.003 -23"><span class='ocrx_word' id='word_1_924' title='bbox 2014 4548 2151 4619; x_wconf 81' lang='grc' dir='ltr'>πρὸς</span> <span class='ocrx_word' id='word_1_925' title='bbox 2182 4549 2274 4603; x_wconf 85' lang='grc' dir='ltr'>τὸν</span> <span class='ocrx_word' id='word_1_926' title='bbox 2307 4549 2421 4603; x_wconf 82' lang='grc' dir='ltr'>υἱὸν</span> <span class='ocrx_word' id='word_1_927' title='bbox 2462 4548 2627 4602; x_wconf 80' lang='grc' dir='ltr'>αὐτοῦ</span> <span class='ocrx_word' id='word_1_928' title='bbox 2658 4552 2691 4621; x_wconf 90' lang='grc' dir='ltr'>ή</span> <span class='ocrx_word' id='word_1_929' title='bbox 2719 4549 2907 4621; x_wconf 90' lang='grc' dir='ltr'>νύμφη</span> <span class='ocrx_word' id='word_1_930' title='bbox 2929 4554 2963 4621; x_wconf 89' lang='grc' dir='ltr'>ή</span> <span class='ocrx_word' id='word_1_931' title='bbox 3011 4550 3215 4624; x_wconf 83' lang='grc' dir='ltr'>Ῥαχὴλ</span> <span class='ocrx_word' id='word_1_932' title='bbox 3245 4550 3594 4624; x_wconf 85' lang='grc' dir='ltr'>ἀπωδύρετο,</span> 
     </span>
    </p>
   </div>
   <div class='ocr_carea' id='block_1_118' title="bbox 2014 4634 3597 4707">
    <p class='ocr_par' dir='ltr' id='par_1_118' title="bbox 2014 4634 3597 4707">
     <span class='ocr_line' id='line_1_119' title="bbox 2014 4634 3597 4707; baseline 0.003 -21"><span class='ocrx_word' id='word_1_933' title='bbox 2014 4634 2264 4698; x_wconf 88' lang='grc' dir='ltr'>κάκεῖνος</span> <span class='ocrx_word' id='word_1_934' title='bbox 2288 4634 2611 4705; x_wconf 83' lang='grc' dir='ltr'>ἐπέπληξεν,</span> <span class='ocrx_word' id='word_1_935' title='bbox 2644 4636 2933 4707; x_wconf 89' lang='grc' dir='ltr'>ἀμφότερα</span> <span class='ocrx_word' id='word_1_936' title='bbox 2952 4635 3188 4699; x_wconf 79' lang='grc' dir='ltr'>τέθεικε,</span> <span class='ocrx_word' id='word_1_937' title='bbox 3215 4636 3311 4689; x_wconf 79' lang='grc' dir='ltr'>καὶ</span> <span class='ocrx_word' id='word_1_938' title='bbox 3341 4636 3442 4689; x_wconf 83' lang='grc' dir='ltr'>οὐκ</span> <span class='ocrx_word' id='word_1_939' title='bbox 3488 4639 3597 4691; x_wconf 90' lang='grc' dir='ltr'>ἀπ-</span> 
     </span>
    </p>
   </div>
   <div class='ocr_carea' id='block_1_119' title="bbox 2016 4715 3592 4791">
    <p class='ocr_par' dir='ltr' id='par_1_119' title="bbox 2016 4715 3592 4791">
     <span class='ocr_line' id='line_1_120' title="bbox 2016 4715 3592 4791; baseline -0.001 -21"><span class='ocrx_word' id='word_1_940' title='bbox 2016 4718 2304 4790; x_wconf 77' lang='grc' dir='ltr'>έκρυψενή</span> <span class='ocrx_word' id='word_1_941' title='bbox 2328 4720 2544 4791; x_wconf 85' lang='grc' dir='ltr'>Γραφή.</span> <span class='ocrx_word' id='word_1_942' title='bbox 2574 4720 2792 4790; x_wconf 78' lang='grc' dir='ltr'>Ἐπειδὴ</span> <span class='ocrx_word' id='word_1_943' title='bbox 2826 4720 2933 4790; x_wconf 85' lang='grc' dir='ltr'>γὰρ</span> <span class='ocrx_word' id='word_1_944' title='bbox 2960 4715 3079 4772; x_wconf 77' lang='grc' dir='ltr'>εἷπε</span> <span class='ocrx_word' id='word_1_945' title='bbox 3099 4759 3113 4785; x_wconf 90' lang='grc'>,</span> <span class='ocrx_word' id='word_1_946' title='bbox 3142 4720 3253 4786; x_wconf 88' lang='grc' dir='ltr'>Δός</span> <span class='ocrx_word' id='word_1_947' title='bbox 3266 4738 3369 4791; x_wconf 83' lang='grc' dir='ltr'>μοι</span> <span class='ocrx_word' id='word_1_948' title='bbox 3391 4715 3592 4780; x_wconf 82' lang='grc' dir='ltr'>τέκνα,</span> 
     </span>
    </p>
   </div>
   <div class='ocr_carea' id='block_1_120' title="bbox 2013 4797 3599 4871">
    <p class='ocr_par' dir='ltr' id='par_1_120' title="bbox 2013 4797 3599 4871">
     <span class='ocr_line' id='line_1_121' title="bbox 2013 4797 3599 4871; baseline 0.001 -21"><span class='ocrx_word' id='word_1_949' title='bbox 2013 4800 2063 4851; x_wconf 80' lang='grc' dir='ltr'>εὶ</span> <span class='ocrx_word' id='word_1_950' title='bbox 2090 4797 2158 4850; x_wconf 80' lang='grc' dir='ltr'>δὲ</span> <span class='ocrx_word' id='word_1_951' title='bbox 2178 4797 2288 4868; x_wconf 80' lang='grc' dir='ltr'>μὴ,</span> <span class='ocrx_word' id='word_1_952' title='bbox 2321 4798 2753 4868; x_wconf 79' lang='grc' dir='ltr'>ἀποθανοῦμαι,</span> <span class='ocrx_word' id='word_1_953' title='bbox 2778 4798 2829 4851; x_wconf 86' lang='grc' dir='ltr'>τί</span> <span class='ocrx_word' id='word_1_954' title='bbox 2858 4815 3024 4871; x_wconf 86' lang='grc' dir='ltr'>φησιν</span> <span class='ocrx_word' id='word_1_955' title='bbox 3045 4800 3285 4863; x_wconf 87' lang='grc' dir='ltr'>ἐκεῖνος;</span> <span class='ocrx_word' id='word_1_956' title='bbox 3318 4798 3414 4865; x_wconf 80' lang='grc' dir='ltr'>Μὴ</span> <span class='ocrx_word' id='word_1_957' title='bbox 3454 4798 3599 4865; x_wconf 83' lang='grc' dir='ltr'>Θεὸς</span> 
     </span>
    </p>
   </div>
   <div class='ocr_carea' id='block_1_121' title="bbox 2012 4881 3598 4951">
    <p class='ocr_par' dir='ltr' id='par_1_121' title="bbox 2012 4881 3598 4951">
     <span class='ocr_line' id='line_1_122' title="bbox 2012 4881 3598 4951; baseline 0.001 -17"><span class='ocrx_word' id='word_1_958' title='bbox 2012 4881 2164 4951; x_wconf 81' lang='grc' dir='ltr'>ἐγὼ,</span> <span class='ocrx_word' id='word_1_959' title='bbox 2213 4881 2281 4949; x_wconf 85' lang='grc' dir='ltr'>ὃς</span> <span class='ocrx_word' id='word_1_960' title='bbox 2326 4882 2621 4951; x_wconf 74' lang='grc' dir='ltr'>ἐστέρησε</span> <span class='ocrx_word' id='word_1_961' title='bbox 2654 4899 2729 4937; x_wconf 87' lang='grc' dir='ltr'>σε</span> <span class='ocrx_word' id='word_1_962' title='bbox 2774 4884 3005 4951; x_wconf 79' lang='grc' dir='ltr'>καρποῦ</span> <span class='ocrx_word' id='word_1_963' title='bbox 3047 4884 3312 4946; x_wconf 75' lang='grc' dir='ltr'>κοιλίαςς</span> <span class='ocrx_word' id='word_1_964' title='bbox 3341 4885 3454 4947; x_wconf 88' lang='grc' dir='ltr'>Δός</span> <span class='ocrx_word' id='word_1_965' title='bbox 3492 4901 3598 4951; x_wconf 83' lang='grc' dir='ltr'>μοι</span> 
     </span>
    </p>
   </div>
   <div class='ocr_carea' id='block_1_122' title="bbox 2013 4960 3597 5033">
    <p class='ocr_par' dir='ltr' id='par_1_122' title="bbox 2013 4960 3597 5033">
     <span class='ocr_line' id='line_1_123' title="bbox 2013 4960 3597 5033; baseline -0.001 -20"><span class='ocrx_word' id='word_1_966' title='bbox 2013 4960 2213 5015; x_wconf 80' lang='grc' dir='ltr'>τέκνα.</span> <span class='ocrx_word' id='word_1_967' title='bbox 2268 4960 2617 5033; x_wconf 90' lang='grc' dir='ltr'>Γυναικώδης</span> <span class='ocrx_word' id='word_1_968' title='bbox 2650 4963 2684 5032; x_wconf 94' lang='grc' dir='ltr'>ή</span> <span class='ocrx_word' id='word_1_969' title='bbox 2732 4962 2950 5032; x_wconf 75' lang='grc' dir='ltr'>αἴτησις</span> <span class='ocrx_word' id='word_1_970' title='bbox 2997 4962 3092 5015; x_wconf 80' lang='grc' dir='ltr'>καὶ</span> <span class='ocrx_word' id='word_1_971' title='bbox 3138 4960 3443 5027; x_wconf 85' lang='grc' dir='ltr'>ἀλόγιστος.</span> <span class='ocrx_word' id='word_1_972' title='bbox 3505 4960 3597 5030; x_wconf 83' lang='grc' dir='ltr'>Τῷ</span> 
     </span>
    </p>
   </div>
   <div class='ocr_carea' id='block_1_123' title="bbox 2013 5043 3599 5116">
    <p class='ocr_par' dir='ltr' id='par_1_123' title="bbox 2013 5043 3599 5116">
     <span class='ocr_line' id='line_1_124' title="bbox 2013 5043 3599 5116; baseline -0.001 -18"><span class='ocrx_word' id='word_1_973' title='bbox 2013 5044 2165 5116; x_wconf 74' lang='grc' dir='ltr'>ἀνδρὶ</span> <span class='ocrx_word' id='word_1_974' title='bbox 2190 5044 2388 5114; x_wconf 88' lang='grc' dir='ltr'>λέγεις,</span> <span class='ocrx_word' id='word_1_975' title='bbox 2419 5048 2529 5112; x_wconf 90' lang='grc' dir='ltr'>Δός</span> <span class='ocrx_word' id='word_1_976' title='bbox 2549 5064 2650 5115; x_wconf 81' lang='grc' dir='ltr'>μοι</span> <span class='ocrx_word' id='word_1_977' title='bbox 2678 5045 2880 5111; x_wconf 82' lang='grc' dir='ltr'>τέκνα,</span> <span class='ocrx_word' id='word_1_978' title='bbox 2910 5044 3347 5116; x_wconf 86' lang='grc' dir='ltr'>παραδραμοῦσα</span> <span class='ocrx_word' id='word_1_979' title='bbox 3377 5044 3469 5096; x_wconf 82' lang='grc' dir='ltr'>τὸν</span> <span class='ocrx_word' id='word_1_980' title='bbox 3497 5043 3599 5113; x_wconf 89' lang='grc' dir='ltr'>τῆς</span> 
     </span>
    </p>
   </div>
   <div class='ocr_carea' id='block_1_124' title="bbox 2014 5126 3598 5201">
    <p class='ocr_par' dir='ltr' id='par_1_124' title="bbox 2014 5126 3598 5201">
     <span class='ocr_line' id='line_1_125' title="bbox 2014 5126 3598 5201; baseline -0.001 -22"><span class='ocrx_word' id='word_1_981' title='bbox 2014 5126 2229 5196; x_wconf 88' lang='grc' dir='ltr'>φύσεως</span> <span class='ocrx_word' id='word_1_982' title='bbox 2258 5128 2564 5201; x_wconf 83' lang='grc' dir='ltr'>Δεσπότην;</span> <span class='ocrx_word' id='word_1_983' title='bbox 2598 5128 2697 5183; x_wconf 90' lang='grc' dir='ltr'>Διά</span> <span class='ocrx_word' id='word_1_984' title='bbox 2726 5127 2883 5183; x_wconf 89' lang='grc' dir='ltr'>τοῦτο</span> <span class='ocrx_word' id='word_1_985' title='bbox 2909 5129 3004 5182; x_wconf 77' lang='grc' dir='ltr'>καὶ</span> <span class='ocrx_word' id='word_1_986' title='bbox 3034 5129 3242 5190; x_wconf 82' lang='grc' dir='ltr'>ἐκεῖνος</span> <span class='ocrx_word' id='word_1_987' title='bbox 3282 5126 3598 5197; x_wconf 89' lang='grc' dir='ltr'>πληκτικώ-</span> 
     </span>
    </p>
   </div>
   <div class='ocr_carea' id='block_1_125' title="bbox 2012 5211 3596 5283">
    <p class='ocr_par' dir='ltr' id='par_1_125' title="bbox 2012 5211 3596 5283">
     <span class='ocr_line' id='line_1_126' title="bbox 2012 5211 3596 5283; baseline 0.001 -21"><span class='ocrx_word' id='word_1_988' title='bbox 2012 5228 2168 5281; x_wconf 88' lang='grc' dir='ltr'>τερον</span> <span class='ocrx_word' id='word_1_989' title='bbox 2199 5212 2635 5283; x_wconf 86' lang='grc' dir='ltr'>ἀποκρινάμενος</span> <span class='ocrx_word' id='word_1_990' title='bbox 2681 5211 3025 5265; x_wconf 87' lang='grc' dir='ltr'>κατέστειλεν</span> <span class='ocrx_word' id='word_1_991' title='bbox 3070 5211 3242 5282; x_wconf 84' lang='grc' dir='ltr'>αὐτῆς</span> <span class='ocrx_word' id='word_1_992' title='bbox 3274 5211 3372 5281; x_wconf 84' lang='grc' dir='ltr'>τὴν</span> <span class='ocrx_word' id='word_1_993' title='bbox 3403 5211 3596 5276; x_wconf 79' lang='grc' dir='ltr'>ἄλογον</span> 
     </span>
    </p>
   </div>
   <div class='ocr_carea' id='block_1_126' title="bbox 2015 5291 3590 5366">
    <p class='ocr_par' dir='ltr' id='par_1_126' title="bbox 2015 5291 3590 5366">
     <span class='ocr_line' id='line_1_127' title="bbox 2015 5291 3590 5366; baseline 0 -19"><span class='ocrx_word' id='word_1_994' title='bbox 2015 5291 2167 5365; x_wconf 82' lang='grc'>[559]</span> <span class='ocrx_word' id='word_1_995' title='bbox 2199 5294 2449 5364; x_wconf 75' lang='grc' dir='ltr'>αἴτησιν,</span> <span class='ocrx_word' id='word_1_996' title='bbox 2486 5295 2579 5348; x_wconf 81' lang='grc' dir='ltr'>καὶ</span> <span class='ocrx_word' id='word_1_997' title='bbox 2621 5295 2826 5360; x_wconf 82' lang='grc' dir='ltr'>ἐδίδαξε</span> <span class='ocrx_word' id='word_1_998' title='bbox 2869 5295 3022 5366; x_wconf 86' lang='grc' dir='ltr'>παρά</span> <span class='ocrx_word' id='word_1_999' title='bbox 3076 5295 3223 5357; x_wconf 90' lang='grc' dir='ltr'>τίνος</span> <span class='ocrx_word' id='word_1_1000' title='bbox 3265 5294 3347 5347; x_wconf 83' lang='grc' dir='ltr'>δεῖ</span> <span class='ocrx_word' id='word_1_1001' title='bbox 3398 5296 3590 5347; x_wconf 75' lang='grc' dir='ltr'>αἰτεῖν.</span> 
     </span>
    </p>
   </div>
   <div class='ocr_carea' id='block_1_127' title="bbox 2025 5373 3591 5448">
    <p class='ocr_par' dir='ltr' id='par_1_127' title="bbox 2025 5373 3591 5448">
     <span class='ocr_line' id='line_1_128' title="bbox 2025 5373 3591 5448; baseline 0.001 -21"><span class='ocrx_word' id='word_1_1002' title='bbox 2025 5376 2165 5429; x_wconf 83' lang='grc' dir='ltr'>Ἀλλ’</span> <span class='ocrx_word' id='word_1_1003' title='bbox 2194 5378 2292 5448; x_wconf 85' lang='grc' dir='ltr'>οὐχ</span> <span class='ocrx_word' id='word_1_1004' title='bbox 2319 5377 2493 5442; x_wconf 71' lang='grc' dir='ltr'>οὕτως</span> <span class='ocrx_word' id='word_1_1005' title='bbox 2512 5418 2527 5444; x_wconf 92' lang='grc'>,</span> <span class='ocrx_word' id='word_1_1006' title='bbox 2563 5376 2685 5431; x_wconf 74' lang='grc' dir='ltr'>οὔτε</span> <span class='ocrx_word' id='word_1_1007' title='bbox 2714 5378 2877 5440; x_wconf 79' lang='grc' dir='ltr'>αὐτὸς</span> <span class='ocrx_word' id='word_1_1008' title='bbox 2908 5388 2930 5416; x_wconf 79' lang='grc' dir='ltr'><strong>ο</strong></span> <span class='ocrx_word' id='word_1_1009' title='bbox 2955 5378 3107 5432; x_wconf 82' lang='grc' dir='ltr'>οὐδὲν</span> <span class='ocrx_word' id='word_1_1010' title='bbox 3132 5377 3374 5432; x_wconf 87' lang='grc' dir='ltr'>τοιοῦτον</span> <span class='ocrx_word' id='word_1_1011' title='bbox 3399 5373 3553 5430; x_wconf 84' lang='grc' dir='ltr'>εἶπεν</span> <span class='ocrx_word' id='word_1_1012' title='bbox 3574 5417 3591 5441; x_wconf 94' lang='grc'>,</span> 
     </span>
    </p>
   </div>
   <div class='ocr_carea' id='block_1_128' title="bbox 2011 5457 3589 5533">
    <p class='ocr_par' dir='ltr' id='par_1_128' title="bbox 2011 5457 3589 5533">
     <span class='ocr_line' id='line_1_129' title="bbox 2011 5457 3589 5533; baseline 0.001 -22"><span class='ocrx_word' id='word_1_1013' title='bbox 2011 5457 2135 5512; x_wconf 78' lang='grc' dir='ltr'>οῦτε</span> <span class='ocrx_word' id='word_1_1014' title='bbox 2169 5460 2350 5532; x_wconf 87' lang='grc' dir='ltr'>ἐκείνη</span> <span class='ocrx_word' id='word_1_1015' title='bbox 2381 5462 2517 5532; x_wconf 86' lang='grc' dir='ltr'>πρὸς</span> <span class='ocrx_word' id='word_1_1016' title='bbox 2543 5461 2732 5514; x_wconf 82' lang='grc' dir='ltr'>τοῦτον</span> <span class='ocrx_word' id='word_1_1017' title='bbox 2775 5460 3100 5533; x_wconf 86' lang='grc' dir='ltr'>άπωδύρατο</span> <span class='ocrx_word' id='word_1_1018' title='bbox 3139 5462 3235 5515; x_wconf 75' lang='grc' dir='ltr'>καὶ</span> <span class='ocrx_word' id='word_1_1019' title='bbox 3263 5461 3589 5531; x_wconf 85' lang='grc' dir='ltr'>ἐθρήνησεν.</span> 
     </span>
    </p>
   </div>
   <div class='ocr_carea' id='block_1_129' title="bbox 2096 5540 3594 5616">
    <p class='ocr_par' dir='ltr' id='par_1_129' title="bbox 2096 5540 3594 5616">
     <span class='ocr_line' id='line_1_130' title="bbox 2096 5540 3594 5616; baseline -0.002 -19"><span class='ocrx_word' id='word_1_1020' title='bbox 2096 5543 2377 5598; x_wconf 87' lang='grc' dir='ltr'>Ἐντεῦθεν</span> <span class='ocrx_word' id='word_1_1021' title='bbox 2406 5545 2758 5615; x_wconf 88' lang='grc' dir='ltr'>σωφροσύνην</span> <span class='ocrx_word' id='word_1_1022' title='bbox 2781 5545 3153 5616; x_wconf 60' lang='grc' dir='ltr'>παιδευόμεθα</span> <span class='ocrx_word' id='word_1_1023' title='bbox 3174 5545 3267 5599; x_wconf 77' lang='grc' dir='ltr'>καὶ</span> <span class='ocrx_word' id='word_1_1024' title='bbox 3288 5544 3491 5596; x_wconf 71' lang='grc' dir='ltr'>πίστιν.</span> <span class='ocrx_word' id='word_1_1025' title='bbox 3520 5540 3594 5594; x_wconf 85' lang='grc' dir='ltr'>Τὸ</span> 
     </span>
    </p>
   </div>
   <div class='ocr_carea' id='block_1_130' title="bbox 2072 5676 2623 5752">
    <p class='ocr_par' dir='ltr' id='par_1_130' title="bbox 2072 5676 2623 5752">
     <span class='ocr_line' id='line_1_131' title="bbox 2072 5676 2623 5752; baseline 0 0"><span class='ocrx_word' id='word_1_1026' title='bbox 2072 5677 2101 5752; x_wconf 74' lang='lat'>‘1</span> <span class='ocrx_word' id='word_1_1027' title='bbox 2119 5676 2356 5752; x_wconf 60' lang='lat'>994-1433</span> <span class='ocrx_word' id='word_1_1028' title='bbox 2373 5677 2623 5752; x_wconf 52' lang='lat'>32°39‘09&quot;-</span> 
     </span>
    </p>
   </div>
   <div class='ocr_carea' id='block_1_131' title="bbox 2015 5737 3590 5848">
    <p class='ocr_par' dir='ltr' id='par_1_131' title="bbox 2015 5737 3590 5848">
     <span class='ocr_line' id='line_1_132' title="bbox 2015 5737 3590 5848; baseline -0.002 -61"><span class='ocrx_word' id='word_1_1029' title='bbox 2015 5801 2046 5841; x_wconf 53' lang='lat' dir='ltr'><strong>q</strong></span> <span class='ocrx_word' id='word_1_1030' title='bbox 2077 5739 2339 5848; x_wconf 48' lang='grc' dir='ltr'>εςριικιιε</span> <span class='ocrx_word' id='word_1_1031' title='bbox 2365 5737 2465 5787; x_wconf 67' lang='grc' dir='ltr'>ἀλλ⁷</span> <span class='ocrx_word' id='word_1_1032' title='bbox 2493 5737 2727 5802; x_wconf 75' lang='grc' dir='ltr'>οὖχοῦτος</span> <span class='ocrx_word' id='word_1_1033' title='bbox 2748 5740 2853 5789; x_wconf 74' lang='grc' dir='ltr'>οὔτε</span> <span class='ocrx_word' id='word_1_1034' title='bbox 2879 5741 3004 5800; x_wconf 83' lang='grc' dir='ltr'>αῦτ.,</span> <span class='ocrx_word' id='word_1_1035' title='bbox 3048 5752 3156 5801; x_wconf 70' lang='lat' dir='ltr'>quae</span> <span class='ocrx_word' id='word_1_1036' title='bbox 3185 5744 3263 5786; x_wconf 75' lang='lat' dir='ltr'>est</span> <span class='ocrx_word' id='word_1_1037' title='bbox 3306 5737 3590 5798; x_wconf 72' lang='lat' dir='ltr'>conjectura</span> 
     </span>
     <span class='ocr_line' id='line_1_133' title="bbox 2015 5813 2206 5848; baseline 0 0"><span class='ocrx_word' id='word_1_1038' title='bbox 2015 5813 2127 5848; x_wconf 58' lang='grc' dir='ltr'>μανι</span> <span class='ocrx_word' id='word_1_1039' title='bbox 2153 5813 2206 5848; x_wconf 88' lang='lat' dir='ltr'>n.</span> 
     </span>
    </p>
   </div>
   <div class='ocr_carea' id='block_1_132' title="bbox 2015 5813 2206 5851">
    <p class='ocr_par' dir='ltr' id='par_1_132' title="bbox 2015 5813 2206 5851">
     <span class='ocr_line' id='line_1_134' title="bbox 2015 5813 2206 5851; baseline 0 -2"><span class='ocrx_word' id='word_1_1040' title='bbox 2015 5813 2206 5851; x_wconf 66' lang='lat' dir='ltr'>baVllll.</span> 
     </span>
    </p>
   </div>
  </div>
