4020 6370
405 390 503 448 371

408 499 656 570 ῃιηιϋοιο
680 540 695 566 ,
746 499 834 570 qui
877 507 985 555 tres
1014 514 1177 571 panes
1215 501 1463 571 petebat,
1509 502 1705 573 quique
1734 518 1840 557 non
1872 512 1978 558 tam

408 600 624 663 prapter
670 592 955 647 amicitiam
978 634 993 659 ,
1034 608 1192 663 quam
1238 602 1456 664 propter
1496 594 1857 649 assiduitatem
1885 593 1979 649 ob-

408 686 581 740 tinuit.
609 685 808 740 Horum
835 686 1196 756 unusquisque
1223 686 1265 741 si
1291 685 1532 752 dixisset,
1558 686 1814 742 Peccator
1837 702 1977 752 sum,

404 785 460 831 et
498 776 699 845 pudore
744 775 994 842 suffusus,
1039 786 1094 831 et
1135 775 1333 832 ideirco
1370 775 1625 833 accedere
1653 792 1759 832 non
1784 775 1974 842 debeo,

406 867 538 922 nihil
577 868 949 938 promovisset.
996 867 1067 921 At
1091 868 1341 937 quoniam
1379 867 1587 922 illorum
1612 867 1835 937 quisque
1871 881 1978 921 non

405 960 471 1013 ad
511 968 846 1028 peccatorum
876 973 1093 1013 suorum
1129 958 1362 1028 respexit
1386 956 1801 1027 magnitudinem
1824 998 1841 1025 ,
1885 956 1979 1012 sed

405 1052 472 1106 ad
501 1052 714 1108 divitias
739 1052 1075 1123 benignitatis
1105 1052 1195 1107 Dei
1225 1050 1437 1124 (Ephes.
1468 1051 1522 1107 5.
1552 1050 1676 1122 l6),
1702 1050 1979 1105 conlidens

406 1152 461 1198 et
493 1142 665 1199 audax
688 1144 813 1207 fuit,
837 1151 893 1199 et
919 1143 1159 1214 quamvis
1180 1150 1426 1213 peccator
1448 1151 1645 1212 praeter
1668 1141 1977 1212 dignitatem

407 1248 555 1289 suam
585 1234 892 1305 postulavi},
922 1243 977 1289 et
1002 1249 1122 1304 quae
1149 1233 1313 1288 voluit
1338 1233 1560 1304 quisque
1584 1232 1825 1304 perfecit.
1854 1232 1981 1289 Haec

408 1324 567 1394 igitur
589 1324 765 1380 omnia
787 1336 968 1380 mente
991 1338 1269 1379 versemus
1286 1364 1303 1391 ,
1332 1332 1386 1379 et
1404 1322 1617 1379 assidue
1642 1337 1829 1392 preces
1856 1321 1979 1377 fun-

406 1416 595 1471 damus
617 1456 633 1483 ,
656 1415 841 1486 vigiles
860 1454 875 1481 ,
906 1413 1232 1470 confidentes
1255 1455 1270 1479 ,
1295 1413 1450 1470 bona:
1475 1415 1589 1484 spei
1619 1414 1783 1484 pleni,
1812 1414 1980 1470 multo

406 1521 529 1561 cum
557 1505 752 1561 studio.
785 1505 995 1572 Quanto
1026 1519 1149 1560 cum
1187 1504 1363 1560 studio
1381 1505 1564 1560 etcteri
1591 1503 1849 1560 adversus
1874 1504 1979 1559 ini-

407 1597 575 1652 micos
602 1610 787 1668 preces
811 1595 1071 1663 fundunt,
1099 1604 1246 1650 tanto
1268 1609 1387 1650 cum
1414 1594 1593 1650 studio
1632 1609 1733 1651 nos
1753 1608 1850 1665 pro
1880 1595 1982 1650 ini-

408 1688 562 1743 micis
589 1695 645 1743 et
672 1702 767 1757 pro
807 1686 1053 1742 fratribus
1091 1700 1277 1758 preces
1316 1684 1632 1753 fundamus,
1675 1698 1730 1743 et
1757 1687 1978 1743 omnino

1141 392 1200 447 S.
1237 391 1509 448 JOANNIS
1529 390 1997 448 CHRYSOSTOMI
2036 387 2352 444 ARCIIIEP.
2391 386 2899 445 CONSTANTINOP

3554 383 3659 441 373

2083 509 2271 556 cuncta
2300 515 2418 571 qua:
2454 500 2507 554 in
2536 515 2645 554 rem
2677 508 2912 555 nostram
2939 496 3133 554 fuerint
3156 495 3531 554 obtinebimus.
3559 496 3659 552 Be-

2085 592 2274 661 nignus
2301 590 2443 646 enim
2472 599 2554 646 est
2578 591 2668 662 qui
2694 590 2918 661 largitur
2942 631 2958 657 ,
2986 604 3085 645 nec
3107 588 3240 644 adeo
3265 603 3362 643 nos
3387 586 3662 643 desidera-

2083 699 2203 739 mus
2222 683 2501 753 accipere,
2542 692 2604 739 ut
2637 680 2906 738 desiderat
2947 682 3037 737 ille
3085 681 3286 753 largiri.
3327 679 3457 736 Haec
3500 680 3662 751 igitur

2082 776 2260 832 omnia
2287 790 2409 831 cum
2436 776 2685 840 sciamus,
2716 775 2840 831 licet
2880 775 2934 829 in
2970 773 3205 828 infimum
3245 771 3497 842 nequitiae
3531 786 3661 842 pro-

2082 868 2301 923 fundum
2318 868 2484 924 simus
2507 866 2762 933 devoluti,
2784 866 2940 922 nesic
2958 864 3169 937 quidem
3195 863 3265 921 de
3283 863 3454 919 salute
3480 870 3661 918 nostra

2083 959 2456 1029 desperemus,
2510 958 2607 1014 sed
2656 958 2797 1014 bona
2844 957 3007 1013 etiam
3042 970 3165 1011 cum
3196 970 3289 1026 spe
3323 955 3662 1017 accedamus,

2083 1052 2342 1123 nobisque
2367 1050 2779 1121 persuadeamus
2804 1049 3024 1105 omnino
3062 1048 3207 1113 fore,
3252 1057 3311 1103 ut
3352 1047 3493 1118 quod
3528 1047 3666 1117 peti-

2081 1158 2203 1198 mus
2240 1157 2588 1213 assequamur
2612 1183 2629 1211 ,
2660 1140 2705 1198 si
2746 1158 2814 1198 ex
2858 1140 3169 1213 przescripto
3200 1140 3425 1195 latarum
3452 1138 3518 1194 ab
3547 1140 3665 1208 ipso

2083 1232 2259 1303 legum
2308 1241 2571 1304 petamus.
2620 1232 2755 1288 Eum
2783 1232 2871 1305 qui
2911 1241 3071 1304 potest
3097 1232 3265 1286 omnia
3293 1234 3459 1303 facere
3485 1247 3667 1301 super-

2081 1324 2430 1391 abundanter,
2474 1340 2627 1394 quam
2668 1324 2915 1395 petimus,
2958 1333 3046 1378 aut
3088 1322 3414 1393 intelligimus
3436 1319 3661 1392 (Ephes.

2081 1413 2136 1469 3.
2162 1413 2291 1487 20),
2340 1413 2634 1481 Christum,
2672 1413 2912 1470 omnium
2951 1413 3185 1484 Regem,
3226 1413 3393 1469 Deum
3423 1422 3666 1467 nostrum

2081 1507 2236 1563 decet
2259 1507 2433 1564 omnis
2460 1508 2648 1580 gloria,
2674 1507 2846 1563 honor
2870 1517 2924 1564 et
2947 1506 3207 1574 adoratio,
3233 1523 3336 1561 una
3363 1521 3485 1561 cum
3507 1505 3669 1560 Patre

2082 1598 2217 1653 initii
2244 1608 2481 1669 experte,
2499 1614 2563 1655 ac
2582 1599 2916 1655 sanctissimo
2939 1598 3250 1669 vivificoque
3271 1596 3491 1668 Spiritu,
3515 1610 3661 1651 nunc

2084 1698 2139 1745 et
2167 1703 2402 1759 semper,
2430 1697 2486 1746 et
2524 1689 2579 1745 in
2605 1690 2798 1747 saecula
2826 1689 3167 1748 saeculorum.
3193 1690 3382 1745 Amen.

1356 2312 1708 2390 MONITUM
1750 2330 1848 2391 AD
1889 2328 2267 2391 IIOMILIAM
2303 2328 2383 2389 IN
2429 2324 2656 2387 ILLUD

476 2584 632 2643 lianc
657 2586 975 2643 concionem
1005 2595 1128 2658 post
1150 2596 1425 2658 peractam
1457 2587 1744 2644 lectionem
1770 2588 2025 2659 Epistolze
2072 2587 2139 2644 ad
2172 2587 2391 2643 Galatas
2425 2586 2730 2643 Antiochia:
2774 2582 2967 2641 habuit
3000 2580 3445 2655 Chrysostomus.
3482 2574 3641 2630 Veri-

409 2712 498 2758 tus
521 2703 664 2757 enim
689 2719 757 2759 ne
786 2704 1017 2771 tantilla,
1050 2720 1173 2776 qua:
1195 2705 1285 2764 hic
1312 2714 1539 2777 apparet
1583 2707 1724 2763 inter
1752 2706 1975 2765 Petrum
2015 2716 2071 2763 et
2112 2704 2345 2763 Paulum
2386 2705 2678 2772 Ecclesiae,
2732 2706 2810 2762 ait
2853 2706 2965 2771 ille,
2996 2706 3301 2767 columnas,
3346 2696 3638 2758 dissensio,
3680 2696 3689 2705 '

412 2817 629 2888 piorum
668 2816 883 2873 animos
906 2817 1316 2888 interturbaret,
1338 2820 1497 2892 longa
1523 2821 1702 2877 locum
1728 2822 1880 2877 illum
1909 2822 2157 2877 oratione
2179 2820 2473 2891 explanare
2496 2820 2710 2874 nititur.
2741 2818 2925 2877 Multis
2955 2819 3139 2875 statim
3161 2817 3417 2888 explicat,
3440 2823 3645 2885 quanta

412 2934 545 2992 hinc
574 2936 921 2995 iiicemmoda
959 2949 1281 3010 sequantur,
1301 2940 1351 2996 si
1373 2954 1499 2995 vere
1520 2947 1576 2994 et
1601 2938 1925 3010 obiurgandi
1946 2937 2157 3003 animo,
2192 2933 2441 3006 plurimis
2470 2933 2857 3004 praesentibus,
2878 2931 3261 3003 apostolorum
3289 2925 3642 2998 coryphaeum

411 3050 612 3110 Paulus
628 3053 705 3110 sit
732 3055 976 3111 adortus.
1006 3053 1147 3111 Hinc
1171 3055 1309 3111 duas
1328 3055 1473 3111 circa
1495 3054 1643 3110 hunc
1666 3055 1847 3110 locum
1872 3052 2172 3110 sententias
2205 3051 2402 3121 aperit,
2430 3050 2726 3121 statimque
2771 3045 2971 3103 refutat
2996 3061 3012 3099 :
3059 3058 3293 3117 quarum
3339 3041 3491 3113 prior
3535 3050 3643 3103 est,

413 3167 635 3224 Petrum
658 3168 724 3224 de
746 3183 856 3240 quo
877 3168 965 3226 hic
1003 3170 1200 3242 agitur,
1222 3186 1329 3225 non
1357 3169 1728 3241 apostolorum
1758 3167 2083 3242 principem,
2104 3164 2206 3222 sed
2234 3165 2402 3220 alium
2430 3178 2551 3220 esse
2576 3161 2954 3234 cognominem
2992 3179 3006 3215 :
3041 3160 3209 3216 altera
3238 3171 3421 3214 veram
3458 3152 3649 3210 statuit

416 3298 539 3338 esse
562 3283 1065 3354 reprehensionem,
1091 3284 1188 3341 sed
1218 3284 1471 3341 simulate
1503 3282 1725 3341 factam.
1753 3280 1959 3339 Deinde
2002 3294 2133 3336 vero
2165 3293 2321 3335 suam
2365 3274 2575 3348 profert
2609 3274 2700 3331 ille
2732 3274 3049 3347 opinionem
3083 3289 3099 3325 :
3136 3281 3333 3337 nempe
3374 3261 3651 3336 apostolos

420 3395 640 3453 Petrum
664 3408 725 3455 et
746 3397 979 3456 Paulum
1008 3401 1082 3457 ad
1110 3401 1253 3459 hanc
1286 3402 1430 3474 piam
1466 3401 1872 3459 simulationem
1905 3407 2128 3470 paratos
2156 3397 2556 3466 meditatusque
2596 3392 2850 3460 venisse;
2898 3403 3077 3462 exque
3112 3394 3273 3460 pacto
3302 3391 3358 3441 et
3384 3388 3652 3439 convento

427 3661 3629 3703 ___________________________________________..

380 4003 508 4047 CCII
540 4002 603 4046 IN
646 4002 1055 4049 PRECEDENTI
1079 4005 1393 4049 COLLECTA
1422 4005 1488 4048 IN
1522 4005 1687 4049 NOVA
1732 4003 2024 4049 ECCLESIA
2066 4004 2197 4047 CUM
2241 4001 2533 4046 EPISCOPO
2577 4000 2964 4045 CONVENTUM
2992 4000 3444 4057 CELEBBASSET,
3474 4002 3646 4047 HUNC

457 4101 799 4147 SERMONEM
869 4104 1108 4147 HABUIT
1151 4105 1214 4147 IN
1257 4105 1488 4148 VETERI
1531 4104 1819 4149 ECCLESIA
1867 4104 1930 4147 IN
1974 4103 2143 4146 HUNC
2202 4102 2411 4145 LOCUM
2466 4100 2765 4145 APOS'I‘OLI
2805 4103 2819 4143 ζ
2867 4102 2999 4145 CUM
3056 4102 3355 4146 VENISSBT
3407 4103 3648 4146 PETRUS

452 4202 873 4259 “noenum,
916 4204 982 4247 11v
1026 4205 1263 4248 FACIEM
1307 4205 1367 4247 El
1412 4204 1661 4248 RESTITI
1706 4186 1724 4266 (
1757 4185 1897 4248 Gal.
1924 4184 1987 4244 2.
2017 4185 2085 4245 11
2121 4185 2140 4263 )
2174 4205 2188 4244 :
2222 4202 2302 4244 ET
2337 4200 2646 4244 OSTENDI'I‘
2690 4201 2771 4242 EA
2813 4201 2955 4253 om:
2996 4202 3128 4245 TUM
3173 4202 3471 4259 FIEBANT,
3519 4203 3644 4245 non

454 4303 494 4343 Δ
562 4302 938 4346 (ιοητιιλιωε
1006 4303 1251 4347 STUDIIS
1312 4304 1626 4348 PP-OFEC'I‘A
1670 4306 1865 4362 ESSE,
1940 4303 2157 4346 VERUM
2226 4303 2311 4344 EX
2354 4301 2551 4346 PACTO
2617 4300 2948 4347 CONVENTO
3014 4303 3095 4346 ΕΤ
3138 4303 3259 4346 PER
3312 4304 3649 4348 DISPENSA-

455 4399 697 4448 nonan
740 4384 854 4456 (α).

444 4666 497 4725 l.
532 4670 704 4726 Unum
747 4686 778 4726 a
818 4671 972 4727 vobis
1010 4671 1158 4727 abfui
1200 4671 1378 4739 diem,
1429 4680 1484 4728 ct
1532 4670 1755 4743 perinde
1801 4671 1956 4741 quasi

373 4774 515 4815 anno
562 4761 766 4831 integro
807 4771 1083 4831 separatus
1109 4777 1141 4817 a
1181 4762 1336 4817 vobis
1381 4762 1635 4827 fuissem,
1674 4763 1745 4816 ita
1788 4762 1954 4817 tristis

377 4860 708 4923 incestusque
749 4853 1035 4923 permansi.
1079 4855 1254 4923 Atque
1284 4853 1398 4909 hazc
1435 4869 1557 4908 vera
1581 4867 1701 4908 esse
1724 4894 1740 4919 ,
1788 4867 1857 4907 ex
1890 4853 1953 4907 iis

374 4958 492 5011 quae
525 4943 676 4998 vobis
703 4943 1044 5009 acciderunt,
1079 4945 1179 5016 ipsi
1210 4945 1548 5015 cognoscitis.
1606 4944 1676 5001 Ut
1701 4946 1842 5000 enim
1870 4944 1950 4997 la-

371 5042 522 5088 ctens
553 5034 807 5104 puerulus
832 5050 863 5089 a
890 5036 1144 5091 maternis
1192 5036 1411 5091 avulsus
1453 5036 1706 5091 uberibus
1738 5037 1753 5067 ¹
1775 5077 1791 5103 ,
1820 5051 1954 5105 quo-

372 5139 602 5194 cumque
636 5124 848 5182 tandem
874 5126 1135 5183 abductus
1162 5127 1338 5194 fuerit,
1366 5128 1557 5183 crebro
1585 5144 1645 5183 se
1672 5127 1774 5183 huc
1801 5128 1952 5183 illuc—

372 5231 478 5284 que
501 5216 791 5283 convertit,
823 5226 878 5271 et
897 5227 1122 5273 matrem
1142 5233 1294 5273 suam
1321 5219 1677 5288 circumspicit
1709 5236 1724 5272 :
1747 5219 1824 5274 sic
1851 5233 1953 5289 ego

369 5320 581 5375 quoque
627 5306 811 5375 procul
854 5321 886 5361 a
930 5319 1175 5364 materno
1217 5310 1337 5365 sinu
1385 5310 1706 5377 translatus,
1760 5310 1951 5365 crebro

369 5396 900 5466 circumspiciebam,
955 5410 1009 5453 et
1059 5401 1411 5471 undequaque
1454 5417 1664 5456 sacrum
1714 5412 1950 5457 vestrum

371 5486 512 5542 hunc
539 5499 737 5544 emtum
760 5490 1116 5559 requirebam.
1171 5491 1278 5548 Sed
1306 5507 1367 5547 ea
1392 5508 1480 5547 me
1502 5507 1588 5547 res
1614 5503 1791 5547 tamen
1819 5492 1950 5547 satis

368 5578 762 5647 consolabatur,
794 5579 938 5651 quod
968 5579 1095 5636 dum
1120 5582 1489 5640 amantissimo
1514 5585 1649 5654 patri
1681 5599 1945 5655 parerem,

371 5734 506 5847 '
551 5736 727 5791 Collata
759 5753 869 5791 cum
901 5746 1007 5791 Mss.
1040 5741 1188 5804 Regio
1206 5741 1348 5801 2345,
1386 5750 1434 5794 et
1460 5742 1747 5797 Colbertlnis
1774 5744 1869 5796 970
1902 5753 1949 5795 ct

433 5859 452 5890 ί
490 5864 617 5909 L‘utts
643 5867 768 5925 Mss,
799 5877 829 5915 a
849 5871 1048 5927 paterno
1070 5862 1176 5916 sinu
1200 5864 1406 5916 avulsus.

1985 4525 2279 4575 0......—

2063 4666 2117 4722 id
2147 4666 2279 4721 mihi
2307 4665 2593 4736 accideret,
2624 4676 2680 4722 et
2706 4675 3023 4737 conceptum
3053 4681 3118 4723 ex
3151 4666 3487 4736 separatione
3508 4681 3649 4721 mce-

2057 4774 2233 4813 rorem
2255 4758 2569 4815 obedientite
2592 4761 2867 4829 prtemium
2892 4759 3244 4830 abstergebat.
3268 4760 3360 4814 Est
3378 4760 3519 4815 enim
3541 4760 3653 4817 hoc

2057 4854 2189 4909 mihi
2210 4854 2294 4910 vel
2331 4854 2523 4925 quovis
2565 4854 2864 4909 diademate
2894 4854 3153 4909 illustrius
3176 4894 3193 4921 ,
3222 4865 3276 4908 et
3298 4868 3497 4910 corona
3524 4854 3648 4924 glo-

2057 4944 2250 5000 riosius
2277 4985 2293 5012 ,
2325 4944 2521 5015 ubique
2557 4960 2679 4999 cum
2712 4946 2954 5014 genitore
2974 4945 3304 5014 peregrinari
3333 4962 3349 4999 :
3386 4945 3487 4999 hoc
3513 4944 3646 4999 mihi

2057 5045 2276 5091 ornatus
2303 5046 2404 5100 est,
2432 5045 2487 5092 et
2522 5037 2787 5092 securitas
2818 5054 2833 5090 :
2861 5046 3081 5092 ornatus
3102 5036 3318 5107 quidem
3338 5076 3355 5103 ,
3386 5037 3530 5106 quod
3562 5038 3646 5092 sic

2056 5141 2180 5181 eum
2206 5126 2588 5198 maneiparim,
2620 5136 2676 5182 et
2698 5126 2770 5181 ad
2794 5142 3031 5182 amorem
3077 5142 3256 5183 meum
3304 5127 3644 5197 pellexerim,

2058 5224 2117 5270 ut
2141 5232 2399 5287 nusquam
2416 5218 2532 5273 sine
2555 5218 2663 5273 filio
2680 5218 2808 5273 velit
2824 5234 3083 5289 appanere
3109 5236 3125 5272 :
3150 5219 3417 5274 securitas
3437 5228 3645 5283 autem,

2055 5309 2197 5378 quod
2210 5308 2333 5363 dum
2352 5318 2666 5379 praesentem
2685 5311 2918 5365 intuetur
2927 5319 3086 5380 atque
3095 5321 3409 5376 certantem,
3426 5311 3649 5366 omnino

2056 5412 2269 5453 suarum
2293 5401 2451 5454 etiam
2482 5415 2698 5470 precum
2727 5401 2981 5455 auxilium
3012 5401 3167 5456 nobis
3195 5401 3521 5472 suppeditet.
3575 5400 3647 5456 Et

2056 5490 2503 5559 quemadmodum
2531 5508 2722 5549 navem
2751 5494 3123 5564 gubernatoris
3164 5509 3390 5561 manus,
3434 5493 3641 5558 clavus,

2061 5590 2117 5636 et
2148 5581 2365 5653 zephyri
2392 5582 2549 5639 flatus
2572 5584 2639 5642 ad
2666 5594 2875 5655 portum
2913 5599 3105 5641 secure
3132 5583 3403 5639 deducunt
3436 5600 3450 5637 :
3482 5584 3560 5637 sic
3589 5593 3649 5637 et

2059 5673 2215 5743 hujus
2256 5675 2665 5744 benevolentia,
2723 5693 2845 5732 cum
2899 5678 3098 5733 auxilio
3144 5692 3397 5748 precum,
3449 5675 3645 5732 melius

2057 5782 2213 5836 quam
2240 5770 2507 5840 zephyrus
2533 5781 2588 5826 et
2624 5772 2951 5841 gubernator
2992 5771 3131 5826 ullus
3177 5780 3267 5825 aut
3308 5769 3645 5840 gubernacu-

2058 5857 2166 5912 lum
2190 5899 2206 5928 ,
2249 5862 2541 5919 orationem
2583 5872 2821 5920 nostram
2862 5863 3060 5936 dirigit.
3116 5863 3198 5919 Me
3229 5878 3355 5918 vero
3379 5872 3639 5933 pra-terea
