4020 6370
301 299 437 387 571‘

304 447 398 502 τὸν
426 440 628 519 λῃστὴν
664 446 755 501 τὸν
793 445 888 501 ἐπὶ
935 445 1189 518 σταυροῦ,
1230 446 1323 501 τὸν
1374 448 1433 502 ὲν
1485 450 1552 519 τῇ
1584 446 1869 519 παραϐολῇ

306 534 460 604 φίλον
487 532 579 587 τδν
607 535 734 599 τοὺς
770 537 917 607 τρεῖς
943 535 1140 607 ἄρτους
1165 534 1444 603 αἰτοῦντα,
1483 535 1581 590 καὶ
1606 536 1705 606 οὐχ
1730 534 1872 589 οὓτω

304 622 394 674 διὰ
445 620 547 693 τὴν
614 621 821 691 φιλίαν,
868 622 944 686 ὡς
994 621 1082 676 διὰ
1132 622 1233 694 τὴν
1277 624 1631 695 προσεδρείαν
1682 624 1873 676 ἐπιτυ-

305 708 486 778 χόντα.
513 707 731 763 Τούτων
750 710 978 772 ἕκαστος
997 711 1046 762 εἰ
1067 704 1239 774 εἶπεν,
1262 707 1342 761 ὅτι
1375 706 1432 760 Ἀ
1442 706 1716 777 μαρτωλός
1734 710 1872 779 εἰμι,

305 800 386 851 ὅτι
415 797 880 870 Κατῃσχυμμένος
917 798 1053 869 είμὶ,
1089 798 1186 851 καὶ
1214 796 1303 852 διὰ
1343 796 1501 852 τοῦτο
1543 798 1644 851 οὐκ
1675 798 1875 867 ὀφείλω

306 884 646 955 προσελθεῖν,
690 886 791 939 οὐκ
831 884 903 940 ἂν
949 885 1116 955 ῆνυσέ
1162 903 1215 938 τι
1263 884 1445 939 πλέον.
1500 886 1643 940 Ἀλλ’
1692 885 1876 957 ἐπειδὴ

303 974 533 1033 ἕκαστος
554 973 763 1027 τούτων
789 974 851 1028 ού
874 975 1011 1047 πρὸς
1035 973 1095 1027 τὸ
1124 973 1353 1045 μέγεθος
1369 971 1473 1028 εῒδε
1499 975 1608 1029 τῶν
1636 976 1878 1047 ἁμαρτη-

309 1061 517 1130 μάτων,
549 1060 687 1113 ἀλλά
719 1062 856 1133 πρὸς
884 1062 977 1115 τὸν
1015 1061 1250 1115 πλοῦτον
1276 1063 1377 1134 τῆς
1399 1061 1494 1117 τοῦ
1519 1062 1656 1115 Θεοῦ
1696 1064 1877 1134 φιλαν-

304 1148 568 1219 θρωπίας,
598 1147 839 1221 ἐθάρρει,
878 1150 971 1204 καὶ
1002 1149 1395 1221 κατετόλμησε,
1432 1151 1526 1204 καὶ
1556 1151 1877 1223 ἁμαρτωλὸς

303 1234 379 1288 ῶν
420 1238 603 1307 ᾐτεῖτο
649 1236 792 1309 ὑπὲρ
833 1236 933 1307 τὴν
968 1237 1126 1302 ἀξίαν
1170 1236 1266 1308 τὴν
1311 1238 1527 1303 ἑαυτοῦ,
1560 1239 1654 1292 καὶ
1680 1239 1876 1309 ῆνυσεν

302 1324 533 1387 ἕκαστος
580 1323 725 1396 ἀπερ
774 1324 1029 1396 ἠθέλησε.
1079 1325 1242 1379 Ταῦτ’
1292 1321 1384 1379 οῦν
1450 1326 1877 1397 μνημονεύωμεν

305 1412 517 1465 ἅπαντα
555 1412 652 1465 καὶ
696 1412 1088 1483 φυλάττωμεν,
1132 1414 1224 1466 καὶ
1255 1412 1543 1486 εὐχώμεθα
1593 1415 1873 1485 διηνεκῶς’

307 1496 446 1567 μετά
488 1500 734 1571 νήψεως,
786 1500 925 1571 μετά
978 1500 1073 1553 τοῦ
1121 1500 1377 1573 θαρρεῖν,
1440 1502 1577 1573 μετὰ
1625 1505 1876 1575 χρηστῶν

303 1584 556 1651 ἐλπίδων,
600 1586 739 1657 μετά
796 1587 1039 1659 σπουδῆς
1093 1588 1313 1660 πολλῆς.
1367 1590 1503 1645 Μεθ’
1534 1592 1668 1661 ὅσης
1700 1591 1875 1662 ἕτεροι

306 1672 544 1744 σπουδῆς
583 1674 939 1747 κατεύχονται
984 1675 1094 1732 τῶν
1134 1677 1374 1748 ἐχθρῶν,
1429 1678 1568 1750 μετά
1610 1678 1876 1751 τοσαύτης

1370 329 1440 386 ΙΝ
1479 329 1710 399 ILLUD,
1747 331 1817 388 IN
1857 331 2115 390 FACIEM
2159 332 2227 396 Εἰ
2271 334 2569 396 RESTITI.

3438 338 3543 395 372

1976 446 2137 516 ἡμεῖς
2174 446 2409 517 σπουδῆς
2445 445 2540 499 καὶ⁸
2564 445 2706 519 ὑπὲρ
2735 446 2844 499 τῶν
2871 444 3100 516 ἐχθρῶν,
3140 442 3237 498 καὶ
3268 443 3407 515 ὑπὲρ
3438 445 3548 498 τῶν

1978 533 2190 587 ἑαυτῶν
2210 533 2458 603 ἀδελφῶν
2480 532 2783 604 εύξώμεθα,
2804 534 2899 587 καὶ
2926 535 3142 596 πάντως
3157 532 3549 603 ὲπιτευξόμεθα

1978 618 2092 672 τῶν
2125 621 2510 689 συμφερόντων
2539 619 2812 674 ἁπάντων.
2837 618 3218 690 Φιλάνθρωπος
3253 619 3362 689 γὰρ
3412 618 3441 669 ὁ
3469 619 3549 673 δι-

1977 707 2123 771 δοὺς,
2170 707 2265 760 καὶ
2292 707 2392 778 οὐχ
2433 707 2603 771 οὕτως
2640 710 2803 778 ἡμεῖς
2842 707 3206 775 ὲπιποθοῦμεν
3237 706 3439 771 λαϐεῖν,
3474 706 3551 771 ὠς

1981 796 2189 859 ἐκεῖνος
2227 795 2480 849 ἐπιποθεῖ
2504 795 2704 851 δοῦναι.
2748 796 2913 850 Ταῦτ’
2959 791 3051 850 οὖν
3082 795 3296 849 ἅπαντα
3326 794 3547 857 εἰδότες,

1977 884 2079 937 κᾶν
2122 884 2203 946 είς
2259 882 2486 954 έσχατον
2546 885 2745 948 κακίας
2802 884 3050 955 πυθμένα
3114 884 3547 953 κατενεχθῶμεν,

1979 971 2115 1042 μηδὲ
2152 970 2323 1035 οὕτως
2358 972 2683 1044 ἀπογνῶμεν
2719 972 2821 1042 τῆς
2852 973 3060 1026 ἑαυτῶν
3089 973 3381 1043 σωτηρίας,
3414 972 3549 1025 ἀλλὰ

1979 1059 2119 1130 μετά
2154 1060 2366 1131 ἀγαθῆς
2398 1060 2610 1125 ἐλπίδος
2634 1060 2973 1132 προσίωμεν,
3003 1060 3289 1123 πείσαντες
3322 1061 3548 1122 ἑαυτοὺς

1974 1148 2057 1201 ὅτι
2104 1149 2323 1212 πάντως
2354 1148 2636 1220 ληψόμεθα
2666 1150 2809 1220 ἆπερ
2844 1147 3124 1219 αἰτοῦμεν,
3152 1148 3217 1201 ἂν
3247 1147 3386 1201 κατὰ
3423 1148 3549 1211 τοὺς

1976 1237 2068 1290 ὑπ’
2099 1236 2262 1291 αὐτοῦ
2291 1236 2581 1307 κειμένους
2607 1236 2805 1307 νόμους
2837 1236 3099 1306 αἰτῶμεν.
3132 1228 3217 1301 Τῷ
3238 1234 3549 1304 δυναμένῳ

1976 1327 2175 1383 πάντα
2207 1325 2457 1396 ποιῆσαι
2478 1326 2634 1394 ὑπὲρ
2667 1325 3037 1395 ἐκπερισσοῦ
3054 1318 3141 1378 ὧν
3165 1327 3483 1394 αἰτούμεθα
3508 1323 3545 1390 ἢ

1980 1413 2264 1485 νοοῦμεν,
2300 1414 2523 1487 Χριστῷ
2546 1413 2623 1483 τῷ
2652 1411 2987 1483 παμϐασιλεῖ
3012 1411 3132 1482 Θεῷ
3159 1411 3315 1482 ήμῶν
3349 1411 3547 1482 πρέπει

1976 1504 2128 1559 πᾶσα
2177 1504 2324 1572 δόξα,
2366 1503 2503 1575 τιμὴ
2544 1502 2640 1556 καὶ
2679 1500 3069 1573 προσκύνησις,
3097 1502 3197 1554 σὺν
3226 1500 3304 1571 τῷ
3327 1501 3549 1571 ἀνάρχῳ

1975 1593 2176 1663 Πατρὶ,
2211 1593 2408 1665 καὶτῷ
2438 1591 2690 1662 παναγίῳ
2715 1591 2809 1645 καὶ
2836 1588 3086 1661 ζωοποιῷ
3121 1591 3421 1657 Πνεύματι,
3451 1588 3548 1643 νῦν

1975 1681 2069 1734 καὶ
2096 1682 2204 1745 ἀεὶ,
2233 1682 2327 1735 καὶ
2358 1682 2439 1745 εἰς
2465 1679 2592 1743 τοὺς
2611 1679 2815 1743 αίῶνας
2835 1676 2944 1732 τῶν
2968 1678 3201 1733 αἰώνων.
3246 1676 3439 1748 Ἀμήν.

330 1970 3549 2003 W

1496 2278 1575 2340 IN
1613 2277 1888 2340 FACIEM
1924 2279 2001 2339 ΕΙ
2034 2279 2359 2340 RESTITl.

314 2511 459 2567 inter
484 2511 677 2570 ambos
707 2512 861 2581 inito,
895 2528 1021 2569 cum
1051 2530 1111 2569 se
1134 2531 1167 2568 ει
1198 2515 1449 2586 gentibus
1487 2531 1801 2585 segregassc
1831 2514 2075 2581 Petrum,
2104 2530 2176 2569 ne
2218 2515 2271 2571 iu
2308 2514 2624 2571 Iudaeorum
2663 2515 3019 2571 oﬂensionem
3062 2513 3366 2569 incurreret
3388 2553 3402 2577 ,
3435 2521 3546 2567 tum

311 2629 543 2685 Paulum
575 2630 627 2684 ei
652 2628 708 2684 in
735 2628 931 2686 faciem
966 2631 1250 2698 restitisse,
1286 2632 1379 2686 illo
1409 2646 1520 2685 nou
1550 2631 1873 2695 reluctante,
1905 2631 2032 2699 quia
2061 2629 2347 2685 amborum
2375 2645 2440 2685 ea
2473 2646 2625 2686 mens
2660 2640 2799 2697 erat,
2830 2641 2888 2683 ut
2917 2629 3052 2699 legis
3078 2628 3267 2699 jugum
3300 2630 3550 2699 gentibus

313 2761 423 2801 nou
462 2747 848 2818 imponeretur.
881 2748 1149 2804 Caeterum
1183 2747 1558 2820 Chrysostomi
1607 2748 1820 2817 opinio,
1854 2763 1977 2817 quae
2020 2747 2088 2802 ab
2120 2747 2354 2818 Origene
2394 2761 2648 2801 manasse
2678 2744 2937 2809 creditur,
2969 2745 3038 2799 ab
3069 2744 3401 2814 Hieronymo
3436 2743 3552 2814 pri-

310 2880 463 2920 mum
488 2873 845 2935 propugnata,
880 2864 950 2943 ab
972 2864 1280 2936 Augustino
1310 2864 1542 2919 refutata
1567 2875 1669 2932 est,
1692 2876 1969 2921 asserente
2001 2880 2186 2919 verum
2213 2880 2312 2920 nec
2344 2863 2655 2920 simulatam
2686 2861 2856 2917 fuisse
2873 2860 3024 2915 Pauli
3052 2859 3549 2930 reprehensionem,

311 2982 388 3037 ita
410 2990 471 3036 ut
495 2982 616 3053 ejus
646 2983 985 3052 argumentis
1007 2983 1220 3039 cederet
1242 2984 1329 3039 vel
1358 2983 1473 3055 ipse
1506 2984 1891 3056 Hieronymus.
1922 2982 2042 3040 Non
2074 2984 2273 3040 desunt
2298 2992 2500 3047 tamen,
2539 2981 2630 3052 qui
2662 2981 2900 3051 priorem
2928 2979 3271 3044 sententiain,
3309 2994 3428 3047 qua:
3456 2975 3553 3031 Pe-

312 3109 460 3154 trum
507 3100 578 3156 ab
622 3101 871 3172 apostolo
915 3102 1083 3158 alium
1129 3104 1345 3171 asserit,
1400 3119 1504 3161 nec
1539 3102 1633 3175 qui
1688 3103 2047 3173 posteriorem
2097 3118 2128 3158 a
2166 3102 2556 3175 Chrysostomo
2594 3105 2989 3171 propugnatam
3044 3094 3315 3165 hodieque
3360 3090 3555 3147 defen-

310 3214 464 3271 dant.

383 3332 765 3407 lnterpretatio
801 3333 998 3393 Latina
1021 3345 1104 3393 est
1131 3334 1427 3393 Frontonis
1460 3334 1665 3391 Ducrei.

301 3876 454 3953 [562]
514 3878 594 3949 Τῇ
643 3880 897 3949 προτέρᾳ
942 3879 1195 3944 συνάξει
1225 3880 1295 3933 ὲν
1336 3876 1410 3948 τῇ
1452 3877 1752 3946 ἐκκλησίᾳ
1789 3875 1865 3945 τῇ
1902 3874 2082 3944 καινῇ
2108 3871 2436 3943 συναχθεὶς
2468 3867 2619 3940 μετὰ
2657 3870 2764 3925 τοῦ
2800 3870 3159 3937 ἐπισκόπου,
3206 3870 3431 3937 ταύτην
3474 3869 3547 3922 ἐν

370 3973 443 4043 τῇ
470 3973 694 4041 παλαιᾷ
715 3975 884 4029 εἶπεν
906 3977 992 4041 είς
1027 3975 1143 4043 τὴν
1174 3975 1504 4044 περικοπὴν
1528 3973 1634 4027 τοῦ
1675 3971 2059 4028 Ἀποστόλου·
2096 3989 2116 4021 ι
2147 3969 2278 4021 Ὅτε
2314 3966 2383 4020 δὲ
2417 3959 2567 4033 ἦλθε
2592 3964 2815 4034 Πέτρος
2845 3967 2932 4030 εἰς
2968 3965 3357 4033 Ἀντιόχειαν,
3396 3963 3547 4017 κατὰ

369 4067 691 4136 πρόσωπον
713 4066 873 4134 αὐτῷ
895 4066 1225 4134 ἀντέστηνο
1247 4083 1266 4116 ι
1299 4064 1399 4121 καὶ
1428 4063 1761 4131 δείκνυσιν,
1790 4063 1880 4117 ὅτι
1906 4065 2018 4117 οὐκ
2044 4061 2403 4125 ἀντίστασις
2426 4054 2525 4130 ἦν,
2548 4059 2685 4113 ἀλλ’
2712 4057 3022 4126 οἰκονομία
3046 4056 3117 4108 τὰ
3148 4057 3447 4126 γινόμενα.

366 4522 434 4573 α’.
451 4516 595 4570 Μίαν
617 4513 770 4587 ὑμῶν
796 4511 1130 4585 ἀπελείφθην
1149 4510 1383 4584 ἡμέραν,
1414 4510 1509 4563 καί¹
1528 4510 1603 4572 ὡς
1627 4511 1867 4566 ἐνιαυτὸν

296 4607 588 4681 ὀλόκληρον
630 4605 784 4679 ὑμῶν
844 4605 1154 4678 χωρισθεὶς,
1212 4603 1383 4668 οὕτως
1437 4604 1719 4675 ἀσχάλλων
1778 4607 1870 4659 καὶ

295 4700 473 4755 ἀλύων
502 4699 792 4753 διετέλουν.
831 4700 944 4753 Καὶ
991 4699 1072 4751 ὅτι
1109 4696 1285 4768 ἀληθῆ
1330 4695 1524 4762 ταῦτα,
1558 4696 1669 4750 ἴστε
1704 4698 1760 4765 ἐξ
1793 4696 1869 4751 ῶν

298 4794 393 4847 καὶ
427 4793 585 4864 ὑμεῖς
607 4792 858 4846 ἐπάθετε.
886 4792 1149 4861 Καθάπερ
1169 4790 1278 4862 γὰρ
1298 4792 1424 4854 παῖς
1454 4791 1753 4863 ύπομάζιος
1771 4792 1872 4862 τῆς

303 4884 579 4956 μητρικῆς
605 4883 775 4955 θηλῆς
803 4882 1191 4947 ἀποσπασθεὶς,
1206 4885 1450 4955 ὅπουπερ
1478 4883 1546 4938 ἂν
1570 4885 1869 4957 ἀπενεχθῇ,

299 4976 480 5030 πυκνά
528 4976 971 5052 περιστρέφεται,
1008 4976 1469 5048 περιϐλεπόμενος
1517 4977 1615 5051 τὴν
1677 4978 1868 5032 ἑαυτοῦ

300 5069 545 5140 μητέρα⁹
578 5068 719 5124 οὕτω
759 5070 824 5141 δὴ
860 5066 1014 5139 κάγὼ
1054 5069 1163 5124 τῶν
1196 5070 1412 5124 κόλπων
1440 5070 1549 5124 τῶν
1590 5071 1871 5144 μητρικῶν

298 5160 619 5232 ἀπενεχθεὶς
637 5173 663 5202 ⁸
690 5160 1045 5233 πορρωτέρω,
1069 5160 1248 5216 πυκνὰ
1280 5160 1698 5232 περιεσκόπουν,
1735 5180 1870 5216 παν-

296 5250 467 5320 ταχοῦ
499 5251 597 5322 τὴν
623 5250 787 5321 ἁγίαν
823 5252 975 5323 ὑμῶν
1013 5251 1288 5323 ἐπιζητῶν
1320 5252 1553 5306 σύνοδον.
1586 5252 1732 5323 Πλὴν
1754 5250 1869 5305 ἀλλ’

297 5337 443 5410 εἶχον
486 5342 681 5413 ἱκανὴν
723 5341 927 5399 τούτων
969 5342 1345 5415 παραμυθίαν,
1384 5343 1463 5415 τῷ
1512 5345 1682 5414 πατρὶ
1720 5342 1869 5413 φιλο-

300 5434 516 5505 στόργῳ
545 5433 865 5505 πειθόμενος
894 5433 1068 5489 ταῦτα
1107 5436 1358 5509 πάσχειν,
1404 5438 1498 5492 καὶ
1534 5438 1563 5491 ὁ
1604 5436 1703 5508 τῆς
1737 5436 1871 5490 ὑπα-

299 5524 434 5594 κοῆς
462 5524 654 5596 μισθὸς
674 5526 776 5596 τὴν
816 5525 1045 5596 ἀκηδίαν
1078 5526 1176 5599 τὴν
1206 5529 1298 5582 ἐπὶ
1328 5528 1407 5599 τῷ
1444 5528 1682 5601 ξενισμῷ
1717 5545 1869 5597 γινο-

308 5615 474 5688 μένην
506 5618 755 5689 ἀπεῖργε.
784 5615 958 5671 Τοῦτο
987 5618 1098 5691 γάρ
1124 5619 1248 5690 ἐμοὶ
1269 5620 1362 5672 καὶ
1385 5621 1713 5693 διαδήματος
1735 5638 1870 5675 παν-

360 5804 392 5838 ⁶
418 5806 555 5859 Unus
570 5810 763 5862 ms.748
783 5812 878 5859 τῶν
899 5811 1137 5875 πατρικῶν
1158 5812 1432 5876 ἀπενεχθείς.

1973 4507 2065 4573 τὸς
2087 4507 2486 4581 λαμπρότερον,
2516 4505 2612 4561 καί
2645 4507 2911 4576 στεφάνου
2944 4506 3288 4578 σεμνότερον,
3320 4507 3380 4561 τὸ
3412 4527 3552 4564 πανο

1973 4596 2137 4668 ταχοῦ
2195 4597 2331 4668 μετὰ
2377 4594 2473 4649 τοῦ
2518 4595 2906 4664 γεγεννηκότος
2954 4595 3341 4667 περιάγεσθαι·
3389 4598 3552 4651 τοῦτο

1970 4684 2093 4755 έμοῖ⁵
2123 4686 2215 4738 καὶ
2244 4684 2470 4754 κόσμος,
2500 4682 2595 4735 καὶ
2629 4684 2923 4751 ἀσφάλεια·
2965 4683 3168 4753 κόσμος
3202 4683 3319 4753 μὲν,
3348 4685 3427 4738 ὃτι
3457 4686 3549 4740 οὗ·

1967 4790 2077 4836 τως
2107 4772 2268 4827 αὐτὸν
2288 4771 2691 4843 ἐχειρωσάμην,
2715 4772 2808 4825 καὶ
2832 4769 2967 4841 πρὸς
2986 4771 3077 4823 τὸν
3103 4770 3281 4839 ἔρωτα
3306 4774 3550 4826 ἐπεσπα-

1973 4863 2155 4934 σάμην
2201 4863 2291 4916 τὸν
2333 4863 2487 4933 ἐμὸν,
2534 4862 2611 4925 ὡς
2656 4860 2904 4932 μηδαμοῦ
2951 4860 3219 4931 μηδέποτε
3259 4863 3547 4933 ἀνέχεσθαι

1971 4952 2140 5023 χωρὶς
2166 4951 2260 5004 τοῦ
2296 4951 2483 5015 παιδὸς
2505 4949 2825 5020 φαίνεσθαι·
2849 4950 3118 5020 ἀσφάλεια
3141 4950 3217 5017 δὲ,
3245 4951 3325 5004 ὃτι
3354 4951 3548 5024 παρὼν

1971 5042 2065 5094 καὶ
2098 5039 2502 5110 ἀγωνιζόμενον
2536 5037 2768 5108 βλέπων,
2792 5037 3009 5100 πάντως
3024 5036 3121 5091 καὶ
3145 5038 3243 5108 τὴν
3259 5038 3409 5108 παρὰ
3437 5038 3548 5093 τῶν

1972 5127 2148 5198 εὐχῶν
2179 5126 2498 5198 συμμαχίαν
2518 5128 2653 5197 ἡμῖν
2674 5126 2923 5197 παρέξει.
2952 5127 3063 5180 Καὶ
3085 5124 3337 5197 καθάπερ
3363 5125 3547 5179 πλοῖον

1970 5216 2317 5287 κυϐερνητῶν
2368 5217 2569 5287 χεῖρες,
2601 5216 2695 5268 καὶ
2722 5214 2925 5280 οῐακες,
2976 5215 3071 5269 καὶ
3120 5214 3355 5285 ζεφύρου
3389 5215 3550 5269 πνοαὶ

1974 5304 2112 5374 μετά
2142 5303 2447 5373 ἀσφαλείας
2495 5303 2574 5366 εἰς
2626 5302 2821 5373 λιμένα
2870 5303 3371 5372 παραπέμπουσιν’
3404 5298 3549 5354 οὕτω

1970 5389 2035 5460 δὴ
2067 5389 2164 5443 καὶ
2214 5391 2249 5460 ἡ
2282 5387 2467 5443 εῦνοια
2513 5387 2733 5453 τούτου,
2783 5389 2878 5442 καὶ
2910 5391 2945 5459 ἡ
2996 5389 3208 5460 ἀγάπη,
3244 5390 3399 5459 καὶὴ
3438 5386 3548 5441 τῶν

1971 5475 2147 5549 εὐχῶν
2189 5475 2429 5548 βοήθεια,
2470 5478 2566 5531 καὶ
2614 5475 2848 5547 ζεφύρου
2880 5476 2975 5529 καὶ
3003 5476 3335 5547 κυϐερνήτου
3362 5477 3549 5545 κρεῖτ-

1970 5581 2062 5617 τον
2110 5565 2208 5617 καὶ
2240 5563 2349 5617 τῶν
2399 5564 2599 5618 οἰάκων
2630 5564 2659 5603 b
2708 5561 3028 5616 κατευθύνει
3064 5564 3156 5617 τὸν
3180 5562 3337 5630 λόγον
3364 5560 3543 5631 ἡμῶν.

1984 5652 2118 5723 Ἐμὲ
2145 5652 2203 5705 δὲ
2231 5651 2367 5724 πρὸς
2397 5651 2607 5717 τούτοις
2636 5652 2861 5707 κάκεῖνο
2894 5651 3286 5723 παρεμυθεῖτο,
3317 5650 3378 5704 τὸ
3408 5650 3549 5720 λαμ·-

1972 5756 2195 5872 (1ῃῖἳῖἓο
2215 5772 2331 5808 mss.
2356 5757 2640 5821 κυϐερνήτου
2663 5759 2832 5823 χειρῶν
2852 5759 2931 5807 καὶ
2954 5757 3145 5809 οἰάκων,
3173 5756 3440 5822 Ταχύτερον
3461 5757 3549 5809 εὐ·

2006 5834 2020 5870 ι
2153 5854 2167 5870 ο

2006 5834 2045 5870 ιι
2058 5834 2080 5870 Ἀ
2090 5834 2167 5870 ἂδ.
