4020 6370
500 353 606 411 575

502 465 646 533 πρᾶς
667 462 810 534 ὑμᾶς
839 460 1143 517 ἀπολαῦσαι
1170 461 1291 514 τότε
1328 460 1628 532 τραπέζης,
1663 458 1758 514 καὶ
1788 458 2069 530 φιλότιμον

502 555 596 606 καὶ
625 553 892 624 πολυτελῆ
913 553 1004 605 τὸν
1024 551 1314 623 ἑστιάτορα
1340 554 1506 622 σχεῖν.
1541 553 1826 623 Ἐγνωμεν
1842 551 1898 604 δὲ
1920 550 2076 604 τοῦτο

501 642 601 694 οὐκ
628 640 686 706 ἐξ
722 641 890 711 ἀκοῆς
923 641 1104 712 μόνον,
1138 639 1274 692 ἀλλά
1308 639 1401 692 καὶ
1431 639 1490 704 ἐξ
1524 639 1695 708 αὐτῆς
1730 639 1828 708 τῆς
1859 637 2075 709 πείρας.

506 729 613 780 Καὶ
653 728 762 797 γάρ
789 724 930 799 ἦσαν
973 730 1022 780 οἱ
1055 726 1464 797 διακομίζοντες
1509 728 1638 796 ἡμῖν
1687 725 1759 779 τὰ
1789 725 2074 798 εἰρημένα,

503 816 595 868 καὶ
629 815 735 867 ἀπὸ
768 815 875 867 τῶν
903 815 1168 884 λειψάνων
1197 814 1488 885 ὁλόκληρον
1533 816 1630 884 τὴν
1657 814 1890 883 εὐωχίαν
1929 815 2079 867 ἐστο-

505 903 812 972 χασάμεθα.
876 903 1144 974 Ἐπῄνεσα
1191 902 1290 970 μὲν
1317 898 1409 955 οῦν
1456 902 1546 954 τὸν
1581 902 1930 968 ἐστιάσαντα,
1985 904 2080 956 καὶ

502 990 790 1060 ἐθαύμασα
815 992 914 1060 τῆς
948 991 1293 1054 πολυτελείας
1332 991 1542 1044 καὶτοῦ
1572 991 1800 1044 πλούτου
1823 1008 1835 1022 ·
1867 991 2078 1061 ἐμακά-

509 1093 632 1147 ρισα
662 1078 718 1130 δὲ
769 1080 860 1132 καὶ
891 1080 1036 1149 ὑμᾶς
1079 1079 1184 1149 τῆς
1225 1079 1458 1142 εὐνοίας,
1503 1079 1596 1132 καὶ
1633 1079 1733 1149 τῆς
1771 1080 2076 1149 ἀκριϐείας,

503 1167 587 1218 ὅτι
619 1165 758 1236 μετά
782 1166 1050 1236 τοσαύτης
1079 1167 1328 1238 φυλακῆς
1362 1167 1430 1220 τά
1477 1167 1745 1237 εἰρημένα
1801 1167 2078 1236 κατέχετε,

502 1253 579 1316 ὡς
606 1254 702 1307 καὶ
731 1255 902 1325 ἑτέρῳ
922 1255 1240 1325 διακομίσαι
1263 1267 1310 1307 ι.
1336 1253 1436 1306 Διά
1457 1254 1612 1307 τοῦτο
1643 1255 1735 1308 καὶ
1757 1256 1916 1326 ἡμεῖς
1944 1254 2080 1326 πρὸς

502 1342 603 1411 τὴν
633 1341 907 1413 ὑμετέραν
941 1343 1161 1412 ἀγάπην
1187 1341 1484 1413 προθύμως
1516 1342 1894 1410 διαλεγόμεθα.
1929 1341 2080 1415 [565]

517 1428 575 1481 '0
602 1429 712 1500 γάρ
733 1430 1086 1483 καταϐάλλων
1117 1431 1350 1483 ἐνταῦθα
1378 1430 1444 1483 τά
1470 1431 1781 1500 σπέρματα,
1805 1432 1866 1484 οὐ
1903 1433 2083 1501 ῥίπτει

505 1518 646 1571 αὐτά
693 1520 848 1590 παρά
893 1521 990 1590 τὴν
1038 1520 1177 1584 ὁδὸν,
1212 1520 1333 1572 οὐδὲ
1366 1521 1446 1582 εἰς
1485 1520 1585 1582 τὰς
1619 1521 1858 1584 ἀκάνθας
1909 1523 2080 1592 ἐκχεῖ,

503 1605 626 1658 οὐδέ
650 1605 744 1658 ἐπὶ
777 1607 876 1678 τὴν
921 1608 1126 1678 πέτραν
1154 1608 1400 1679 σπείρει·
1431 1607 1576 1660 οῦτω
1607 1609 1815 1679 λιπαρὰ
1861 1609 2084 1686 καῖβα-

505 1691 721 1760 θύγειος
771 1695 924 1764 ὐμῶν
958 1697 1106 1748 ἐστιν
1155 1698 1188 1766 ἡ
1223 1695 1451 1766 ἄρουρα,
1478 1696 1572 1748 καὶ
1625 1699 1801 1750 πάντα
1849 1700 1928 1761 εἰς
1957 1701 2082 1764 τούς

501 1780 734 1845 οἰκείους
761 1781 1024 1854 δεχομένη
1061 1782 1313 1848 κόλπους,
1349 1783 1783 1850 πολυπλασιάζει
1813 1785 1882 1839 τὰ
1914 1788 2084 1858 σπέρ-

505 1885 678 1939 ματα.

587 1956 726 2009 ’Λλλ’
756 1957 914 2028 εῖπερ
957 1957 1089 2012 ποτὲ
1132 1957 1443 2029 προθυμίαν
1495 1978 1585 2031 μοι
1638 1961 1944 2031 παρέσχετε
1987 1962 2084 2016 καί¹

504 2044 708 2116 πολλὴν
746 2046 982 2117 σπουδὴν
1023 2046 1116 2099 ἐπὶ
1147 2047 1248 2118 τὴν
1278 2047 1307 2086 b
1342 2048 1626 2119 ἀκρόασιν,
1657 2047 1846 2120 ὥσπερ
1875 2047 1968 2103 οὐν
1994 2051 2082 2104 ἀεὶ

501 2135 912 2205 παρεσχήκατε,
943 2133 1150 2204 ταύτην
1181 2134 1318 2188 αίτῶ
1349 2135 1443 2188 καὶ
1472 2137 1714 2207 τήμερον
1744 2138 1866 2206 ἐμοὶ
1899 2136 2081 2189 δοῦναι

500 2220 600 2292 τὴν
626 2222 807 2293 χάριν.
852 2222 989 2275 Οὐδέ
1021 2223 1118 2292 μέν
1152 2223 1290 2294 ὑπὲρ
1319 2223 1428 2276 τῶν
1473 2227 1743 2294 τυχόντων
1774 2226 1905 2294 ἡμῖν
1935 2227 2082 2276 ἐστιν

499 2309 529 2360 6
574 2308 750 2376 λόγος,
806 2309 922 2363 ἀλλ’
965 2311 1104 2381 ὑπὲρ
1157 2309 1406 2381 μεγάλων
1453 2311 1811 2381 πραγμάτων.
1881 2313 2081 2380 Διόπερ

503 2397 802 2469 ὀφθαλμῶν
833 2399 1022 2468 δέομαι
1071 2398 1410 2468 πανταχόθεν
1440 2399 1533 2465 ὀξὺ
1590 2400 1918 2469 βλεπόντων,
1961 2402 2080 2454 δια-ι

501 2485 652 2548 νοίας
709 2485 1162 2558 διεγηγερμένης,
1219 2486 1633 2556 διανεστηκότος
1711 2490 2077 2559 φρονήματος,

504 2575 916 2644 συντεταμένων
947 2574 1244 2644 λογισμῶν,
1275 2575 1454 2645 ψυχῆς
1487 2575 1769 2646 ἀγρύπνου
1797 2577 1889 2629 καὶ
1907 2565 2082 2649 ’ἐγρη-

500 2660 747 2732 γορυίας.
775 2663 887 2715 Καὶ
919 2661 1028 2733 γὰρ
1051 2661 1324 2731 ἠκούσατε
1357 2661 1451 2714 τοῦ
1485 2661 1916 2734 ἀναγνώσματος
1941 2666 2080 2719 πάν-

498 2769 589 2816 τες
611 2753 705 2807 τοῦ
735 2753 1094 2808 ἀποστολικοῦ
1116 2772 1130 2786 ·
1171 2756 1265 2808 καὶ
1288 2755 1342 2808 εῐ
1366 2773 1448 2819 τις
1479 2755 1644 2820 ὀξέως
1671 2757 1942 2828 προσέσχε
1969 2761 2082 2822 τοῖς

500 2840 950 2909 ἀναγνωσθεῖσιν,
977 2837 1117 2896 οἶδεν
1164 2843 1246 2895 ὅτι
1292 2842 1520 2912 μεγάλοι
1555 2845 1686 2913 ἡμῖν
1727 2841 1935 2911 ἀγῶνες
1985 2846 2080 2898 καὶ

504 2928 730 2999 ἱδρῶτες
776 2929 1096 3000 πρόκεινται
1145 2932 1406 3001 τήμερον.
1465 2930 1602 2982 Ὅτε
1641 2931 1750 3000 γὰρ
1775 2925 1923 3000 ἦλθε
1967 2932 2080 2986 Πέ-

500 3034 657 3084 τρος,
711 3019 912 3087 φησὶν,
962 3020 1048 3084 εις
1103 3019 1480 3087 Ἀντιόχειαν,
1549 3017 1700 3071 κατὰ
1755 3021 2079 3088 πρόσωπον

501 3105 579 3156 αὐ
587 3103 663 3168 τῷ
684 3104 943 3173 ἀντέστη
953 3122 1005 3158 ν.

572 3190 638 3261 β’.
671 3187 819 3264 ’Ἃρα
863 3189 956 3246 οῦν
995 3194 1056 3246 οὐ
1094 3193 1316 3264 θορυϐεῖ
1357 3193 1590 3247 ἕκαστον
1627 3193 1736 3246 τῶν
1771 3193 2078 3249 ἀκουόντων

495 3278 674 3341 τοῦτο,
693 3279 772 3332 ὅτι
791 3279 1002 3344 Παῦλος
1022 3281 1253 3352 ἀντέστη
1277 3281 1355 3352 τῷ
1375 3282 1586 3352 Πέτρῳ,
1605 3282 1687 3334 ὅτι
1709 3283 1757 3334 οί
1779 3282 1958 3335 στῦλοι
1978 3283 2079 3352 τῆς

509 3367 836 3440 Ἐκκλησίας
857 3368 1249 3438 συγκρούονται
1267 3371 1362 3424 καὶ
1384 3369 1632 3440 ἀλλήλοις
1651 3371 2074 3441 προσπίπτουσι;

497 3454 687 3508 Στῦλοι
716 3455 824 3530 γάρ
848 3456 1016 3520 ὅντως
1041 3457 1181 3510 εἰσὶν
1200 3449 1479 3529 οὐτοι,τὴν
1496 3457 1700 3528 ὀροφὴν
1722 3458 1822 3525 τῆς
1840 3459 2075 3524 πίστεως

495 3541 783 3613 ἀνέχοντες
813 3544 905 3597 καί
937 3544 1410 3608 διαϐαστάζοντες,
1446 3545 1538 3598 καὶ
1580 3545 1784 3609 στῦλοι,
1817 3546 1910 3598 καὶ
1940 3547 2076 3617 πρό-

495 3629 662 3694 ϐολοι,
695 3631 788 3684 καὶ
831 3631 1101 3701 ὀφθαλμοὶ
1144 3631 1238 3683 τοῦ
1281 3631 1532 3701 σώματος
1564 3633 1664 3702 τῆς
1725 3633 2071 3703 Ἐκκλησίας,

495 3721 592 3774 καὶ
641 3721 817 3790 πηγαὶ
845 3722 953 3774 τῶν
987 3720 1232 3790 ἀγαθῶν,
1262 3720 1357 3774 καὶ
1389 3720 1672 3792 θησαυροὶ,
1713 3722 1807 3774 καὶ
1831 3721 2070 3794 λιμένες,

496 3809 590 3861 καὶ
619 3811 726 3862 πᾶν
763 3809 900 3880 ὅπερ
936 3808 1001 3862 ἂν
1036 3810 1178 3862 εῖποι
1203 3827 1306 3872 τις,
1338 3808 1548 3861 οὐδέπω
1577 3810 1677 3879 τῆς
1706 3809 1863 3876 ἀξίας
1895 3811 2074 3864 αὐτῶν

495 3898 770 3967 ἐφίξεται·
798 3899 911 3952 ἀλλ’
939 3900 1156 3970 ὅσῳπερ
1187 3899 1252 3952 ἂν
1356 3898 1565 3968 μεγάλα
1599 3899 1779 3953 αὐτῶν
1808 3899 1876 3954 τά
1902 3901 2075 3969 ἐγκώ-

500 4003 619 4057 μια,
643 3988 882 4058 τοσούτῳ
898 3986 1098 4040 πλείων
1127 3989 1257 4058 ἡμῖν
1278 3989 1306 4039 6
1321 3985 1488 4054 ἀγών.
1503 3987 1840 4057 Διανάστητε
1871 3988 2070 4041 τοίνυν

497 4075 638 4146 ὑπὲρ
657 4074 912 4144 πατέρων
929 4073 1039 4145 γάρ
1068 4076 1200 4145 ἡμῖν
1229 4075 1378 4126 ἐστιν
1393 4076 1419 4127 6
1435 4073 1614 4142 λόγος,
1638 4073 1778 4127 ὥστε
1796 4076 2070 4148 ἀποκρού-

497 4161 697 4214 σασθαι
737 4162 804 4215 τά
833 4161 954 4215 κατ’
1000 4161 1224 4214 ἐκείνων
1267 4161 1542 4232 φερόμενα
1569 4160 1893 4233 ἐγκλήματα
1923 4162 2073 4235 παρά

494 4251 602 4304 τῶν
625 4251 844 4316 ἔξωθεν,
869 4250 1088 4305 καὶτῶν
1116 4249 1218 4318 τῆς
1241 4249 1476 4313 πίστεως
1497 4249 1814 4319 ἀλλοτρίων.
1850 4252 1989 4306 ’Ὅτε
2005 4253 2073 4305 δὲ

490 4337 640 4410 ἦλθε
659 4339 876 4408 Πέτρος
893 4342 980 4405 εἰς
1009 4340 1395 4406 Ἀντιόχειαν,
1413 4339 1563 4393 κατὰ
1577 4341 1902 4406 πρόσωπον
1912 4341 2072 4406 αὐτῷ

491 4427 812 4494 ἀντέστην,
839 4427 927 4480 ὅτι
953 4424 1442 4495 κατεγνωσμένος
1463 4421 1559 4495 ἦν.
1581 4422 1715 4479 Εἶτα
1741 4428 1835 4480 καί
1857 4430 1889 4499 ἡ
1923 4429 2071 4482 αίτία

491 4517 594 4586 τῆς
624 4513 1017 4582 καταγνώσεως
1039 4531 1052 4545 ·
1083 4513 1203 4581 Πρὸ
1244 4513 1351 4566 τοῦ
1393 4513 1502 4583 γὰρ
1532 4513 1732 4568 ἐλθεῖν
1755 4532 1919 4582 τινας
1950 4517 2070 4571 ἀπὸ

505 4602 808 4666 Ἰακώϐου,
853 4603 1001 4670 μετὰ
1042 4599 1162 4653 τῶν
1206 4598 1398 4654 ἐθνῶν
1442 4599 1781 4668 συνήσθιεν
1805 4617 1818 4631 ’
1857 4603 1954 4657 ὅτε
2001 4605 2071 4658 δὲ

489 4687 702 4762 ἦλθον,
737 4691 1077 4745 ὑπέστελλε
1124 4689 1221 4742 καί
1259 4688 1545 4757 ἀφώριζεν
1573 4690 1811 4750 ἑαυτὸν.
1850 4695 2070 4760 φοϐού-

490 4797 672 4849 μενος
709 4779 852 4845 τοὺς
891 4779 960 4832 ἐκ
999 4777 1338 4848 περιτομῆς.
1379 4781 1488 4832 Καὶ
1542 4781 2072 4849 συνανεκρίθησαν

489 4865 651 4932 αὐτῷ
674 4867 772 4920 καὶ
803 4869 857 4920 οἱ
882 4866 1080 4920 λοιποὶ
1120 4865 1412 4920 Ἰουδαῖοι·
1440 4865 1595 4919 ὥστε
1633 4867 1732 4919 καὶ
1757 4869 2069 4935 Βαρνάϐας

490 4954 856 5023 συναπήχθη
892 4951 1090 5008 αὐτῶν
1111 4951 1185 5022 τῇ
1210 4953 1547 5021 ὑποκρίσει.
1577 4953 1728 5006 Ἀλλ’
1759 4953 1858 5007 ὅτε
1883 4951 2066 5022 εἶδον,

491 5041 581 5095 ὅτι
605 5045 718 5096 οὐκ
759 5041 1156 5109 όρθοποδοῦσι
1185 5041 1332 5109 πρὸς
1359 5041 1473 5110 τὴν
1510 5040 1794 5108 ἀλήθειαν
1824 5043 1927 5096 τοῦ
1962 5046 2070 5099 Εὐ-

490 5131 796 5198 αγγελίου,
835 5125 1008 5183 εἷπον
1046 5127 1126 5194 τῷ
1175 5127 1375 5196 Πέτρῳ
1419 5128 1762 5196 ἔμπροσθεν
1804 5129 2064 5186 πάντων.

491 5216 600 5269 Καὶ
637 5215 747 5269 ἀνω
793 5216 962 5285 λέγει,
990 5217 1070 5270 ὄτι
1106 5215 1270 5270 Κατὰ
1300 5216 1650 5284 πρόσωπον·
1695 5217 1788 5268 καὶ
1812 5217 2065 5283 ἐνταῦθα,

496 5305 880 5371 ’Έιιπροσθεν
901 5303 1164 5358 πάντων.
1183 5305 1555 5374 Παρατηρεῖτε
1587 5301 1763 5365 τοῦτο,
1788 5305 1848 5357 τὸ
1873 5307 2066 5372 εἰπεῖν,

494 5391 878 5460 Ἐμπροσθεν
913 5390 1174 5445 πάντων.
1205 5393 1276 5444 Εἰ
1304 5390 1407 5455 σὺ,
1444 5389 1730 5455 Ἰουδαῖος
1759 5390 2063 5461 ὑπάρχων,

491 5477 733 5544 ἐθνικῶς
766 5476 888 5547 ζῇς,
919 5479 1016 5531 καὶ
1048 5479 1185 5547 οὐχὶ
1231 5477 1586 5542 Ἰουδαϊκῶς,
1611 5478 1667 5530 τί
1699 5478 1795 5530 καὶ
1822 5477 1894 5532 τὰ
1922 5480 2066 5549 ἔθνη

491 5563 837 5633 ἀναγκάζεις
869 5563 1180 5625 ἰουδαΐζειν
1196 5582 1215 5630 ;
1240 5567 1390 5635 Τάχα
1413 5566 1713 5636 ἐπῃνέσατε
1746 5566 1835 5620 τὸν
1858 5567 2068 5622 Παῦλον

554 5684 583 5751 ξ
606 5684 788 5751 Olpnes
949 5689 1012 5742 ὡς
1031 5688 1111 5734 καὶ
1153 5689 1340 5751 ἑτέρωθι
1382 5689 1674 5750 διακομίσαι.
1730 5689 1860 5741 Edili
1887 5693 1950 5748 ὡς
1987 5693 2067 5741 καὶ

493 5741 635 5808 ἑτέρῳ
646 5747 944 5808 διακομίσαι.

547 5802 571 5840 ι’
600 5805 696 5854 Alii
716 5802 924 5867 σπουδήν
951 5810 1052 5872 περὶ
1075 5810 1174 5867 τήν.

1221 355 1278 412 s.
1317 353 1606 411 JOANNIS
1643 350 2130 406 cnnvsosmm
2173 336 2488 406 Ancmszr.
2524 345 3067 402 coxsnmlmp.

3642 352 3751 410 37L

2180 458 2278 529 τῆς
2312 462 2644 533 παρρησίας,
2670 463 2751 516 ὃτι
2781 462 2882 516 οὐκ
2903 462 3101 534 ᾐδέσθη
3131 465 3192 516 τὸ
3220 463 3433 535 ἀξίωμα
3466 465 3558 518 τοῦ
3592 485 3755 536 προσ-

2177 541 2350 610 ώπου,
2370 545 2457 599 διά
2477 546 2574 618 τὴν
2596 547 2853 617 ἀλήθειαν
2870 549 2960 603 τοῦ
2988 549 3312 618 Εὐαγγελίου
3333 553 3431 604 οὐκ
3453 553 3751 622 ἠρυθρίασε

2177 632 2303 694 τοὺς
2338 635 2630 704 παρόντας.
2672 635 2809 688 Ἀλλ’
2833 638 2882 689 εἰ
2907 637 3000 689 καί¹
3026 637 3240 690 Παύλου
3275 637 3553 709 ἐγκώμιον
3572 640 3754 702 τοῦτο,

2177 719 2424 791 ἡμετέρα
2461 722 2518 775 δέ
2547 722 2775 795 αἰσχύνη
2796 725 3029 791 γίνεται.
3062 726 3127 778 Τί
3162 726 3291 797 γάρ,
3333 729 3379 778 εί
3413 727 3624 791 Παῦλος
3654 745 3756 782 κα-

2180 806 2288 871 λῶς
2334 807 2624 880 ἐποίησεν;
2667 812 2806 864 Ἀλλ’
2860 814 2889 866 6
2943 814 3148 885 Πέτρος
3187 814 3410 881 κακῶς,
3446 817 3499 869 εί
3550 834 3614 884 γε
3656 818 3755 872 οὐκ

2179 894 2497 967 ὼρθοπόδει.
2516 898 2581 950 Τί
2615 894 2706 952 οὖν
2728 902 2854 971 ἐμοὶ
2874 901 2934 954 τὸ
2956 901 3165 970 ὄφελος,
3190 903 3316 956 ὅταν
3343 903 3441 972 τῆς
3471 903 3757 974 ξυνωρίδος

2181 984 2408 1056 θάτερος
2441 986 2606 1051 ἵππος
2632 988 2879 1062 χωλεύῃ;
2906 991 2980 1042 Οὐ
3011 989 3119 1062 γὰρ
3141 991 3277 1062 πρὸς
3297 991 3509 1045 Παῦλόν
3543 1008 3636 1062 μοι
3662 993 3757 1046 νῦν

2180 1072 2210 1124 6
2237 1071 2416 1141 λόγος,
2445 1073 2582 1127 ἀλλά
2605 1076 2742 1146 πρὸς
2765 1079 2890 1140 τούς
2919 1076 3138 1142 ἔξωθεν.
3161 1077 3260 1130 Διά
3280 1078 3437 1132 τοῦτο
3461 1081 3556 1132 καὶ
3585 1098 3760 1151 παρα-

2182 1158 2334 1212 καλῶ
2379 1161 2689 1232 προσέχειν.
2740 1164 2850 1216 Kal
2895 1163 3004 1235 γάρ
3055 1165 3207 1240 αὐξω,
3246 1167 3346 1238 τὴν
3396 1169 3758 1238 κατηγορίαν,

2183 1247 2278 1300 καὶ
2312 1248 2536 1319 μείζονα
2570 1251 2728 1318 ποιῶ,
2770 1252 2854 1304 ἵνα
2889 1253 3144 1306 ἐπιτείνω
3182 1253 3337 1324 ὐμῶν
3371 1255 3468 1324 τὴν
3497 1257 3757 1326 σπουδήν.

2195 1336 2253 1391 '0
2281 1339 2391 1409 γὰρ
2428 1341 2679 1408 ἀγωνιῶν
2703 1343 2884 1412 νήφει,
2914 1344 3008 1396 καὶ
3033 1345 3062 1396 6
3090 1343 3342 1408 δεδοικὼς
3366 1345 3504 1416 ὑπὲρ
3533 1347 3758 1419 πατρὸς.

2184 1429 2476 1500 προσέχει·
2515 1433 2544 1483 6
2593 1431 2805 1484 ἀκούων
2852 1432 2951 1502 τῆς
2980 1435 3348 1504 κατηγορίας,
3385 1435 3642 1506 ἐπιθυμεῖ
3675 1437 3762 1491 δέ-

2184 1515 2379 1582 ξασθαι
2435 1517 2533 1588 τὴν
2582 1518 2898 1586 ἀπολογίαν.
2944 1521 3039 1572 Ἂν
3079 1521 3256 1575 τοίνυν
3311 1522 3460 1596 [564]
3502 1524 3760 1596 ἄρξωμαι

2183 1605 2368 1671 αὔξειν
2413 1607 2511 1678 τὴν
2547 1609 2902 1680 κατηγορίαν,
2951 1610 3026 1682 μὴ
3074 1611 3184 1664 ἀπὸ
3215 1611 3438 1684 γνώμης
3478 1613 3580 1683 τῆς
3617 1616 3763 1684 ἐμῆς

2183 1694 2442 1764 νομίσητε
2483 1693 2625 1748 εῖναι
2649 1696 2720 1748 τὰ
2759 1697 3045 1769 λεγόμενα.
3079 1699 3301 1752 Βαθύνω
3347 1701 3454 1772 γάρ
3497 1702 3648 1770 ὐμῶν
3681 1703 3761 1771 τῷ

2182 1781 2326 1852 λόγῳ
2366 1782 2464 1852 τὴν
2506 1783 2766 1847 διάνοιαν,
2803 1784 3121 1839 διασκάπτω
3155 1787 3247 1840 τὸν
3281 1788 3422 1849 νοῦν,
3462 1789 3548 1841 ἵνα
3591 1792 3649 1841 ἐν
3681 1789 3762 1859 τῷ

2185 1867 2339 1937 βάθει
2378 1869 2444 1921 τὰ
2475 1871 2721 1939 νοήματα
2751 1871 3140 1941 καταθέμενος,
3167 1871 3361 1926 ἀσυλον
3390 1873 3567 1925 αὐτῶν
3599 1877 3762 1944 ἐργά-

2185 1972 2365 2025 σωμαι
2411 1955 2508 2027 τὴν
2562 1957 2830 2027 φυλακήν.
2867 1957 3028 2010 Ἀλλά
3070 1959 3163 2012 καὶ
3207 1959 3306 2030 τῆς
3350 1961 3555 2025 πόλεως
3604 1963 3760 2032 ὐμῶν

2183 2041 2456 2112 ἐγκώμιον
2489 2043 2556 2096 τὰ
2590 2043 2952 2114 ῥηθησόμενα.
2984 2044 3132 2115 Αὕτη
3166 2045 3276 2116 γὰρ
3307 2047 3399 2100 τὸν
3428 2048 3613 2116 ἀγῶνα
3640 2050 3759 2102 ἐδέ-

2184 2129 2333 2195 ξατο,
2356 2131 2493 2203 αὐτη
2522 2132 2617 2202 τὴν
2644 2133 2842 2205 μάχην,
2875 2133 3073 2204 μᾶλλον
3097 2134 3153 2188 δέ
3178 2136 3238 2188 οὐ
3262 2136 3361 2206 τὴν
3393 2136 3593 2207 μάχην,
3621 2138 3760 2191 ἀλλά

2182 2217 2278 2289 τὴν
2311 2217 2573 2272 δοκοῦσαν
2627 2221 2724 2290 μὲν
2773 2217 2912 2274 εἶναι
2963 2222 3169 2294 μάχην,
3204 2224 3382 2293 πάσης
3427 2225 3484 2277 δὲ
3531 2227 3758 2297 εἰρήνης

2182 2306 2480 2377 γενομένην
2530 2308 2967 2380 χρησιμωτέραν.
3009 2311 3084 2363 Οὐ
3128 2311 3237 2383 γὰρ
3282 2311 3454 2375 οὕτως
3487 2315 3643 2383 ἡμῶν
3690 2315 3760 2368 τά

2185 2394 2321 2466 μέλη
2355 2396 2490 2466 πρὸς
2536 2397 2737 2468 ἄλληλα
2789 2400 3181 2469 συνέσφιγκται
3229 2405 3351 2464 ταῖς
3395 2404 3505 2456 τῶν
3552 2405 3760 2476 νεύρων

2184 2483 2517 2553 περιϐολαῖς,
2538 2486 2612 2548 ὡς
2636 2488 2684 2538 οί
2707 2487 2992 2540 ἀπόστολοι
3021 2489 3158 2558 πρὸς
3189 2489 3449 2561 ἀλλήλους
3475 2487 3614 2561 ἦσαν
3641 2511 3764 2548 συν-

2181 2570 2454 2642 δεδεμένοι
2487 2577 2600 2636 τοῖς
2630 2575 2727 2645 τῆς
2760 2575 2980 2646 ἀγάπης
3001 2577 3238 2646 δεσμοῖς.

2251 2666 2321 2727 γ’.
2360 2661 2685 2732 Ἐπῃνέσατε
2719 2663 2809 2716 τὸν
2835 2663 3074 2731 Παῦλον;
3116 2665 3410 2720 Ἀκούσατε
3433 2667 3614 2722 τοίνυν
3639 2669 3757 2733 πῶς

2181 2748 2486 2819 κατηγορία
2518 2750 2637 2802 ἐστί
2666 2750 2878 2805 Παύλου
2915 2752 2984 2805 τά
3014 2753 3300 2823 είρημένα,
3340 2753 3405 2808 ἀν
3434 2757 3508 2826 μὴ
3552 2757 3642 2810 τὸν
3672 2760 3756 2810 ἐνο

2182 2839 2675 2908 ἀποκεκρυμμένον
2708 2841 2820 2902 τοῖς
2871 2841 3078 2910 ῥήμασι
3119 2841 3474 2914 θηρεύσωμεν
3518 2844 3664 2898 νοῦν.
3691 2847 3759 2899 Τί

2181 2924 2379 2994 λέγεις,
2413 2923 2457 2978 ὦ
2499 2927 2714 2993 Παῦλε;
2741 2929 3078 3000 ἐπετίμησας
3110 2931 3321 3003 Πέτρῳ,
3361 2935 3449 2986 ὅτε
3492 2923 3632 2998 εἶδες
3656 2937 3758 2990 οὐκ

2181 3013 2576 3086 ὀρθοποδοῦντα
2624 3017 2761 3088 πρὸς
2797 3017 2894 3090 τὴν
2947 3018 3202 3089 ἀλήθειαν
3253 3021 3349 3074 τοῦ
3383 3018 3755 3091 Εὐαγγελίου;

2181 3101 2399 3166 Καλῶς.
2442 3103 2598 3166 Τίνος
2636 3100 2730 3157 οὖν
2781 3105 2967 3159 ἕνεκεν
3007 3107 3170 3160 Κατὰ
3207 3109 3566 3177 πρόσωπον;
3610 3113 3760 3178 τίνος

2180 3189 2366 3244 ἕνεκεν
2410 3191 2792 3259 Ἐμπροσθεν
2840 3192 3116 3258 mir-raw;
3147 3196 3248 3248 οὐκ
3303 3196 3406 3250 ἔδει
3440 3199 3761 3272 ἀμάρτυρον

2180 3276 2426 3346 γίνεσθαι
2447 3278 2539 3331 τὸν
2567 3279 2816 3349 ἕλεγχον;
2858 3281 2930 3334 Σὺ
2962 3281 3020 3333 δὲ
3059 3281 3177 3345 πῶς
3208 3283 3568 3354 δημοσιεύεις·
3591 3289 3653 3342 τὸ
3681 3289 3762 3342 δι-

2181 3367 2495 3438 καστήριον,
2540 3369 2636 3419 καὶ
2683 3368 2911 3430 πολλοὺς
2954 3367 3054 3438 τῆς
3089 3372 3423 3440 κατηγορίας
3471 3375 3759 3448 μάρτυρας

2179 3454 2386 3518 ποιεῖς;
2418 3451 2512 3506 καὶ
2539 3453 2623 3516 τίς
2646 3455 2747 3506 οὐκ
2780 3453 2844 3507 ἂν
2871 3453 3036 3520 εἴποι,
3061 3457 3144 3508 ὅτι
3170 3457 3229 3521 ἐξ
3273 3460 3571 3530 ἀπεχθείας
3598 3464 3763 3518 τοῦτο

2177 3542 2373 3603 ποιεῖς,
2409 3541 2505 3593 καὶ
2535 3539 2728 3609 φθόνου
2753 3583 2768 3608 ,
2810 3543 2905 3596 καὶ
2947 3543 3312 3612 φιλονεικίας;
3360 3549 3422 3599 οὐ
3459 3551 3522 3602 σὺ
3552 3546 3700 3620 ἦσθα
3729 3555 3760 3606 6

2176 3626 2372 3695 λέγων,
2413 3629 2733 3698 Ἐγενόμην
2757 3630 2883 3696 τοῖς
2915 3631 3241 3687 ἀσθενέσιν
3267 3635 3348 3701 ὡς
3367 3636 3633 3705 ἀσθενής
3653 3657 3670 3703 ;
3693 3643 3760 3694 Τί

2175 3713 2231 3767 δέ
2261 3715 2400 3780 ἐστι,
2433 3715 2560 3781 Τοῖς
2586 3717 2913 3772 ἀσθενέσιν
2937 3719 3018 3785 ὡς
3048 3721 3341 3787 ἀσθενής;
3379 3725 3760 3794 Συγκαταὸαί-

2175 3820 2281 3856 νων
2309 3803 2404 3856 καὶ
2433 3805 2801 3876 περιστέλλων
2832 3807 3010 3862 αὐτῶν
3034 3809 3102 3863 τά
3130 3810 3441 3881 τραύματα,
3475 3817 3630 3885 φησὶ,
3662 3822 3760 3872 καὶ

2175 3891 2276 3943 οὐκ
2299 3893 2482 3961 ἀφιεὶς
2505 3894 2586 3956 εἰς
2615 3894 2998 3964 ἀναισχυντίαν
3022 3898 3293 3952 ἐκπεσεῖν.
3315 3897 3448 3954 Εἶτα
3469 3919 3535 3954 πε
3545 3905 3598 3974 ρί
3628 3907 3760 3970 τοὺς

2180 3979 2428 4050 μαθητάς
2461 3981 2604 4034 οὕτω
2638 3981 2892 4052 κηδεμὼν
2933 3985 3028 4038 καὶ
3059 3985 3439 4058 φιλάνθρωπος
3477 3988 3574 4053 ὢν,
3627 3995 3761 4065 περὶ

2174 4067 2266 4120 τὸν
2293 4068 2687 4123 συναπόστολον
2722 4070 3087 4142 ἀπάνθρωπος
3118 4074 3341 4142 ἐγένου;
3377 4078 3490 4130 Οὐκ
3513 4080 3760 4150 ἤκουσας

2172 4154 2265 4209 τοῦ
2314 4154 2548 4226 Χριστοῦ
2604 4155 2877 4226 λέγοντος,
2925 4158 3114 4213 ’Ὅταν
3154 4162 3382 4233 ἁμάρτῃ
3424 4169 3459 4219 ό
3487 4167 3760 4237 ἁδελφός

2173 4258 2311 4306 σου,
2339 4243 2549 4312 ὕπαγε,
2568 4242 2822 4314 ἔλεγξον
2846 4246 3030 4299 αὑτὸν
3049 4249 3278 4316 μεταξὺ
3297 4251 3414 4304 σοῦ
3435 4254 3534 4306 καὶ
3565 4257 3758 4312 αὐτοῦ

2167 4332 2403 4400 μόνου;
2442 4332 2514 4386 Σὺ
2540 4332 2597 4385 δὲ
2628 4334 2723 4386 καὶ
2742 4333 2978 4406 δημοσίᾳ
3014 4335 3277 4408 ἐλέγχεις,
3311 4342 3406 4394 καὶ
3440 4343 3584 4413 μέγα
3624 4363 3758 4418 φρο-

2173 4421 2284 4482 νεῖς
2339 4420 2431 4472 ἐπὶ
2501 4420 2578 4492 τῷ
2630 4421 2935 4493 πράγματι.
2963 4423 3101 4478 Ὅτε
3131 4425 3242 4494 γὰρ
3297 4423 3446 4497 ἦλθε
3495 4431 3754 4503 Πέτρος,

2175 4506 2355 4576 φησὶν,
2387 4510 2474 4574 εἰς
2515 4508 2901 4578 Ἀντιόχειαν,
2934 4510 3086 4564 κατὰ
3111 4514 3433 4580 πρόσωπον
3457 4517 3621 4584 αὐτῷ
3650 4522 3761 4576 ἀν·-

2173 4593 2412 4662 τέστην.
2445 4596 2557 4648 Καὶ
2589 4596 2688 4648 οὐκ
2717 4596 2960 4668 ἐλέγχεις
2986 4597 3220 4671 δημοσίᾳ
3250 4603 3431 4672 μόνον,
3461 4605 3601 4660 ἀλλά
3636 4611 3756 4674 καὶ,

2172 4682 2423 4755 καθάπερ
2467 4685 2524 4738 ἐν
2551 4685 2743 4758 στήλῃ,
2776 4689 2889 4751 τοῖς
2915 4687 3206 4759 γράμμασι
3245 4693 3347 4764 τὴν
3377 4694 3558 4766 μάχην
3585 4697 3760 4768 ἐγχα-

2174 4771 2363 4842 ράξας,
2395 4770 2662 4826 ἀθάνατον
2693 4776 2867 4837 ποιεῖς
2895 4775 2995 4847 τὴν
3023 4777 3275 4848 μνήμηνο
3323 4780 3410 4834 ῖνα
3434 4783 3508 4854 μὴ
3549 4784 3599 4836 οἱ
3629 4786 3756 4841 τότε

2172 4859 2439 4930 παρόντες
2480 4859 2657 4929 μόνον,
2694 4860 2826 4914 ἀλλά
2854 4863 2949 4914 καὶ
2987 4863 3187 4927 πάντες
3213 4866 3262 4918 οἰ
3293 4867 3392 4939 τὴν
3425 4870 3758 4944 οἰκουμένην

2168 4945 2440 5009 οἰκοῦντες
2450 4945 2544 4999 ἀνθ
2552 4963 2723 5018 ρωποι
2737 4947 2949 5018 μάθωσι
2959 4948 3145 5022 διάτῆς
3160 4954 3447 5027 ἐπιστολῆς
3459 4956 3520 5010 τὸ
3532 4975 3760 5032 γεγενη-

2173 5035 2348 5106 μένον.
2375 5034 2528 5088 Οὕτω
2546 5051 2626 5087 σοι
2663 5035 2924 5106 ἐποίησαν
2948 5039 2998 5092 οί
3021 5040 3310 5095 ἀπόστολοι
3356 5046 3414 5096 ἐν
3457 5044 3761 5116 Ἱεροσολύο
3858 5074 3869 5088 -

2173 5123 2419 5193 μοις,ὅτε
2449 5121 2679 5193 ἀνῆλθες
2717 5122 2806 5176 διά
2847 5126 3261 5199 δεκατεσσάρων
3289 5129 3425 5184 ἐτῶν
3453 5132 3759 5192 ἀναθέσθαι

2169 5213 2351 5275 αὐτοῖς
2374 5211 2433 5265 τὸ
2453 5210 2775 5279 Εὐαγγέλιον
2797 5228 2811 5278 ;
2841 5214 2916 5266 Οὐ
2936 5215 2999 5267 σὺ
3021 5213 3222 5285 λέγεις,
3243 5218 3324 5272 ὅτι
3343 5221 3446 5274 Διὰ
3463 5220 3761 5278 δεκατεσ-

2169 5301 2370 5370 σάρων
2399 5298 2551 5352 ἐτῶν
2575 5299 2818 5368 ἀνέϐην,
2850 5303 2948 5356 καί
2987 5305 3287 5375 ἀνεθέμην
3322 5305 3528 5374 αὐτοῖς
3549 5309 3618 5363 τὸ
3645 5314 3762 5368 Εὐ-

2165 5387 2464 5456 ιιῑηυέλιον,
2495 5389 2622 5440 κατ’
2657 5388 2814 5441 ἰδίαν
2833 5389 2902 5442 δὲ
2930 5390 3056 5457 τοῖς
3094 5392 3349 5449 δοκοῦσί
3376 5412 3433 5449 τι
3463 5393 3620 5454 εἶναι
3637 5417 3660 5464 ;
3689 5400 3762 5453 Τί

2167 5468 2290 5536 οὐν;
2330 5471 2650 5541 βουλόμενόν
2681 5487 2739 5522 σε
2786 5472 2907 5524 κατ’
2944 5473 3080 5527 ἰδίαν
3113 5475 3428 5542 ἀναθέσθαι,
3468 5480 3760 5535 ἐκώλυσαν

2169 5556 2265 5609 καὶ
2299 5557 2378 5617 εἰς
2411 5557 2574 5624 μέσον
2616 5555 2843 5636 ἤγαγον,
2881 5557 2975 5610 καὶ
3015 5557 3172 5629 δῆλον
3203 5559 3407 5614 ἅπασιν
3446 5563 3756 5636 ἐποίησαν;

2171 5639 2286 5692 Οὐκ
2316 5637 2464 5689 ἔστιν
2497 5639 2690 5691 εἰπεῖν.
2721 5634 2855 5690 Εἶτα
2888 5643 2951 5692 σὺ
2992 5641 3091 5710 μὲν
3125 5646 3248 5696 κατ’
3284 5645 3421 5699 ἰδίαν
3462 5634 3759 5719 ἀνατίθης,

2170 5724 2264 5776 καὶ
2291 5721 2464 5784 οὐδεὶς
2484 5722 2778 5790 ἀντιλέγει·
2811 5722 2903 5775 τὸν
2931 5723 2989 5776 δὲ
3019 5726 3315 5781 ἀπόστολον
3339 5731 3714 5801 ἐκπομπεύεις
3736 5751 3756 5800 ;

2171 5804 2321 5874 Ἀρα
2339 5803 2433 5861 οὖν
2467 5809 2582 5860 ἐκεῖ
2616 5808 2773 5876 μόνον
2805 5806 3007 5881 ταύτης
3030 5809 3351 5880 ἀπήλαυσας
3370 5817 3470 5884 τῆς
3503 5815 3756 5887 εὐνοίαςς
