4020 6370
471 337 572 392 57S

461 455 668 508 illorum
712 457 965 519 expertus
1005 447 1099 503 es?
1143 448 1220 502 Ac
1263 462 1368 502 non
1413 455 1523 500 tum
1576 445 1771 510 etiam,
1816 459 1939 498 cum
1968 450 2046 497 tot

459 543 707 595 adessent
734 539 895 593 millia
925 537 1231 593 Judatorum
1256 578 1274 604 ,
1306 552 1483 592 nonne
1509 535 1696 591 eadem
1735 549 1858 604 erga
1889 543 1941 588 te
1964 533 2043 587 usi

459 643 581 687 sunt
593 630 884 702 sapientia?
898 645 1074 686 nonne
1087 640 1138 686 te
1152 631 1374 685 seorsim
1389 637 1658 700 assumpto
1670 627 1760 682 tibi
1774 627 2040 692 dixerunt,

469 724 616 779 Vides
640 728 796 795 frater
820 765 837 791 ,
865 732 983 795 quot
1003 723 1164 778 millia
1187 733 1303 778 sunt
1325 722 1626 777 Judworum
1645 764 1660 788 ,
1688 722 1774 792 qui
1799 735 2042 774 convene-

460 825 598 881 runt,
617 824 664 868 et
691 815 745 868 hi
766 831 940 869 omnes
965 815 1283 869 cernulatores
1307 823 1424 869 sunt
1450 813 1592 884 legis,
1622 821 1669 865 et
1695 811 1962 865 audierunt
1982 811 2045 863 de

459 919 536 973 te,
585 908 702 977 quia
741 906 1095 960 discessionem
1137 905 1316 960 doceas
1353 921 1386 957 a
1428 904 1552 975 lege.
1603 902 1740 970 Quid
1776 918 1894 973 ergo
1933 900 2043 955 est?

460 999 566 1052 ("ac
587 999 722 1068 quod
743 998 832 1053 tibi
852 999 1084 1053 dicimus.
1102 997 1236 1053 Sunt
1256 998 1384 1051 inter
1409 1013 1498 1051 nos
1517 996 1608 1049 uiri
1624 1003 1790 1049 votum
1807 995 2042 1047 habentes

407 1071 411 1074 Α
454 1111 606 1164 super
629 1110 682 1147 se
705 1108 724 1148 :
745 1093 824 1148 his
851 1091 1121 1163 assumptis
1147 1091 1325 1146 radere
1351 1106 1466 1143 cum
1493 1089 1614 1151 illis,
1639 1097 1687 1141 et
1710 1086 1970 1154 sanctiﬁca
1995 1093 2042 1136 te

453 1201 567 1237 cum
593 1185 715 1250 illis,
749 1194 803 1237 ut
831 1185 1064 1248 discant,
1089 1183 1209 1251 quia
1249 1198 1362 1251 qua:
1385 1181 1448 1236 de
1477 1189 1522 1235 te
1565 1181 1866 1244 audierunt,
1909 1177 2041 1249 falsa

454 1285 568 1330 sunt
618 1277 748 1348 (Act.
794 1277 884 1330 21.
921 1274 1159 1348 20.-24).
1201 1274 1359 1328 Vides
1404 1283 1462 1328 ut
1511 1270 1890 1326 existimationi
1932 1279 2037 1324 tua:

457 1367 708 1434 parcant?
754 1376 811 1419 ut
859 1375 912 1421 te
961 1364 1372 1436 dispensationis
1417 1363 1559 1417 illius
1605 1362 1705 1417 sub
1755 1360 1902 1415 larva
1947 1373 2040 1414 oc-

457 1457 676 1522 cultent,
711 1466 766 1512 et
783 1457 1045 1512 sacrilicio
1071 1471 1135 1511 ac
1160 1453 1664 1510 sanctiﬁcationibus
1686 1461 1738 1507 te
1753 1449 2038 1519 obtegam?

455 1546 564 1601 Cur
602 1562 708 1601 non
749 1547 993 1603 eamdem
1020 1556 1076 1601 tu
1105 1560 1315 1616 quoque
1340 1543 1750 1600 sollicitudinem
1780 1540 2036 1596 exhibes?

527 1639 582 1692 4.
615 1639 900 1694 Enimvero
927 1639 970 1693 si
1001 1653 1126 1692 vere
1156 1653 1326 1707 pugna
1364 1645 1508 1692 esset
1545 1650 1635 1691 res
1676 1636 1776 1690 ista
1815 1644 1870 1688 et
1903 1649 2036 1688 con-

457 1728 659 1794 tentio,
717 1728 798 1782 his
846 1727 1274 1783 accusationibus
1326 1727 1475 1782 locus
1526 1735 1714 1782 esset:
1741 1724 1852 1795 jam
1905 1739 2037 1778 vero

454 1827 657 1872 certum
685 1827 767 1872 est
792 1833 896 1872 non
924 1833 1043 1873 esse
1068 1833 1318 1888 pugnam,
1347 1817 1440 1873 sed
1469 1816 1638 1872 videri
1659 1815 1894 1886 quidem,
1923 1828 2038 1868 ma-

452 1924 610 1978 gnam
634 1923 763 1964 vero
796 1908 942 1963 Pauli
979 1917 1033 1963 et
1058 1908 1200 1964 Petri
1231 1909 1542 1978 sapientiam
1562 1950 1578 1977 ,
1624 1917 1678 1962 et
1727 1908 1864 1962 inter
1891 1907 2036 1975 ipsos

450 2011 686 2056 mutuam
728 2001 1150 2058 benevolentiam
1177 2018 1288 2074 pra:
1330 2018 1390 2058 se
1419 2001 1580 2058 ferre.
1609 2001 1824 2056 Interim
1856 2009 2032 2056 tamen

451 2089 621 2158 hanc,
667 2107 787 2162 quae
818 2091 941 2147 talis
968 2093 1178 2148 videtur
1205 2108 1359 2160 esse,
1403 2094 1798 2148 accusationem
1846 2091 2034 2147 audia-

441 2198 588 2252 gmus.
618 2182 743 2240 Cum
769 2195 938 2240 autem
957 2187 1166 2240 venisset
1192 2184 1379 2240 Petrus
1406 2187 1747 2250 Antiochiam,
1771 2186 1823 2240 in
1850 2185 2033 2254 [aciem

449 2275 495 2328 ci
522 2276 699 2330 restiti.
727 2277 894 2342 Quam
925 2277 994 2331 ob
1033 2276 1280 2332 causam?
1313 2275 1446 2342 Quia
1475 2276 1876 2346 reprehensibilis
1905 2283 2030 2329 erat.

448 2366 728 2437 Quodnam
779 2378 955 2424 autem
1009 2383 1176 2439 genus
1218 2378 1298 2424 est
1349 2367 1820 2439 reprehensionis?
1877 2366 2032 2420 Prius

443 2462 611 2531 enim,
647 2481 798 2534 quam
841 2461 1057 2518 venirent
1104 2461 1308 2530 quidam
1336 2479 1368 2516 a
1394 2461 1586 2520 Jacobo
1609 2501 1626 2529 ,
1667 2477 1782 2515 cum
1807 2459 2032 2532 gentibus

446 2555 620 2610 edebat
643 2572 662 2610 :
682 2573 794 2610 cum
820 2568 985 2611 autem
1012 2555 1288 2622 venissent,
1318 2554 1638 2609 subtrahebat
1664 2564 1711 2608 et
1735 2553 2031 2624 segregabat

446 2664 534 2716 se,
581 2648 761 2703 timens
804 2666 888 2703 eos
935 2652 1020 2721 qui
1049 2667 1112 2705 ex
1137 2647 1518 2705 circumcisione
1559 2655 1720 2700 erant.
1749 2645 1884 2714 Quid
1913 2645 2031 2698 ais?

443 2737 687 2794 Timidus
711 2740 899 2794 Petrus
924 2781 937 2802 ,
983 2750 1038 2796 et
1079 2757 1266 2812 parum
1296 2742 1580 2797 strenuus?
1609 2741 1801 2796 Annon
1831 2735 2030 2791 idcircu

446 2830 634 2887 Petrus
649 2841 731 2886 εει
750 2833 1067 2902 appellatus,
1090 2833 1231 2902 quod
1254 2833 1575 2888 immobilem
1594 2833 1810 2887 haberet
1831 2827 1988 2886 ﬁdem
2007 2828 2031 2884 ?

443 2921 583 2988 Quid
607 2922 742 2992 agis,
761 2924 831 2978 mi
851 2922 1050 2977 homo?
1074 2923 1339 2978 Reverere
1365 2939 1579 2988 nomen,
1603 2922 1742 2993 quod
1768 2921 2027 2993 discipulo

447 3014 699 3084 imposuit
736 3015 1011 3071 Dominus.
1049 3015 1289 3071 Timidus
1333 3016 1522 3071 Petrus
1565 3027 1617 3071 et
1670 3031 1853 3086 parum
1892 3024 2026 3070 stre-

447 3106 622 3159 unus?
667 3105 735 3161 Et
761 3106 879 3177 quis
905 3106 1006 3161 hoc
1033 3106 1101 3161 ab
1129 3107 1236 3162 ullo
1264 3107 1403 3162 sinat
1429 3107 1720 3162 alﬁrmari?
1756 3106 1870 3161 Non
1911 3105 2028 3162 haec

438 3197 510 3252 de
552 3197 644 3253 illo
671 3198 851 3254 testari
898 3208 1073 3269 potest
1114 3199 1478 3272 Jerosolyma,
1524 3200 1861 3270 primumque
1899 3199 2026 3254 illud

446 3289 712 3346 theatrum
732 3331 748 3356 ,
797 3301 851 3346 et
883 3291 1116 3350 Ecclesia
1137 3332 1153 3360 ,
1185 3292 1424 3362 in'quam
1455 3293 1657 3362 primus
1685 3291 1944 3362 prosiliit,
1973 3299 2028 3346 et

443 3383 654 3439 beatam
701 3384 844 3438 illam
890 3399 1075 3442 vocem
1121 3385 1321 3455 primus
1365 3385 1543 3442 emisit
1586 3400 1649 3442 ac
1677 3383 2026 3440 dixit:Hunc

443 3472 622 3528 Iesum
650 3473 785 3532 Deus
814 3475 1091 3543 suscitauit,
1119 3478 1297 3531 solutis
1337 3475 1596 3532 doloribus
1619 3477 1806 3548 inferni
1827 3477 2021 3547 (Actor.

437 3565 494 3620 9..
528 3566 644 3635 24).
679 3566 746 3621 Ει
780 3581 997 3630 rursus,
1032 3565 1154 3619 Non
1199 3567 1340 3618 enim
1370 3566 1543 3620 David
1571 3569 1810 3623 ascendit
1837 3571 1892 3625 in
1921 3561 2034 3628 cai-

438 3658 573 3713 lum.
619 3656 764 3713 Dicit
810 3668 986 3713 autem
1036 3657 1167 3724 ipse,
1198 3656 1399 3726 inquit,
1432 3657 1580 3711 Dixit
1633 3658 1890 3715 Dominus
1920 3661 2035 3717 Do-

443 3746 586 3799 mino
617 3762 751 3811 meo,
785 3744 920 3801 Sede
949 3763 981 3800 a
1019 3745 1220 3802 dextris
1251 3747 1401 3811 meis,
1432 3747 1597 3801 donec
1623 3766 1814 3819 ponam
1853 3752 2036 3806 inimi-

443 3853 532 3890 cos
566 3846 680 3889 tuos
710 3836 996 3894 scabellum
1023 3837 1214 3905 pedum
1246 3847 1455 3891 tuorum
1481 3837 1589 3908 (Ib.
1623 3856 1670 3894 υ.
1703 3841 1791 3908 54,
1817 3841 1936 3910 55.)

511 3912 652 3980 Petri
674 3927 954 3982 constantia
973 3929 1026 3982 in
1053 3928 1252 3984 Christo
1288 3929 1654 4002 praedicando;
1684 3929 1872 3986 Petrus
1899 3932 2020 3986 aliis

438 4017 681 4087 apostolis
705 4018 894 4086 fiducia
916 4019 1185 4074 antecellit.
1215 4051 1286 4060 —
1305 4023 1391 4075 An
1420 4036 1548 4092 ergo
1575 4022 1790 4077 timidus
1811 4031 1894 4078 est
1921 4024 2022 4079 iste

434 4123 503 4162 ac
532 4123 716 4178 parum
745 4120 1014 4176 strenuus,
1053 4112 1142 4182 qui
1177 4122 1322 4166 tanto
1354 4122 1528 4179 metu,
1567 4114 1834 4184 tantisque
1876 4116 2020 4184 peri-

435 4198 574 4256 culis
603 4200 1031 4270 impendentibus
1055 4245 1069 4268 ,
1109 4213 1252 4257 tanta
1280 4218 1400 4259 cum
1434 4204 1625 4259 ﬁducia
1651 4204 1718 4260 ad
1751 4206 1868 4261 illos
1894 4221 2020 4260 san-

431 4283 598 4361 guine
627 4305 808 4363 pastos
835 4309 998 4350 canes
1023 4336 1037 4362 ,
1069 4296 1319 4352 ardentes
1351 4297 1449 4363 ira,
1480 4296 1678 4352 caedem
1706 4296 1882 4352 adhuc
1905 4299 2018 4369 spi-

436 4392 616 4437 rantes
637 4393 718 4438 est
738 4385 1032 4456 ingressus,
1051 4402 1114 4441 ac
1141 4388 1444 4453 dixitcum,
1475 4389 1566 4458 qui
1593 4389 1661 4444 ab
1695 4389 1825 4460 ipsis
1845 4389 2023 4445 fuerat

433 4475 738 4538 cruciﬁxus,
764 4486 817 4531 et
859 4478 1218 4533 resurrexisse
1258 4494 1286 4532 a
1311 4481 1557 4547 mortuis,
1582 4488 1636 4535 et
1664 4481 1715 4534 in
1743 4481 1874 4534 czelo
1895 4495 2019 4534 ver-

434 4565 563 4631 sari,
591 4567 656 4622 ad
684 4567 856 4622 Patris
886 4568 1162 4624 dexteram
1193 4569 1381 4628 sedere
1405 4613 1421 4637 ,
1455 4586 1517 4625 ac
1543 4571 1698 4626 malis
1726 4571 2020 4627 innumeris

440 4657 684 4714 inimicos
725 4674 851 4714 suos
877 4660 1151 4716 obruere?
1194 4660 1308 4716 Non
1339 4671 1396 4717 tu
1416 4663 1563 4717 illum
1585 4664 1782 4734 potius,
1813 4679 2016 4734 quaeso,

434 4751 664 4818 miraris,
688 4760 743 4806 et
784 4751 836 4806 in
883 4752 1072 4807 caelum
1098 4753 1277 4817 effers,
1305 4754 1448 4824 quod
1476 4769 1537 4809 os
1561 4755 1834 4822 diducere,
1875 4755 2018 4825 quod

434 4842 582 4896 labra
604 4843 836 4911 aperire,
867 4844 1007 4918 quod
1033 4845 1354 4914 stare,quod
1375 4860 1692 4916 comparere
1717 4848 1864 4903 solus
1892 4863 2014 4904 cum

433 4932 537 4986 illis
575 4933 828 5003 potuerit,
857 4934 947 5004 qui
987 4950 1108 4989 eum
1135 4937 1549 4992 cruciﬁxerant?
1575 4937 1704 5006 Quis
1733 4941 1874 4995 enim
1902 4957 2019 4997 ser-

433 5037 543 5086 mo,
573 5039 692 5092 qua:
737 5039 888 5078 mens
931 5025 1198 5092 ﬁduciam,
1225 5042 1386 5099 quam
1412 5029 1503 5084 illo
1530 5029 1619 5085 die
1651 5045 1762 5101 prae
1789 5046 1850 5087 se
1875 5032 2014 5100 tulit,

437 5129 502 5168 ac
528 5114 776 5184 loquendi
811 5116 1112 5175 libertatem
1139 5119 1442 5190 exprimere
1472 5122 1702 5190 poterit?
1727 5121 1880 5178 Nulla
1901 5140 2017 5179 om-

443 5205 588 5260 nino.
620 5206 676 5261 Si
702 5207 843 5261 cnim
872 5218 996 5263 ante
1023 5210 1324 5278 passionem
1360 5213 1797 5281 conspiraverant
1819 5214 2010 5282 .ludaai,

444 5305 502 5351 ut
529 5299 573 5350 si
601 5298 720 5367 quis
742 5314 862 5352 cum
890 5299 1233 5356 conﬁteretur
1253 5317 1371 5358 esse
1385 5301 1676 5372 Christum,
1697 5315 1850 5361 extra
1881 5325 2014 5379 syn-

439 5403 659 5458 agogam
714 5389 867 5444 ﬁeret
922 5389 1125 5462 (Joan.
1158 5392 1213 5447 9.
1259 5391 1414 5467 22):
1457 5404 1580 5464 post
1624 5396 1923 5465 passionem
1959 5409 2014 5455 et

431 5480 757 5548 sepulturam
787 5480 1065 5537 audientes
1090 5498 1236 5550 eum,
1275 5499 1381 5539 non
1409 5486 1498 5556 qui
1527 5485 1798 5542 Christum
1839 5491 2011 5544 conﬁ-

435 5581 637 5626 teretur
661 5573 858 5637 solum,
904 5573 1000 5628 sed
1039 5584 1093 5629 et
1138 5584 1306 5632 totam
1350 5577 1509 5633 simul
1557 5578 2010 5650 dispensationem

433 5677 639 5717 summa
683 5667 983 5721 constantia
1029 5668 1382 5738 pratdicaret,
1429 5686 1535 5740 quo
1573 5682 1731 5740 pacto
1772 5689 1877 5729 non
1923 5676 2008 5731 di-

427 5753 750 5829 lacerarunt,
781 5768 834 5816 et
876 5761 1211 5817 membratim
1242 5765 1512 5820 concisum
1546 5764 1841 5823 diviserunt
1883 5784 2002 5826 cum

1185 328 1244 387 S.
1287 327 1568 386 JOANNIS
1599 323 2072 384 Cllll'iSOSTUMl
2113 325 2433 383 ARCHIEP.
2473 329 3008 389 CONSTANTINOP.

3626 353 3731 405 376

2156 457 2366 510 omnes,
2408 460 2498 515 qut
2540 446 2745 516 primus
2783 462 3016 518 Ipsorum
3057 449 3221 506 furori
3257 467 3421 509 ausus
3450 453 3622 514 fuerat
3645 476 3728 515 re-

2155 536 2350 591 sistere
2376 537 2401 590 τ

2228 627 2282 684 5.
2317 627 2430 685 Hoc
2458 631 2602 686 enim
2623 631 2836 688 demum
2866 642 2948 689 est
2967 635 3240 703 eximium,
3273 654 3379 694 non
3406 641 3550 710 quod
3578 643 3747 700 fuerit

2154 717 2426 776 Christum
2454 721 2751 788 confessus,
2787 724 2881 779 sed
2907 725 3049 796 quod
3095 737 3220 783 ante
3259 741 3487 786 caeteros
3521 747 3738 797 omnes.

2153 825 2274 866 cum
2300 811 2376 866 illi
2407 811 2650 868 furerent
2675 813 2850 870 adhuc
2887 816 3034 871 caede
3075 818 3377 884 tumefacti,
3402 821 3734 878 conﬁdenter

2150 901 2431 957 confessus
2461 901 2639 958 fuerit.
2661 903 2729 959 llt
2750 905 2910 974 igitur
2931 906 2983 960 in
3015 906 3155 961 bello
3175 917 3335 979 atque
3353 911 3489 978 acie,
3509 912 3735 970 cohorte

2151 997 2475 1050 communita
2497 1037 2513 1063 ,
2562 997 2710 1052 illum
2739 999 3003 1068 praecipue
3029 1000 3324 1069 laudamus,
3352 1004 3440 1074 qui
3469 1014 3595 1061 ante
3630 1021 3734 1060 ca:-

2151 1093 2296 1140 teros
2326 1087 2670 1156 prosiluerit,
2705 1088 2927 1159 ejusque
2969 1089 3199 1146 frontem
3253 1095 3550 1163 perruperit
3579 1094 3599 1167 (
3628 1111 3731 1152 non

2145 1176 2290 1230 enim
2326 1175 2484 1246 hujus
2512 1186 2717 1232 tantum
2754 1179 2854 1246 rei,
2884 1179 2978 1234 sed
3019 1191 3076 1236 et
3101 1182 3338 1237 omnium
3362 1223 3377 1249 ,
3405 1200 3524 1254 quas
3551 1188 3733 1240 caeteri

2147 1267 2408 1336 patrariut
2430 1310 2444 1335 ,
2479 1268 2858 1338 praeclarorum
2880 1269 3176 1326 facinorum
3203 1287 3418 1328 causam
3437 1276 3733 1344 praebuisse

2145 1357 2353 1414 dicetur
2384 1400 2401 1426 ,
2448 1359 2536 1429 qui
2571 1360 2706 1414 initii
2737 1369 2792 1415 et
2839 1361 3110 1432 ingressus
3151 1373 3339 1419 auctor
3379 1365 3625 1437 fuerit):
3654 1368 3734 1422 sic

2147 1451 2394 1506 nimirum
2423 1463 2478 1506 et
2506 1452 2575 1508 de
2620 1452 2781 1508 Petro
2819 1462 3068 1523 reputare
3106 1465 3348 1526 oportet,
3377 1470 3498 1511 cum
3527 1459 3730 1527 prinms

2145 1543 2415 1614 ingressus
2443 1544 2531 1610 sit,
2555 1554 2609 1600 et
2634 1544 2860 1600 frontem
2883 1544 3115 1601 Judaica:
3140 1546 3378 1604 cohortis
3407 1550 3726 1618 perruperit,

2143 1648 2206 1689 ac
2226 1635 2485 1704 prolixam
2513 1635 2662 1690 illam
2693 1635 3006 1691 concionem
3049 1636 3327 1704 habuerit,
3365 1640 3481 1709 pari
3522 1641 3730 1696 ratione

2143 1727 2281 1782 viam
2301 1729 2508 1784 caeteris
2530 1729 2785 1798 apostolis
2801 1732 3075 1799 aperuisse
3089 1730 3346 1786 dicendus
3355 1741 3456 1786 est.
3474 1732 3729 1800 Quamvis

2141 1817 2396 1882 Joannes,
2435 1819 2680 1890 quamvis
2703 1820 2956 1888 Jacobus,
2983 1822 3231 1892 quamvis
3256 1822 3466 1886 Paulus,
3483 1826 3728 1893 quamvis

2140 1909 2279 1964 alius
2302 1909 2474 1979 quivis
2504 1909 2700 1965 deinde
2727 1909 2930 1965 facinus
2949 1911 3164 1980 aliquod
3185 1913 3453 1982 egregium
3474 1913 3725 1979 ediderit,

2141 2000 2230 2055 hic
2255 2001 2504 2056 omnibus
2533 2002 2823 2070 antecellit,
2851 2003 2939 2072 qui
2989 2003 3127 2056 viam
3158 2005 3366 2059 caeteris
3408 2019 3504 2058 sua
3533 2004 3727 2060 ﬁducia

2140 2091 2346 2157 stravit,
2378 2101 2432 2146 et
2458 2092 2756 2162 ingressum
2798 2092 3051 2162 aperuit,
3096 2094 3309 2164 illisque
3353 2095 3640 2161 concessit,
3669 2108 3727 2150 ut

2142 2190 2412 2249 tamquam
2443 2181 2660 2248 ﬁumen,
2693 2183 2834 2254 quod
2855 2199 3049 2254 magno
3078 2199 3199 2238 cum
3233 2184 3494 2239 undarum
3522 2186 3726 2254 impetu

2139 2271 2392 2341 ferretur,
2414 2275 2748 2331 conﬁdenter
2782 2275 3088 2342 intrarent,
3121 2286 3175 2332 et
3199 2292 3294 2334 eos
3330 2276 3420 2349 qui
3465 2277 3721 2334 adversa-

2139 2376 2324 2422 rentur
2371 2382 2555 2424 secum
2587 2368 2902 2435 traherent,
2953 2385 3139 2426 eorum
3178 2387 3308 2427 vero
3346 2373 3434 2442 qui
3465 2373 3726 2428 benevole

2136 2458 2415 2528 audirent,
2468 2461 2671 2516 animas
2723 2472 2979 2531 perpetuo
3030 2464 3288 2534 rigarem.
3321 2466 3402 2518 An
3433 2465 3595 2535 igitur
3632 2465 3726 2520 ille

2139 2560 2264 2619 post
2287 2567 2502 2607 crucem
2542 2553 2664 2608 talis
2691 2553 2828 2609 fuit?
2866 2569 3046 2610 nonne
3087 2565 3212 2610 ante
3252 2570 3469 2612 crucem
3516 2558 3724 2612 cunctis

2137 2641 2234 2696 fuit
2261 2643 2572 2700 ardentior?
2594 2660 2772 2700 nonne
2795 2660 2859 2701 os
2883 2645 2978 2701 fuit
3016 2647 3420 2716 apostolorum?
3445 2663 3621 2702 nonne
3644 2650 3722 2703 si-

2135 2732 2366 2789 lentibus
2393 2738 2601 2789 cunctis
2633 2736 2746 2806 ipse
2772 2736 3127 2806 loquebatur?
3155 2737 3316 2804 Quem
3334 2754 3412 2791 me
3434 2739 3608 2792 dicunt
3627 2741 3724 2792 ho-

2135 2824 2295 2879 mines
2324 2841 2429 2878 esse
2449 2824 2644 2880 Filium
2663 2827 2918 2897 hominis(
2949 2828 3136 2882 Matth.
3169 2829 3255 2885 i6.
3291 2827 3398 2903 15)
3419 2831 3444 2884 ?
3463 2831 3538 2884 ait
3560 2830 3721 2884 Chri-

2134 2929 2250 2975 stus
2276 2936 2290 2986 ;
2321 2931 2374 2977 et
2397 2919 2486 2976 alii
2503 2919 2718 2989 quidem
2747 2920 2951 2976 Heliam
2984 2921 3254 2989 dicebant,
3282 2923 3373 2977 alii
3401 2938 3527 2978 vero
3562 2922 3721 2977 Jere-

2134 3011 2319 3078 miam,
2350 3012 2441 3067 alii
2472 3028 2600 3068 vero
2627 3027 2792 3068 unum
2837 3027 2905 3067 ex
2941 3012 3237 3083 prophetis.
3276 3013 3378 3068 Vos
3414 3031 3550 3081 vero,
3571 3031 3723 3084 quem

2135 3119 2215 3157 me
2244 3120 2351 3158 esse
2369 3105 2538 3159 dicitis
2561 3103 2725 3177 (Ibid.
2754 3122 2802 3159 υ.
2833 3103 2926 3176 16)
2952 3104 2976 3157 ?
3002 3104 3190 3174 inquit.
3224 3103 3362 3159 Tum
3393 3104 3722 3173 respondens

2132 3198 2322 3254 Petrus
2349 3239 2364 3266 ,
2396 3197 2570 3254 dixit:
2606 3198 2682 3252 Tu
2733 3215 2784 3254 es
2830 3199 3064 3254 Christus
3107 3195 3278 3254 Filius
3323 3195 3418 3250 Dei
3445 3197 3561 3250 vivi.
3595 3195 3717 3261 Vos,

2130 3289 2282 3353 dixit,
2305 3299 2359 3344 et
2402 3287 2501 3360 pro
2541 3289 2789 3345 omnibus
2817 3289 2930 3360 ipse
2964 3291 3213 3360 loquutus
3236 3299 3338 3346 est.
3360 3287 3492 3345 Nam
3525 3303 3719 3358 quem-

2129 3381 2416 3436 admodum
2459 3397 2558 3451 pro
2612 3390 2726 3436 toto
2775 3397 3000 3451 corpore
3030 3398 3091 3437 os
3119 3383 3370 3453 loquitur,
3400 3383 3478 3437 sic
3501 3388 3723 3452 aposto-

2132 3472 2303 3528 lorum
2330 3473 2504 3543 lingua
2525 3483 2642 3528 erat
2662 3473 2942 3540 Petrus,et
2964 3489 3059 3544 pro
3085 3474 3331 3529 omnibus
3355 3475 3470 3544 ipse
3496 3489 3720 3545 respon-

2136 3563 2235 3618 dit.
2258 3566 2339 3620 An
2363 3565 2524 3635 igitur
2556 3565 2644 3622 hic
2670 3575 2874 3621 tantum
2900 3567 2997 3621 fuit
3026 3565 3167 3634 talis,
3203 3567 3334 3623 alibi
3375 3583 3502 3623 vero
3527 3567 3596 3623 de
3616 3568 3721 3623 hoc

2127 3655 2302 3710 studio
2328 3656 2594 3712 remittit?
2643 3656 2984 3728 Nequaquam
3017 3675 3033 3712 :
3068 3657 3163 3712 sed
3195 3673 3290 3728 per
3316 3659 3491 3713 omnia
3516 3701 3533 3726 ,
3576 3669 3633 3714 et
3663 3660 3716 3714 in

2127 3749 2374 3803 omnibus
2397 3749 2644 3806 eumdem
2673 3749 2920 3806 ardorem
2947 3750 3199 3806 ostendit.
3230 3751 3366 3806 Cum
3396 3753 3537 3806 enim
3564 3753 3719 3808 Chri-

2129 3847 2244 3893 stus
2263 3839 2507 3906 dixisset,
2537 3839 2761 3895 Tradent
2783 3840 2979 3896 Filium
3004 3841 3243 3911 hominis,
3287 3853 3335 3896 et
3361 3844 3712 3913 ﬂagellabant,

2126 3939 2174 3983 et
2199 3930 2491 4001 cruciﬁgent
2516 3931 2536 4004 (
2563 3931 2727 3986 Marc.
2755 3931 2840 3987 10.
2861 3933 2950 3988 55.
2976 3933 3090 4002 54),
3149 3935 3227 3990 ait
3271 3935 3408 4002 ipse,
3442 3936 3717 4006 Propitius

2127 4020 2250 4088 tibi,
2272 4032 2396 4089 esto,
2423 4020 2640 4078 Domine
2668 4039 2687 4078 :
2716 4039 2817 4078 non
2841 4024 2933 4078 erit
2971 4024 3060 4078 tibi
3086 4025 3180 4076 hoc
3209 4023 3432 4095 (Matth.
3459 4023 3547 4078 16.
3577 4024 3644 4078 21
3670 4028 3714 4094 ).

2126 4111 2241 4168 Non
2269 4115 2412 4170 enim
2448 4115 2550 4170 hoc
2586 4116 2739 4171 nobis
2765 4116 3176 4188 expendendum
3205 4128 3308 4185 est,
3337 4119 3712 4175 inconsidera-

2127 4213 2235 4260 tam
2285 4205 2421 4262 hanc
2473 4206 2639 4265 fuisse
2682 4210 3084 4279 responsionem
3112 4253 3128 4276 ,
3181 4210 3277 4265 sed
3325 4211 3393 4266 ab
3433 4212 3633 4268 eximio
3663 4223 3716 4268 et

2125 4298 2354 4356 ferventi
2397 4315 2580 4357 amore
2623 4301 2936 4372 profectam.
2971 4302 3179 4358 Rursus
3220 4303 3461 4360 ascendit
3486 4305 3539 4359 in
3568 4321 3718 4360 mon-

2125 4400 2232 4446 tem
2260 4434 2276 4458 ,
2317 4401 2374 4448 et
2417 4393 2826 4465 transﬁguratus
2874 4403 2958 4450 est
2998 4412 3014 4449 :
3054 4395 3298 4466 apparuit
3345 4396 3560 4452 interim
3603 4397 3719 4452 illic

2126 4482 2304 4538 Helias
2348 4492 2403 4538 et
2445 4485 2656 4556 Moyses
2699 4486 3030 4557 colloquens.
3083 4487 3288 4542 Rursus
3336 4487 3447 4542 illic
3492 4504 3717 4558 quoque

2125 4574 2317 4629 Petrus
2348 4592 2362 4629 :
2395 4575 2457 4631 Si
2483 4577 2577 4644 vis,
2602 4578 2850 4646 faciamus
2889 4579 2974 4632 hic
3001 4579 3101 4632 tria
3121 4577 3446 4634 tabernacula
3473 4578 3714 4649 (Matth.

2125 4666 2273 4721 17.4
2300 4668 2342 4735 ).

2199 4762 2256 4815 6.
2287 4759 2419 4814 Vide
2453 4757 2724 4830 quomodo
2759 4759 3073 4829 magistrum
3109 4760 3340 4826 amabat,
3384 4775 3449 4816 ac
3482 4761 3718 4833 diligen-

2123 4851 2250 4906 tiam
2275 4859 2333 4906 et
2363 4851 2697 4920 prudentiam
2723 4849 2973 4906 observa.
2989 4849 3122 4905 Nam
3147 4853 3269 4923 quia
3292 4863 3403 4908 tum
3424 4857 3710 4926 temporis,

2127 4959 2250 4999 cum
2281 4953 2484 5000 temere
2519 4943 2903 5013 respondisset,
2941 4958 3004 4999 os
3045 4944 3122 5000 illi
3160 4946 3430 5000 occlusum
3460 4958 3581 5011 est,
3625 4948 3740 5002 hic.

2122 5035 2363 5106 magistri
2391 5036 2641 5106 potestati
2676 5051 2791 5090 rem
2817 5036 3096 5106 permittit,
3128 5035 3332 5102 dicens,
3357 5037 3420 5093 Si
3442 5039 3534 5092 vis.
3562 5037 3711 5094 Fieri

2128 5135 2330 5196 posset.
2358 5127 2546 5197 inquit,
2565 5135 2620 5181 et
2647 5142 2788 5181 nunc
2809 5141 3021 5196 quoque
3041 5126 3436 5183 inconsiderate
3456 5129 3713 5198 loquerer

2119 5233 2306 5273 amore
2333 5217 2612 5288 impulsus.
2659 5217 2736 5272 Ne
2776 5217 2937 5288 igitur
2960 5216 3148 5272 eadem
3181 5219 3601 5288 reprehensione
3623 5221 3710 5276 fe-

2120 5310 2290 5364 riatur
2314 5351 2329 5375 ,
2362 5310 2424 5365 Si
2466 5311 2560 5374 vis,
2602 5309 2796 5380 inquit.
2840 5310 3155 5365 Convivium
3210 5309 3338 5364 illud
3374 5326 3560 5366 rursus
3589 5327 3711 5368 erat

2119 5412 2362 5457 sanctum
2387 5417 2450 5457 ac
2478 5403 2812 5459 tremendum
2841 5421 2855 5457 :
2903 5412 3122 5474 tumque
3147 5404 3358 5460 dicente
3381 5405 3530 5471 Jesu,
3559 5405 3710 5462 Unus

2117 5506 2335 5550 vestrum
2380 5513 2460 5550 me
2503 5498 2782 5553 traditurus
2829 5498 2942 5567 est(
2989 5497 3178 5552 Matth.
3207 5499 3297 5553 26.
3322 5498 3389 5554 21
3417 5499 3437 5569 )
3468 5514 3483 5551 :
3517 5516 3710 5555 rursus

2117 5589 2307 5645 Petrus
2331 5589 2401 5644 ob
2441 5589 2584 5643 illam
2610 5589 2822 5660 quidem
2843 5607 2963 5660 qua:
2991 5601 3358 5660 praecesserat,
3385 5591 3710 5661 increpatio-

2116 5697 2262 5746 nem,
2289 5681 2619 5752 interrogare
2643 5683 2954 5752 magistrum
3001 5700 3108 5738 non
3137 5697 3299 5738 ausus
3326 5695 3410 5739 est
3449 5701 3465 5740 :
3510 5686 3604 5740 sed
3637 5690 3711 5743 ob

2119 5789 2381 5841 amorem,
2412 5788 2520 5844 quo
2560 5773 2836 5846 ﬂagrabat,
2874 5784 3051 5833 tacere
3092 5790 3200 5831 non
3242 5785 3453 5848 poterat
3481 5793 3495 5832 :
3523 5778 3625 5834 sed
3652 5792 3707 5835 et
