4020 6370
305 351 412 404 375

303 462 437 518 ἀλλά
475 462 582 534 μὴν
624 462 719 516 καὶ
764 461 854 514 ὅτε
896 460 954 514 δὲ
1005 461 1261 533 μυριάδες
1307 462 1566 516 τοσαῦται
1601 458 1867 517 Ἰουδαίων

299 545 460 620 ἦσαν,
487 551 549 604 οὐ
589 549 729 620 μετά
758 550 857 620 τῆς
881 549 1052 618 αὐτῆς
1091 550 1394 621 ἐχρήσαντό
1439 567 1522 603 σοι
1550 551 1774 620 σοφίας;
1805 551 1866 604 οὐ

299 639 421 692 κατ’
445 636 582 690 ἰδίαν
601 636 858 699 λαϐόντες
882 653 942 689 σε
966 636 1171 705 έλεγονσ
1198 636 1461 705 Θεωρεῖς,
1485 637 1730 708 ἀδελφέ,
1763 640 1870 692 πό-

299 741 406 782 σαι
439 724 724 795 μυριάδες
760 724 920 779 εἰσιν
978 721 1276 780 Ἰουδαίων
1306 725 1428 780 τῶν
1454 728 1870 794 συνεληλυθό-

301 830 438 877 των,
478 812 576 866 καί
605 809 772 868 οὗτοι
817 813 1039 880 πάντες
1067 812 1316 881 ζηλωταὶ
1367 812 1476 867 τοῦ
1506 815 1694 883 νόμου
1727 815 1867 878 είσί,

303 901 403 954 καὶ
445 900 814 969 κατήχηνται
844 901 978 970 περὶ
1019 902 1156 965 σοῦ,
1201 901 1290 954 ὅτι
1327 902 1710 956 ἀποστασίαν
1750 901 1870 956 ἀπὸ

304 985 410 1040 τοῦ
432 987 619 1054 νόμου
641 985 969 1052 διδάσκεις.
996 987 1058 1040 Τί
1077 982 1190 1042 οὖν
1219 988 1382 1052 ἐστι;
1421 987 1744 1056 Ποίησον-δ
1772 1003 1872 1043 σοι

305 1075 579 1144 λέγομεν.
605 1073 778 1129 E10»-
805 1074 1020 1144 ἄνδρες
1039 1076 1109 1130 ἐν
1131 1076 1540 1146 ἡμῖν’ἐχοντες
1563 1076 1757 1146 εὐχὴν
1777 1076 1870 1145 ἐφ’

305 1160 559 1226 ἑαυτοῖς·
583 1162 834 1228 τούτους
847 1161 1047 1216 λαϐὼν
1063 1162 1317 1231 ξύρησαι
1343 1163 1494 1237 [565]
1510 1164 1632 1219 σὺν
1645 1165 1868 1230 αὐτοῖς,

307 1247 404 1300 καὶ
441 1248 753 1317 ἁγνίσθητι
792 1249 920 1318 μετ’
951 1249 1168 1314 αὐτῶν,
1201 1251 1303 1304 ἵνα
1334 1252 1624 1320 μάθωσιν.
1665 1253 1754 1306 ὅτι
1787 1245 1874 1307 ὧν

308 1335 675 1403 κατήχηνται
700 1335 833 1405 περὶ
865 1337 1001 1401 σοῦ,
1025 1337 1202 1392 οὐδέν
1227 1339 1416 1394 ἐστιν.
1440 1334 1593 1402 Εἶδες
1615 1339 1732 1404 πῶς
1756 1340 1873 1409 φεί-

307 1423 484 1476 δονταί
523 1441 617 1476 σου
669 1423 771 1494 τῆς
815 1423 1168 1496 ὑπολήψεως;
1204 1426 1320 1490 πῶς
1360 1425 1662 1498 κρύπτουσί
1703 1444 1762 1481 σε
1794 1427 1874 1498 τῷ

308 1512 634 1590 προσωτπίῳ
670 1513 770 1583 τῆς
815 1514 1125 1584 οἰκονομίας
1155 1515 1403 1587 ἐκείνης,
1442 1519 1508 1588 τῇ
1540 1517 1730 1588 θυσία,
1763 1520 1874 1580 τοῖς

310 1601 594 1670 ἀγνισμοῖς
636 1617 695 1654 σε
728 1601 1198 1672 περιστέλλοντεςς
1245 1603 1344 1658 Διά
1383 1605 1437 1658 τί
1483 1603 1557 1676 μὴ
1605 1603 1874 1674 τοσαύτην

312 1686 634 1757 κηδεμονίαν
666 1687 926 1753 ἐπεδείξω
961 1689 1056 1742 καὶ
1083 1689 1183 1756 σύ;

379 1775 442 1829 δ’.
486 1775 626 1828 Ἀλλ’
645 1777 694 1829 εἰ
719 1771 786 1847 ἦν
819 1776 1032 1848 ἀληθῶς
1055 1779 1202 1850 μάχη
1227 1778 1296 1834 τὰ
1317 1777 1582 1852 γενόμενα
1611 1781 1706 1834 καὶ
1728 1784 1877 1852 φιλοο

312 1862 507 1927 νεικία,
533 1859 676 1935 εἶχεν
706 1864 773 1916 ἂν
797 1863 952 1933 λόγον
977 1865 1044 1918 τὰ
1082 1868 1511 1938 κατηγορήματα
1546 1869 1718 1922 ταῦτα
1739 1885 1753 1900 ·
1781 1869 1876 1922 νῦν

311 1953 369 2008 δέ
393 1954 496 2007 ούκ
521 1952 635 2006 ἐστι
671 1952 837 2025 μάχη,
864 1953 999 2007 ἀλλὰ
1026 1953 1173 2007 δοκεῖ
1208 1955 1306 2026 μὲν
1348 1951 1508 2019 εἶναι,
1547 1959 1788 2030 μεγάλην
1821 1960 1878 2013 δέ

315 2041 530 2096 καὶτοῦ
564 2041 775 2094 Παύλου
815 2040 910 2094 καὶ
946 2041 1039 2095 τοῦ
1074 2041 1283 2113 Πέτρου
1323 2044 1515 2113 σοφίαν
1548 2047 1641 2099 καὶ
1665 2045 1878 2100 εὔνοιαν

314 2129 450 2199 πρὸς
496 2127 756 2199 ἀλλήλους
787 2128 1174 2183 ἐπιδείκνυται.
1204 2129 1352 2201 Πλὴν
1399 2131 1540 2194 τέως
1578 2132 1747 2203 αὐτῆς
1779 2133 1880 2204 τῆς

313 2218 575 2291 δοκούσης
597 2213 736 2272 εἶναι
755 2219 1087 2290 κατηγορίας
1114 2220 1452 2292 ἀκούσωμεν.
1478 2222 1607 2276 Ὅτε
1635 2221 1703 2276 δε
1732 2219 1881 2293 ἦλθε

317 2307 537 2376 Πέτρος
577 2311 665 2374 είς
722 2308 1108 2376 Ἀντιόχειαν,
1156 2310 1304 2362 κατὰ
1355 2309 1676 2377 πρόσωπον
1719 2310 1882 2378 αὐτῷ

212 2453 223 2467 1
319 2395 638 2462 ἀντέστην.
674 2395 772 2448 Διά
810 2395 893 2457 τίς
928 2395 1058 2450 Ὅτι
1097 2396 1580 2466 κατεγνωσμένος
1620 2397 1719 2466 ἦν.
1774 2399 1882 2452 Καὶ

322 2483 403 2546 τίς
436 2485 464 2536 6
487 2481 687 2552 τρόπος
707 2481 806 2552 τῆς
835 2481 1261 2550 καταγνώσεωςς
1285 2481 1406 2550 Πρὸ
1426 2483 1533 2536 τοῦ
1553 2483 1663 2551 τὰρ
1686 2483 1883 2537 ἐλθεῖν

320 2587 488 2636 τινας
508 2569 627 2624 ἀπὸ
660 2567 956 2634 Ἰακώϐου,
979 2569 1128 2638 μετά
1147 2567 1265 2621 τῶν
1287 2567 1477 2623 ἐθνῶν
1507 2570 1843 2637 συνήσθιεν
1863 2587 1878 2600 ο

320 2657 419 2711 ὅτε
459 2656 529 2710 δὲ
565 2652 776 2725 ἦλθον,
821 2655 1160 2710 ὑπέστελλε
1205 2655 1303 2708 καί
1335 2654 1620 2724 ἀφώριζεν
1643 2656 1879 2716 ἑαυτὸν,

321 2747 689 2816 φοϐούμενος
720 2743 861 2809 τοὺς
893 2743 962 2796 ἑκ
1009 2743 1347 2812 περιτομῆς.
1389 2743 1454 2797 Τί
1479 2744 1684 2813 λέγεις;
1713 2743 1884 2809 δειλὸς

323 2837 350 2888 6
372 2833 575 2904 Πέτρος
602 2832 698 2886 καὶ
719 2830 1008 2901 άνανδρος;
1033 2831 1093 2884 ού
1115 2831 1204 2884 διὰ
1229 2830 1389 2884 τοῦτο
1420 2831 1624 2902 Πέτρος
1657 2831 1880 2902 ἐκλήθη,

323 2920 508 2991 ἐπειδὴ
536 2920 783 2982 ἀσειστος
813 2913 881 2988 ἦν
907 2916 1053 2971 κατά
1089 2917 1188 2988 τὴν
1214 2917 1434 2992 πίστιν;
1462 2917 1527 2970 Τί
1563 2921 1757 2982 ποιεῖς,
1789 2919 1884 2973 άν-

324 3010 508 3078 θρωπε
529 3023 543 3072 ;
575 3005 859 3075 Αίδέσθητι
884 3005 982 3076 τὴν
1009 3005 1377 3076 προσηγορίαν
1395 3005 1486 3058 τοῦ
1508 3005 1796 3072 Δεσπότου,
1820 3007 1886 3078 ἥν

325 3099 487 3167 ἔθηκε
530 3093 609 3165 τῷ
662 3093 896 3165 μαθητῇ·
939 3091 1120 3154 Διειλὸς
1152 3094 1181 3146 ὁ
1221 3091 1424 3165 Πέτρος
1459 3094 1553 3146 καὶ
1593 3094 1884 3167 ἄνανδρος;

323 3184 417 3238 καὶ
440 3183 523 3246 τίς
549 3197 641 3234 σου
684 3180 855 3234 ταῦτα
884 3179 1130 3243 ἀνέξεται
1156 3179 1438 3248 λέγοντοςς
1465 3178 1538 3234 Ού
1569 3181 1739 3235 ταῦτα
1765 3182 1889 3235 σύν-

323 3272 462 3325 οιδεν
483 3281 510 3309 ει
536 3267 683 3336 αύτῷ
715 3269 784 3320 τά
815 3266 1189 3338 Ἱεροσόλυμα,
1238 3267 1332 3320 καὶ
1367 3267 1428 3320 τὸ
1466 3269 1681 3339 πρῶτον
1715 3271 1888 3324 ἐκεῖνο

326 3359 570 3431 θέατρον,
595 3356 690 3408 καὶ
712 3357 745 3426 ἠ
778 3355 1089 3425 Ἐκκλησία,
1121 3358 1200 3420 είς
1225 3355 1291 3427 ἣν
1320 3355 1531 3428 πρῶτος
1557 3357 1886 3430 ἐπεπήδησε,

327 3447 422 3500 καὶ
444 3445 542 3516 τὴν
570 3444 837 3514 μακαρίαν
876 3445 1088 3514 ἐκείνην
1123 3442 1335 3515 πρῶτος
1362 3442 1538 3513 ἀφῆκε
1569 3445 1768 3515 φωνὴν,
1797 3447 1890 3500 καὶ

326 3530 447 3586 εἷπε
470 3550 484 3564 ο
547 3531 766 3586 Τοῦτον
811 3529 920 3583 τὸν
973 3529 1217 3596 Ἰησοῦν
1257 3527 1596 3597 ἀνέστησεν
1641 3533 1673 3584 ό
1724 3531 1887 3598 Θεὸς,

324 3623 524 3686 λνύσας
564 3619 671 3685 τὰς
709 3615 926 3683 ὠδῖνας
977 3617 1083 3671 τοῦ
1117 3615 1393 3672 θανάτου.
1430 3616 1542 3670 Καὶ
1584 3618 1772 3673 πάλινο
1808 3620 1890 3673 Οὐ

327 3709 436 3778 γὰρ
459 3705 638 3760 Δαυῒδ
658 3704 839 3772 ἀνέϐη
864 3705 950 3771 είς
977 3703 1087 3757 τὸν
1111 3704 1389 3771 οὐρανόν.
1409 3705 1597 3772 Αὐτὸς
1618 3704 1686 3758 δὲ
1709 3707 1890 3774 λέγει,

329 3795 514 3864 φησὶν,
544 3789 730 3848 Εἶπεν
763 3795 796 3846 ό
827 3792 1042 3860 Κύριος
1065 3791 1144 3856 τῷ
1184 3789 1376 3858 Κυρίῳ
1406 3808 1555 3859 μου,
1597 3793 1791 3846 Κάθου
1823 3793 1892 3846 ἐκ

327 3881 543 3946 δεξιῶν
565 3897 705 3950 μου,
736 3878 845 3945 ἕως
869 3878 943 3932 ἂν
965 3875 1046 3934 θῶ
1070 3876 1210 3944 τοὺς
1241 3877 1492 3947 ἐχθρούς
1531 3892 1646 3932 σου
1674 3879 1894 3934 ὑποπό-

328 3972 462 4026 διον
493 3968 614 4023 τῶν
648 3965 846 4022 ποδῶν
869 3981 1015 4022 σου.

401 4051 570 4119 Οὗτος
589 4051 702 4119 οὖν,
721 4054 840 4108 εἰπέ
865 4071 972 4124 μοι,
990 4051 1160 4116 δειλὸς
1182 4052 1273 4105 καὶ
1294 4051 1573 4126 ἄνανδρος,
1595 4055 1624 4108 ό
1643 4053 1893 4109 τοσούτου

333 4145 499 4216 φόϐου
538 4143 633 4196 καὶ
653 4141 929 4196 τοσούτων
966 4139 1223 4192 κινδύνων
1248 4127 1722 4211 ἐπικρεμαμένων,
1757 4141 1896 4213 μετά

330 4231 597 4302 τοσαύτης
650 4228 960 4301 παρρησίας
1008 4226 1144 4297 πρὸς
1194 4227 1317 4289 τοὺς
1361 4227 1686 4298 αίμοϐόρους
1729 4229 1896 4294 κύνας

333 4321 594 4383 ἐκείνους,
623 4317 816 4387 καὶτῷ
845 4315 999 4387 θυμῷ
1031 4313 1248 4380 ζέοντας
1278 4313 1379 4377 ἔτι,
1413 4315 1506 4368 καὶ
1533 4316 1692 4384 φόνου
1718 4318 1898 4370 πνέον-

331 4425 430 4472 τας
451 4404 704 4460 εἰσελθὼν
732 4403 828 4458 καὶ
848 4403 1034 4467 εἰπὼν,
1064 4403 1144 4455 ὅτι
1171 4403 1199 4454 6
1225 4402 1554 4471 σταυρωθεὶς
1581 4403 1674 4456 ὑπ’
1695 4404 1895 4469 αὐτῶν,

333 4497 429 4550 καὶ
458 4495 680 4563 ἀνέστη,
709 4493 804 4546 καὶ
828 4493 886 4544 ἐν
909 4492 1023 4553 τοῖς
1048 4490 1298 4561 οὐρανοῖς
1331 4490 1466 4554 ἐστι,
1491 4490 1584 4543 καὶ
1614 4492 1678 4544 ἐκ
1709 4491 1902 4557 δεξιῶν

334 4583 568 4653 κάθηται
589 4581 683 4634 τοῦ
709 4579 946 4651 Πατρδς,
963 4577 1064 4633 καὶ
1098 4577 1310 4648 μυρίοις
1333 4577 1461 4641 τοὺς
1483 4577 1708 4648 ἐχθροὺς
1734 4579 1894 4632 αὐτοῦ

333 4669 650 4742 περιϐάλλει
686 4669 910 4733 κακοῖς;
935 4666 1059 4718 ’Ότι
1088 4665 1197 4736 γὰρ
1237 4665 1417 4736 διᾶραι
1461 4664 1654 4735 στόμα,
1682 4666 1764 4719 ὅτι
1791 4666 1897 4738 γὰρ

333 4756 546 4823 ἀνοῖξαι
574 4755 747 4825 χείλη,
778 4754 861 4807 ὅτι
890 4752 1098 4824 στῆναι,
1124 4753 1206 4806 ὅτι
1243 4753 1475 4822 φανῆναι
1503 4752 1662 4823 μόνον
1697 4753 1897 4824 μεταξὺ

332 4845 443 4898 τῶν
474 4843 906 4915 σταυρωσάντων
937 4841 1100 4895 αὐτὸν
1127 4841 1372 4912 ’ῐσχυσεν,
1395 4843 1457 4895 οὐ
1483 4842 1781 4914 θαυμάζεις
1805 4844 1901 4897 αύ-

333 4934 428 4986 τὸν
465 4933 559 4986 καὶ
602 4929 923 5000 στεφανοῖς,
957 4929 1078 4982 εἰπέ
1116 4945 1234 5000 μοι;
1270 4929 1427 4992 Ποῖος
1471 4929 1580 5002 γὰρ
1611 4929 1788 4999 λόγος,
1818 4931 1902 4995 τίς

335 5021 545 5072 διάνοια
566 5017 661 5088 τὴν
691 5016 1000 5088 παρρησίαν
1028 5015 1191 5068 αὐτοῦ
1211 5014 1306 5086 τὴν
1334 5017 1392 5068 ἐν
1417 5015 1600 5089 ἐκείνῃ
1628 5019 1693 5088 τῇ
1717 5019 1904 5090 ἡμέρᾳ

338 5107 434 5159 καὶ
453 5105 551 5176 τὴν
579 5104 762 5157 ἐλευθε
772 5103 1058 5174 ροστομίαν
1074 5103 1420 5174 παραστῆσαι
1441 5103 1724 5175 δυνήσεται
1744 5124 1757 5172 ;
1791 5107 1904 5160 Ούκ

336 5191 489 5245 ἔστιν
521 5190 718 5256 οὐδείς.
755 5191 818 5243 EE
850 5189 958 5260 γὰρ
998 5189 1104 5258 πρὸ
1129 5188 1234 5242 τοῦ
1281 5191 1509 5262 σταυροῦ
1546 5191 1827 5246 συνέθεντο
1854 5196 1904 5247 οἱ

351 5279 616 5342 Ἰουδαῖοι,
655 5279 750 5332 ἐάν
785 5294 869 5340 τις
927 5276 1089 5330 αὑτὸν
1133 5275 1441 5351 ὁμολογήσῃ
1479 5279 1733 5350 Χριστὸν,
1768 5283 1906 5335 ἀπο-

343 5368 658 5436 συνάγωγον
688 5367 882 5428 ποιεῖν,
922 5363 1060 5434 μετά
1091 5364 1180 5418 τὸν
1215 5366 1442 5437 σταυρὸν
1478 5368 1572 5422 καὶ
1605 5369 1701 5438 τὴν
1732 5370 1907 5442 ταφὴν

339 5454 632 5516 ἀκούοντες
653 5454 774 5524 οὐχὶ
796 5453 1027 5521 Χριστὸν
1053 5451 1437 5522 ὁμολογοῦντος
1459 5455 1635 5525 μόνον,
1657 5457 1791 5510 ἀλλά
1815 5459 1908 5512 καὶ

340 5545 526 5597 πᾶσαν
556 5543 692 5613 όμοῦ
732 5543 832 5614 τὴν
866 5543 1175 5612 οἰκονομίαν
1216 5543 1354 5614 μετά
1382 5544 1560 5615 πάσης
1593 5546 1907 5616 φιλοσοφίας

339 5632 833 5703 ἁνακηρύττοντος,
865 5631 980 5694 πῶς
1027 5631 1087 5684 ού
1133 5630 1508 5700 διεσπάσαντο,
1545 5636 1636 5688 καὶ
1685 5636 1911 5706 μεληδὸν

410 5784 434 5814 ³
459 5784 564 5835 Duo
582 5794 696 5832 mss.
721 5780 951 5843 λέγοντος,
970 5778 1196 5829 σύνοιδεν.

1342 343 1409 399 IN
1451 343 1674 410 ILLUD,
1719 342 1789 398 IN
1832 339 2090 399 FACIEM
2127 343 2195 399 El
2244 347 2547 408 RESTITI.

3428 348 3530 403 576
3547 369 3550 371 λ

1974 461 2138 516 αὐτὸν
2169 461 2425 516 διείλοντο
2451 462 2672 527 πάντες,
2704 460 2915 532 πρῶτον
2957 460 3173 516 πάντων
3199 462 3300 534 τῆς
3341 467 3538 534 μανίας

1973 555 2152 609 αὐτῶν
2180 554 2666 626 κατατολμήσαντα
2685 569 2702 621 ;

2043 664 2105 712 ε’.
2145 655 2219 712 T6
2256 658 2365 728 γάρ
2394 656 2458 728 δὴ
2493 657 2634 727 μέγα
2668 653 2828 710 τοῦτό
2857 657 3036 722 ἐστιν,
3072 657 3169 728 οὐχ
3197 657 3279 711 ὃτι
3308 655 3549 730 Χριστὸν

1971 749 2338 822 ὡμολόγησεν,
2366 749 2480 803 ἀλλ’
2501 750 2583 802 ὅτι
2612 749 2716 820 πρὸ
2742 749 2848 803 τῶν
2877 749 3050 804 ἄλλων
3072 749 3327 804 ἁπάντων
3355 766 3545 821 μαινο-

1976 840 2152 915 μένων
2175 839 2350 896 αύτῶν
2371 840 2466 895 καὶ
2483 839 2764 893 οἳδούντων
2785 839 2893 893 ἀπὸ
2911 839 3004 893 τοῦ
3028 841 3210 910 φόνου,
3229 840 3546 911 ὡμολόγησε

1978 933 2120 1004 μετά
2157 931 2704 1005 παρῤησίας.Ὣσπερ
2727 926 2820 985 οῦν
2845 933 2903 986 ἐν
2930 932 3149 1004 πολέμῳ
3181 933 3275 986 καὶ
3300 933 3546 1004 παρατά-

1976 1023 2913 1095 ξει,φάλαγγοςσυμπεφραγμένης,
2940 1027 3142 1078 ἐκεῖνον
3166 1024 3397 1095 μάλιστα
3419 1025 3549 1077 θαυ-

1979 1113 2222 1186 μάζομεν
2253 1115 2343 1168 τὸν
2388 1113 2494 1185 πρὸ
2535 1113 2645 1167 τῶν
2676 1113 2848 1168 ἄλλων
2875 1111 3023 1185 [366]
3065 1115 3338 1186 πηδῶντα,
3369 1116 3462 1169 καὶ
3487 1116 3554 1169 τδ

1980 1205 2228 1277 μέτωπον
2263 1205 2430 1276 αὐτῆς
2457 1203 2855 1276 διαρῤηγνύντα
2884 1203 2966 1274 (οὐ
2997 1203 3105 1274 γὰρ
3136 1205 3200 1275 δὴ
3227 1206 3414 1259 τούτου
3449 1207 3546 1277 μό,-

1977 1315 2091 1362 νου,
2116 1295 2251 1351 ἀλλὰ
2278 1296 2372 1350 καὶ
2401 1297 2508 1350 τῶν
2539 1295 2676 1367 μετὰ
2707 1295 2878 1348 ταῦτα
2911 1294 2999 1364 ὑφ’
3023 1297 3223 1366 ἐτέρων
3251 1298 3549 1369 γινομένων

1980 1387 2414 1460 κατορθωμάτων
2446 1379 2601 1449 οὗτος
2646 1386 2712 1440 ἂν
2767 1387 2850 1456 εἴη
2897 1386 3112 1440 πάντων
3155 1385 3346 1452 αἴτιος,
3379 1389 3407 1438 6
3451 1389 3550 1458 τὴν

1977 1480 2152 1552 ἀρχὴν
2192 1479 2285 1533 καὶ
2324 1480 2423 1550 τὴν
2458 1478 2661 1531 εἴσοδον
2691 1475 3051 1548 παρασχὼν),
3079 1474 3221 1528 οὕτω
3244 1475 3308 1546 δὴ
3337 1477 3429 1528 καὶ
3459 1477 3559 1529 ἐπὶ

1977 1572 2070 1626 τοῦ
2101 1572 2308 1643 Πέτρου
2336 1568 2642 1638 λογίζεσθαι
2667 1568 2793 1641 χρὴ,
2814 1569 2896 1622 ὅτι
2924 1567 3137 1638 πρῶτος
3163 1565 3434 1627 εἰσελθὼν,
3459 1568 3554 1619 καὶ

1978 1663 2039 1717 τὸ
2075 1663 2322 1734 μέτωπον
2355 1660 2451 1732 τῆς
2485 1660 2760 1730 φάλαγγος
2787 1659 2886 1730 τῆς
2916 1657 3210 1728 Ἰουδαϊκῆς
3233 1657 3551 1730 διαρρήξας,

1981 1755 2074 1808 καὶ
2121 1754 2219 1826 τὴν
2269 1753 2484 1824 μακρὰν
2533 1753 2748 1823 ἐκείνην
2792 1751 3129 1822 δημηγορίαν
3190 1751 3509 1814 κατατείνας
3534 1789 3550 1813 ,

1980 1842 2121 1900 οὕτω
2154 1845 2248 1899 καὶ
2277 1847 2389 1908 τοῖς
2419 1843 2596 1907 ἄλλοις
2622 1843 2934 1906 ἀποστόλοις
2960 1842 3156 1895 ἔδωκεν
3190 1841 3406 1894 εἴσοδον.
3433 1842 3557 1895 Κάν

1987 1940 2260 2006 Ἰωάννης,
2289 1937 2391 1992 κᾶν
2417 1936 2693 1999 Ἰάκωϐος,
2714 1935 2817 1988 κᾶν
2829 1935 3058 2001 Παῦλος,
3074 1932 3174 1987 κάν
3195 1931 3352 1996 ἄλλος
3371 1934 3559 1988 ὁστισ-

1983 2025 2075 2083 οῦν
2127 2030 2266 2101 μετὰ
2306 2027 2478 2082 ταῦτα
2514 2028 2653 2099 μέγα
2685 2045 2737 2081 τι
2772 2027 2939 2080 ποιῶν
2993 2027 3270 2096 φαίνηται,
3299 2025 3560 2079 ἁπάντων·

1981 2114 2135 2186 οὗτος
2166 2121 2496 2184 πλεονεκτεῖ,
2528 2123 2556 2173 6
2577 2119 3006 2191 προοδοποιήσας
3034 2117 3212 2172 αὐτῶν
3244 2119 3308 2188 τῇ
3343 2117 3556 2188 παρρη-

1985 2212 2096 2284 σίᾳ,
2127 2213 2220 2266 καὶ
2251 2211 2519 2276 διανοίξας
2555 2211 2655 2280 τὴν
2686 2209 2909 2273 εἴσοδον,
2945 2211 3038 2263 καὶ
3066 2208 3190 2273 δοὺς
3219 2211 3419 2274 αὐτοῖς,
3451 2226 3556 2263 κα-

1985 2305 2160 2376 θάπερ
2191 2301 2420 2373 ποταμῷ
2444 2301 2622 2373 πολλῷ
2656 2301 2940 2374 φερομένῳ
2967 2300 3215 2372 ῥεύματι,
3262 2299 3399 2371 μετὰ
3429 2300 3556 2354 πολ-

1983 2396 2082 2466 λῆς
2123 2396 2310 2458 ἀδείας
2336 2393 2686 2457 ἐπεισελθεῖν,
2716 2393 2809 2446 καὶ¹
2832 2393 2960 2456 τοὺς
2991 2392 3089 2463 μὲν
3117 2389 3557 2461 ἐναντιουμένους

1986 2485 2345 2559 παρασύρειν,
2378 2481 2485 2538 τῶν
2528 2483 2583 2536 δὲ
2614 2486 2729 2554 μετ’
2755 2483 2966 2545 εὐνοίας
2996 2481 3300 2535 ἀκουόντων
3325 2481 3424 2544 τὰς
3454 2479 3560 2549 ψυ-

1986 2579 2086 2649 χὰς
2117 2576 2298 2648 ἄρδειν
2315 2571 2726 2647 διηνεκῶςῖᾼᾷ
2746 2571 2839 2629 οῦν
2863 2573 2999 2644 μετὰ
3017 2575 3107 2627 τὸν
3135 2571 3362 2644 σταυρὸν
3385 2570 3559 2625 τοιοῦ-

1986 2685 2076 2733 τος
2101 2685 2115 2734 ;
2146 2667 2251 2741 πρὸ
2270 2668 2327 2720 δὲ
2348 2667 2441 2721 τοῦ
2474 2667 2704 2738 σταυροῦ
2733 2667 2792 2720 ού
2819 2669 3034 2720 πάντων
3059 2664 3412 2736 θερμότερος
3439 2663 3559 2733 οὐχὶ

1985 2762 2048 2815 16
2078 2761 2252 2833 στόμα
2277 2759 2384 2814 τῶν
2416 2760 2726 2814 ἀποστόλων
2758 2753 2857 2832 ἦν;
2885 2759 3005 2829 οὐχὶ
3035 2759 3250 2812 πάντων
3280 2754 3565 2825 σιγώντων

1988 2854 2149 2918 αὐτὸς
2192 2852 2520 2922 ἐφθέγγετο;
2565 2853 2703 2907 Τίνα
2742 2869 2818 2921 με
2859 2851 3148 2921 λέγουσιν
3179 2851 3234 2902 οἱ
3265 2847 3559 2916 ἅνθρωποι

1987 2941 2141 2999 εἶναι
2180 2943 2287 2997 τὸν
2317 2943 2451 2997 Υὶὸν
2494 2941 2600 2997 τοῦ
2641 2941 2992 3010 ἀνθρώπου;
3039 2941 3201 3011 φησὶν
3229 2941 3257 2993 ό
3288 2939 3516 3007 Χριστός
3541 2954 3557 2968 ο

1989 3036 2084 3090 καὶ
2126 3036 2175 3088 οί
2213 3035 2310 3104 μὲν
2345 3034 2530 3087 Ἠλίαν
2561 3032 2766 3101 ἔλεγον,
2805 3035 2854 3086 οἱ
2883 3033 2939 3086 δὲ
2974 3034 3262 3105 Ἰερεμίαν,
3291 3035 3340 3086 οἱ
3373 3033 3430 3086 δὲ
3467 3033 3564 3085 ἕνα

1989 3123 2097 3178 τῶν
2143 3123 2455 3196 προφητῶν.
2493 3123 2688 3192 ’Υμεῒς
2736 3123 2804 3176 δὲ
2845 3124 2980 3177 τίνα
3005 3141 3082 3194 με
3117 3124 3339 3192 λέγετε,
3375 3125 3564 3192 φησὶν,

1991 3217 2174 3280 εἷνα·ι;
2201 3212 2336 3268 Εἶτα
2366 3214 2681 3286 ἀποκριθεὶς
2708 3216 2914 3286 Πέτρος
2939 3212 3058 3268 εἶπε
3084 3233 3098 3247 ο
3133 3215 3216 3269 Σὺ
3257 3212 3314 3269 εἶ
3355 3219 3388 3268 ὀ
3425 3217 3562 3284 Χρι-

1991 3308 2137 3373 στὸς
2187 3310 2220 3361 ὁ
2260 3306 2391 3372 Υἱὸς
2435 3307 2544 3361 τοῦ
2592 3306 2739 3360 Θεοῦ
2773 3305 2877 3360 τοῦ
2913 3305 3378 3376 ζῶντος.Ὑμεῖς,
3419 3304 3558 3370 εἷπε,

1993 3400 2086 3452 καὶ
2128 3399 2246 3453 ἀντὶ
2287 3398 2503 3451 πάντων
2544 3397 2638 3450 τοῦ
2684 3395 2934 3467 σώματος
2984 3396 3296 3466 φθέγγεται,
3327 3396 3497 3460 οὕτως
3524 3402 3560 3468 ή

1993 3493 2205 3564 γλῶττα
2241 3491 2350 3544 τῶν
2394 3490 2704 3543 ἀποστόλων
2735 3489 2940 3561 Πέτρος
2963 3485 3052 3560 ἦν,
3083 3489 3176 3542 καὶ
3199 3490 3318 3542 ἀντὶ
3349 3489 3571 3542 πάντων

1994 3584 2155 3648 αὐτὸς
2200 3577 2691 3651 ἀπεκρίνατο.τΑ.ρ’
2717 3575 2809 3632 οὖν
2853 3579 3087 3633 ἐνταῦθα
3114 3580 3272 3649 μόνον
3303 3578 3562 3641 τοιοῦτος,

1995 3674 2223 3746 ἀλλαχοῦ
2265 3674 2321 3728 δὲ
2351 3673 2646 3743 καθυφίησι
2675 3673 2774 3742 τῆς
2801 3671 3067 3742 σπουδῆς;
3104 3672 3367 3744 Οὐδαμῶς
3385 3689 3397 3704 ·
3429 3673 3566 3724 ἀλλὰ

1995 3767 2081 3822 διὰ
2101 3768 2318 3821 πάντων
2345 3766 2438 3818 καὶ
2465 3766 2523 3817 ἐν
2551 3765 2684 3817 πᾶσι
2709 3763 2807 3834 τὴν,
2828 3763 2995 3834 αὐτὴν
3027 3764 3277 3833 ἐμφαίνει
3299 3764 3566 3835 θερμότη-

1995 3877 2082 3915 τα.
2117 3859 2228 3912 Καὶ
2265 3857 2375 3927 γὰρ
2412 3857 2651 3918 εἰπόντος
2695 3855 2787 3908 τοῦ
2837 3855 3071 3926 Χριστοῦ
3092 3871 3105 3884 ·
3135 3855 3568 3923 Παραδώσουσι

1996 3950 2104 4005 τόν
2130 3949 2268 4003 Υίόν
2299 3948 2405 4002 τοῦ
2449 3946 2783 4015 ἀνθρώπου,
2820 3946 2918 3999 καί
2960 3947 3427 4016 μαστιγώσουσι.
3467 3948 3568 4000 καὶ

1998 4038 2479 4108 σταυρώσουσιν,
2514 4037 2675 4100 αὐτός
2712 4053 2904 4105 φησιν·
2943 4036 3139 4102 Ἵλεώς
3181 4054 3300 4099 σοι,
3349 4038 3525 4105 Κύριε
3547 4054 3569 4068 α

1998 4133 2070 4185 οὐ
2097 4130 2183 4199 μὴ
2209 4130 2378 4182 ἔσται
2411 4145 2508 4181 σοι
2543 4127 2738 4180 τοῦτο.
2772 4128 2863 4196 Μὴ
2897 4127 3004 4198 γὰρ
3024 4127 3092 4199 δὴ
3114 4126 3268 4180 τοῦτο
3299 4127 3574 4192 ἐξετάσω-

2003 4239 2122 4294 μεν,
2149 4223 2229 4274 ὃτι
2257 4219 2656 4292 ἀπερίσκεπτος
2687 4221 2718 4290 ή
2746 4220 3056 4290 ἀπόκρισις,
3086 4219 3200 4273 ἀλλ’
3227 4221 3308 4273 ὅτι
3347 4221 3572 4292 γνησίου

2002 4315 2165 4369 πόθου
2193 4309 2261 4384 ἦν
2285 4314 2380 4366 καὶ
2416 4311 2643 4375 ζέοντος.
2676 4311 2853 4364 Πάλιν
2890 4311 3056 4382 ἀνέϐη
3101 4313 3180 4376 εἰς
3207 4313 3272 4366 τὸ
3295 4313 3437 4385 ὅρος,
3473 4317 3575 4368 καὶ

2005 4400 2424 4473 μετεμορφώθη·
2452 4399 2604 4472 ὥφθη
2637 4401 2834 4470 μεταξὺ
2865 4402 3049 4464 Ἠλίας
3080 4405 3198 4455 ἐκεῖ
3219 4405 3310 4456 καὶ
3332 4406 3579 4479 Μωῦσῆς

2001 4493 2395 4562 διαλεγόμενος.
2445 4490 2614 4545 Πάλιν
2662 4491 2823 4545 κάκεῖ
2862 4493 2891 4546 6
2936 4494 3138 4565 Πέτρος
3161 4510 3174 4523 '
3221 4497 3291 4548 El
3336 4496 3526 4563 θέλεις
3550 4539 3576 4563 ,

2002 4583 2346 4651 ποιήσωμεν
2371 4574 2488 4636 ὧδε
2514 4581 2672 4652 τρεῖς
2701 4581 2955 4650 σκηνάς.

2075 4683 2150 4741 ς’.
2169 4677 2310 4748 Ὅρα
2334 4676 2451 4740 πῶς
2473 4675 2646 4745 ἐφίλει
2672 4675 2762 4730 τὸν
2781 4676 3117 4741 διδάσκαλον,
3145 4677 3240 4730 καί⁴
3265 4677 3453 4732 σκόπει
3474 4678 3578 4751 τὴν

2005 4767 2306 4838 ἀκρίϐειαν,
2337 4767 2432 4820 καὶ
2470 4766 2566 4837 τὴν
2598 4765 2832 4820 σύνεσιν.
2849 4765 3064 4838 Ἐπειδὴ
3094 4767 3202 4840 γὰρ
3239 4768 3360 4821 τότε
3387 4769 3574 4834 ἁπλῶς

2006 4859 2323 4930 ἀποκριθεὶς
2350 4859 2736 4930 ἐπεστομίσθη,
2769 4858 3001 4914 ἐνταῦθα
3028 4863 3093 4932 τῇ
3126 4859 3340 4932 ἐξουσίᾳ
3370 4860 3464 4914 τοῦ
3497 4861 3576 4914 δι-

2006 4951 2272 5006 δασκάλου
2303 4951 2584 5023 ἐπιτρέπει
2626 4951 2687 5005 τὸ
2733 4953 2996 5024 πρᾶγμα*
3036 4956 3105 5007 El
3132 4954 3352 5022 θέλεις,
3377 4954 3571 5022 λέγων.

2009 5042 2302 5114 Συμϐαίνει
2324 5042 2454 5114 γὰρ,
2479 5043 2634 5113 φησὶ,
2661 5044 2754 5097 καὶ
2776 5042 2868 5097 νῦν
2891 5046 3308 5117 ἀπερισκέπτως
3340 5064 3406 5118 με
3426 5049 3583 5118 πόθῳ.

2009 5134 2321 5207 κινούμενον
2351 5135 2546 5189 εἰπεῖν.
2560 5135 2656 5188 ’ἶν’
2685 5130 2779 5190 οῦν
2823 5135 2897 5208 μὴ
2938 5137 3035 5208 τὴν
3067 5137 3234 5210 αυτὴν
3265 5139 3577 5211 ἐπιτίμησιν

2009 5227 2224 5298 δέξηται
2240 5244 2254 5257 °
2287 5229 2354 5282 El
2377 5226 2591 5291 θέλεις,
2618 5227 2770 5299 φησί.
2802 5227 3106 5298 Συμπόσιον
3127 5225 3195 5302 ἦν
3218 5230 3394 5284 ἐκεῖνο
3420 5231 3580 5285 πάλιν

2009 5318 2072 5371 τὸ
2103 5318 2255 5386 ἆγιον
2282 5317 2376 5370 καὶ
2397 5316 2666 5388 φρικῶδες
2685 5333 2698 5347 ·
2730 5318 2822 5370 καὶ
2843 5319 2962 5372 τότε
2989 5319 3235 5388 λέγοντος
3262 5321 3354 5374 τοῦ
3381 5321 3574 5392 Ἰησοῦο

2012 5405 2118 5474 Εἷς
2164 5409 2232 5472 ἐξ
2281 5407 2447 5476 ὑμῶν
2491 5407 2828 5477 παραδώσει
2859 5426 2956 5478 με,
2986 5409 3147 5464 πάλιν
3179 5413 3207 5465 6
3239 5411 3441 5482 Πέτρος
3489 5411 3582 5466 διλὶ

2017 5504 2115 5575 μὲν
2142 5501 2240 5572 τὴν
2267 5499 2581 5572 ἐπιτίμησιν
2621 5502 2720 5573 τὴν
2750 5502 2848 5574 ήδη
2875 5503 3172 5573 γενομένην
3192 5506 3460 5576 ἐρωτῆσαι
3485 5505 3576 5558 τὸν

2014 5594 2328 5650 διδάσκαλον
2369 5596 2469 5648 οὐκ
2509 5594 2772 5666 ἐτόλμησε
2793 5611 2805 5624 ·
2839 5595 2926 5649 διὰ
2954 5596 3009 5649 δὲ
3035 5596 3126 5651 τόν
3155 5596 3336 5663 πόθον,
3363 5596 3420 5649 δν
3446 5595 3584 5667 εἶχε,

2019 5689 2239 5760 σιγῆσαι
2281 5688 2380 5741 οὐκ
2423 5688 2678 5758 ἠνέσχετο
2701 5706 2714 5721 ο
2759 5688 2871 5742 ἀλλ’
2909 5689 3207 5743 ἐσπούδασε
3240 5690 3332 5743 καὶ¹
3368 5688 3581 5760 μαθεῖν,

2021 5781 2113 5836 καὶ
2147 5780 2219 5850 μὴ
2252 5778 2398 5843 δόξαι
2429 5781 2703 5853 προπετής
2730 5799 2814 5844 τις
2854 5778 2991 5836 εἶναι
3036 5781 3131 5836 καί
3161 5781 3578 5856 ἀπερίσκεπτος.
