4020 6370
437 310 538 370 377

432 430 556 492 Πῶς
604 423 697 482 οὖν
731 428 824 482 καὶ
871 427 971 499 τὴν
1018 426 1314 499 ἐπιθυμίαν
1349 427 1657 498 ἐπλήρωσε,
1685 429 1780 482 καὶ
1825 427 2005 496 ἀσφά-

433 520 581 574 λειαν
615 516 793 588 ἐαυτῷ
827 518 1280 590 προῳκονόμησεν
1305 534 1319 582 ;
1347 519 1464 571 Ἵνα
1497 517 1575 588 τῷ
1607 517 1704 588 μὲν
1746 517 2011 587 βουληθῆ-

435 627 521 664 ναι
553 609 742 679 μαθεῖν
783 609 874 661 τὸν
917 608 1218 662 ἀκάθεκτον
1248 608 1397 680 δείξῃ
1431 608 1614 673 πόθον,
1645 608 1724 679 τῷ
1757 608 1812 660 δέ
1845 607 1919 679 μὴ
1943 607 2010 661 δι’

435 700 631 754 ἐαυτοῦ
659 701 817 753 τοῦτο
859 700 1102 770 ποιῆσαι,
1131 699 1248 754 ἀλλ’
1271 699 1457 771 ’έτερον
1489 699 1875 771 προόαλέσθαι,
1912 698 2013 770 τὴν

435 791 723 846 εὐλάδειαν
763 792 1002 862 ἐμφαίνῃ
1045 791 1140 844 καὶ
1177 791 1275 862 τὴν
1305 792 1604 845 ἐπιείκειαν
1632 792 1870 846 ἃπασαν.
1901 791 2014 844 Καὶ

433 883 545 955 γὰρ
578 885 737 938 στενά
767 902 857 955 μοι
889 884 1173 949 πάντοθεν,
1205 884 1374 955 φησί·
1415 883 1545 956 περὶ
1577 883 1868 954 προδοσίας
1896 883 2016 936 ἐστὶ

436 976 588 1049 [367]
618 977 774 1046 λόγος
798 975 891 1030 τοῦ
920 977 1192 1031 Δεσπότου
1217 993 1230 1007 ’
1267 971 1441 1048 μέγας
1469 978 1497 1029 6
1523 975 1786 1039 κίνδυνος,
1814 977 1844 1028 6
1875 991 2014 1046 κρη-

441 1071 1072 1144 μνὸς,ἐκατέρωθεν.“Λν
1108 1071 1338 1142 σιγήσω,
1383 1073 1416 1141 ἡ
1466 1069 1705 1140 μέριμνα
1737 1067 2016 1122 κατεσθίει

441 1183 542 1234 μου
573 1165 671 1233 τὴν
705 1165 883 1236 ψυχήν
904 1180 916 1194 ⁸
958 1163 1024 1218 ἂν
1057 1164 1215 1227 εῐπω,
1251 1162 1463 1216 δέδοικα
1499 1163 1572 1233 μή
1604 1178 1733 1214 ποτε
1757 1159 2015 1230 ἐπιτίμη-

439 1274 523 1310 σιν
544 1256 780 1327 δέξωμαι
811 1256 993 1309 πάλιν.
1022 1255 1209 1326 Μέσην
1237 1251 1328 1309 οὖν
1356 1250 1519 1325 ἦλθεν
1543 1253 1681 1316 ὁδὸν,
1703 1253 1799 1305 καὶ
1827 1253 1855 1305 6
1877 1267 2018 1305 παν-

437 1349 605 1420 ταχοῦ
647 1349 962 1420 προπηδῶν,
986 1349 1108 1401 τότε
1146 1349 1245 1416 τῆς
1278 1346 1523 1400 Ἰωάννου
1551 1343 1865 1416 παρρησίας
1886 1342 2021 1396 ἐδεῖ-

439 1457 521 1505 το,
551 1441 693 1494 ὥστε
743 1440 934 1511 μαθεῖν
987 1439 1049 1492 τὸ
1092 1439 1404 1507 λεγόμενον.
1453 1437 1618 1491 Οὐδὲν
1674 1436 1783 1508 γὰρ
1833 1436 2019 1507 ἕτερον

439 1533 683 1592 ἀνέπνει,
729 1533 823 1585 καὶ
856 1526 1001 1600 εἶχεν
1030 1532 1087 1583 ἐν
1118 1533 1184 1600 τῇ
1221 1529 1365 1600 ψυχῇ
1404 1527 1682 1599 διηνεκῶς,
1723 1525 1894 1599 ἀλλ’ἢ
1930 1527 2020 1579 τὸν

441 1621 757 1677 διδάσκαλον
809 1623 988 1691 μόνον.
1032 1620 1130 1673 Διά
1166 1619 1325 1673 τοῦτο
1369 1621 1464 1673 καί
1502 1619 1892 1690 δεσμωτηρίων
1927 1617 2022 1671 καὶ

447 1715 659 1786 μυρίων
695 1713 833 1785 μετὰ
857 1712 1031 1766 ταῦτα
1058 1712 1370 1783 κατετόλμα
1398 1711 1664 1775 θανάτων,
1701 1711 1792 1764 καὶ
1841 1710 2022 1779 πάσης

442 1810 543 1877 τῆς
573 1805 854 1877 παρούσης
881 1805 1148 1874 κατεγέλα
1172 1805 1336 1875 ζωῆς.
1368 1805 1445 1858 Δι’
1476 1806 1680 1858 ἐκεῖνον
1709 1803 1803 1856 καὶ
1833 1803 2024 1872 μάστι-

445 1917 547 1968 γας
579 1897 782 1963 λαϐὼν,
813 1899 908 1951 καὶ
950 1899 1075 1961 τούς
1117 1897 1390 1969 μώλωπας
1415 1897 1552 1966 έχων
1587 1897 1678 1951 ἐπὶ
1705 1895 1796 1949 τοῦ
1829 1895 2022 1958 νώτου,

445 1993 582 2064 πρὸς
607 1993 733 2055 τοὺς
769 1991 1134 2062 μαστίξαντας
1163 1992 1347 2060 ἔλεγεν
1366 2008 1380 2022 ·
1412 1994 1495 2046 Οὐ
1529 1990 1833 2060 δυνάμεθα
1855 1989 2026 2059 ἡμεῖς

445 2086 484 2140 ἆ
507 2085 746 2155 εἴδομεν
773 2087 872 2138 καί
901 2085 1252 2154 ἠκούσαμεν
1265 2085 1352 2154 μὴ
1378 2085 1608 2138 λαλεῖν.
1641 2079 1794 2146 Εἶδες
1822 2081 2026 2154 φρόνη-

449 2194 525 2248 μα
574 2177 906 2243 ἀδούλωτον;
952 2173 1090 2241 εἶδες
1138 2178 1452 2248 παρρησίαν
1503 2177 1839 2247 ἀχείρωτον;
1889 2171 2026 2238 εἶδες

443 2271 624 2343 ψυχὴν
655 2271 904 2342 οὐρανίου
937 2270 1103 2324 πόθου
1151 2271 1245 2323 καὶ
1288 2269 1490 2341 ἔρωτος
1533 2269 1846 2340 γέμο·.›σαν;
1900 2267 2027 2331 Πῶς

445 2360 540 2418 οὖν
558 2363 763 2434 τολμᾷς
785 2362 983 2431 λέγειν,
1007 2364 1088 2416 ὅτι
1113 2362 1278 2431 φοδού
1288 2379 1446 2432 μενος
1467 2363 1594 2426 τοὺς
1617 2364 1681 2415 ἐκ
1701 2365 2024 2432 περιτομῆς,

447 2456 774 2510 ὑπέστελλεν
806 2457 996 2508 ἐαυτὸν
1020 2455 1114 2508 καὶ
1139 2454 1410 2526 ἀφώρισε;
1442 2455 1551 2509 Καὶ
1585 2455 1755 2508 πολλὰ
1777 2455 1833 2509 δὲ
1862 2455 2026 2526 ἕτερα

446 2549 576 2621 ἐνῆν
601 2551 775 2602 είπεῖν
800 2549 928 2618 περὶ
958 2548 1184 2619 Πέτρου,
1211 2546 1491 2600 δεικνύντα
1517 2548 1683 2601 αὐτοῦ
1705 2549 1802 2619 τὴν
1829 2548 2028 2620 θερμό-

447 2659 608 2714 τητα,
641 2641 734 2695 καὶ
762 2641 862 2712 τὴν
895 2640 1166 2711 ἀνδρείαν,
1202 2641 1296 2694 καὶ
1330 2639 1422 2693 τὸν
1452 2639 1636 2705 πόθον,
1667 2641 1727 2694 ὃν
1759 2638 1872 2713 εἶχε
1902 2642 2031 2713 περὶ

447 2735 540 2789 τὸν
565 2735 829 2807 Χριστόν·
868 2734 1098 2788 ἀλλ’ἵνα
1143 2733 1218 2804 μη
1268 2733 1597 2804 μηκύνωμεν
1642 2735 1887 2808 ἀκαίρως
1936 2735 2030 2788 τὸν

448 2827 627 2896 λόγον,
657 2827 910 2898 ἀρκεῖτά
933 2825 1218 2898 εἰρημένα.
1251 2825 1387 2878 Οὐδὲ
1416 2825 1527 2896 γὰρ
1564 2825 1837 2895 ἐγκώμιον
1863 2823 2030 2878 αὐτοῦ

451 2921 690 2989 τήμερον
737 2918 908 2969 εἰπεῖν
952 2917 1260 2988 πρόκειται,
1293 2915 1431 2969 ἀλλὰ
1463 2915 1561 2987 τὴν
1601 2915 1864 2970 δοκοῦσαν
1892 2910 2031 2968 εἶναι

453 3011 682 3080 ζήτησιν
710 3009 889 3072 λῦσαι,
921 3010 1017 3061 καὶ
1048 3010 1128 3069 είς
1169 3007 1343 3078 πέρας
1373 3009 1625 3075 ἀγαγεῖν.

523 3101 588 3164 ζ’.
611 3101 684 3154 Σὺ
709 3101 776 3153 δὲ.
794 3102 887 3154 καὶ
915 3098 1178 3172 ἑτέρωθεν
1203 3098 1416 3161 σκόπει,
1439 3098 1556 3160 πῶς
1575 3098 1674 3150 οὐκ
1696 3097 1812 3151 ἔστι
1833 3096 2033 3169 πιθανὴ

453 3194 489 3264 ἡ
522 3191 844 3261 κατηγορία.
861 3189 995 3242 Τότε
1023 3190 1120 3260 μὲν
1143 3189 1250 3258 γὰρ
1277 3187 1426 3258 παρὰ
1451 3187 1550 3258 τὴν
1578 3187 1774 3260 ἀρχὴν,
1799 3189 1887 3240 ὅτε
1918 3187 2036 3240 ἐλε-

453 3301 554 3354 γε·
591 3284 811 3338 Τοῦτον
838 3281 947 3334 τὸν
983 3281 1236 3348 Ἰησοῦν,
1283 3279 1354 3334 ὃν
1396 3279 1564 3349 ὑμεῖς
1596 3279 2034 3348 ἐσταυρώσατε,

454 3375 802 3442 ἀνέστησεν
836 3377 868 3428 ὁ
903 3376 1068 3439 Θεὸς,
1098 3375 1294 3438 λύσας
1335 3373 1442 3438 τὰς
1478 3371 1696 3436 ὠδῖνας
1720 3372 1825 3426 τοῦ
1856 3371 2037 3426 θανά-

454 3484 586 3530 του,
623 3467 743 3518 τότε
777 3463 980 3535 μεταξὺ
1028 3465 1235 3536 ἐχθρῶν
1267 3460 1356 3536 ἦν,
1392 3465 1471 3517 ἔτι
1516 3463 1820 3533 φονώντων,
1852 3464 1932 3517 ἔτι
1962 3465 2039 3536 τῷ

457 3557 618 3627 θυμῷ
646 3556 896 3619 ζεόντων,
940 3557 1020 3608 ἔτι
1074 3557 1414 3626 βουλομένων
1457 3556 1865 3611 διασπάσασθαι
1913 3557 2040 3620 τοὺς

462 3648 995 3721 μαθητάς.Ἤκμαζε
1019 3650 1127 3720 γὰρ
1156 3651 1340 3712 αὐτοῖς
1373 3648 1453 3702 ἔτι
1477 3650 1538 3701 τὸ
1565 3649 1755 3714 πάθος,
1781 3650 1874 3703 καὶ
1912 3648 2039 3720 ᾤδει

459 3744 495 3813 ὴ
525 3740 731 3794 διάνοια
756 3741 832 3810 τῷ
861 3739 1036 3809 θυμῷ.
1063 3739 1198 3792 Νυνὶ
1225 3738 1301 3803 δὲ,
1334 3739 1422 3791 ὅτε
1452 3738 1624 3791 ταῦτα
1649 3738 1857 3801 Παῦλος
1878 3738 2043 3808 ἔγρα-

461 3851 583 3904 φεν,
618 3833 757 3886 ἐπτά
787 3833 880 3885 καὶ
904 3832 1128 3884 δέκατον
1151 3831 1268 3893 ἔτος
1305 3826 1419 3900 εἶχε
1449 3830 1509 3884 τὸ
1543 3832 1825 3901 κήρυγμα.
1856 3829 2040 3883 Εἰπὼν

461 3921 572 3991 γάρ
597 3937 611 3951 ·
646 3921 807 3975 Μετὰ
834 3920 965 3987 τρία
1001 3920 1104 3986 ἐτη
1149 3920 1374 3986 ἀνέϐην
1399 3921 1486 3985 είς
1524 3919 1924 3989 Ἰεροσόλυμα,
1955 3920 2044 3972 λέ-

462 4031 550 4082 γει
580 4013 761 4077 πάλιν,
796 4013 876 4066 ὄτι
914 4012 1076 4066 Μετὰ
1106 4011 1520 4080 δεκατέσσαρα
1552 4012 1659 4081 ἔτη
1703 4013 1926 4079 ἀνέϐην
1959 4016 2044 4080 είς

474 4104 880 4172 Ἰεροσόλυμα.
907 4101 964 4155 Ὀ
1004 4102 1182 4154 τοίνυν
1228 4101 1347 4155 τότε
1393 4102 1452 4154 ἐν
1485 4102 1790 4173 προοιμίοις
1819 4103 1912 4156 τοῦ
1943 4121 2045 4173 κη-

467 4194 745 4268 ρύγματος
800 4195 874 4266 μὴ
929 4194 1202 4264 φοϐηθεὶς,
1239 4193 1336 4248 νῦν
1383 4194 1523 4264 μετά
1565 4195 1754 4265 χρόνον
1795 4194 2046 4248 τοσοῦτον

466 4287 712 4356 φοϐεῖται
736 4305 749 4353 ;
782 4289 809 4340 ό
836 4289 892 4340 ἐν
927 4285 1314 4357 Ἱεροσολύμοις
1341 4290 1416 4357 μὴ
1441 4286 1644 4350 δείσας,
1667 4289 1725 4339 ἐν
1750 4287 2048 4359 Ἀντιοχείᾳ

466 4380 734 4444 δέδοικεν;
767 4381 816 4443 6,
847 4378 1121 4448 πολεμίων
1153 4378 1548 4432 κυκλωσάντων
1571 4379 1752 4444 αὐτὸν,
1781 4380 1855 4450 μὴ
1879 4397 2048 4452 πτοη-

468 4472 583 4535 θεὶς
626 4472 749 4525 τότε
771 4484 820 4536 ι,
851 4470 946 4524 νῦν
997 4470 1115 4523 οὐδέ
1147 4470 1418 4540 πολεμίων
1449 4472 1755 4542 παρόντων,
1793 4472 1927 4524 ἀλλά
1956 4488 2048 4525 πι-

470 4564 610 4618 στῶν
653 4564 748 4618 καὶ
798 4562 1076 4634 μαθητῶν,
1129 4563 1357 4634 ἀγωνιᾷ.
1402 4563 1498 4617 καὶ
1538 4563 1763 4628 δέδοικε,
1809 4564 1902 4618 καὶ
1949 4565 2050 4617 οὐκ

467 4654 784 4726 δρθοποδεῖ;
820 4655 930 4707 Καὶ
955 4653 1073 4717 πῶς
1098 4653 1163 4706 ἂν
1191 4653 1305 4724 ἔχοι
1338 4653 1510 4706 ταῦτα
1533 4653 1711 4722 λόγον,
1737 4656 2046 4725 ἀναπτομέ-

469 4762 570 4816 νης
602 4745 699 4816 μὲν
723 4745 824 4816 τῆς
853 4747 1032 4818 πυρᾶς
1065 4746 1160 4798 καὶ
1190 4747 1269 4809 είς
1305 4744 1437 4814 ῦψος
1482 4745 1837 4817 ἐγειρομένης
1885 4764 2052 4800 κατα-

467 4838 696 4909 τολμᾷν,
735 4837 1050 4892 σϐεσθείσαν
1072 4837 1130 4890 δὲ
1156 4839 1249 4891 καὶ
1269 4839 1567 4910 γενομένην
1591 4839 1795 4910 τέφραν
1825 4839 2054 4893 δεδοικέ-

470 4948 560 4985 ναι
597 4931 694 4984 καὶ
719 4930 974 5002 τρέμειν;
997 4931 1060 4983 Εί
1089 4929 1259 4993 δειλὸς
1277 4925 1344 5001 ἧν
1366 4930 1459 4983 καὶ
1485 4929 1746 5002 ἄνανδρος
1767 4933 1795 4984 6
1819 4932 2049 5002 Πέτρος,

471 5024 531 5075 ἐν
561 5024 703 5094 ἀρχῇ
729 5021 824 5075 τοῦ
855 5021 1230 5095 κηρύγματος,
1260 5025 1317 5076 ἐν
1341 5025 1408 5094 τῇ
1441 5024 1770 5094 μητροπόλει
1797 5025 1906 5076 τῶν
1922 5025 2053 5077 Ἰου-

472 5114 660 5179 δαίων,
686 5115 820 5167 ὅπου
849 5115 1050 5176 πάντες
1069 5109 1207 5184 ἦσαν
1231 5114 1278 5166 οί
1305 5113 1574 5184 πολέμιοι,
1592 5115 1714 5166 τότε
1738 5114 1804 5167 ἂν
1827 5114 2050 5181 ἔδεισεν,

471 5206 534 5260 οὐ
569 5205 706 5277 μετά
735 5206 924 5276 χρόνον
950 5205 1201 5260 τοσοῦτον
1228 5206 1287 5258 ἐν
1320 5207 1387 5276 τῇ
1433 5207 1924 5279 χριστιανικωτάτῃ
1953 5209 2054 5261 πό-

473 5299 576 5362 λει,
604 5296 726 5351 οὐδὲ
775 5297 943 5365 φίλων
985 5298 1076 5350 καὶ
1105 5297 1342 5368 γνησίων
1372 5297 1847 5367 παρόντων.Ὤστε
1875 5297 1998 5351 οὐτε
2026 5300 2056 5352 6

475 5391 684 5464 καιρὸς,
717 5389 841 5444 οὔτε
870 5393 898 5443 6
922 5391 1104 5455 τόπος,
1135 5391 1258 5444 οὐτε
1289 5392 1322 5461 ἡ
1357 5391 1580 5460 ποιότης
1607 5391 1714 5445 τῶν
1749 5392 2055 5462 προσώπων

476 5485 701 5555 ἀφίησιν
737 5485 883 5554 ἡμᾶς
925 5484 1211 5536 πιστεῦσαι
1257 5486 1371 5546 τοῖς
1403 5483 1717 5554 λεγομένοις
1763 5483 1935 5546 οὓτως
1981 5484 2054 5547 ὡς

477 5576 712 5646 εἴρηται,
745 5575 841 5628 καὶ
887 5574 1233 5643 καταγνῶναι
1279 5575 1372 5628 τοῦ
1423 5577 1630 5647 Πέτρου
1679 5575 1902 5630 δειλίαν.
1937 5576 2057 5629 Ἐπ-

477 5666 707 5738 ῃνέσατε
737 5667 803 5720 τὰ
831 5667 1138 5738 εἰρημένα;
1175 5667 1364 5720 Καίτοι
1401 5684 1464 5736 γε
1496 5668 1652 5741 [568]
1691 5670 1748 5722 ἐν
1791 5669 1932 5740 ἀρχῇ
1968 5673 2056 5722 τὸν

542 5781 572 5813 ⁸
584 5782 698 5835 Duo
718 5794 832 5832 mss.
856 5783 996 5832 αὐτὸν
1016 5785 1372 5846 καταφρονήσας
1390 5783 1516 5834 τότε.

1167 333 1224 386 S.
1259 331 1542 386 J().-\NNIS
1579 333 2033 392 CHRYSOQTO‘M

2151 337 2422 392 RCHIEP.
2462 332 3008 392 CONSTANTINOP.

3582 330 3686 387 578

2118 430 2328 485 Παῦλον
2373 433 2735 504 ἐθαυμάζετε,
2766 440 2859 492 καὶ
2901 441 2997 510 τῆς
3039 439 3353 512 παρῤησίας
3393 441 3556 496 αὐτὸν
3602 444 3689 511 ἐξ-

2117 519 2445 590 επλήττεσθε
2468 539 2481 551 ·
2525 523 2639 576 ἀλλ’
2671 525 2778 578 ίδοὺ
2818 528 3142 599 περιέτρεψε
3174 528 3273 599 τὴν
3307 531 3638 601 κατηγορίαν
3658 532 3692 585 δ

2117 604 2292 673 λόγος.
2311 607 2446 660 Ἀλλ’
2472 609 2661 682 ῶσπερ
2707 613 3008 684 ἀρχόμενος
3054 615 3259 684 ελεγον,
3289 616 3370 670 ὅτι
3420 618 3573 671 οὐδέν
3605 635 3697 689 μοι

2118 691 2328 761 ὄφελος,
2355 695 2450 748 ἐὰν
2475 697 2690 751 Παύλου
2711 701 2892 765 καλῶς
2912 703 3213 768 ποιοῦντος,
3232 706 3259 758 6
3280 705 3485 776 Πέτρος
3508 705 3696 779 δειχθῇ

2123 779 2197 850 μὴ
2224 781 2404 844 καλῶς
2436 787 2602 838 ποιῶν
2630 787 2720 856 (τά
2741 788 2850 858 γὰρ
2878 790 3199 862 ἐγκλήματα
3220 792 3315 845 καὶ
3342 794 3376 864 ἡ
3397 793 3518 846 καθ’
3541 793 3700 864 ἡμῶν

2120 867 2349 940 αίσχύνη
2388 871 2558 942 μένει,
2591 875 2656 927 ἄν
2681 893 2741 929 τε
2768 870 2940 943 οὗτος,
2973 879 3039 932 ἀν
3061 896 3120 933 τε
3149 880 3355 945 ἐκεῖνος
3392 880 3687 952 διημαρτης

2121 955 2234 1021 κὼς
2268 957 2466 1030 τύχῃ),
2506 961 2648 1016 οὕτω
2691 965 2785 1018 καὶ
2831 964 2926 1020 νῦν
2958 967 3021 1020 τὸ
3051 968 3184 1020 αὐτὸ
3224 968 3372 1038 λέγω
3414 969 3596 1034 πάλιν,
3624 969 3704 1032 ὡς

2121 1045 2275 1098 οὐδέν
2318 1064 2408 1117 μοι
2449 1049 2660 1117 ὄφελος,
2705 1051 2772 1104 ἀν
2821 1053 3030 1124 Πέτρου
3063 1055 3162 1127 τὴν
3195 1056 3532 1128 κατηγορίαν
3563 1057 3702 1109 ἀπο-

2124 1135 2554 1206 σκευασαμένου,
2607 1139 2636 1190 6
2676 1139 2887 1205 Παῦλος
2935 1141 3194 1213 φαίνηται
3243 1143 3557 1215 θαρσαλέως
3609 1143 3708 1198 καὶ

2123 1222 2545 1293 ἀπερισκέπτως
2593 1226 2688 1279 τοῦ
2735 1231 3134 1284 συναποστόλου
3185 1233 3530 1304 κατηγορῶν.
3565 1233 3706 1304 Φέρε

2124 1306 2240 1374 οὖν,
2287 1313 2380 1365 καὶ
2415 1313 2603 1366 τοῦτον
2646 1315 2754 1369 τῶν
2809 1318 3172 1390 ἐγκλημάτων
3219 1320 3602 1393 ἀπολύσωμεν.
3639 1319 3708 1372 Τί

2125 1393 2252 1464 οῦνς
2281 1401 2310 1452 6
2337 1399 2436 1468 μὲν
2463 1401 2666 1472 Πέτρος
2691 1404 2953 1470 τοιοῦτος,
2977 1410 3006 1460 6
3032 1406 3089 1459 δὲ
3113 1408 3323 1472 Παῦλος
3343 1409 3403 1462 οὐ
3429 1407 3706 1472 τοιοῦτοςς

2126 1486 2222 1538 καὶ
2244 1487 2296 1538 τί
2321 1487 2533 1541 Παύλου
2559 1489 2885 1564 θερμότερον
2919 1495 3114 1564 γένοιτ’
3139 1495 3227 1559 ἂν,
3248 1497 3308 1560 ὃς
3327 1496 3446 1549 καθ’
3467 1496 3708 1563 ἑκάστην

2127 1573 2338 1644 ἡμέραν
2388 1575 2695 1648 ἀπέθνησκε
2739 1579 2827 1634 διά
2871 1581 2962 1634 τὸν
3010 1583 3276 1655 Χριστόν;
3321 1583 3479 1638 ’Δλλά
3507 1582 3604 1636 νῦν
3645 1584 3710 1637 οὐ

2129 1661 2257 1732 περὶ
2285 1661 2535 1734 ἀνδρείας
2573 1667 2703 1736 ἡμῖν
2733 1669 2762 1720 6
2787 1667 2967 1736 λόγος,
2991 1668 3066 1740 (τί
3092 1670 3198 1741 γὰρ
3229 1670 3367 1743 πρὸς
3392 1671 3452 1725 τὸ
3485 1670 3712 1742 προκεί-

2133 1765 2290 1818 μενον
2319 1750 2544 1822 τοῦτο;)
2577 1753 2692 1805 ἀλλ’
2727 1756 2775 1806 εί
2816 1756 3072 1826 ἀπεχθῶς
3109 1758 3246 1829 πρὸς
3275 1758 3367 1812 τὸν
3409 1758 3711 1812 ἀπόστολον

2130 1836 2426 1909 διέκειτο,ῆ
2453 1843 2501 1892 εί
2527 1841 2828 1908 κενοδοξίας
2849 1845 2994 1908 τινὸς
3014 1848 3108 1899 καὶ
3128 1847 3458 1915 φιλονεικίας
3482 1843 3711 1917 ἦνάῦτη

2131 1925 2164 1994 ὴ
2201 1926 2526 1996 μάχη.⁹Αλλ’
2550 1929 2671 1982 οὐδὲ
2719 1930 2876 1984 τοῦτο
2925 1933 3071 1986 ἔστιν
3127 1936 3334 1987 εἰπεῖν·
3372 1935 3448 2006 μὴ
3477 1936 3710 2002 γένοιτοο

2133 2013 2267 2065 Οὐδέ
2295 2013 2405 2085 γὰρ
2435 2015 2642 2087 Πέτρου
2674 2017 2768 2070 τοῦ
2799 2021 3098 2091 κορυφαίου
3143 2022 3249 2074 τῶν
3289 2024 3460 2092 ἀγίων
3487 2022 3716 2076 ἐκείνων

2136 2099 2314 2169 μόνον,
2352 2101 2489 2155 ἀλλά
2520 2105 2613 2158 καὶ
2639 2106 2858 2161 πάντων
2885 2108 3070 2173 δοῦλος
3102 2105 3169 2181 ἦν
3200 2110 3388 2174 ἁπλῶς
3427 2110 3534 2163 τῶν
3578 2111 3718 2163 ἀπο-

2135 2188 2336 2243 στόλων
2383 2191 2412 2241 δ
2459 2192 2688 2256 Παῦλος,
2721 2195 2814 2248 καὶ
2856 2195 3029 2249 ταῦτα
3078 2197 3414 2250 πλεονεκτῶν
3459 2198 3718 2250 ἁπάντων

2135 2276 2276 2330 κατά
2320 2279 2444 2342 τοὺς
2480 2280 2709 2344 κόπους⁹
2750 2283 2865 2336 ἀλλ’
2893 2285 3043 2354 ὅμως
3082 2286 3298 2338 πάντων
3327 2285 3516 2338 ἐαυτὸν
3551 2285 3718 2354 ἔσχα-

2133 2381 2224 2417 τον
2263 2360 2403 2418 εἶναι
2444 2369 2712 2438 ἐνόμιζεν.
2750 2371 2892 2440 Ἐγὼ
2923 2371 3033 2440 γάρ
3059 2373 3196 2440 ειμι,
3227 2373 3413 2444 φησιν,
3445 2375 3477 2425 ό
3512 2373 3719 2440 ἐλάχι-

2135 2468 2284 2519 στος
2312 2453 2430 2507 τῶν
2454 2456 2835 2526 ἀποστόλων,
2869 2458 2938 2524 ὃς
2964 2461 3075 2512 οὐκ
3115 2458 3232 2527 εἰμὶ
3269 2459 3477 2524 ἱκανὸς
3516 2458 3720 2511 κα.ιεῖ-

2135 2539 2275 2590 σθαι
2305 2538 2676 2608 ἀπόστολοςο
2718 2544 2779 2596 οὐ
2811 2544 2970 2614 μόνον
2995 2543 3053 2596 δέ
3087 2544 3197 2598 τῶν
3224 2545 3558 2608 ἀποστόλων,
3583 2544 3723 2597 ἀλλά

2136 2625 2231 2678 καὶ
2272 2626 2381 2679 τῶν
2429 2629 2602 2696 ἁγίων
2640 2631 2828 2694 ἀπλῶς
2873 2631 3152 2685 ἁπάντων.
3191 2633 3349 2701 Ἐμοὶ
3398 2633 3527 2702 γάρ,
3563 2632 3719 2702 φησὶν

2137 2709 2218 2776 τῷ
2249 2711 2595 2785 ἐλαχίστῳιι
2623 2717 2865 2773 πάντων
2896 2719 3016 2772 τῶν
3041 2720 3230 2790 ἁγίων
3256 2719 3433 2788 ἐδόθη
3469 2721 3507 2789 ἠ
3547 2718 3723 2788 χάρις

2140 2799 2317 2868 αὕτη.

2209 2939 2278 3005 η’.
2303 2927 2456 2996 Εἶδες
2487 2933 2949 3006 συντετριμμένην
2975 2933 3187 3005 ψυχήνς
3220 2929 3360 2998 εἶδες
3388 2933 3504 2998 πῶς
3533 2931 3726 2986 ἐαυτὸν

2140 3019 2449 3091 κατώτερον
2478 3021 2696 3074 πάντων
2731 3021 2911 3092 ἵστησι
2945 3021 3054 3074 τῶν
3088 3022 3280 3091 ἁγίων,
3307 3023 3428 3092 οὐχὶ
3450 3021 3558 3074 τῶν
3585 3022 3725 3074 ἀποο

2143 3111 2344 3163 στόλων
2381 3111 2574 3182 μόνον;
2618 3109 2680 3166 Ὀ
2706 3111 2764 3166 δε
2795 3111 2938 3166 οὕτω
2968 3113 3096 3185 περὶ
3122 3113 3332 3177 πάντας
3359 3112 3723 3182 διακείμενος,

2142 3199 2259 3269 ᾔδει
2311 3199 2407 3251 καὶ
2458 3199 2631 3268 πόσης
2677 3199 2768 3252 τὸν
2819 3199 3027 3271 Πέτρον
3084 3200 3375 3272 προεδρίας
3430 3200 3726 3254 ἀπολαύειν

2144 3288 2331 3358 ἐχρῆν,
2357 3288 2452 3341 καὶ
2484 3289 2664 3358 ᾐδεῖτο
2695 3289 2932 3360 μάλιστα
2959 3291 3175 3345 πάντων
3193 3291 3496 3364 ἀνθρώπων
3513 3288 3720 3353 τοῦτον,

2145 3378 2240 3454 καὶ
2257 3376 2332 3439 ώς
2360 3375 2509 3442 ἀξιος
2528 3371 2618 3447 ἦν,
2649 3375 2792 3430 οὕτω
2816 3377 2942 3449 περὶ
2969 3378 3132 3431 αὐτὸν
3161 3377 3412 3431 διέκειτο.
3441 3377 3549 3429 Καὶ
3570 3373 3733 3426 τοῦτο

2145 3462 2355 3516 ἐκεῖθεν
2391 3462 2570 3533 δῆλον.
2589 3463 2654 3514 Ἠ
2679 3463 2974 3534 οίκουμένη
3024 3465 3175 3517 πᾶσα
3221 3464 3360 3534 πρὸς
3386 3463 3546 3516 αὐτὸν
3577 3462 3733 3514 £615-

2147 3570 2270 3619 πεν,
2308 3554 2364 3606 αί
2396 3553 2675 3624 φροντίδες
2699 3555 2808 3607 τῶν
2848 3553 3121 3625 πανταχοῦ
3151 3554 3249 3624 τῆς
3270 3550 3734 3624 γῆςτκκλησιῶν

2145 3641 2246 3710 τῆς
2279 3641 2485 3694 ἐκείνου
2511 3641 2687 3712 ψυχῆς
2725 3638 2866 3712 ἦσαν
2895 3639 3286 3714 ἐξηρτημέναι,
3334 3641 3501 3712 μυρία
3546 3639 3736 3710 ἐμερί-

2152 3744 2258 3797 μνα
2285 3727 2406 3781 καθ’
2429 3729 2665 3796 ἐκάστην
2685 3729 2901 3800 ἡμέραν
2930 3732 3252 3800 πράγματα,
3281 3727 3546 3782 πάντοθεν
3568 3726 3735 3778 αὐτὸν

2149 3815 2413 3868 ἐκύκλουν
2458 3816 2806 3886 κηδεμονίαι,
2841 3817 3190 3889 προστασίαι,
3223 3815 3558 3888 διορθώσεις,
3594 3831 3734 3883 συμ-

2151 3903 2360 3966 ϐουλαὶ,
2392 3905 2764 3973 παραινέσεις,
2792 3904 3155 3970 διδασκαλίαι,
3187 3905 3395 3977 μυρίων
3421 3903 3733 3972 οἰκονομίαι

2152 3989 2522 4062 πραγμάτων·
2561 3992 2655 4044 καὶ
2705 3993 2882 4046 πάντα
2933 3993 3117 4046 ἐκεῖνα
3171 3991 3355 4061 ἀφεὶς,
3380 3989 3622 4060 ἀπῆλθεν
3655 3991 3739 4052 εἰς

2163 4077 2530 4150 Ἱεροσόλυμα,
2560 4080 2654 4134 καὶ
2683 4081 2956 4150 πρόφασις
2987 4081 3088 4151 τῆς
3134 4079 3256 4134 ὁδοῦ
3301 4078 3526 4149 οὐδεμία
3573 4078 3740 4148 ἐτέρα

2151 4160 2238 4234 ἦν,
2269 4164 2436 4236 ἀλλ’ἢ
2467 4165 2528 4218 τὸ
2555 4166 2761 4238 Πέτρον
2795 4168 2944 4233 ἰδεῖν,
2976 4166 3158 4230 καθὼς
3183 4166 3344 4230 αὐτός
3374 4181 3572 4236 φησιν’
3608 4166 3737 4219 Ἀν-

2152 4253 2299 4320 έϐην
2341 4257 2428 4320 εις
2473 4254 2856 4326 Ἱεροσόλυμα
2905 4256 3224 4325 ἱστορῆσαι
3256 4257 3512 4324 Πέτρον’
3561 4253 3740 4317 οὕτως

2154 4341 2316 4393 αὐτὸν
2344 4343 2526 4412 ἐτίμα,
2563 4343 2657 4396 καὶ
2687 4343 2792 4414 πρὸ
2819 4344 3036 4399 πάντων
3070 4340 3195 4416 ἦγε.
3230 4345 3295 4396 Τί
3321 4339 3452 4410 οὖν;
3484 4341 3610 4395 ίδὼν
3633 4343 3738 4395 αὐ-

2153 4429 2244 4481 τὸν
2298 4428 2499 4493 εὐθέως
2552 4429 2928 4502 ἀνεχώρησεν;
2981 4431 3277 4502 Οὐδαμῶς·
3327 4429 3440 4484 ἀλλ’
3477 4429 3738 4499 ἐπέμεινε

2156 4518 2292 4588 πρὸς
2320 4519 2480 4572 αὐτὸν
2515 4520 2728 4590 ἡμέρας
2753 4520 3068 4584 δεκαπέντε.
3099 4522 3168 4574 Et
3193 4537 3314 4574 τινα
3358 4515 3452 4573 οῦν
3497 4535 3742 4589 στρατη-

2154 4607 2324 4677 λάτην
2373 4605 2520 4672 ἴδοις,
2553 4608 2674 4660 εἰπέ
2717 4625 2827 4679 μοι,
2857 4611 3101 4677 γενναῖον
3134 4609 3228 4662 καὶ
3258 4607 3590 4679 θαυμαστὸν,
3642 4604 3741 4659 τοῦ

2157 4693 2393 4763 πολέμου
2422 4695 2951 4766 συγκεγροτημένου,
2972 4697 3069 4768 τῆς
3092 4695 3446 4767 παρατάξεως
3471 4692 3743 4746 συνεστώ-

2161 4797 2280 4850 σης,
2322 4780 2421 4849 τῆς
2474 4781 2653 4852 μάχης
2711 4781 2960 4853 ζεούσης,
3012 4784 3222 4854 μυρίων
3264 4783 3425 4836 αὐτὸν
3472 4781 3742 4836 πάντοθεν

2159 4867 2465 4921 καλούντων
2511 4869 2864 4939 πραγμάτων,
2895 4870 3102 4940 ἀφέντα
3147 4872 3247 4942 τὴν
3286 4871 3614 4942 παράταξιν,
3646 4872 3743 4922 καὶ

2160 4959 2295 5029 προς
2334 4959 2618 5029 ἐπίσκεψίν
2659 4977 2802 5023 τινος
2847 4960 3153 5014 ἀπελθόντα
3182 4959 3360 5029 φίλου,
3405 4955 3514 5031 ἆρα
3546 4959 3745 5029 ἑτέραν

2164 5049 2384 5119 μείζονα
2416 5049 2618 5121 ταύτης
2656 5048 2838 5121 ζητεῖς
2871 5050 3164 5117 ἀπόδειξιν,
3197 5049 3317 5103 εἰπέ
3347 5067 3456 5119 μοι,
3481 5049 3580 5119 τῆς
3602 5048 3746 5118 πρὸς

2159 5139 2249 5189 τὸν
2296 5138 2580 5209 ἄνθρωπον
2623 5138 2829 5191 ἐκεῖνον
2875 5139 3121 5204 εὐνοίας;
3173 5138 3286 5190 Οὐκ
3340 5137 3515 5205 ἔγωγε
3563 5130 3744 5206 οἶμαι.

2160 5225 2330 5279 Τοῦτο
2350 5226 2529 5279 τοίνυν
2549 5228 2642 5280 και
2669 5212 2760 5280 ἐπὶ
2781 5228 2994 5280 Παύλου
3022 5228 3117 5280 και
3138 5227 3345 5297 Πέτρου
3371 5224 3609 5293 λογίζου.
3633 5224 3746 5278 Καὶ

2160 5315 2266 5386 γὰρ
2302 5315 2393 5367 καὶ
2441 5314 2672 5368 ἐνταῦθα
2710 5315 2943 5386 πόλεμος
2977 5316 3319 5385 συνειστήκει
3362 5313 3619 5383 χαλεπος,
3649 5311 3746 5366 καὶ

2162 5403 2462 5475 παράταξις
2491 5400 2580 5474 ἦν,
2611 5405 2704 5457 καὶ
2737 5404 2907 5475 μάχη,
2935 5404 2996 5456 οὐ
3030 5403 3166 5474 πρὸς
3197 5403 3518 5475 ἀνθρώπους
3559 5403 3744 5472 μόνον,

2163 5493 2296 5546 ἀλλά
2329 5491 2461 5563 πρὸς
2491 5491 2591 5554 τὰς
2627 5493 2822 5564 ἀρχὰς,
2854 5491 2992 5564 πρὸς
3015 5491 3114 5555 τὰς
3143 5491 3411 5556 ἐξουσίας,
3447 5491 3586 5562 πρὸς
3614 5492 3747 5554 τοὺς

2166 5581 2318 5654 [569]
2344 5581 2791 5652 κοσμοκράτορας
2806 5581 2899 5636 τοῦ
2927 5582 3157 5644 σκότους
3184 5580 3278 5634 τοῦ
3310 5579 3503 5643 αίῶνος
3527 5577 3748 5644 τούτου,

2164 5673 2258 5724 καὶ
2297 5670 2443 5740 μάχη
2492 5669 2621 5741 περὶ
2664 5669 2766 5738 τῆς
2807 5669 2914 5726 τῶν
2948 5667 3252 5740 ἀνθρώπων
3293 5667 3593 5738 σωτηρίας·
3631 5661 3748 5720 ἀλλ’

2226 5783 2255 5824 1³
2277 5783 2376 5833 Alii
2399 5783 2757 5846 ἐλαχιστοτέρῳ.
