4020 6370
245 312 347 376 577

245 433 454 494 discere
501 434 806 502 nitebatur,
851 447 908 491 et
965 437 1284 491 temerarius
1319 447 1373 491 et
1403 435 1826 491 inconsideratus

248 542 356 580 non
387 527 576 583 videri.
616 527 732 596 Quo
766 541 918 597 pacto
941 529 1099 598 igitur
1126 541 1177 583 et
1207 530 1547 598 cupiditatem
1576 529 1828 598 explevit,

244 627 299 671 et
326 627 482 672 caule
535 634 647 674 sum
694 621 966 674 securitati
1027 621 1302 690 providit?
1350 621 1417 676 Ut
1456 637 1523 676 eo
1551 623 1665 691 ipso
1689 621 1831 686 qimd

245 710 452 765 discere
481 711 684 779 vellet,
713 713 964 768 iniictum
1019 730 1256 768 amorem
1303 715 1612 770 ostenderet
1651 713 1832 784 :quod

244 811 422 858 autem
454 804 553 858 hoc
601 804 715 873 ipse
742 820 836 865 per
860 821 920 860 se
947 823 1050 859 non
1081 805 1303 872 faceret,
1329 807 1422 867 sed
1443 806 1668 861 alterum
1699 805 1833 874 obji-

245 905 394 949 eeret
423 935 437 956 ,
464 897 714 964 pietatem
761 907 814 951 et
844 897 1160 951 modestiam
1187 913 1400 952 onmem
1423 913 1534 967 pra:
1557 913 1618 952 se
1645 896 1825 952 ferret.

247 984 493 1056 [Indique
528 988 669 1041 enim
697 988 826 1042 mihi
871 990 1151 1057 angustiae,
1189 989 1398 1058 inquit:
1428 989 1496 1044 de
1532 988 1830 1058 proditione

249 1077 452 1131 Domini
482 1079 691 1148 agitur,
740 1081 923 1150 ingens
971 1089 1053 1134 est
1097 1082 1386 1150 periculum
1416 1121 1433 1146 ,
1479 1081 1827 1150 praecipitium

245 1171 513 1238 utrinque.
545 1169 603 1230 Si
635 1179 876 1234 tacuero,
903 1171 1084 1226 exedit
1111 1171 1343 1226 animam
1379 1171 1686 1226 sollicitudo
1725 1189 1739 1226 :
1784 1171 1828 1224 si

241 1263 450 1328 dixero,
478 1277 670 1317 vereor
724 1278 792 1318 ne
823 1262 963 1317 forte
1012 1278 1198 1318 rursus
1227 1263 1641 1333 increpationem
1687 1263 1831 1317 exci-

244 1353 404 1418 piam.
436 1351 661 1407 Mediam
695 1353 872 1422 itaque
900 1353 1038 1407 viam
1067 1353 1258 1420 tenuit,
1287 1362 1342 1408 et
1365 1354 1457 1424 qui
1483 1355 1677 1422 ubique
1709 1369 1831 1424 pro-

245 1443 460 1497 siliebat
483 1453 609 1498 ante
629 1453 878 1510 caeteros,
910 1455 1020 1499 tum
1060 1445 1251 1500 ﬁducia
1279 1444 1498 1500 Joannis
1521 1444 1826 1515 indigebat,

245 1544 303 1586 ut
326 1533 399 1600 id,
429 1535 495 1588 de
514 1549 622 1604 quo
652 1535 928 1606 agebatur,
961 1547 1330 1607 cognosceret.
1359 1537 1498 1592 Nihil
1521 1538 1661 1592 enim
1683 1537 1827 1592 aliud

241 1625 500 1693 spirabat,
529 1637 581 1680 et
629 1627 680 1680 in
715 1627 897 1682 animo
934 1637 1192 1697 perpetuo
1235 1629 1499 1695 habebat,
1531 1643 1686 1699 quam
1719 1645 1830 1683 ma-

243 1717 469 1784 gistrum
520 1726 750 1772 tantum.
817 1719 1107 1788 PrOpterea
1160 1735 1404 1775 carceres
1448 1729 1503 1774 et
1551 1722 1828 1775 innumera

244 1806 436 1861 deinde
467 1810 653 1880 mortis
698 1825 896 1880 genera
945 1811 1156 1866 subibat
1207 1813 1460 1866 audaCIer
1488 1853 1503 1876 ,
1555 1823 1830 1882 totamque

242 1899 404 1951 vitam
436 1909 755 1972 praesentem
793 1901 1100 1971 spernebat.
1149 1902 1375 1972 Propter
1430 1904 1579 1958 illum
1626 1915 1680 1958 et
1707 1920 1827 1958 cum

244 1990 561 2046 verberibus
591 2007 762 2047 caesus
796 2002 958 2060 esset,
988 2003 1043 2048 et
1075 2003 1280 2064 tergum
1309 1995 1534 2050 haberet
1569 1996 1830 2051 vibicibus

242 2094 547 2149 exaratum,
576 2085 652 2139 sic
681 2100 776 2140 eos
803 2100 834 2139 a
861 2085 1051 2156 quibus
1074 2100 1244 2141 caesus
1281 2087 1596 2143 verberibus
1623 2088 1826 2156 fuerat,

245 2173 613 2242 alloquebatur
637 2194 650 2229 :
679 2175 798 2231 Non
826 2194 1092 2244 possumus
1121 2195 1213 2232 nos
1231 2194 1346 2248 qua:
1365 2179 1580 2235 vidimus
1603 2190 1651 2234 et
1675 2180 1829 2234 audi-

243 2266 404 2318 uimus
429 2283 529 2318 non
552 2265 688 2336 loqui
715 2267 874 2338 (Act.
901 2270 956 2323 4.
985 2268 1110 2338 20).
1145 2269 1308 2324 Vides
1355 2270 1672 2324 indomitum
1709 2271 1827 2325 ani-

243 2371 386 2409 mum
412 2357 434 2409 ?
460 2357 610 2412 vides
646 2359 892 2413 fiduciam
932 2360 1228 2414 invictam?
1267 2361 1416 2416 vides
1455 2363 1686 2416 animam
1715 2378 1827 2416 CIB-

244 2448 360 2502 lesti
412 2448 677 2505 desiderio
724 2461 779 2506 et
829 2467 1011 2507 amore
1060 2454 1491 2509 redundantem?
1548 2456 1828 2523 Quomodo

241 2554 371 2608 ergo
412 2539 590 2595 dicere
642 2542 808 2598 audes
856 2545 1000 2600 illum
1032 2586 1046 2611 ,
1089 2546 1228 2615 quod
1264 2556 1526 2601 metueret
1570 2563 1664 2602 eos
1689 2589 1704 2614 ,
1736 2546 1826 2614 qui

241 2647 306 2683 ex
334 2631 740 2686 circumcisione
759 2642 932 2698 erant,
951 2650 1011 2689 se
1041 2635 1467 2702 subtraxisse,ac
1493 2637 1826 2707 segregasse?

242 2720 401 2774 Multa
432 2736 641 2790 qu0que
666 2724 768 2778 alia
801 2725 866 2780 de
905 2726 1065 2781 Petro
1095 2727 1196 2781 dici
1233 2737 1496 2796 poterant,
1520 2745 1638 2798 fllliB
1658 2730 1825 2798 ipsius

242 2812 530 2880 ardorem,
563 2813 950 2883 fortitudinem,
986 2832 1225 2872 amorem
1252 2860 1265 2883 ,
1301 2835 1457 2888 quem
1500 2819 1728 2875 habebat
1773 2821 1824 2874 in

241 2903 509 2958 Christum
534 2947 548 2970 ,
579 2907 926 2962 ostenderent
968 2909 1105 2964 :sed
1149 2925 1215 2964 ne
1262 2909 1469 2978 longius
1521 2925 1823 2965 sermonem

241 3007 298 3050 et
347 2998 650 3066 importune
692 3001 1050 3070 producamus
1076 3045 1092 3070 ,
1139 3003 1402 3058 sufﬁcient
1451 3019 1512 3058 ea
1542 3021 1661 3074 qute
1686 3005 1824 3060 dicta

245 3099 389 3144 sunt.
413 3090 597 3161 Neque
627 3094 770 3148 enim
799 3093 866 3148 de
889 3094 1133 3150 laudibus
1153 3096 1269 3165 ejus
1300 3097 1594 3152 orationem
1623 3097 1825 3154 habere

243 3181 398 3236 nobis
459 3185 792 3253 propositum
844 3195 964 3252 est,
1023 3187 1118 3242 sed
1171 3188 1518 3258 quaestionem
1573 3189 1818 3257 solvere,

240 3288 360 3342 quae
400 3289 459 3329 se
487 3275 766 3332 videbatur
795 3277 1011 3344 offerre,
1042 3290 1201 3350 atque
1227 3279 1293 3334 ad
1321 3280 1481 3335 ﬁnem
1509 3281 1820 3351 perducere.

313 3367 366 3420 7.
408 3367 487 3421 Tu
520 3384 652 3423 vero
691 3370 906 3426 aliunde
936 3387 1147 3441 quoque
1186 3374 1485 3442 perpende,
1539 3389 1696 3444 quam
1733 3389 1825 3444 pa-

240 3475 358 3513 rum
414 3461 701 3529 probabilis
726 3464 795 3516 sit
838 3465 1126 3518 accusatio.
1161 3465 1292 3518 Nam
1331 3474 1440 3519 tum
1490 3465 1703 3535 quidem
1725 3466 1824 3519 sub

240 3551 412 3619 ipsum
444 3552 780 3622 principium,
799 3555 1011 3624 quando
1027 3555 1256 3622 dicebat,
1281 3555 1430 3609 Hunc
1453 3555 1650 3622 Jesum,
1678 3574 1824 3626 quem

238 3657 324 3694 vos
353 3643 695 3712 cruciﬁristis,
732 3646 987 3700 suscitavit
1011 3646 1165 3714 Deus,
1199 3648 1375 3702 solutis
1401 3648 1656 3702 doloribus
1682 3665 1823 3702 mor-

238 3734 302 3784 lis
344 3734 478 3804 (Act.
510 3735 699 3804 2.24),
743 3745 853 3791 tum
909 3739 1048 3793 inter
1078 3739 1320 3794 inimicos
1344 3749 1479 3805 erat,
1524 3741 1696 3795 adhuc
1719 3756 1824 3795 cac-

236 3825 359 3878 dem
388 3826 715 3893 anhelantes,
764 3829 938 3884 adhuc
987 3830 1064 3884 ira
1094 3829 1382 3896 ferventes,
1423 3831 1598 3886 adhuc
1649 3832 1822 3887 disci-

240 3917 393 3984 pulos
426 3917 665 3973 volentes
714 3919 1041 3989 discerpere.
1072 3920 1294 3991 Vigebat
1337 3923 1477 3976 enim
1510 3923 1683 3978 adhuc
1710 3925 1821 3978 illo-

236 4022 354 4061 rum
386 4011 730 4079 perturbatio,
762 4020 817 4066 et
835 4027 987 4067 meus
1024 4012 1103 4067 ira
1143 4014 1396 4068 tumebat.
1435 4013 1586 4069 Nunc
1618 4023 1818 4080 autem,

235 4116 357 4152 cum
413 4101 612 4157 Paulus
643 4103 747 4158 ista
799 4104 1075 4168 scriberet,
1117 4104 1357 4160 decimus
1400 4107 1659 4174 septimus
1696 4123 1820 4176 age-

237 4191 392 4243 batur
445 4208 637 4255 annus,
668 4208 739 4247 ex
771 4209 878 4257 quo
912 4203 1147 4263 cmperat
1169 4196 1499 4264 evangelium
1521 4197 1816 4264 pra-dicari.

233 4281 367 4334 (lum
418 4283 558 4336 enim
615 4283 858 4349 dixisset,
909 4284 1036 4338 Post
1072 4302 1232 4339 annos
1262 4296 1358 4339 tres
1386 4287 1587 4340 ascendi
1613 4285 1822 4341 Jeroso-

236 4373 424 4442 lymam
453 4373 591 4443 (Gal.
620 4377 671 4430 i.
699 4377 808 4446 18),
836 4377 910 4430 ait
936 4378 1138 4443 t'ursus,
1163 4375 1290 4431 Post
1323 4393 1481 4430 annos
1508 4379 1820 4448 qualum-de.-

231 4468 330 4518 cim
355 4469 558 4521 asccudi
585 4469 953 4540 Jerosolymam
983 4468 1194 4541 (σαμε.
1230 4472 1306 4539 1).
1337 4469 1434 4536 Qui
1465 4486 1588 4540 ergo
1613 4474 1662 4524 in
1682 4486 1817 4540 prae-

231 4557 516 4613 dicationis
577 4560 811 4614 exordiis
861 4577 966 4614 non
1023 4561 1216 4628 timuit,
1264 4575 1403 4614 nunc
1449 4571 1566 4630 post
1612 4569 1814 4614 tantum

230 4650 470 4718 elapsum
517 4660 722 4720 tempus
758 4652 942 4707 timet?
991 4652 1080 4722 qui
1109 4667 1214 4706 non
1259 4651 1815 4722 metueratJerosoly-

231 4743 355 4804 mis,
399 4743 692 4798 Antiochiae
731 4744 1036 4799 metuebat?
1078 4744 1312 4813 quicum
1343 4743 1410 4796 ab
1448 4742 1689 4798 hostibus
1708 4744 1818 4797 cir-

229 4851 536 4891 cumsessus
585 4844 748 4901 esset,
781 4843 894 4890 tum
931 4851 1039 4890 non
1091 4843 1174 4889 est
1225 4835 1478 4897 territus;
1514 4849 1654 4888 nunc
1693 4849 1814 4888 cum

231 4944 334 4982 nec
379 4928 470 4981 ulli
539 4926 721 4982 hostes
780 4927 1012 4993 adsunt,
1067 4925 1162 4982 sed
1201 4925 1383 4981 fideles
1441 4939 1503 4978 ac
1548 4924 1812 4994 discipuli,

231 5029 378 5072 metu
440 5021 651 5089 angitur
692 5029 747 5074 et
791 5019 1138 5085 reformidat,
1207 5033 1308 5073 nec
1353 5027 1496 5073 recte
1549 5017 1816 5071 ambulat?

229 5110 363 5177 Quis
404 5109 506 5164 hoc
550 5111 742 5165 rationi
763 5120 1178 5166 coiisentaueum
1202 5109 1504 5175 arbitretur,
1541 5108 1666 5162 dum
1691 5125 1813 5164 suc-

231 5199 485 5253 cenditur
529 5216 710 5270 rogus,
765 5203 898 5254 etin
947 5203 1110 5254 altum
1160 5203 1414 5270 exsurgit,
1471 5200 1721 5254 audacter
1763 5201 1812 5254 in

228 5306 352 5346 eum
373 5306 612 5361 pergere,
630 5293 946 5346 exstinctum
965 5303 1140 5346 autem
1158 5303 1210 5346 et
1229 5294 1496 5346 redactum
1516 5294 1565 5346 in
1581 5293 1812 5346 cinerem

227 5381 581 5437 reformidare
620 5393 674 5437 et
737 5384 1182 5437 contremiscere?
1237 5383 1291 5437 Si
1343 5384 1560 5439 timidus
1630 5385 1814 5438 fuisset

229 5483 284 5528 et
318 5473 534 5528 minime
585 5487 833 5528 Strenuus
882 5475 1092 5541 Petrus,
1121 5473 1270 5527 initio
1319 5477 1732 5543 praedicationis,
1761 5478 1810 5530 in

229 5567 516 5635 lliCil’OllOii
550 5567 872 5632 Judmorum,
924 5568 1010 5622 uhi
1059 5570 1238 5623 hostes
1268 5581 1419 5625 erant
1446 5587 1652 5638 omnes,
1687 5582 1814 5626 tunc

229 5656 652 5723 reformidasset,
684 5674 785 5711 non
829 5668 949 5728 post
979 5669 1179 5713 tantum
1208 5671 1412 5730 tempus
1435 5662 1483 5715 in
1514 5664 1642 5718 urbe
1663 5664 1814 5718 Chri-

229 5751 576 5815 stianissima,
605 5767 775 5822 neque.
803 5753 1146 5822 prmsentibus
1163 5753 1347 5808 amicis
1373 5765 1424 5809 et
1443 5757 1802 5814 l'amiiiaribus.

1317 317 1384 373 ἰΝ
1421 316 1651 376 “LUD.
1695 320 1759 374 ΙΝ
1807 314 2055 374 FACT.“
2099 313 2164 367 El
2203 310 2500 367 RESTITI.

3408 325 3508 383 ὅτε

1941 433 2122 502 Itaque
2174 451 2272 491 nec
2302 446 2528 507 tempus,
2570 452 2670 493 nec
2704 436 2870 504 locus,
2915 453 3088 508 neque
3135 437 3369 493 conditio
3399 455 3522 508 per-

1937 541 2186 582 sonarum
2262 545 2360 584 nos
2420 532 2490 585 ita
2551 531 2728 586 verbis
2773 531 2878 585 illis
2926 531 3084 586 linem
3135 532 3258 586 sivit
3298 533 3521 598 habere,

1939 627 1995 672 ut
2036 618 2234 674 dictum
2265 631 2366 687 est,
2397 631 2450 674 et
2472 621 2684 676 Petrum
2717 622 2923 676 timoris
2948 637 3218 676 accusare.
3245 621 3525 676 Laudastis

1936 727 2054 780 qua:
2093 713 2232 766 dicta
2277 713 2436 766 sunt?
2480 714 2636 781 Atqui
2686 713 2906 767 Paulum
2949 714 3096 766 initio
3137 713 3472 766 mirabatniui
3501 754 3518 778 ,

1937 801 2160 872 ejusque
2211 802 2455 856 ﬁduciam
2507 803 2966 871 obstupescebatis
3000 813 3092 856 :at
3141 819 3267 858 ecce
3306 818 3526 857 accusa-

1936 895 2134 948 tionem
2184 896 2401 950 invertit
2447 897 2635 950 oratio.
2688 896 2791 951 Sed
2836 905 2892 950 ut
2937 897 3087 950 initio
3117 897 3356 950 dicebam
3394 896 3523 951 nihil

1937 984 2070 1039 mihi
2119 985 2394 1054 prodesse,
2424 987 2468 1041 si
2501 987 2670 1040 Paulo
2709 995 2852 1041 recte
2878 986 3125 1049 faciente,
3154 988 3367 1041 Petrum
3397 1003 3526 1041 con-

1935 1087 2036 1134 stet
2071 1094 2177 1133 non
2233 1088 2377 1133 recte
2401 1078 2593 1133 fecisse
2620 1079 2834 1151 (manet
2857 1080 2998 1132 enim
3022 1079 3248 1143 crimen,
3275 1087 3330 1132 et
3356 1079 3527 1148 pudor

1935 1171 1987 1226 in
2025 1187 2124 1227 nos
2172 1171 2452 1236 redundat,
2483 1173 2594 1226 sive
2621 1171 2707 1225 hic
2751 1171 2865 1225 sive
2910 1170 3002 1224 ille
3045 1171 3419 1240 peccaverit):
3453 1170 3524 1223 ita

1936 1279 2074 1319 nunc
2101 1264 2260 1317 etiam
2305 1263 2442 1318 idem
2484 1278 2669 1318 rursus
2713 1263 2855 1327 dico,
2887 1261 3018 1316 nihil
3061 1262 3188 1315 mihi
3236 1261 3522 1331 prodesse,

1934 1357 1979 1411 si
2021 1357 2410 1411 accusationem
2452 1372 2481 1410 a
2511 1371 2570 1410 se
2591 1356 2878 1410 amoliente
2906 1355 3088 1421 Petro,
3113 1354 3336 1409 Paulum
3363 1369 3527 1423 appa-

1935 1459 2050 1504 reat
2102 1449 2355 1503 audacter
2408 1459 2462 1503 et
2517 1447 2907 1502 inconsiderate
2944 1447 3309 1518 coapostolum
3364 1461 3526 1499 accu-

1935 1556 2103 1596 sasse.
2139 1543 2249 1611 Age.
2272 1543 2431 1612 igitur
2453 1542 2595 1596 hunc
2629 1543 2786 1596 etiam
2812 1543 3034 1596 crimine
3058 1542 3366 1595 liberemus.
3385 1540 3524 1608 Quid

1935 1633 2108 1700 ergo?
2145 1631 2286 1686 Talis
2333 1632 2545 1701 quidem
2599 1641 2717 1686 erat
2748 1632 2959 1698 Petrus,
3008 1631 3204 1686 Paulus
3246 1646 3376 1686 vero
3404 1632 3526 1685 talis

1933 1737 2040 1776 non
2086 1721 2233 1776 erat?
2261 1723 2326 1776 Et
2351 1722 2474 1792 quid
2499 1722 2663 1777 Paulo
2690 1722 2984 1785 ardentius,
3013 1723 3103 1792 qui
3135 1731 3350 1792 propter
3365 1721 3526 1776 Chri-

1933 1823 2072 1869 stum
2118 1815 2356 1885 quotidie
2404 1815 3170 1870 moriebatur?Verumtamen
3217 1830 3322 1868 non
3350 1815 3526 1884 agitur

1933 1921 2076 1961 nunc
2125 1908 2264 1977 apud
2309 1922 2405 1961 nos
2435 1907 2503 1962 de
2531 1906 2860 1970 fortitudine,
2895 1903 3061 1978 (quid
3089 1906 3230 1960 enim
3270 1906 3370 1959 hoc
3400 1904 3525 1959 facit

1932 1997 1998 2050 ad
2023 1995 2422 2069 propositum?)
2453 1996 2544 2052 sed
2576 2013 2701 2051 num
2731 1996 2854 2051 odio
2878 1996 3127 2066 quopiam
3173 2010 3524 2065 prosequere-

1933 2079 2022 2141 tur
2047 2087 2368 2157 apostolum,
2401 2088 2484 2142 vel
2513 2104 2640 2142 num
2684 2103 2837 2141 vana:
2869 2087 3055 2157 gloriae
3080 2101 3240 2141 causa
3284 2087 3364 2138 vel
3392 2100 3524 2139 con-

1932 2179 2188 2233 tentionis
2222 2189 2366 2233 esset
2388 2179 2474 2233 illa
2515 2193 2687 2248 pugna
2719 2187 2925 2233 exorta.
2954 2176 3059 2233 Sed
3087 2192 3155 2231 ne
3181 2177 3282 2232 hoc
3304 2177 3519 2246 quidem

1932 2271 2034 2325 dici
2053 2271 2435 2341 potest;absit.
2466 2270 2580 2326 Non
2607 2270 2752 2325 enim
2781 2271 2927 2325 Petri
2974 2281 3278 2324 sanctorum
3310 2270 3520 2324 illorum

1933 2363 2187 2432 principis
2214 2364 2408 2429 solum,
2441 2362 2536 2417 sed
2583 2372 2636 2416 et
2675 2363 2913 2417 omnium
2966 2362 3020 2416 in
3051 2362 3354 2416 universum
3389 2375 3524 2430 apoo

1930 2455 2189 2509 stolorum
2217 2470 2402 2510 servus
2432 2461 2548 2509 erat
2585 2453 2800 2520 Paulus,
2845 2453 3004 2523 idque
3051 2469 3173 2506 cum
3215 2467 3402 2506 omnes
3423 2468 3518 2505 ex-

1931 2544 2197 2599 antlandis
2248 2545 2520 2600 laboribus
2570 2551 2867 2613 superaret,
2922 2551 3157 2596 attamen
3198 2542 3436 2596 omnium
3463 2557 3522 2596 se

1930 2638 2177 2691 ultimum
2224 2637 2521 2708 reputabat.
2555 2634 2666 2706 Ego
2709 2637 2862 2700 enim,
2892 2635 3093 2702 inquit,
3124 2651 3238 2688 sum
3282 2634 3521 2687 minimus

1930 2729 2298 2797 apostolorum,
2314 2730 2398 2798 qui
2423 2745 2520 2782 non
2535 2745 2646 2781 sum
2661 2729 2842 2799 dignus
2863 2727 3031 2780 vocari
3052 2724 3311 2795 apostolus
3329 2726 3376 2795 (1
3397 2724 3516 2780 Cor.

1932 2821 2018 2874 15.
2049 2820 2105 2892 9)
2132 2837 2147 2875 :
2181 2837 2285 2874 non
2335 2822 2506 2876 Solum
2560 2829 2736 2875 autem
2760 2819 3146 2889 aposmlorum,
3183 2819 3276 2872 sed
3303 2828 3359 2872 et
3391 2833 3521 2870 san-

1928 2925 2137 2969 ctorum
2165 2915 2319 2982 plane
2368 2914 2627 2968 omnium.
2675 2913 2805 2966 Mihi
2834 2911 2973 2966 enim
3000 2950 3016 2975 ,
3040 2911 3246 2981 inquit,
3291 2910 3513 2963 omnium

1929 3017 2218 3062 sanctorum
2246 3007 2453 3060 minimo
2492 3006 2614 3059 data
2653 3015 2724 3060 est
2765 3006 2873 3058 lucc
2911 3005 3076 3074 gratia
3111 3002 3325 3072 (Ep/tes.
3355 3003 3406 3056 ’5.
3435 3001 3516 3069 8).

2001 3099 2054 3154 8.
2095 3098 2257 3153 Vides
2296 3099 2528 3151 animam
2565 3095 2854 3150 humilem?
2889 3093 3035 3148 vides
3082 3100 3142 3147 ut
3181 3108 3239 3146 se
3278 3092 3516 3146 omnium

1928 3204 2230 3246 sanctorum
2263 3190 2498 3244 inﬁmum
2526 3200 2740 3249 statuat,
2764 3203 2870 3242 non
2899 3187 3256 3257 apostolorum
3284 3185 3514 3240 tantum?

1931 3283 2098 3336 Porro
2145 3283 2234 3351 qui
2276 3281 2353 3336 sic
2404 3296 2528 3350 erga
2554 3295 2740 3335 omnes
2782 3278 3003 3332 affectus
3032 3285 3179 3338 erat,
3221 3276 3423 3330 sciebat
3462 3283 3518 3330 et

1927 3382 2120 3441 quanta
2143 3371 2364 3426 honoris
2391 3371 2733 3441 prmi-Ogativa
2759 3369 2918 3423 Petro
2943 3368 3247 3430 deberetur,
3283 3382 3515 3436 eumque

1925 3481 2037 3536 pra:
2064 3464 2273 3518 cwteris
2297 3463 2546 3517 omnibus
2574 3462 2782 3516 colebat
2809 3459 3132 3524 hominibus,
3157 3467 3211 3512 et
3235 3468 3294 3512 ut
3324 3458 3514 3527 dignus

1927 3564 2077 3620 erat,
2126 3555 2197 3608 ita
2245 3569 2368 3623 erga
2415 3554 2561 3607 illum
2601 3552 2822 3606 affectus
2847 3560 2980 3605 erat.
3029 3553 3202 3619 Atque
3247 3548 3346 3603 hoc
3392 3548 3516 3602 inde

1927 3654 2157 3700 censtat.
2210 3645 2265 3699 In
2311 3644 2458 3698 illum
2519 3643 2678 3696 totius
2704 3642 2848 3697 orbis
2895 3650 3153 3695 terrarmn
3185 3639 3321 3693 oculi
3363 3647 3516 3692 erant

1925 3737 2204 3800 conversi,
2238 3736 2600 3791 Ecclesiarum
2646 3735 2907 3788 universae
2939 3741 3094 3786 terrae
3123 3746 3248 3785 cura
3279 3730 3346 3784 ah
3372 3731 3514 3784 illius

1925 3832 2099 3885 anima
2149 3828 2424 3899 pendebat,
2468 3827 2534 3881 de
2588 3826 2746 3882 rebus
2781 3825 3072 3879 innumeris
3102 3822 3336 3893 quotidie
3365 3821 3516 3875 solli-

1924 3932 2062 3977 cutus
2093 3931 2225 3985 erat,
2253 3920 2487 3988 undique
2514 3918 2658 3971 ἰιιιιιη
2689 3916 3141 3971 circumsidebant
3180 3914 3514 3984 procuratio-

1925 4030 2042 4080 nes,
2057 4015 2408 4084 prmlecturte,
2427 4011 2802 4072 correctiones,
2821 4008 3061 4071 consilia,
3085 4007 3512 4068 cohortationes,

1923 4107 2203 4172 doctrinae,
2234 4106 2376 4159 mille
2398 4104 2730 4174 negotiorum
2757 4101 3126 4170 expeditiones
3155 4111 3245 4153 :et
3265 4099 3510 4152 omnibus

1924 4201 2026 4255 illis
2052 4199 2264 4253 omissis
2285 4197 2671 4267 Jerosolymam
2721 4209 2778 4248 se
2804 4192 3062 4258 contulit,
3093 4206 3192 4245 nec
3225 4191 3362 4246 illius
3389 4206 3510 4243 sus-

1923 4291 2061 4359 cepti
2106 4287 2310 4344 itineris
2350 4287 2452 4340 alia
2488 4287 2586 4341 fuit
2623 4285 2833 4339 occasio
2876 4284 2979 4337 ulla
3005 4325 3020 4349 ,
3058 4283 3156 4336 nisi
3181 4289 3239 4335 ut
3290 4281 3509 4335 Petrum

1921 4386 2148 4447 videret,
2199 4383 2334 4436 sicut
2385 4380 2456 4433 ait
2504 4379 2616 4448 ipse
2645 4395 2656 4430 :
2683 4377 2895 4432 Ascendi
2939 4374 3312 4445 Jerosolymam
3343 4373 3511 4426 videre

1928 4475 2135 4528 Petrum
2162 4471 2305 4541 (Gal.
2329 4472 2377 4524 Ι.
2410 4467 2522 4542 18),
2549 4468 2626 4524 sic
2647 4469 2819 4537 ipsum
2847 4466 3162 4530 honorabat,
3185 4475 3237 4518 et
3263 4463 3510 4519 omnibus

1920 4565 2254 4635 praeferebat.
2303 4562 2438 4630 Quid
2469 4577 2594 4630 ergo
2644 4561 2667 4614 ?
2692 4577 2812 4617 cum
2843 4561 3017 4630 ipsum
3042 4558 3283 4621 vidisset,
3315 4556 3502 4610 confe-

1921 4657 2046 4711 stim
2079 4656 2301 4710 recessit
2337 4655 2359 4708 ?
2391 4654 2729 4723 Nequaquam
2764 4670 2778 4706 :
2810 4651 2902 4707 sed
2927 4650 3063 4720 apud
3108 4649 3278 4719 ipsum
3318 4649 3508 4703 diebus

1920 4747 2221 4818 quindecim
2247 4747 2461 4801 mansit.
2483 4745 2538 4800 Si
2567 4759 2724 4813 quem
2748 4744 2905 4814 igitur
2936 4743 3242 4810 magistrum
3275 4741 3502 4795 militum

1919 4841 2122 4904 videas,
2154 4839 2258 4904 dic,
2303 4839 2481 4901 sodes,
2529 4851 2847 4906 generosum
2882 4843 2935 4889 et
2975 4834 3250 4898 eximium,
3302 4834 3508 4887 indicto

1915 4933 2025 5004 jam
2069 4933 2232 4997 bello,
2289 4932 2515 4984 militum
2557 4929 2670 4984 acie
2705 4928 2813 4996 jam
2868 4928 3144 4996 disposita,
3180 4927 3285 4995 iam
3331 4942 3503 4994 pugna

1920 5027 2226 5086 commissa.
2282 5040 2400 5078 cum
2442 5024 2717 5076 innumera
2774 5021 2919 5074 illum
2966 5029 3218 5074 voeareut
3269 5022 3506 5086 negotia,

1920 5117 2103 5172 relicta
2131 5116 2246 5170 acie
2271 5115 2337 5167 ad
2363 5115 2688 5168 visitandum
2722 5110 3021 5182 quempiam
3051 5110 3284 5164 amicum
3317 5125 3375 5162 se
3403 5111 3508 5163 alio

1920 5206 2188 5268 conferre,
2221 5222 2344 5258 num
2372 5219 2531 5273 quam
2555 5203 2714 5256 aliam
2753 5202 3034 5270 majorem,
3064 5215 3262 5269 quaeso,
3283 5201 3509 5255 demon-

1920 5300 2233 5355 strationem
2267 5313 2537 5366 qumreres
2581 5299 2751 5367 ipsius
2776 5312 2899 5366 erga
2935 5296 3201 5350 hominem
3235 5296 3376 5349 illum
3408 5296 3503 5348 be-

1921 5391 2270 5446 nevolentiaz?
2290 5389 2405 5444 Non
2433 5390 2679 5460 equidem
2735 5389 2981 5442 arbitror.
3010 5387 3120 5441 Hoc
3159 5389 3315 5457 igitur
3339 5396 3392 5441 et
3436 5388 3503 5440 de

1920 5483 2082 5538 Paulo
2131 5482 2390 5552 Petroque
2411 5482 2672 5536 existima.
2717 5479 2992 5549 Siquidem
3029 5478 3113 5533 hic
3157 5493 3368 5548 quoque
3387 5477 3499 5532 hel-

1919 5577 2028 5630 lum
2058 5590 2218 5644 grave
2245 5573 2526 5628 conflatum
2558 5582 2692 5636 erat,
2719 5583 2772 5627 et
2799 5573 2940 5626 acies
2975 5582 3027 5626 et
3053 5587 3226 5641 pugna
3257 5580 3370 5625 erat
3393 5584 3498 5623 non

1919 5667 2173 5720 adversus
2199 5665 2437 5717 homines
2461 5673 2686 5728 tantum,
2717 5663 2808 5717 sed
2841 5671 2897 5717 et
2925 5663 3183 5717 adversus
3208 5661 3498 5730 principes,

1924 5764 2181 5818 adversus
2213 5770 2525 5830 potestates,
2569 5761 2822 5815 adversus
2867 5761 3046 5815 mundi
3090 5769 3326 5816 rectores
3345 5765 3499 5810 tene-
