4020 6370
548 313 652 368 379

547 432 769 486 brarum
798 430 983 486 saeculi
1010 430 1173 501 hujus
1197 430 1357 502 (Eph.
1380 432 1434 488 6.
1459 433 1571 501 l2),
1592 432 1728 489 etde
1751 433 1928 488 salute
1945 432 2121 485 homi-

546 537 677 578 num
705 522 1014 594 pugna:sic
1036 531 1216 578 tamen
1250 522 1470 580 Petrum
1501 526 1874 590 reverebatur,
1901 532 1962 578 ut
1990 537 2119 578 cum

533 627 677 672 tanta
714 618 1033 685 immineret,
1074 628 1390 690 urgeretque
1413 617 1728 682 necessitas,
1756 615 1824 670 ad
1855 615 2003 670 illum
2031 629 2120 670 ex-

529 719 773 764 curreret
795 709 1202 782 Jerosolymam,
1244 722 1298 766 et
1329 725 1450 766 cum
1497 709 1634 778 apud
1660 724 1781 764 eum
1815 705 2116 778 quindecim

525 799 641 855 dies
668 800 970 864 mansisset,
1004 811 1114 855 tum
1142 802 1356 855 demum
1385 799 1605 856 rediret.
1628 797 1962 868 Cognovistis
2007 797 2120 852 for-

535 891 820 946 titudinem
853 892 1017 956 Petri,
1047 892 1310 947 didicistis
1334 893 1639 946 comitatem
1668 890 1811 945 Pauli
1839 903 1965 960 erga
1995 903 2118 943 om-

526 997 618 1036 nes
652 984 946 1053 apostolos,
977 1001 1099 1056 erga
1127 986 1300 1054 ipsum
1345 984 1559 1040 Petrum
1593 999 1607 1036 :
1648 984 1758 1052 jam
1788 996 2007 1038 necesse
2035 989 2120 1036 est

521 1073 585 1126 :ul
626 1075 796 1144 ipsam
839 1077 1148 1146 quaestionis
1181 1075 1500 1130 solutionem
1549 1075 1842 1130 veniamus.
1869 1073 1926 1129 Si
1973 1074 2115 1128 enim

520 1174 574 1216 et
603 1164 691 1220 hic
712 1165 927 1220 Petrum
957 1167 1189 1232 amabat,
1220 1176 1274 1221 et
1297 1167 1387 1222 ille
1407 1166 1620 1221 timidus
1645 1174 1735 1219 aut
1763 1181 1947 1235 parum
1972 1176 2116 1219 stre-

533 1273 670 1314 nuus
711 1274 817 1314 non
855 1270 986 1323 erat,
1029 1269 1084 1315 et
1127 1261 1397 1316 contentio
1425 1275 1488 1314 ac
1528 1259 1876 1314 contradictio
1912 1258 1996 1313 illa
2049 1274 2115 1313 ex

532 1351 710 1405 animo
737 1362 981 1423 suscepta
1004 1368 1108 1407 non
1136 1361 1272 1420 erat,
1301 1353 1425 1424 quid
1451 1353 1548 1408 sibi
1580 1353 1690 1407 vult
1712 1353 1809 1408 ista
1841 1351 2117 1406 narratio?

531 1451 622 1497 aut
658 1459 760 1514 qua
801 1444 868 1500 de
894 1461 1055 1500 causa
1080 1445 1194 1500 haec
1217 1445 1540 1515 dispensatio
1568 1444 1762 1500 flebat?

603 1533 656 1588 9.
699 1535 810 1590 Hoc
840 1537 956 1591 loco
987 1536 1267 1602 advertite,
1311 1537 1623 1605 animosque
1668 1543 1875 1590 vestros
1905 1533 2112 1604 erigite,

531 1641 596 1682 ac
645 1627 925 1699 diligenter
971 1630 1264 1697 attendite,
1302 1640 1358 1685 ut
1385 1629 1719 1684 manifestam
1750 1629 2114 1684 defensionem

533 1721 857 1792 intelligetis.
908 1722 1114 1793 Quippe
1157 1723 1444 1778 absurdum
1475 1731 1618 1778 esset
1657 1739 1742 1777 me
1781 1723 1870 1792 qui
1918 1731 2113 1777 terram

530 1811 744 1879 etfodio,
795 1823 997 1869 tantum
1038 1815 1274 1871 laborem
1325 1816 1629 1880 exantlare,
1673 1830 1767 1871 vos
1797 1823 1996 1880 autem,
2023 1813 2113 1884 qui

531 1904 678 1959 nullo
725 1906 935 1976 negotio
965 1906 1124 1962 visuri
1167 1909 1296 1962 estis
1346 1924 1556 1972 aurum,
1599 1923 1708 1978 prie
1749 1908 1910 1961 nimia
1941 1921 2115 1961 socor-

529 1996 618 2052 dia
639 2005 840 2052 tantum
871 1999 1077 2054 lucrum
1100 2000 1524 2069 praitermitterc.
1553 1999 1784 2056 Necesse
1802 2008 1884 2054 est
1911 2009 2110 2063 autem,

532 2095 590 2142 ut
625 2089 882 2143 orationis
912 2089 1117 2144 initium
1147 2091 1306 2146 altius
1338 2099 1674 2160 repetamus,
1725 2099 1783 2144 ut
1830 2088 2110 2145 clariorem

529 2178 682 2234 vobis
705 2180 1000 2235 doctrinam
1029 2183 1332 2236 reddamus.
1383 2183 1670 2252 Postquam
1699 2182 1838 2238 enim
1866 2182 1920 2236 in
1953 2181 2112 2236 caelos

528 2269 686 2327 Jesus
733 2287 983 2328 reversus
1029 2282 1144 2339 est,
1178 2274 1385 2344 expleta
1430 2290 1588 2344 quam
1613 2284 1794 2330 nostra
1840 2288 1995 2329 causa
2022 2289 2113 2328 su-

530 2372 774 2432 sceperat
821 2361 1237 2432 dispensatione,
1289 2363 1508 2419 verbum
1554 2364 1810 2420 doctrinae
1836 2365 1947 2421 suis
1982 2365 2112 2420 reli-

529 2452 643 2520 quit
665 2454 942 2521 apostolis,
976 2462 1034 2508 ut
1070 2455 1144 2509 ait
1193 2453 1404 2520 Paulus,
1440 2454 1506 2509 Et
1537 2456 1701 2526 posuit
1739 2456 1792 2510 in
1824 2457 1967 2510 nobis
2001 2473 2111 2510 uer-

529 2543 644 2596 bum
672 2545 1128 2610 reconciliationis;
1157 2557 1208 2602 et
1240 2563 1446 2615 rursus,
1482 2547 1586 2603 Pro
1632 2547 1830 2604 Christo
1863 2549 2111 2620 legatione

526 2635 810 2705 fungimur,
850 2648 1090 2708 tanquam
1113 2638 1224 2694 Deo
1251 2641 1546 2696 exhortante
1573 2657 1661 2708 per
1693 2658 1784 2695 nos
1806 2641 1880 2712 (2.
1908 2641 2024 2696 Cor.
2050 2643 2102 2697 5.

527 2726 614 2781 l9.
642 2726 769 2794 20):
813 2727 915 2784 hoc
951 2739 1052 2796 est,
1084 2731 1201 2786 vice
1242 2731 1462 2786 Christi.
1504 2731 1653 2787 Tunc
1681 2733 1838 2804 igitur
1867 2748 1986 2789 cum
2013 2749 2110 2804 per

526 2817 828 2875 universum
869 2824 1054 2879 orbem
1097 2833 1357 2881 terrarum
1412 2827 1498 2881 isti
1543 2827 1918 2896 praedicabant,
1965 2827 2107 2882 nulla

524 2917 640 2962 erat
669 2909 915 2978 lizeresis;
961 2915 1057 2970 sed
1103 2927 1290 2972 natura
1347 2917 1520 2972 omnis
1584 2917 1814 2972 humana
1861 2917 1967 2972 duo
2013 2917 2109 2972 ha-

524 3001 682 3056 bebat
719 3003 832 3059 hare
874 3006 1141 3078 dogmata,
1182 3025 1345 3064 unum
1372 3020 1574 3065 rectum
1625 3020 1679 3065 et
1717 3025 1927 3077 sanum,
1973 3009 2108 3066 alte-

524 3106 638 3146 rum
660 3105 966 3165 corruptum
1009 3107 1063 3153 et
1090 3114 1332 3170 pravum.
1364 3101 1471 3156 Aut
1502 3101 1642 3156 enim
1670 3101 1895 3172 gentiles
1919 3116 2106 3158 omnes

521 3193 676 3239 erant
733 3188 879 3243 orbis
909 3190 1117 3256 incolae,
1161 3203 1254 3248 aut
1283 3193 1452 3250 Judzei
1487 3210 1501 3247 :
1536 3209 1711 3266 neque
1757 3194 2101 3261 Maniclnrus,

522 3291 694 3346 neque
737 3278 972 3336 Marcion
999 3324 1012 3348 ,
1053 3299 1229 3356 neque
1274 3286 1585 3342 Valentinus
1610 3329 1625 3352 ,
1660 3303 1758 3343 nec
1805 3289 1940 3342 alius
1967 3289 2105 3343 ullus

521 3369 737 3422 omnino
761 3381 876 3426 erat
904 3389 918 3426 :
949 3375 1074 3444 quid
1100 3376 1240 3431 enim
1262 3380 1451 3434 attinet
1489 3395 1675 3434 omnes
1713 3379 1944 3436 haereses
1969 3396 2103 3435 enu-

521 3460 770 3515 merare?
814 3462 1074 3534 siquidem
1114 3477 1235 3536 post
1282 3469 1514 3524 triticum
1568 3480 1692 3525 tunc
1741 3470 2103 3541 proseminata

518 3557 644 3603 sunt
676 3552 895 3621 zizania,
926 3558 1072 3611 varia
1097 3559 1344 3613 nimirum
1372 3560 1635 3616 lneresum
1663 3562 1982 3631 corruptela.
2025 3564 2102 3618 Ae

518 3641 732 3699 Judteos
785 3645 997 3715 quidem
1049 3647 1209 3703 Petro
1230 3651 1530 3718 commisit,
1572 3653 1862 3722 gentilibus
1921 3664 2100 3708 autem

519 3735 737 3790 Paulum
767 3738 1277 3806 przefecitChristus.
1306 3743 1369 3796 Et
1387 3743 1488 3798 boc
1514 3759 1543 3798 a
1580 3760 1666 3799 me
1694 3744 1810 3814 ipso
1834 3759 1936 3800 non
1957 3746 2097 3812 (Πρω,

518 3829 612 3883 sed
643 3830 808 3899 ipsius
833 3830 978 3886 Pauli
1021 3834 1181 3888 verba
1212 3835 1336 3890 licet
1363 3836 1547 3891 audire
1580 3854 1590 3889 :
1625 3836 1726 3901 Qui
1751 3837 1884 3890 enim
1913 3854 2098 3906 apera-

519 3931 600 3974 tus
618 3931 688 3975 est
708 3922 862 3978 Petro
884 3925 934 3978 in
951 3928 1289 3995 apostolatum
1331 3930 1741 3997 circumcisionis,
1774 3939 2008 4002 operatus
2026 3942 2100 3986 est

516 4022 564 4064 et
593 4012 736 4079 mihi,
762 4015 952 4086 inquit,
995 4016 1126 4071 inter
1169 4030 1338 4090 gentes
1363 4018 1505 4089 (Gal.
1523 4019 1577 4075 2.
1605 4021 1662 4090 8)
1691 4039 1705 4076 :
1733 4021 2098 4078 circumcisio-

516 4117 638 4158 nem
671 4104 772 4161 hoc
810 4107 928 4163 loco
954 4109 1122 4179 ipsam
1170 4113 1436 4166 nationem
1465 4114 1760 4184 appellans.
1801 4113 1951 4170 Unde
1971 4130 2100 4171 vero

515 4193 566 4248 ld
594 4197 837 4252 constat?
883 4199 961 4255 Ex
1001 4216 1065 4256 eo
1093 4203 1233 4273 quod
1271 4204 1500 4258 additur.
1543 4204 1672 4260 Cum
1709 4206 1853 4261 enim
1883 4206 2095 4272 dixerit,

517 4284 618 4353 Qui
665 4299 900 4357 operatus
923 4303 996 4346 est
1031 4292 1184 4348 Petro
1220 4293 1274 4348 in
1301 4296 1639 4365 apostolatum
1675 4297 2092 4362 circumcisionis,

512 4387 746 4447 aperatus
765 4392 837 4436 est
866 4385 1008 4450 mihi,
1033 4386 1220 4456 inquit,
1247 4387 1377 4442 inter
1392 4398 1578 4459 gentes,
1612 4389 1712 4445 hoc
1742 4391 1990 4446 nimirum
2015 4391 2094 4446 in-

512 4470 727 4540 dicavit,
751 4473 816 4530 ad
836 4474 1230 4534 distinctionem
1258 4482 1494 4550 gentium
1516 4482 1974 4538 circumcisionem
2006 4499 2096 4553 po-

511 4561 666 4616 sitam
697 4579 835 4620 esse.
879 4566 960 4620 Ad
1006 4568 1396 4626 distinctionem
1438 4588 1564 4627 vero
1586 4575 1823 4643 gentium
1852 4591 1954 4631 non
1985 4576 2093 4632 cir-

510 4657 786 4722 eumcisio,
818 4659 911 4714 sed
938 4659 1108 4716 ,ιυόωὶ
1143 4673 1286 4727 sunt,
1339 4680 1473 4735 quos
1518 4681 1611 4735 per
1635 4669 2091 4726 circumcisionem

511 4748 865 4806 subindicavit
897 4769 911 4807 :
944 4755 1090 4823 quasi
1121 4754 1343 4822 diceret,
1399 4757 1498 4826 Qui
1525 4770 1778 4829 operatus
1811 4770 1893 4816 est
1931 4763 2092 4818 Petro

512 4839 563 4892 in
590 4843 942 4909 apostolatum
971 4843 1298 4913 Judzeorum,
1325 4860 1574 4918 operatus
1594 4860 1676 4906 est
1703 4861 1759 4907 et
1795 4854 1921 4908 mihi
1954 4854 2092 4910 inter

508 4942 710 4999 gentes.
763 4934 832 4991 Ut
858 4937 1002 4992 enim
1043 4954 1138 4994 rex
1174 4941 1420 5010 sapiens,
1451 4945 1539 5014 qui
1587 4944 1808 5001 idoneos
1849 4963 2091 5018 quosque

511 5025 675 5090 probe
699 5028 937 5092 noverit,
973 5029 1125 5085 alteri
1156 5032 1368 5100 quidem
1403 5035 1453 5088 in
1485 5037 1688 5105 equites
1708 5078 1724 5102 ,
1766 5039 1917 5094 alteri
1961 5055 2089 5095 vero

509 5113 559 5165 in
589 5115 790 5183 pedites
815 5121 1095 5175 committit
1132 5121 1407 5192 imperium
1435 5140 1450 5178 :
1476 5126 1553 5182 sic
1579 5128 1825 5184 nimirum
1853 5139 1906 5185 et
1930 5131 2088 5186 Chri-

507 5215 620 5258 stus
637 5222 755 5262 cmn
774 5210 825 5263 in
840 5209 934 5264 has
946 5212 1076 5267 duas
1095 5225 1270 5284 partes
1291 5231 1442 5271 suum
1460 5220 1750 5274 exercitum
1790 5221 2081 5290 divisisset,

504 5297 720 5354 Judzeos
766 5302 976 5370 quidem
1006 5304 1181 5371 Petro,
1207 5309 1430 5378 gentiles
1455 5320 1630 5366 autem
1663 5312 1824 5368 Paulo
1859 5318 2086 5370 commi-

503 5393 591 5445 sit.
619 5394 694 5446 Ac
713 5394 834 5449 licet
854 5396 1045 5452 diversi
1065 5401 1170 5456 sint
1189 5403 1472 5464 exercitus.
1492 5403 1604 5460 Rex
1629 5414 1806 5462 tamen
1827 5418 1908 5464 est
1926 5425 2082 5465 unus.

503 5483 573 5538 Ut
621 5484 763 5540 enim
805 5486 909 5542 illic
952 5489 1236 5546 discrimen
1262 5495 1587 5550 exercituum
1614 5497 1663 5551 in
1695 5514 1960 5555 armorum
1984 5517 2080 5571 ap-

501 5587 708 5642 paratu,
743 5592 846 5632 non
875 5579 927 5634 in
968 5579 1240 5638 hominum
1287 5596 1472 5642 natura
1497 5591 1774 5645 consistit:
1804 5593 1880 5647 sic
1920 5594 2080 5647 uimi-

501 5679 620 5720 rum
638 5677 691 5722 et
711 5667 798 5724 hic
818 5669 1116 5727 differentia
1161 5675 1211 5730 in
1243 5678 1428 5748 exigua
1449 5680 1673 5749 quadam
1695 5684 1870 5741 carnis
1893 5686 2078 5757 figura,

501 5768 607 5810 non
636 5773 686 5812 In
717 5760 1026 5820 substantia:
1047 5765 1350 5825 diversitate
1379 5773 1630 5828 cernitur.

1247 314 1307 370 S.
1345 313 1630 371 JOANNIS
1662 312 2159 372 CHRYSOSTO)“
2197 313 2516 372 ARCHIEP.
2556 313 3090 374 CONSTANTINOP.

3701 319 3803 375 380

2298 432 2383 488 10.
2403 431 2506 488 Cur
2526 438 2792 506 praefectus
2817 436 2968 505 fuerit
2989 434 3187 490 Paulus
3200 435 3488 507 gentilibus.
3512 435 3693 491 Petrus
3709 437 3802 490 Ju-

2223 524 2368 579 dazis.
2384 526 2918 593 —Quemadmodum
2933 543 3063 598 ergo
3081 529 3343 592 dicebam,
3365 529 3524 584 ambo
3545 540 3699 585 erant
3723 530 3805 587 bis

2223 618 2546 674 exercitibus
2580 618 2838 689 pmfecti.
2878 623 2956 676 Ac
2981 621 3082 675 nisi
3123 621 3259 676 forte
3297 621 3554 692 prolixior
3595 623 3806 679 videtur

2221 709 2414 775 oratio,
2443 711 2487 764 si
2519 709 2712 767 defessi
2740 726 2845 766 non
2871 713 3020 776 estis,
3063 712 3286 768 alteram
3324 714 3480 768 etiam
3498 716 3654 771 vobis
3676 731 3807 770 cau-

2221 813 2337 854 sam
2361 800 2623 870 proferam
2645 845 2660 868 ,
2693 803 2762 858 ob
2781 819 2937 874 quam
2969 804 3052 858 isti
3091 803 3281 870 Judaei,
3314 805 3390 859 illi
3421 821 3546 862 vero
3579 809 3808 877 gentiles

2221 899 2346 945 sunt
2372 892 2580 947 crediti.
2605 894 2876 964 Siquidem
2899 897 3194 964 quaestione
3218 912 3321 950 non
3341 897 3550 967 indigna
3579 913 3668 953 res
3691 912 3793 966 esr,

2221 997 2378 1053 quam
2423 984 2635 1041 tandem
2657 985 2726 1042 ob
2753 1001 2990 1054 causam,
3022 989 3110 1057 qui
3140 997 3245 1042 tam
3271 997 3455 1044 exacte
3479 990 3703 1059 patriam
3729 993 3805 1045 le-

2219 1090 2338 1146 gem
2379 1075 2658 1142 didicerat,
2689 1077 2780 1149 qui
2809 1078 2875 1133 ad
2905 1078 3068 1150 pedes
3093 1078 3398 1136 Gamaliclis
3447 1081 3539 1135 diu
3575 1081 3804 1148 vixerat,

2217 1167 2309 1236 qui
2355 1167 2646 1222 secundum
2667 1168 2948 1238 justitiam,
2979 1184 3100 1240 quae
3140 1170 3192 1224 in
3224 1170 3339 1240 lege
3379 1180 3495 1238 est,
3536 1172 3652 1227 sine
3676 1187 3805 1241 que-

2220 1260 2330 1314 rela
2375 1271 2719 1316 conversatus
2762 1272 2912 1328 erat,
2953 1277 3058 1317 non
3091 1261 3162 1317 illi
3197 1261 3504 1318 Judaaorum
3547 1279 3676 1319 cura
3704 1264 3802 1319 de-

2218 1355 2518 1424 mandatur,
2549 1359 2643 1413 sed
2661 1359 2968 1429 gentilium;
2997 1358 3246 1428 piscatori
3276 1367 3451 1414 autem
3479 1367 3534 1414 et
3553 1359 3804 1414 illiterate

2219 1447 2413 1514 Petro,
2455 1450 2543 1520 qui
2573 1450 2704 1505 nihil
2733 1451 2840 1506 tale
2867 1459 3107 1518 noverat,
3139 1449 3441 1506 Judaaorum
3471 1461 3556 1506 est
3600 1453 3803 1508 credita

2219 1537 2556 1608 praefectura.
2590 1540 2806 1595 Confert
2848 1542 2991 1596 enim
3024 1541 3294 1612 quidpiam
3312 1541 3466 1596 nobis
3499 1542 3563 1596 ad
3582 1543 3797 1596 solutio-

2219 1644 2341 1684 nem
2367 1629 2507 1699 quod
2533 1631 2746 1697 dicitur,
2772 1631 2817 1686 si
2859 1641 3004 1688 recte
3035 1630 3171 1687 illud
3200 1633 3466 1703 possimus
3493 1632 3660 1687 effari.
3690 1632 3800 1687 Ne-

2217 1735 2322 1790 que
2363 1721 2504 1776 enim
2541 1720 2644 1776 hoc
2665 1721 2874 1777 causari
2898 1721 3042 1788 licet,
3071 1737 3194 1776 eum
3218 1737 3339 1778 cum
3367 1732 3699 1778 cunctantem
3736 1739 3804 1778 ac

2217 1811 2605 1867 detrectantem
2651 1813 2874 1868 vidisset
2915 1812 3141 1868 Paulum
3190 1821 3536 1884 cognatorum
3572 1828 3793 1868 suorum

2218 1903 2585 1973 praefecturam
2607 1903 2877 1976 defugere,
2905 1905 3138 1960 noluisse
3153 1905 3230 1960 illi
3254 1906 3361 1959 vim
3378 1905 3574 1970 facere,
3598 1914 3652 1960 et
3670 1921 3799 1961 eum

2215 2010 2426 2066 cogere.
2447 1995 2559 2051 lmo
2574 2011 2701 2053 vero
2717 1997 3040 2052 contrarium
3070 2013 3178 2068 pra:
3203 2012 3263 2053 se
3288 1997 3499 2054 tulerat.
3517 1997 3634 2052 Non
3653 1999 3799 2054 enim

2217 2098 2422 2142 tantum
2447 2087 2753 2144 Iudaeorum
2772 2089 3141 2159 praefecturam
3163 2105 3271 2143 non
3300 2088 3518 2159 defugit,
3551 2089 3644 2144 sed
3666 2099 3720 2145 et
3739 2104 3802 2143 se

2216 2174 2419 2243 primus
2447 2172 2640 2228 obtulit
2665 2213 2678 2237 ,
2711 2180 2766 2228 et
2811 2188 2932 2227 cum
2965 2171 3211 2227 Christus
3262 2173 3578 2242 praeciperet
3621 2181 3680 2226 ut
3729 2172 3799 2226 ad

2213 2274 2400 2336 gentes
2421 2266 2609 2332 abiret,
2639 2265 2754 2335 ipse
2797 2266 2926 2336 petit
2951 2275 3009 2320 ut
3036 2266 3134 2321 sibi
3159 2265 3466 2321 Judaeorum
3491 2281 3620 2320 cura
3644 2281 3801 2320 com-

2216 2359 2455 2412 mittatur
2482 2373 2495 2409 :
2524 2365 2579 2412 et
2606 2356 2880 2412 innumera
2907 2371 3028 2412 cum
3075 2357 3142 2412 ab
3175 2357 3254 2411 eis
3281 2357 3423 2410 illata
3448 2357 3584 2411 mala
3611 2367 3802 2426 pertu-

2215 2448 2401 2516 lisset,
2428 2449 2582 2519 eique
2610 2458 2795 2520 gentes
2821 2448 3046 2504 docendi
3077 2448 3348 2518 provincia
3397 2458 3541 2503 esset
3573 2447 3799 2514 credita,

2215 2557 2312 2611 pro
2333 2543 2438 2598 illis
2484 2542 2756 2614 deprecari
2788 2557 2894 2597 non
2923 2551 3129 2608 cessat,
3156 2541 3340 2597 dicens
3380 2557 3520 2596 nunc
3557 2541 3798 2610 quidem,

2217 2631 2470 2702 Optabam
2503 2649 2608 2688 esse
2647 2633 2917 2688 anathema
2957 2648 3050 2704 pro
3105 2631 3347 2701 fratribus
3387 2633 3529 2696 meis,
3568 2631 3801 2701 cognatis

2212 2727 2337 2782 meis
2356 2727 2628 2782 secundum
2647 2741 2848 2780 carnem
2870 2724 3045 2796 (Rom.
3068 2724 3121 2779 9.
3145 2726 3204 2794 5)
3225 2743 3238 2778 :
3266 2739 3408 2779 nunc
3425 2735 3599 2779 autem
3619 2767 3633 2790 ,
3656 2723 3802 2778 Fra-

2213 2829 2333 2884 tres,
2361 2820 2590 2874 uoluntas
2618 2835 2750 2886 mea,
2779 2828 2827 2872 et
2845 2818 3119 2873 obsecratio
3147 2818 3214 2871 ad
3233 2817 3428 2884 Deum,
3470 2835 3562 2888 pro
3589 2818 3691 2872 illis
3719 2827 3802 2871 est

2210 2913 2264 2967 in
2289 2910 2694 2983 salutem(Rom.
2723 2910 2811 2966 10.
2847 2911 2922 2980 1).
2953 2909 3058 2965 Cur
3080 2909 3237 2981 igitur
3279 2923 3399 2964 cum
3455 2908 3617 2964 vellet
3653 2909 3797 2978 ipse,

2209 3019 2274 3060 ac
2308 3013 2622 3075 percuperet
2642 3003 2761 3058 illos
2781 3002 2996 3070 docere,
3027 3018 3133 3056 non
3159 3001 3399 3072 permisit
3417 3010 3478 3056 ut
3503 3001 3632 3071 ipsis
3654 3017 3801 3070 prte-

2210 3095 2435 3163 dicaret,
2476 3094 2570 3150 sed
2607 3094 2724 3149 loco
2767 3093 2981 3148 illorum
3022 3091 3300 3148 doctorem
3340 3091 3511 3161 ipsum
3549 3092 3798 3161 gentibus

2210 3187 2388 3242 misit?
2429 3185 2720 3240 Audiamus
2742 3183 3012 3239 Christum
3041 3183 3213 3254 ipsum
3233 3182 3521 3247 dicentem,
3557 3193 3612 3239 et
3657 3182 3797 3237 Pau-

2209 3279 2320 3334 lum
2348 3293 2462 3334 rem
2483 3292 2696 3332 omnem
2717 3285 3021 3332 narrantem
3051 3292 3066 3329 :
3099 3274 3315 3329 Factum
3340 3285 3411 3330 est
3434 3275 3579 3341 mihi,
3604 3275 3794 3345 inquit,

2207 3372 2374 3427 oranti
2403 3371 2515 3440 ﬁeri
2535 3387 2613 3424 me
2636 3371 2692 3424 in
2713 3380 2918 3441 stupore
2947 3369 3149 3436 mentis,
3172 3379 3219 3424 et
3245 3369 3412 3424 uidere
3433 3368 3686 3424 Christum
3712 3370 3798 3422 di-

2206 3473 2398 3518 centem
2435 3463 2608 3516 mihi:
2632 3461 2864 3529 Festina,
2905 3471 2951 3516 et
2991 3462 3073 3517 exi
3099 3462 3365 3526 velociter,
3411 3463 3646 3532 quoniam
3686 3478 3795 3515 non

2206 3556 2448 3625 recipient
2474 3555 2810 3609 testimonium
2834 3564 2976 3607 tuum
3000 3554 3062 3607 de
3090 3569 3169 3607 me
3189 3553 3321 3625 (Act.
3347 3553 3439 3607 22.
3463 3556 3550 3609 l7.
3583 3553 3696 3624 18).
3723 3553 3797 3608 Et

2206 3661 2420 3701 causam
2448 3645 2583 3700 dixit
2613 3644 2987 3715 profectionis;
3028 3643 3154 3700 odio
3197 3643 3470 3700 habebunt
3493 3653 3565 3710 te,
3599 3644 3794 3714 inquit,

2205 3751 2260 3794 et
2303 3739 2691 3793 aversabantur
2722 3755 2736 3791 :
2764 3747 3042 3810 propterea
3079 3746 3131 3792 te
3157 3736 3434 3792 docentem
3464 3752 3567 3789 non
3596 3737 3789 3791 ferent.

2205 3831 2367 3901 Atqui
2389 3831 2490 3885 hoc
2515 3831 2687 3900 ipsum
2714 3830 2962 3887 idoneum
3007 3837 3124 3885 erat
3150 3828 3219 3884 ad
3244 3829 3399 3885 fidem
3430 3829 3503 3882 illi
3530 3829 3664 3898 apud
3691 3844 3792 3883 eos

2205 3920 2416 3978 docenti
2441 3922 2849 3986 conciliandam,
2879 3931 2934 3977 et
2961 3920 3027 3976 ad
3051 3920 3472 3991 persuadendum
3502 3920 3603 3974 illis
3638 3919 3791 3974 illam

2205 4017 2553 4072 mutationem
2583 4014 2870 4070 humanam
2916 4029 3022 4070 non
3067 4014 3249 4070 fuisse.
3277 4013 3460 4084 Neque
3483 4014 3624 4068 enim
3649 4013 3792 4068 adeo

2204 4107 2466 4163 furentem
2493 4116 2546 4162 et
2575 4107 2651 4162 ira
2679 4121 3014 4170 succensum,
3034 4120 3097 4161 ac
3121 4105 3323 4162 ctedem
3341 4106 3653 4175 spirantem,
3686 4121 3792 4161 ne-

2203 4218 2306 4275 que
2329 4203 2581 4258 miracula
2606 4202 2816 4257 facienti
2839 4201 3051 4257 Christo
3074 4200 3400 4264 credentem,
3433 4215 3607 4270 neque
3655 4215 3789 4268 apo-

2202 4296 2357 4352 stolis
2372 4295 2507 4366 ejus,
2529 4305 2769 4350 mortuos
2786 4293 3181 4357 suscitantibus,
3202 4294 3458 4363 potuisset
3482 4291 3642 4346 homo
3668 4306 3792 4345 um-

2201 4404 2360 4458 quam
2387 4389 2440 4443 in
2481 4388 2658 4443 medio
2701 4389 2818 4458 ipso
2848 4386 3026 4442 furore
3051 4369 3276 4450 mutare,
3316 4393 3476 4456 atque
3513 4385 3662 4439 illum
3713 4386 3787 4440 ita

2201 4480 2438 4546 ﬂectere,
2486 4489 2544 4535 ut
2566 4479 2932 4534 vehementem
2959 4478 3105 4532 illum
3158 4477 3439 4540 affectum,
3483 4489 3640 4546 quem
3687 4476 3788 4528 ad-

2202 4587 2388 4629 versus
2436 4573 2869 4644 przedicationem
2917 4572 3070 4627 verbi
3117 4586 3227 4641 pra:
3273 4585 3333 4626 se
3363 4569 3585 4634 ferebat,
3612 4577 3785 4624 totum

2199 4677 2361 4737 atque
2403 4665 2539 4721 adeo
2594 4665 2852 4736 majorem
2883 4679 2978 4735 pro
3003 4663 3340 4719 confessione
3359 4661 3555 4718 Christi
3578 4677 3689 4732 prae
3729 4677 3790 4717 se

2200 4760 2398 4816 ferret:
2429 4759 2522 4815 sed
2545 4774 2670 4814 vere
2697 4758 2889 4814 divina:
2908 4757 3117 4813 virtutis
3144 4771 3280 4827 Opus
3304 4755 3509 4812 exstitit
3537 4755 3626 4810 illa
3654 4769 3790 4811 cou-

2199 4853 2376 4909 versio
2425 4867 2488 4908 ac
2541 4853 2786 4906 mutatio.

2269 4948 2359 5003 11.
2398 4946 2571 5017 Atque
2609 4945 2710 5002 hoc
2751 4946 2925 5016 ipsum
2963 4944 3122 5000 etiam
3149 4943 3350 4999 Paulus
3371 4983 3386 5005 ,
3413 4957 3534 4998 cum
3562 4953 3786 5012 cuperet

2197 5040 2406 5095 illorum
2443 5038 2813 5109 praefecturam
2839 5037 2938 5092 sibi
2965 5037 3181 5102 deferri,
3205 5035 3473 5090 Christum
3503 5034 3789 5104 alloquens

2196 5131 2482 5202 objiciebat
2513 5150 2526 5185 :
2556 5130 2788 5194 Domine,
2817 5130 2916 5200 ipsi
2943 5130 3128 5192 sciunt,
3151 5128 3272 5198 quia
3295 5143 3385 5197 ego
3410 5142 3546 5180 eram
3574 5126 3788 5179 conclu-

2196 5226 2319 5280 dens
2338 5225 2391 5278 in
2417 5239 2685 5286 carcerem,
2715 5232 2762 5276 et
2791 5223 2989 5277 cwdens
3018 5237 3101 5276 eos
3121 5221 3207 5292 qui
3225 5218 3490 5274 credebant
3515 5218 3570 5271 in
3598 5234 3784 5271 nomen

2195 5329 2375 5382 tuum;
2416 5326 2464 5371 et
2505 5333 2620 5370 cum
2650 5315 2944 5386 funderetur
2971 5313 3178 5384 sanguis
3217 5311 3500 5380 Stephani,
3544 5312 3783 5379 martyris

2194 5410 2286 5474 tui,
2310 5425 2400 5479 ego
2427 5408 2792 5461 consentiebam
2809 5403 2936 5458 credi
2951 5405 3061 5476 ejus
3082 5403 3217 5477 (Act.
3247 5403 3339 5457 22.
3364 5401 3447 5457 19.
3467 5401 3580 5472 20).
3604 5401 3666 5454 Et
3695 5401 3782 5453 iu-

2192 5516 2323 5571 gens
2365 5501 2452 5555 illa
2492 5499 2693 5554 insania
2726 5509 2831 5553 tam
2856 5496 3030 5552 subito
3067 5495 3258 5550 factam
3291 5495 3632 5549 mutationem
3665 5509 3779 5547 non

2193 5609 2312 5649 esse
2341 5592 2575 5647 ostendit
2601 5591 2905 5656 humanam,
2938 5589 3030 5644 sed
3059 5588 3290 5643 divinam
3310 5630 3326 5653 ,
3367 5595 3420 5643 et
3438 5602 3467 5640 a
3496 5585 3642 5640 caelis
3668 5589 3783 5640 ori-

2192 5688 2366 5757 ginem
2397 5684 2610 5742 ducere.
2643 5683 2777 5753 Quid
2809 5698 2938 5753 ergo
2957 5680 3231 5738 Christus?
3255 5677 3414 5745 Vade,
3443 5678 3688 5749 quoniam
3710 5679 3782 5732 ad

2193 5787 2361 5848 gentes
2402 5779 2549 5849 longe
2586 5788 2633 5832 te
2665 5778 2859 5832 mittam
2899 5776 3047 5849 (Act.
3077 5773 3167 5829 22.
3198 5772 3262 5828 2|
3286 5772 3330 5844 ).
3363 5770 3551 5828 Nonne
3592 5771 3779 5843 igitur,
