4020 6370
245 346 345 403 373
1306 346 1375 407 IN
1411 348 1637 419 ILLUD,
1678 348 1750 406 ΙΝ
1785 348 2047 408 FACIEM
2076 344 2145 402 El
2193 344 2489 408 RESTITI.
3388 342 3494 397 380

243 471 390 541 ὅμως
421 464 595 529 οὕτως
638 462 817 537 ᾐδεῖτο
856 463 947 519 τὸν
977 462 1205 535 Πέτρον,
1240 462 1382 517 ὥστε
1426 463 1523 518 καὶ
1552 463 1819 535 τοσαύτης

245 556 488 624 ἀνάγκης
519 552 874 623 ἐπικειμένης
902 552 997 606 καὶ
1041 550 1493 623 κατεπειγούσης,
1527 552 1821 623 ἐκδραμεῖν

243 645 309 699 δι’
331 645 537 698 ἐκεῖνον
587 642 667 705 εἰς
698 640 1067 712 Ἰεροσόλυμα,
1100 639 1195 693 καὶ
1243 641 1422 710 μεῖναι
1466 640 1605 711 πρὸς
1655 639 1823 694 αὐτὸν

245 730 453 803 ἡμέρας
482 728 798 794 δεκαπέντε,
828 729 922 783 καὶ
950 727 1072 781 τότε
1104 727 1692 796 ἐπανελθεῖν.Ἔγνωτε
1725 726 1824 798 τὴν

245 818 496 890 ἀνδρείαν
556 818 650 872 τοῦ
697 817 904 888 Πέτρου
929 858 944 881 ,
992 816 1224 887 ἐμάθετε
1274 818 1373 887 τὴν
1420 814 1822 887 φιλοφροσύνην

246 906 483 970 Παύλου,
507 905 606 976 τὴν
633 906 761 976 περί
787 906 914 967 τοὺς
939 904 1268 968 ἀποστόλους
1298 904 1529 969 πάντας,
1554 903 1654 975 τὴν
1692 904 1823 973 περὶ

245 996 408 1050 αὑτὸν
432 996 525 1049 τὸν
554 994 760 1064 Πέτρον
780 1008 794 1022 ⁸
826 993 1041 1063 ἀνάγκη
1074 992 1261 1047 λοιπὸν
1286 994 1379 1046 ἐπὶ
1422 992 1519 1064 τὴν
1549 991 1701 1045 λύσιν
1736 990 1821 1044 ἐλ-

245 1084 355 1137 θεῖν
397 1080 495 1135 τοῦ
538 1080 872 1152 ζητήματος.
907 1082 971 1133 EE
1018 1079 1127 1151 γὰρ
1173 1080 1266 1135 καὶ
1309 1076 1463 1144 οὗτος
1511 1079 1682 1149 ἐφίλει
1728 1079 1821 1131 τὸν

244 1169 469 1242 Πέτρον,
493 1169 742 1231 κάκεῖνος
772 1166 945 1231 δειλὸς
987 1168 1087 1221 οὐκ
1118 1162 1187 1238 ἦν
1231 1168 1326 1220 καὶ
1351 1167 1630 1238 ἄνανδρος,
1661 1166 1753 1219 καὶ
1783 1167 1816 1234 ή

244 1240 540 1325 φιλονεικία
568 1256 660 1308 καὶ
704 1257 738 1324 ἡ
779 1254 1090 1319 ἀντίστασις
1119 1255 1218 1308 οὐκ
1250 1253 1357 1309 ἀπὸ
1380 1253 1559 1324 ψυχῆς
1583 1251 1817 1321 ἐγένετο,

241 1344 293 1397 τί
324 1343 455 1397 ποτέ
481 1343 600 1396 ἐστι
637 1342 700 1396 τὸ
730 1341 1053 1412 λεγόμενον;
1090 1342 1187 1395 καί¹
1226 1340 1369 1404 τίνος
1417 1340 1600 1393 ἕνεκεν
1646 1337 1819 1394 ταῦτα

245 1431 573 1501 ᾠκονομεῖτο
589 1448 606 1497 ;

308 1516 378 1580 θ’.
394 1517 657 1572 Ἐνταῦθα
670 1516 984 1588 προσέχετε,
1002 1517 1097 1570 καὶ
1111 1516 1431 1589 διανάστητέ
1455 1533 1564 1588 μοι,
1584 1516 1677 1571 καὶ
1692 1533 1817 1571 συν-

237 1605 449 1659 τείνατε
478 1602 720 1671 ἐαυτοὺς,
753 1604 893 1659 ὥστε
913 1604 1166 1669 δέξασθαι
1191 1605 1338 1675 σαφῆ
1366 1606 1464 1677 τὴν
1494 1605 1812 1676 ἀπολογίαν.

241 1692 349 1747 Kal
380 1692 489 1763 γὰρ
520 1691 720 1747 ἄτοπον
752 1693 850 1765 ἐμὲ
879 1693 976 1763 μὲν
1006 1693 1098 1746 τὸν
1126 1692 1527 1747 διασκάπτοντα
1563 1692 1815 1749 τοσοῦτον

241 1781 400 1836 πόνον
425 1782 735 1854 ὑπομένειν,
760 1782 904 1852 ὑμᾶς
921 1782 978 1836 δέ
1004 1782 1130 1846 τοὺς
1156 1782 1217 1847 ἐξ
1246 1782 1492 1847 εὐκολίας
1522 1782 1816 1855 μέλλοντας

238 1868 299 1923 τὸ
323 1871 543 1943 χρυσίον
574 1872 726 1943 όρᾷν,
760 1873 829 1941 τῇ
861 1871 1104 1943 ῥᾳθυμίᾳ
1127 1869 1189 1924 τὸ
1215 1870 1406 1942 κέρδος
1436 1870 1594 1925 τοῦτο
1634 1889 1814 1943 παρα-

237 1957 481 2030 δραμεῖν.
500 1959 735 2030 Ἀνάγκη
766 1959 822 2013 δέ
854 1959 1047 2032 μικρὸν
1080 1959 1340 2031 ἀνωτέρω
1362 1960 1452 2015 τὸν
1491 1958 1647 2029 λόγον
1676 1960 1817 2028 άγα-

238 2049 372 2113 γεῖν,
395 2044 535 2100 ὥστε
556 2046 894 2119 σαφεστέραν
923 2048 1051 2119 ύμῖν
1084 2048 1303 2119 ποιῆσαι
1325 2047 1421 2121 τὴν
1442 2047 1810 2103 διδασκαλίαν.

249 2134 467 2204 Ἐπειδὴ
499 2136 607 2206 γὰρ
652 2135 883 2207 ἀνῆλθεν
922 2136 1002 2200 εἰς
1045 2135 1172 2198 τοὺς
1214 2136 1478 2206 οὐρανοὺς
1517 2138 1545 2188 ὁ
1585 2136 1811 2208 Ἰησοῦς,

234 2220 334 2293 τὴν
367 2222 504 2292 ὑπὲρ
528 2221 684 2293 ὴμῶν
725 2223 1037 2293 οἰκονομίαν
1072 2222 1386 2294 πληρώσας,
1413 2223 1502 2278 τὸν
1528 2222 1685 2292 λόγον
1713 2225 1811 2295 τῆς

234 2309 577 2373 διδασκαλίας
605 2310 863 2366 κατέλιπε
892 2314 1005 2375 τοῖς
1033 2310 1227 2365 ἐαυτοῦ
1257 2312 1595 2379 ἀποστόλοις,
1630 2312 1814 2377 καθὼς

235 2394 445 2461 Παῦλός
474 2414 603 2468 φησι
618 2412 632 2429 ο
667 2396 923 2468 Θέμενος
945 2399 1015 2453 ἐν
1036 2399 1181 2469 ἡμῖν
1200 2401 1307 2453 τὸν
1333 2401 1519 2470 λόγον
1534 2401 1647 2471 τῆς
1673 2418 1814 2456 κατ-

234 2485 541 2555 αλλαγῆς·
593 2486 686 2539 καὶ
721 2486 918 2540 πάλιν·
973 2486 1142 2555 Ὑπὲρ
1186 2488 1446 2557 Χριστοῦ
1490 2491 1813 2558 πρεσϐεύο-

229 2588 360 2641 μεν,
390 2573 472 2639 ὡς
498 2572 605 2627 τοῦ
634 2573 782 2628 Θεοῦ
810 2575 1310 2643 παρακαλοῦντος
1335 2576 1411 2631 δι’
1437 2577 1625 2647 ἡμῶν,
1654 2596 1813 2632 τουτ-

232 2660 401 2725 ἐστιν,
435 2659 555 2713 ἀντὶ
585 2660 843 2731 Χριστοῦ.
888 2662 1023 2714 Τότε
1067 2662 1265 2728 τοίνυν,
1306 2664 1471 2735 ἡνίκα
1512 2667 1812 2736 ἐκήρυττον

231 2743 373 2803 οὗτοι
403 2749 541 2804 κατά
571 2750 670 2821 τὴν
701 2751 1026 2823 οἰκουμένην
1059 2751 1296 2819 ἃπασαν,
1335 2755 1551 2826 αἵρεσις
1585 2756 1811 2826 ούδεμία

228 2831 331 2907 ἦν’
364 2838 512 2891 πᾶσα
538 2839 596 2892 δέ
635 2841 669 2911 ὴ
706 2839 868 2910 φύσις
909 2839 1018 2894 τῶν
1054 2840 1357 2913 ἀνθρώπων
1388 2843 1480 2897 δύο
1520 2844 1694 2898 ταῦτα
1724 2845 1809 2899 δό-

230 2940 417 2994 γματα
463 2920 599 2997 εἶχε,
633 2926 692 2980 τὸ
743 2928 843 2997 μὲν
897 2929 1065 2997 ὑγιὲς,
1098 2929 1161 2983 τὸ
1205 2930 1262 2984 δὲ
1308 2930 1811 3004 διεφθαρμένον.“Η

229 3014 337 3086 γὰρ
362 3012 643 3085 Ἕλληνες,
674 3017 706 3088 ἢ
748 3017 1067 3077 Ἰουδαῖοι,οί
1092 3018 1190 3091 τὴν
1219 3019 1324 3089 γῆν
1346 3021 1620 3086 οἰκοῦντες
1640 3022 1811 3077 ἀπαν-

225 3120 318 3168 τες
342 3100 480 3175 ἦσαν
502 3121 516 3135 ο
548 3102 671 3158 οὔτε
695 3106 753 3159 δέ
775 3108 1091 3176 Μανιχαῖος,
1129 3107 1253 3162 οὗτε
1283 3111 1568 3183 Μαρκίων,
1604 3112 1729 3167 οὔτε
1751 3114 1808 3167 δέ

228 3193 602 3260 Οὑαλεντῖνος,
627 3196 726 3249 οὐκ
753 3195 910 3260 ἄλλος
939 3197 1116 3261 οὐδεὶς
1147 3199 1361 3264 ἁπλῶς’
1392 3201 1445 3253 τί
1470 3202 1577 3273 γάρ
1600 3204 1681 3257 δεῖ
1705 3204 1809 3257 πά-

229 3302 329 3348 σας
361 3285 679 3355 καταλέγειν
702 3285 801 3349 τὰς
826 3287 1094 3358 αίρέσεις;
1128 3290 1221 3343 καὶ
1244 3291 1353 3363 γὰρ
1384 3293 1521 3362 μετὰ
1546 3293 1636 3346 τὸν
1663 3295 1807 3347 σῖτον

225 3372 347 3426 τότε
379 3371 449 3426 τά
481 3372 695 3438 ζιζάνια
740 3375 976 3447 ἐσπάρη,
1004 3377 1038 3448 ἡ
1069 3378 1381 3450 παντοδαπὴ
1412 3381 1519 3433 τῶν
1545 3382 1808 3453 αἱρέσεων

224 3460 510 3532 διαφθορά.
544 3462 683 3537 Τοῦς
712 3461 810 3531 μὲν
844 3458 939 3515 οὖν
980 3464 1265 3529 Ἰουδαίους
1294 3467 1561 3538 ἐπέτρεψε
1593 3468 1671 3539 τῷ
1706 3469 1809 3523 Πέ-

224 3563 359 3617 τρῳ,
396 3549 508 3610 τοῖς
549 3547 605 3601 δὲ
629 3546 852 3620 Ἕλλησι
890 3550 981 3602 τὸν
1020 3551 1233 3605 Παῦλον
1279 3553 1579 3625 ἐπέστησεν
1611 3558 1639 3608 6
1675 3557 1809 3627 Χρι-

225 3634 369 3698 στός.
398 3636 509 3688 Καὶ
550 3634 710 3688 τοῦτο
752 3636 854 3689 οὐκ
904 3638 994 3705 ἀφ’
1014 3636 1252 3692 ἐαυτοῦα
1288 3639 1458 3708 λέγω,
1498 3641 1614 3695 ἀλλ’
1644 3642 1806 3695 αὐτοῦ

222 3720 319 3773 τοῦ
361 3721 575 3775 Παύλου
619 3721 869 3790 λέγοντος
918 3722 1059 3776 ἔστιν
1093 3725 1357 3780 ἀκοῦσαι·
1398 3728 1451 3779 Ὁ
1489 3728 1600 3797 γὰρ
1641 3730 1805 3797 ἐνερ-

222 3808 421 3878 γήσας
450 3808 647 3877 Πέτρῳ
677 3812 765 3874 εὶς
798 3811 1155 3879 ἀποστολὴν
1186 3811 1297 3881 τῆς
1336 3814 1680 3885 περιτομῆς,
1707 3816 1807 3870 έν-

222 3896 451 3967 ήργησε
490 3897 691 3967 κάμοὶ,
717 3898 901 3967 φησὶν,
935 3901 1021 3965 εἰς
1057 3900 1131 3954 τὰ
1161 3900 1338 3969 ἔθνηο
1388 3904 1689 3976 περιτομὴν
1722 3905 1807 3957 ἐν-

221 3983 398 4038 ταῦθα
446 3984 580 4039 αὐτὸ
622 3984 685 4038 τὸ
722 3984 873 4049 ἐθνος
905 3986 1105 4043 καλῶν.
1135 3988 1247 4042 Kal
1277 3989 1440 4043 πόθεν
1466 3990 1657 4061 δῆλον;
1713 3992 1807 4045 Ἐκ

221 4067 325 4141 τῆς
368 4072 681 4142 ἐπαγωγῆς.
729 4071 914 4127 Εἰπὼν
969 4072 1098 4145 γὰρ,
1132 4075 1186 4127 '0
1231 4076 1565 4147 ἐνεργήσας
1608 4078 1807 4146 Πέτρῳ

217 4161 309 4225 είς
339 4159 696 4227 ἀποστολὴν
734 4158 847 4228 τῆς
888 4161 1232 4231 περιτομῆς,
1267 4163 1570 4235 ἐνήργησε
1602 4166 1800 4235 κάμοὶ,

218 4247 385 4317 φησὶν
402 4247 452 4313 δ,
477 4250 565 4315 είς
597 4248 671 4301 τὰ
703 4248 870 4316 ἔθνη,
899 4246 1207 4314 δεικνύντος
1244 4253 1408 4318 ἐστὶν,
1439 4253 1520 4305 ὅτι
1549 4254 1683 4322 πρὸς
1705 4255 1802 4307 ἀν·-

217 4334 557 4406 τιδιαστολὴν
578 4336 684 4389 τῶν
712 4336 883 4391 ἐθνῶν
908 4338 1209 4409 περιτομὴν
1231 4335 1372 4393 εἰπε.
1406 4341 1547 4411 Πρὸς
1571 4342 1628 4394 δὲ
1658 4342 1804 4395 ἀντι-

215 4421 503 4494 διαστολὴν
535 4423 642 4475 τῶν
684 4423 875 4489 ἐθνῶν,
925 4425 1044 4496 οὐχὶ
1077 4426 1365 4498 περιτομὴ,
1406 4427 1521 4480 ἀλλ’
1561 4429 1802 4483 Ἰουδαῖοί

216 4511 378 4573 εἰσιν,
409 4509 501 4574 οὓς
526 4511 611 4564 διὰ
642 4512 743 4583 τῆς
771 4514 1072 4586 περιτομῆς
1097 4514 1315 4586 ᾐνίξατο
1336 4533 1348 4545 ·
1375 4516 1574 4570 ὡσανεὶ
1592 4516 1796 4587 ἔλεγεν,

232 4596 290 4652 Ὀ
328 4598 622 4672 ἐνεργήσας
648 4600 841 4672 Πέτρῳ
887 4603 967 4666 εἰς
1019 4602 1320 4674 ἀποστολὴν
1365 4603 1475 4658 τῶν
1508 4605 1796 4671 Ἰουδαίων,

214 4685 492 4757 ἐνήργησε
522 4688 691 4757 κάμοὶ
714 4690 794 4751 εἰς
826 4688 894 4742 τὰ
927 4689 1074 4761 ἔθνη.
1110 4690 1377 4762 Καθάπερ
1400 4692 1506 4763 γάρ
1536 4709 1619 4756 τις
1654 4693 1799 4763 βασι-

215 4772 347 4835 λεὺς
396 4774 578 4842 σοφὸς,
616 4776 707 4828 τὸν
756 4777 1061 4848 ἐπιτήδειον
1110 4778 1244 4849 μετὰ
1288 4779 1571 4850 ἀκριϐείας
1620 4781 1795 4847 εἰδὼς,

212 4860 391 4931 ἐτέρῳ
426 4861 525 4931 μὲν
551 4861 678 4924 τοὺς
708 4864 913 4928 ἱππεῖς,
939 4866 1109 4937 ἐτέρῳ
1134 4865 1190 4919 δὲ
1218 4867 1327 4921 τῶν
1361 4868 1540 4933 πεζῶν
1561 4870 1797 4943 ἐγχειρί-

212 4944 300 5007 ζει
320 4944 421 5016 τὴν
440 4946 776 5017 προστασίαν
796 4965 810 4978 ·
835 4947 979 5003 οὕτω
1002 4950 1067 5021 δὴ
1090 4952 1185 5004 καὶ
1208 4952 1237 5004 6
1262 4952 1517 5024 Χριστὸς,
1548 4953 1609 5007 τὸ
1635 4972 1799 5027 στρα-

208 5027 439 5113 τόπεδον
471 5029 532 5082 τὸ
565 5030 759 5086 ἐαυτοῦ
796 5034 983 5088 διελὼν
1030 5039 1110 5101 εἰς
1138 5032 1232 5091 δύο
1261 5038 1437 5094 ταῦτα
1480 5040 1645 5113 μέρη,
1672 5044 1799 5107 τοὺς

213 5112 327 5199 μὲν
358 5112 645 5180 Ἰουδαίους
686 5117 909 5191 Πέτρῳ,
958 5122 1085 5186 τοὺς
1128 5123 1186 5177 δὲ
1210 5124 1478 5196 Ἕλληνας
1530 5127 1796 5199 ἐπέτρεψε

210 5198 433 5287 Παύλῳ.
459 5201 522 5287 Εἰ
553 5204 608 5257 δὲ
637 5203 869 5277 διάφορα
896 5206 967 5261 τά
995 5210 1351 5279 στρατόπεδα,
1396 5211 1547 5287 [570]
1581 5198 1695 5269 ἀλλ’
1718 5212 1796 5281 εἷς

206 5286 239 5371 6
275 5281 765 5371 βασιλεύς.’Ὢσπερ
791 5292 893 5364 γὰρ
917 5294 1029 5365 ἐκεῖ
1053 5294 1084 5365 ή
1109 5292 1337 5367 διαφορά
1355 5281 1460 5351 τῶν
1494 5281 1795 5371 στρατοπέ-

204 5364 321 5454 δων
354 5367 431 5454 ,ἐν
458 5369 523 5440 τῇ
558 5377 868 5444 κατασκευῇ
902 5374 1010 5427 τῶν
1039 5364 1239 5443 ὅπλων,
1264 5364 1364 5433 οὐκ
1410 5382 1467 5434 ἐν
1519 5364 1584 5454 τῇ
1638 5384 1794 5453 φύσει

203 5448 323 5542 ⁸τῶν
343 5449 644 5542 ἀνθρώπων
669 5456 817 5542 ἐστίν
840 5475 853 5488 ·
879 5458 1021 5513 οὕτω
1043 5459 1105 5531 δὴ
1127 5464 1220 5515 καὶ
1241 5463 1474 5520 ἐνταῦθα
1504 5469 1536 5538 ὴ
1558 5448 1797 5542 διαφορά

203 5532 271 5624 ἐν
300 5535 765 5624 σχήματι-μικρῴ
803 5557 909 5624 τινι
939 5542 1039 5613 τῆς
1083 5546 1306 5616 σαρκὸς,
1337 5550 1435 5603 ούκ
1485 5532 1541 5604 ἐν
1581 5556 1645 5622 τῇ
1665 5532 1677 5538 ’
1698 5532 1796 5624 τὴς

202 5616 401 5682 οὐσίας
432 5620 699 5694 ἐναλλαγῇ
733 5623 1005 5692 φαίνεται.

273 5730 304 5800 ξ
466 5735 557 5785 748
574 5738 657 5800 ἀπ’
678 5738 903 5800 ἐμαυτοῦ.
1754 5789 1760 5796 .

266 5788 307 5837 δ
339 5793 448 5848 Hoc
468 5798 610 5863 φησίν
631 5788 817 5853 omnium
836 5788 955 5856 Cod.
977 5805 1087 5865 748,
1112 5806 1200 5870 qui
1221 5820 1335 5861 mox
1354 5809 1588 5862 δείκνυσιν
1607 5812 1694 5863 ὅτι.

561 5899 840 5965 ΡΑτιιοι..
887 5901 1009 5967 Gn.
1061 5903 1156 5964 ιι.

2004 460 2166 517 ι’.Ὦσ
2174 479 2273 534 περ
2288 457 2381 515 οὖν
2398 454 2751 532 ἐλεγον,ὴσαν
2765 457 3061 531 ἀμφότεροι
3076 456 3142 511 τά
3161 455 3497 528 στρατόπεδα

1923 549 2097 604 ταῦτα
2119 550 2603 622 ἐγκεχειρισμένα.
2635 547 2745 602 Kal
2770 549 2817 601 εί
2843 548 2917 619 μὴ
2953 545 3178 618 μηκύνω
3202 547 3294 601 τὸν
3316 545 3494 615 λόγον,

1925 639 1973 690 εἰ
2022 636 2098 709 μὴ
2141 637 2479 707 ἀπεκάμετε,
2513 635 2624 706 ἐρῶ
2671 636 2764 688 καὶ
2806 634 2904 705 τὴν
2952 632 3130 687 αἰτίαν
3160 634 3308 705 ὑμῖν,
3339 633 3408 686 δι’
3429 633 3497 704 ἢν

1923 717 2076 788 οὗτος
2112 724 2211 795 μὲν
2247 724 2374 788 τοὺς
2414 721 2719 787 Ἰουδαίους,
2748 724 2951 786 ἐκεῖνος
2980 722 3036 775 δέ
3064 721 3189 785 τοὺς
3227 720 3287 786 ἐξ
3327 720 3498 775 ἐθνῶν

1922 810 2339 881 ἐπιστεύθησαν.
2372 810 2484 864 Kal
2531 809 2638 882 γὰρ
2687 808 2835 874 ἀξιον
2870 809 3168 879 ζητήσεως,
3196 808 3249 860 τί
3297 806 3497 879 δήποτε

1923 898 2133 962 Παῦλος
2180 900 2299 969 μὲν,
2325 900 2353 952 6
2387 897 2524 969 μετὰ
2566 896 2849 970 ἀκριϐείας
2894 896 2989 950 τὸν
3035 895 3287 968 πατρῷον
3332 895 3495 966 νόμον

1922 986 2251 1050 παιδευθεὶς,
2289 988 2320 1039 6
2347 985 2499 1056 παρά
2530 985 2657 1049 τοὺς
2686 985 2852 1048 πόδας
2874 983 3155 1055 Γαμαλιὴλ
3182 982 3491 1054 διατρίϐων,

1920 1075 1949 1127 ὁ
1974 1075 2113 1128 κατὰ
2152 1073 2498 1145 δικαιοσύνην
2541 1073 2638 1144 τὴν
2688 1074 2747 1128 ἐν
2796 1073 2942 1142 νόμῳ
2987 1072 3275 1143 γενόμενος
3322 1071 3497 1143 ἀμεμ-

1921 1179 2073 1225 πτος,
2100 1162 2203 1215 οὐκ
2253 1160 2618 1234 ἐγχειρίζεται
2670 1161 2797 1224 τοὺς
2832 1160 3137 1227 Ἰουδαίους,
3186 1160 3322 1214 ἀλλά
3366 1160 3494 1223 τοὺς

1921 1250 2215 1323 ’Έλληναςο
2244 1252 2273 1303 ὁ
2306 1251 2363 1304 δὲ
2394 1251 2599 1316 ἁλιεὺς,
2641 1252 2734 1307 καὶ
2782 1251 3161 1322 ἀγράμματος,
3192 1252 3285 1304 καὶ
3327 1251 3494 1322 μηδὲν

1917 1338 2166 1394 τοσοῦτον
2188 1340 2340 1403 εἰδὼς
2360 1341 2582 1412 Πέτρος,
2597 1341 2694 1412 τὴν
2716 1339 2824 1393 τῶν
2853 1339 3117 1393 Ἰουδαίων
3141 1340 3491 1410 ἐνεπιστεύθη

1919 1429 2277 1499 προστασίαν.
2300 1428 2551 1482 Συντελεῖ
2574 1429 2681 1501 γάρ
2712 1446 2764 1482 τι
2794 1430 2887 1481 καὶ
2915 1428 3049 1500 πρὸς
3072 1429 3171 1500 τὴν
3190 1428 3340 1482 λύσιν
3361 1432 3493 1500 ἡμῖν

1917 1516 1979 1570 τὸ
2009 1517 2323 1587 λεγόμενον,
2360 1516 2428 1571 ἂν
2460 1516 2592 1570 αὐτὸ
2616 1515 2933 1586 δυνηθῶμεν
2966 1515 3169 1587 φράσαι
3196 1516 3394 1579 καλῶς.
3416 1518 3489 1570 Οὐ

1917 1604 2027 1677 γὰρ
2055 1605 2119 1677 δὴ
2142 1604 2298 1660 τοῦτο
2329 1603 2472 1660 ἐστιν
2506 1607 2678 1659 εἰπεῖν
2707 1606 2788 1659 ὄτι
2820 1604 3080 1659 ὀκνοῦντα
3126 1607 3220 1659 καὶ
3263 1605 3491 1659 ἀναδυό-

1920 1713 2080 1767 μενον
2117 1694 2241 1751 ἰδὼν
2269 1695 2362 1749 τὸν
2385 1695 2596 1751 Παῦλον
2618 1696 2712 1751 καὶ
2740 1696 3006 1767 φεύγοντα
3026 1695 3133 1749 τῶν
3157 1696 3373 1750 οἰκείων
3392 1696 3494 1767 τὴν

1918 1783 2270 1855 προστασίαν,
2301 1784 2403 1837 οὐκ
2439 1783 2669 1855 ἠθέλησε
2698 1782 2986 1854 βιάσασθαι
3026 1784 3121 1836 καὶ
3161 1785 3490 1848 ἀναγκάσαι.

1918 1869 2237 1926 Τούναντίον
2279 1871 2378 1942 μὲν
2410 1868 2502 1925 οὖν
2534 1871 2678 1925 ἅπαν
2712 1870 3041 1936 ἐπεδείξατο.
3073 1870 3148 1923 Ού
3173 1872 3280 1942 γὰρ
3305 1871 3368 1943 δὴ
3397 1872 3493 1943 μό-

1916 1974 2005 2013 νον
2039 1959 2151 2023 ,οὑκ
2185 1957 2353 2029 ἔφυγε
2383 1958 2491 2012 τῶν
2520 1959 2784 2015 Ἰουδαίων
2821 1959 2919 2030 τὴν
2966 1959 3309 2026 ἐπιστασίαν,
3356 1958 3492 2013 άλλά

1915 2046 2009 2099 καὶ
2032 2046 2246 2117 πρῶτος
2278 2047 2607 2119 ἐπεπήδησε,
2646 2048 2740 2101 καὶ
2779 2046 2873 2100 τοῦ
2915 2046 3149 2119 Χριστοῦ
3180 2046 3492 2110 κελεύοντος

1914 2128 2169 2188 ἀπελθεῖν
2201 2136 2281 2200 εἰς
2302 2135 2373 2188 τὰ
2396 2134 2544 2207 ἔθνη,
2578 2134 2739 2199 αὐτὸς
2772 2135 2913 2199 ἀξιοῖ
2946 2136 3045 2207 τὴν
3082 2134 3189 2188 τῶν
3223 2134 3491 2188 Ἰουδαίων

1913 2222 2224 2292 οἰκονομίαν
2276 2222 2713 2294 ἐγχειρισθῆναιο
2752 2223 2847 2276 καὶ
2877 2222 3044 2293 μυρία
3075 2221 3341 2292 πολλαχοῦ
3386 2222 3491 2275 πά-

1917 2326 2060 2379 σχων
2086 2309 2217 2381 παρ’
2237 2310 2415 2363 αὐτῶν
2441 2309 2610 2373 δεινὰ,
2641 2310 2735 2365 καὶ
2766 2309 2875 2365 τῶν
2912 2310 3081 2364 ἐθνῶν
3108 2310 3204 2382 τὴν
3231 2309 3487 2364 διδασκαο

1913 2399 2033 2453 λίαν
2085 2403 2535 2470 πεπιστευμένος,
2584 2400 2643 2454 ού
2689 2400 2916 2455 παύεται
2970 2400 3300 2472 παρακαλῶν
3346 2400 3489 2471 ὑπὲρ

1913 2488 2155 2551 ἐκείνων,
2191 2490 2285 2542 καὶ
2328 2489 2521 2557 λέγων,
2570 2490 2665 2543 νῦν
2716 2491 2844 2561 μέν’
2889 2491 3179 2560 Ηὺχόμην
3223 2489 3490 2559 ἀνάθεμα

1913 2575 2064 2632 εἶναι
2091 2578 2247 2647 ὑπὲρ
2278 2578 2397 2632 τῶν
2422 2577 2700 2648 ἀδελφῶν
2724 2597 2864 2649 μου,
2894 2579 3013 2634 τῶν
3035 2579 3347 2650 συγγενῶν
3368 2598 3488 2648 μου

1914 2665 2065 2720 κατὰ
2111 2666 2307 2736 σάρκα
2326 2684 2339 2698 ο
2375 2667 2471 2721 νῦν
2520 2667 2577 2720 δέ
2596 2683 2610 2698 ο
2652 2666 2919 2736 Ἀδελφοί
2941 2685 3081 2737 μου,
3109 2668 3149 2734 ἡ
3173 2667 3291 2736 μὲν
3317 2667 3488 2722 εὐδο-

1914 2756 2015 2810 κία
2057 2774 2200 2826 μου,
2242 2756 2339 2810 καὶ
2375 2757 2414 2824 ἡ
2456 2755 2666 2823 δέησις
2710 2757 2748 2824 ὴ
2793 2755 2940 2824 πρὸς
2978 2756 3087 2809 τὸν
3130 2756 3298 2823 Θεὸν,
3335 2755 3488 2825 ὑπὲρ

1912 2843 2112 2898 αὐτῶν
2148 2844 2318 2898 ἐστιν
2349 2849 2435 2911 εὶς
2472 2845 2790 2912 σωτηρίαν.
2829 2845 2985 2907 Τίνος
3017 2840 3110 2897 οὖν
3139 2845 3327 2897 ἐνεκεν
3368 2844 3490 2915 βου·

1912 2932 2136 3003 λόμενον
2164 2934 2326 2987 αὐτὸν
2369 2934 2463 2987 καὶ
2500 2931 2870 3002 ἐπιθυμοῦντα
2912 2931 3182 2985 διδάσκειν
3224 2932 3486 2998 ἐκείνους,

1911 3022 2011 3074 ούκ
2038 3020 2217 3074 εἴασεν
2241 3021 2424 3084 αὐτοῖς
2453 3020 2769 3092 κηρύσσειν,
2796 3019 2910 3073 ἀλλ’
2936 3020 3052 3074 ἀντ’
3078 3019 3304 3073 ἐκείνων
3339 3019 3486 3074 διδά-

1914 3108 2111 3159 σκαλον
2158 3108 2321 3161 αύτὺν
2368 3109 2480 3170 τοῖς
2531 3105 2739 3160 ἔθνεσιν
2787 3106 3075 3177 ἐπεμπεν;
3141 3106 3490 3178 Ἀκούσωμεν

1911 3194 2075 3249 αὐτοῦ
2109 3196 2203 3248 τοῦ
2230 3195 2465 3268 Χριστοῦ
2497 3194 2767 3263 λέγοντος,
2809 3196 2901 3248 καὶ
2931 3194 3141 3249 Παύλου
3175 3195 3237 3248 τὸ
3264 3197 3372 3248 πᾶν
3411 3195 3488 3246 δι-

1910 3283 2212 3355 ηγουμένου
2236 3300 2250 3315 ο
2301 3282 2561 3351 Ἐγένετο
2590 3281 2657 3335 δέ
2691 3298 2791 3350 μοι
2820 3280 3303 3349 προσευχομένη),
3332 3280 3486 3351 φησὶ,

1911 3370 2187 3438 γενέσθαι
2211 3386 2289 3439 με
2314 3368 2703 3433 ἐνέκστάσει,
2737 3367 2835 3421 καί
2864 3367 3083 3421 εἰδέναι
3100 3368 3206 3421 τὸν
3230 3367 3489 3436 Χριστὸν

1909 3457 2164 3528 λέγοντά
2205 3475 2341 3528 μοι’
2372 3458 2653 3512 Σπεῦσον
2689 3458 2786 3511 καὶ
2819 3456 3027 3520 ἔξελθε
3060 3457 3130 3510 ἐν
3165 3456 3351 3524 τάχει,
3398 3456 3488 3510 ὅτι

1910 3547 1981 3599 οὐ
2008 3545 2448 3614 παραδέξονταί
2476 3562 2591 3599 σου
2620 3543 2735 3612 τὴν
2765 3544 3101 3613 μαρτυρίαν
3142 3544 3273 3612 περί
3318 3544 3484 3614 ἐμοῦ.
3556 3620 3561 3631 ἱ

1912 3636 2021 3687 Kal
2048 3635 2146 3705 τὴν
2176 3635 2354 3689 αἰτίαν
2387 3632 2508 3687 εἷπε
2549 3634 2649 3703 τῆς
2694 3633 3029 3703 ἀποδημίας·
3066 3632 3373 3703 Μισήσουσί
3405 3650 3485 3699 σε,

1912 3722 2068 3792 φησί,
2087 3724 2180 3775 καὶ
2211 3722 2723 3794 ἀποστραφήσονται
2744 3738 2756 3750 ο
2788 3720 2875 3773 διά
2903 3720 3058 3773 τοῦτό
3085 3736 3178 3772 σου
3208 3720 3487 3773 διδάσκον-

1910 3826 2001 3872 τος
2041 3810 2142 3863 ούκ
2190 3808 2489 3874 ἀνέξονται.
2526 3810 2634 3864 Kal
2671 3810 2777 3880 μὴν
2805 3807 2936 3861 αὐτὸ
2967 3808 3123 3861 τοῦτο
3162 3804 3231 3879 ἦν
3283 3808 3486 3874 ἰκανὸν,

1911 3897 2221 3963 ἀξιόπιστον
2273 3896 2435 3950 αὐτὸν
2489 3897 2713 3967 ποιῆσαι
2768 3895 3101 3958 διδάσκαλον,
3151 3895 3247 3948 καὶ
3301 3899 3486 3948 πεῖσαι

1909 3987 2172 4051 ἐκείνους,
2194 3987 2275 4039 ὅτι
2308 3986 2409 4038 οὐκ
2431 3984 2743 4054 ἀνθρωπίνη
2771 3985 2803 4053 ή
2834 3983 3121 4053 μετάθεσις
3149 3983 3387 4051 ἐγένετο.
3410 3985 3485 4036 Ού

1908 4074 2017 4146 γὰρ
2051 4075 2117 4128 ἂν
2157 4074 2247 4127 τὸν
2289 4072 2434 4126 οὕτω
2460 4072 2807 4143 φαινόμενον,
2830 4074 2925 4125 καὶ
2953 4071 3111 4142 θυμῷ
3144 4071 3357 4137 ζέοντα,
3396 4073 3511 4124 καὶη
3562 4127 3565 4135 ,

1909 4163 2069 4229 φόνου
2116 4160 2364 4226 πνέοντα,
2398 4161 2491 4214 καὶ
2530 4159 3030 4229 θαυματουργοῦντι
3075 4158 3149 4229 μὴ
3198 4158 3485 4212 πεισθέντα
3573 4169 3576 4173 '

1905 4248 1983 4317 τῷ
2022 4247 2261 4319 Χριστῷ,
2300 4248 2440 4318 μηδέ
2477 4251 2590 4310 τοῖς
2617 4246 2934 4310 ἀποστόλοις
2968 4248 3079 4310 τοῖς
3117 4245 3347 4312 ἐκείνου,
3393 4263 3482 4298 νε-

1906 4337 2072 4406 κροὺς
2114 4336 2412 4407 ἐγείρασιν,
2445 4336 2659 4406 ἴσχυσεν
2690 4336 2754 4389 ἄν
2783 4351 2910 4389 ποτε
2938 4334 3221 4404 ἅνθρωπος
3255 4334 3313 4386 ἐν
3344 4334 3480 4403 αὐτῇ

1909 4426 2053 4497 μέσῃ
2100 4428 2165 4495 τῇ
2202 4425 2372 4496 μανίᾳ
2408 4424 2739 4496 μεταθεῖναι,
2788 4425 2882 4479 καὶ
2910 4424 3007 4495 τὴν
3042 4423 3369 4495 ὑπερϐολὴν,
3416 4425 3483 4494 ἣν

1905 4513 2046 4565 κατὰ
2086 4512 2181 4564 τοῦ
2214 4511 2568 4584 κηρύγματος
2600 4511 2966 4575 ἐπεδείκνυτο,
3000 4511 3204 4578 ταύτην
3255 4510 3480 4580 ὁλόκλη-

1905 4619 1999 4673 ρον
2035 4602 2130 4655 καὶ
2170 4600 2350 4671 πολλῴ
2386 4600 2608 4655 πλείονα
2654 4604 2840 4655 πεῖσαι
2892 4600 3050 4654 πάλιν
3088 4600 3226 4667 ὑπὲρ
3263 4599 3364 4670 τῆς
3399 4600 3481 4663 εἰς

1904 4690 2139 4761 Χριστὸν
2175 4689 2467 4761 ὁμολογίας
2504 4688 2913 4753 ἐπιδείξασθαι·
2955 4687 3090 4741 ἀλλά
3124 4686 3274 4748 θείας
3311 4686 3480 4749 ὅντως

1903 4779 2187 4851 δυνάμεως
2224 4778 2383 4849 ἔργον
2418 4774 2486 4851 ἦν
2525 4780 2558 4850 ή
2600 4779 2923 4851 μετάστασις
2960 4778 3096 4847 αῦτη
3136 4776 3287 4846 καὶὴ
3317 4791 3480 4845 μετα·

1901 4868 2050 4939 ϐολή.

1973 4956 2065 5010 ια’.
2102 4956 2281 5027 Ὅπερ
2313 4951 2407 5009 οὖν
2440 4955 2533 5010 καὶ
2560 4956 2588 5007 6
2610 4952 2841 5019 Παῦλος,
2866 4951 3149 5023 ἐπιθυμῶν
3174 4949 3353 5004 αὐτῶν
3379 4949 3479 5020 τὴν

1903 5041 2243 5114 προστασίαν
2284 5040 2490 5106 λαϐεῖν,
2542 5041 2677 5111 πρὸς
2718 5039 2809 5093 τὸν
2867 5036 3071 5110 Ἰησοῦν
3115 5034 3478 5106 προεϐάλλετο

1900 5128 2073 5197 λέγων
2092 5145 2106 5160 ο
2133 5128 2330 5197 Κύριε,
2352 5126 2521 5181 αὐτοί
2541 5125 2911 5188 ἐπίστανται,
2936 5123 3025 5176 ὅτι
3049 5121 3163 5190 ἐγὼ
3188 5120 3351 5190 ἥμην
3370 5137 3477 5190 φυ-

1899 5214 2185 5280 λακίζων,
2225 5213 2325 5266 καί
2388 5210 2576 5280 δέρων
2630 5210 2770 5275 τοὺς
2825 5206 3222 5270 πιστεύοντας
3270 5206 3358 5270 είς
3406 5203 3477 5258 τὸ

1899 5296 2089 5368 ὄνομά
2111 5312 2227 5352 σου
2245 5311 2259 5327 ο
2292 5296 2390 5350 καὶ
2416 5295 2516 5348 ὅτε
2540 5293 2858 5363 ἐξεχύνετο
2885 5291 2953 5344 τὸ
2973 5284 3117 5359 aha
3142 5286 3472 5356 Στεφάνου,

1898 5383 2005 5437 τοῦ
2043 5381 2338 5452 μάρτυρός
2376 5379 2527 5452 [571]
2559 5394 2697 5443 σου,
2752 5375 2865 5446 ἐγὼ
2893 5374 3058 5444 ἤμην
3085 5368 3475 5427 συνευδοκῶν

1898 5466 1974 5536 τῇ
2001 5464 2306 5535 ἀναιρέσει
2330 5462 2537 5518 αὐτοῦ.
2570 5461 2679 5515 Καὶ
2708 5463 2741 5531 ἡ
2765 5459 2932 5530 πολλὴ
2966 5456 3130 5527 μανία
3158 5457 3258 5526 τὴν
3278 5454 3473 5525 ἀθρόον

1898 5550 2276 5622 γεγενημένην
2305 5550 2569 5616 ἐγγυᾶται
2606 5544 2927 5616 μεταϐολὴν,
2958 5544 3034 5607 ὡς
3063 5543 3164 5597 οὐκ
3195 5540 3344 5593 ἐστιν
3374 5539 3471 5622 ἀν-

1898 5621 2144 5708 θρωπίνη
2173 5652 2279 5697 τις,
2310 5633 2425 5687 ἀλλ’
2453 5632 2679 5697 ἀνωθεν,
2703 5631 2796 5685 καὶ
2821 5632 2886 5683 ἐκ
2912 5629 3020 5683 τῶν
3043 5624 3285 5698 οὐρανῶν
3310 5621 3472 5677 ἔλαϐε

1897 5722 1995 5793 τὴν
2016 5722 2211 5793 ἀρχήν.
2235 5718 2303 5772 Τί
2326 5714 2418 5773 οὖν
2444 5719 2473 5770 6
2498 5717 2761 5791 Χριστός;
2792 5716 3075 5785 Πορεύου,
3101 5712 3187 5767 ὅτι
3210 5713 3297 5776 εὶς
3326 5709 3471 5793 ἔθνη

1891 5791 2130 5881 μακρὰν
2149 5791 2537 5874 ἐξαποστελῶ
2557 5818 2650 5859 σε.
2679 5800 2845 5857 Ταῦτ’
2864 5796 2956 5855 οὖν
2985 5799 3082 5869 οὐχ
3108 5794 3289 5859 ἱκανὰ,
3316 5791 3471 5864 φησι,
3566 5808 3569 5811 ⁷

3093 5902 3172 5964 2ίι

3664 3990 3696 4025 ο
