4020 6370
473 269 569 324 581

471 388 658 441 πεῖσαι
709 385 805 440 καὶ
848 385 974 450 τοὺς
1016 384 1217 456 σφόδρα
1273 385 1772 459 ἀναισθητοῦντας,
1811 373 1900 440 δτι
1949 382 2049 438 οὐκ

468 474 617 525 ἐστιν
647 470 989 541 ἀνθρώπινον
1020 469 1178 523 τοῦτο
1208 470 1269 523 τὸ
1301 473 1595 543 κήρυγμα,
1627 471 1743 525 ἀλλ’
1774 470 1916 539 ὑπὲρ
1949 468 2050 538 φύ-

469 572 555 610 σιν
579 555 925 626 ἀνθρωπίνην
953 554 1172 609 ἅπαντα
1195 556 1263 608 τά
1289 556 1650 626 γεγενημένα,
1681 555 1777 608 καὶ
1802 553 1937 616 Θεὸς
1958 552 2047 606 δν-

464 657 575 703 τως
604 639 752 693 ἐστὶν
790 640 820 691 6
864 638 1118 711 μεταθεὶς
1166 640 1261 695 καὶ
1312 639 1665 710 μεταϐαλών;
1717 637 1899 693 Ἱκανὰ
1948 637 2047 708 μὲν

464 719 592 787 οῦν,
636 715 683 776 ὧ
715 724 952 795 μακάριε
998 723 1197 788 Παῦλε,
1244 724 1312 777 ἂν
1358 723 1529 795 αὐτὴν
1560 724 1668 779 τῶν
1705 723 2048 795 πραγμάτων

466 807 729 881 ἐξετάσῃς
776 807 877 878 τὴν
920 807 1117 876 φύσινο
1166 807 1282 862 ἀλλ’
1344 808 1586 861 Ἰουδαῖοι
1640 807 1859 860 πάντων
1908 805 2046 859 είσὶν

465 891 935 963 ἀγνωμονέστεροι
958 908 972 921 ο
1003 890 1063 943 ού
1099 889 1261 959 φύσιν
1298 892 1641 962 πραγμάτων
1678 888 2042 954 ἐξετάζοντες,

464 976 525 1027 ού
559 974 621 1026 τὸ
648 974 794 1037 είκὸς
832 977 927 1028 καὶ
966 974 1029 1027 τὸ
1067 973 1288 1042 εὔλογον
1331 975 1425 1028 καὶ
1466 974 1529 1027 τὸ
1570 973 1869 1042 ἀναγκαῖον
1920 989 2045 1025 σκο-

465 1056 717 1120 ποῦντες,
760 1056 878 1109 ἀλλ’
908 1069 934 1098 ι
969 1060 1050 1121 είς
1086 1057 1145 1111 ἓν
1179 1057 1338 1128 μόνον
1384 1055 1705 1129 βλέποντες,
1757 1056 1905 1119 ὅπως
1946 1054 2044 1125 τὴν

464 1139 797 1209 φιλονεικίαν
825 1140 925 1210 τὴν
951 1140 1158 1193 ἑαυτῶν
1183 1140 1523 1211 ἐμπλήσωσι.
1554 1140 1666 1194 Kal
1689 1139 1754 1191 σὺ
1784 1139 1883 1209 μὲν
1907 1137 2043 1208 πρὸς

462 1224 562 1296 τὴν
588 1224 698 1279 τῶν
736 1226 1079 1297 πραγμάτων
1115 1224 1436 1279 ἀκολουθίαν
1474 1225 1690 1295 βλέπεις
1712 1240 1727 1253 ·
1760 1225 1789 1276 6
1816 1223 1873 1276 δέ
1910 1221 2043 1285 Θεὸς

461 1309 533 1361 τὰ
576 1309 867 1381 ἀπόρρητα
908 1311 1009 1379 τῆς
1054 1308 1295 1373 διανοίας
1345 1307 1524 1363 αὐτῶν
1568 1303 1699 1361 οἶδε.
1740 1307 1840 1360 Διά
1885 1306 2043 1360 τοῦτό

461 1408 616 1463 φησι,
647 1393 934 1459 Πορεύου,
970 1392 1059 1445 ὅτι
1094 1394 1183 1459 εὶς
1214 1392 1360 1459 ἔθνη
1389 1390 1627 1460 μακρὰν
1654 1390 2043 1455 ἐξαποστελῶ

461 1489 559 1540 σε,
615 1475 755 1529 ὥστε
803 1476 897 1530 καὶ
940 1474 1019 1546 τῷ
1066 1476 1393 1548 διαστήματι
1441 1474 1940 1547 παραμυθήσασθαι
1980 1474 2042 1527 τὸ

463 1576 641 1629 μισος.

529 1644 630 1696 Διά
653 1643 813 1696 τοῦτο
840 1646 951 1708 τοῖς
982 1643 1081 1714 μὲν
1103 1642 1282 1707 ἀλλοις
1309 1642 1480 1696 ἀπασι
1507 1643 1754 1714 γράφων,
1784 1643 1844 1696 τὸ
1871 1642 2041 1711 ὄνομα

458 1725 623 1780 αὑτοῦ
671 1727 1027 1799 προστίθησιν
1074 1730 1132 1780 ἐν
1160 1727 1238 1799 τῷ
1282 1726 1553 1800 προοιμίῳ
1581 1728 1690 1781 τῶν
1718 1724 2035 1789 ἐπιστολῶν,

470 1810 739 1882 Ἑϐραίοις
791 1810 848 1863 δὲ
894 1810 1247 1875 ἐπιστέλλων,
1298 1810 1451 1865 οὐδὲν
1488 1810 1727 1865 τοιοῦτον
1759 1810 2034 1881 ἐποίησεν,

457 1892 570 1946 ἀλλ’
594 1893 801 1959 ἁπλῶς,
835 1893 933 1948 οὑκ
964 1894 1133 1948 είπὼν
1162 1894 1247 1958 τίς
1275 1890 1367 1967 ῆν,
1401 1896 1436 1967 ἢ
1473 1895 1609 1966 πρὸς
1640 1896 1815 1958 τίνας,
1850 1894 2038 1962 ὥσπερ

457 1977 577 2040 ἐθος
618 1974 729 2048 εἶχε
796 1980 992 2042 ποιεῖν,
1034 1977 1177 2030 οὕτω
1218 1994 1333 2041 πως
1401 1978 1635 2049 ήρξατο’
1680 1975 2037 2046 Πολυμερῶς

456 2062 556 2117 καὶ
616 2063 1011 2130 πολυτρόπως
1067 2060 1253 2116 πάλαι
1306 2064 1340 2115 ό
1393 2062 1538 2127 Θεὸς
1583 2061 1865 2130 λαλήσας
1913 2058 2037 2125 τοῖς

454 2145 755 2216 πατράσιν
784 2145 974 2216 ἡμῶν.
1010 2146 1121 2199 Kal
1156 2144 1314 2200 τοῦτο
1342 2146 1406 2216 δὴ
1441 2147 1541 2218 τῆς
1574 2146 1666 2199 τοῦ
1701 2146 1914 2200 Παύλου
1951 2161 2036 2197 σο-

453 2231 601 2301 φίας.
636 2231 753 2283 Ἴνα
782 2230 892 2300 γὰρ
917 2228 991 2300 μὴ
1022 2230 1264 2298 μετασχῇ
1286 2227 1380 2281 τοῦ
1412 2228 1603 2299 μίσους
1618 2230 1685 2281 τά
1710 2229 2031 2299 γράμματα,

452 2312 703 2387 καθάπερ
734 2312 1064 2383 προσωπείῳ
1084 2312 1213 2375 τινὶ,
1242 2313 1307 2381 τῇ
1333 2310 1428 2363 τοῦ
1449 2311 1713 2383 ὀνόματος
1747 2310 2033 2382 ἀφαιρέσει

451 2399 663 2470 κρύψας
715 2398 927 2461 ἐαυτὸν,
966 2396 1138 2459 οὕτως
1186 2397 1371 2459 αὐτοῖς
1410 2395 1777 2459 λανθανόντως
1828 2396 1889 2447 τὸ
1936 2394 2034 2463 τῆς

448 2482 825 2554 παραινέσεως
857 2479 1131 2550 ἐπιτίθησι
1174 2479 1486 2551 φάρμακον.
1545 2479 1714 2533 Ὅταν
1754 2478 1863 2547 γὰρ
1894 2479 2033 2548 πρός

446 2581 570 2619 τινα
597 2563 777 2636 ἀηδῶς
800 2563 1033 2634 ἔχωμεν,
1062 2562 1165 2615 κᾶν
1190 2562 1341 2631 ὑγιές
1366 2580 1418 2615 τι
1444 2562 1595 2634 λέγῃ,
1621 2563 1681 2615 ού
1712 2560 2029 2633 προθύμως,

447 2648 567 2703 οὐδέ
603 2648 723 2719 μεθ’
752 2646 946 2718 ἡδονῆς
973 2645 1239 2716 δεχόμεθα
1282 2645 1353 2698 τά
1396 2646 1696 2717 λεγόμενω
1738 2646 1876 2716 ὅπερ
1914 2642 2028 2710 οῦν,

448 2734 535 2787 ἶνα
576 2731 658 2802 μὴ
690 2731 785 2785 καὶ
811 2730 932 2783 τότε
976 2730 1180 2801 συμϐῇ,
1217 2730 1405 2799 ἀφεῖλε
1445 2731 1545 2801 τὴν
1592 2730 1727 2784 ιδίαν
1759 2747 2033 2802 προσηγο-

449 2819 570 2889 ρίαν
624 2816 724 2887 τῆς
780 2814 1092 2886 ἐπιπολῆς,
1138 2813 1278 2867 ὥστε
1344 2814 1508 2888 μηδὲν
1565 2815 1725 2868 τοῦτο
1778 2814 2029 2883 γενέσθαι

447 2901 675 2972 κώλυμα
724 2902 791 2971 τῇ
835 2898 935 2968 τῆς
980 2898 1275 2968 ἐπιπολῆς
1324 2898 1605 2969 ἀκροάσει.
1643 2898 1776 2952 Οὐδὲ
1826 2898 1934 2969 γάρ
1979 2900 2029 2952 οἱ

446 2988 665 3041 ἄπιστοι
717 2984 877 3055 μόνον
931 2982 1198 3047 Ἰουδαῖοι,
1232 2983 1369 3037 ἀλλά
1410 2985 1505 3038 καὶ
1548 2985 1597 3037 οἱ
1644 2983 2031 3047 πιστεύσαντες

446 3072 601 3125 αὐτοὶ
645 3070 871 3141 ἐμίσουν
916 3068 1080 3122 αὐτὸν
1121 3068 1217 3121 καὶ
1266 3068 1690 3141 ἀπεστρέφοντο.
1730 3070 1857 3122 Ὅτε
1900 3068 2030 3137 γοῦν

446 3154 674 3225 ἀνῆλθεν
697 3154 775 3216 είς
813 3150 1183 3224 Ἰεροσόλυμα,
1211 3152 1441 3206 ἄκουσον
1464 3152 1518 3204 τί
1546 3169 1678 3223 φησι
1710 3152 1845 3223 πρὸς
1868 3153 2030 3205 αὑτὸν

443 3241 475 3291 6
506 3235 782 3301 Ἰάκωϐος,
804 3235 900 3288 καὶ
923 3236 972 3288 οἱ
1001 3234 1179 3288 λοιποὶ
1203 3234 1460 3299 ἅπαντες.
1488 3234 1751 3303 Θεωρεῖς,
1778 3234 2026 3303 ἀδελφέ,

445 3323 631 3375 πόσαι
666 3316 956 3389 μυριάδες
994 3318 1161 3373 εἰσίν
1202 3318 1509 3375 Ἰουδαίων
1531 3317 1651 3371 τῶν
1680 3321 2031 3385 συνεληλυ-

445 3406 667 3458 θότων·
730 3402 830 3455 καί
894 3397 1061 3457 οὗτοι
1109 3401 1333 3469 πάντες
1383 3399 1635 3469 ζηλωταὶ
1683 3401 1791 3455 τοῦ
1839 3402 2029 3469 νόμου

441 3488 812 3557 ὑπάρχουσι,
854 3484 953 3538 καὶ
997 3485 1367 3555 κατήχηνται
1403 3485 1535 3554 περὶ
1575 3485 1713 3551 σοῦ,
1746 3484 1835 3538 ὅτι
1883 3485 2029 3539 ἀπο-

443 3572 709 3626 στασίαν
734 3570 854 3625 ἀπὸ
888 3569 997 3623 τοῦ
1030 3569 1219 3639 νόμου
1250 3567 1578 3635 διδάσκεις.
1610 3570 1710 3624 Διά
1737 3569 1897 3623 τοῦτο
1928 3570 2027 3622 αύο

442 3660 535 3711 τὸν
567 3656 802 3728 μάλιστα
834 3655 1058 3725 ἐμίσουν
1090 3654 1185 3707 καὶ
1216 3655 1644 3725 ἀπεστρέφοντο.

516 3742 603 3811 ιβ’.
623 3740 686 3794 Ἠ
712 3739 811 3810 μέν
835 3732 929 3791 οῦν
953 3738 1120 3803 αίτία,
1138 3737 1204 3791 δι’
1226 3739 1293 3808 ἣν
1319 3738 1419 3791 οὐκ
1445 3738 1737 3807 ἐπιστεύθη
1756 3740 1880 3801 τοὺς
1896 3739 2025 3792 Ἰου-

438 3825 623 3886 δαίους
646 3864 662 3887 ,
699 3820 838 3875 ἀλλά
867 3822 995 3885 τοὺς
1026 3821 1088 3885 ἐξ
1115 3820 1306 3886 ἐθνῶν,
1339 3822 1485 3874 ἐστὶν
1513 3820 1675 3894 αὕτη.
1711 3822 2027 3887 Πιστευθεὶς

320 3896 343 3979 ξ
428 3909 495 3962 δὲ
528 3906 715 3960 λοιπὸν
749 3906 1017 3970 ἐκείνους,
1052 3906 1149 3977 οὐχ
1194 3906 1399 3977 ὁμοίως
1430 3906 1508 3978 τῷ
1543 3907 1756 3979 Πέτρῳ,
1787 3908 1907 3961 οὐδέ
1938 3907 2027 3963 διὰ

439 3994 537 4064 τῆς
560 3992 732 4062 αὐτῆς
757 3990 880 4045 ὁδοῦ
911 3991 1050 4062 πρὸς
1078 3993 1182 4062 τὴν
1210 3991 1394 4046 πίστιν
1424 3993 1624 4056 αὐτοὺς
1653 3993 1867 4064 ἐνῆγεν,
1890 3993 2026 4048 ἀλλά

437 4078 506 4133 δι’
526 4076 743 4148 ἐτέρας.
782 4075 1006 4147 Ἐτέρας
1028 4075 1090 4130 δὲ
1115 4077 1244 4131 ὅταν
1275 4077 1535 4149 ἀκούσῃς,
1567 4078 1643 4150 μὴ
1666 4079 1941 4149 διαφορὰν
1966 4079 2025 4131 ἐν

436 4160 515 4231 τῷ
553 4159 869 4232 κηρύγματι
902 4159 1131 4231 νομίσῃς
1164 4156 1325 4214 εἶναι.
1354 4160 1438 4213 Ta
1469 4161 1579 4234 γὰρ
1608 4162 1749 4216 αὐτά
1781 4162 2023 4234 ἀμφότε-

439 4258 524 4318 ροι
554 4245 649 4298 καὶ
691 4244 969 4307 Ἰουδαίοις
1004 4245 1099 4299 καὶ
1125 4244 1383 4315 Ἕλλησιν
1416 4248 1715 4317 ἐκήρυττον
1736 4266 1751 4281 ο
1778 4246 1908 4309 οἷον,
1941 4249 2022 4301 ὅτι

430 4329 571 4391 Θεὸς
588 4331 617 4382 6
635 4327 890 4399 Χριστὸς,
909 4328 991 4381 ὅτι
1014 4326 1333 4399 ἐσταυρώθη
1351 4330 1448 4383 καὶ
1466 4330 1664 4401 ἐτάφη,
1682 4332 1777 4384 καὶ
1800 4332 2021 4403 ἀνέστη,

438 4418 533 4475 καὶ
569 4421 715 4475 ἐστιν
759 4421 818 4475 ἐν
859 4419 1009 4491 δεξιᾷ
1038 4418 1133 4474 τοῦ
1176 4420 1411 4493 Πατρὸς,
1455 4423 1539 4475 ὅτι
1594 4423 1777 4494 μέλλει
1817 4426 2024 4497 κρίνειν

437 4506 647 4571 ζῶντας
674 4506 770 4560 καὶ
793 4506 1043 4575 νεκροὺς,
1068 4505 1166 4559 καὶ
1192 4505 1294 4558 ὅσα
1322 4506 1547 4560 τοιαῦτα
1578 4505 1666 4578 ἦν,
1698 4508 1901 4579 ὁμοίως
1928 4510 2025 4562 καὶ

438 4591 650 4655 Παῦλίος
684 4591 780 4644 καὶ
825 4590 1031 4661 Πέτρος
1078 4590 1397 4660 ἐκήρυττον.
1442 4591 1529 4645 Ἐν
1574 4593 1715 4646 τίσιν
1750 4588 1844 4646 οὖν
1885 4587 1955 4663 ἦν
1986 4596 2021 4663 ή

434 4675 705 4747 διαφορά;
739 4674 830 4729 Ἐν
871 4677 939 4745 τῇ
967 4676 1350 4746 παρατηρήσει
1390 4674 1500 4728 τῶν
1525 4675 1850 4747 βρωμάτων,
1877 4679 1935 4731 ἐν
1956 4680 2022 4749 τῇ

438 4762 739 4833 περιτομῇ,
767 4760 826 4813 ἐν
851 4761 964 4822 τοῖς
993 4758 1176 4821 ἀλλοις
1212 4762 1327 4822 τοῖς
1366 4759 1678 4823 Ἰουδαϊκοῖς
1716 4759 1914 4815 ἔθεσιν.
1966 4760 2023 4814 Ὀ

440 4847 540 4918 μὲν
576 4846 683 4917 γάρ
723 4845 929 4916 Πέτρος
978 4844 1078 4896 οὐκ
1124 4842 1329 4914 ἐτόλμα
1356 4846 1468 4908 τοῖς
1511 4842 1705 4897 ἐαυτοῦ
1754 4843 2023 4915 μαθηταῖς

437 4929 690 5001 φανερῶς
716 4929 896 4997 λέγειν
930 4929 1024 4982 καὶ
1068 4928 1365 5001 διαρρήδην
1384 4969 1398 4992 ,
1432 4930 1515 4983 ὅτι
1544 4929 1627 4984 δεῖ
1652 4930 1857 4984 τούτων
1889 4931 2024 4984 ἀπο-

438 5015 631 5086 στῆναι
664 5010 817 5085 [572]
853 5011 1129 5077 καθάπαξ.
1178 5011 1466 5067 Ἑδεδοίκει
1503 5013 1633 5086 γάρ,
1667 5014 1878 5085 μήποτε
1916 5013 2037 5084 πρὸ·

436 5097 632 5171 καιροῦ
660 5098 758 5169 τὴν
784 5094 1071 5169 συνήθειαν
1097 5096 1303 5169 ταύτην
1329 5098 1640 5152 ἀνασπάσαι
1675 5094 2019 5170 βουλόμενος,

436 5184 532 5236 καὶ
576 5180 677 5252 τὴν
721 5182 801 5244 είς
832 5180 925 5234 τὸν
968 5182 1205 5252 Χριστὸν
1238 5182 1421 5236 πίστιν
1472 5182 1867 5257 συνανασπάσῃ
1903 5186 2021 5254 μετ’

436 5268 693 5331 ἐκείνων,
733 5266 1043 5337 τῆςψυχῆς
1086 5266 1196 5320 τῶν
1251 5266 1519 5320 Ἰουδαίων
1560 5268 1660 5320 οὐκ
1690 5268 2022 5339 ἀνεχομένης

435 5352 669 5415 οὐδέπω,
692 5348 780 5403 διά
798 5349 897 5422 τὴν
920 5351 1138 5420 χρονίαν
1157 5350 1255 5421 τήν
1282 5368 1349 5404 πε
1359 5351 1411 5422 pl
1430 5351 1521 5404 τὸν
1537 5350 1701 5420 νόμον
1730 5352 2016 5422 πρόληψιν,

435 5433 547 5489 τῶν
584 5433 846 5506 ῥημάτων
879 5435 1098 5489 ἀκούειν
1127 5435 1355 5488 τούτων.
1395 5434 1494 5488 Διά
1531 5435 1691 5488 τοῦτο
1716 5435 1963 5506 ήνείχετο
1993 5439 2022 5490 6

441 5518 711 5588 μακάριος
745 5515 950 5587 Πέτρος
978 5518 1349 5583 ίουδαῖζόντων
1383 5518 1583 5573 αὐτῶν.
1617 5520 1729 5573 Kal
1764 5520 2018 5594 καθάπερ

437 5618 522 5666 τις
556 5602 801 5672 γεωργὸς
835 5602 1055 5673 ἀριστος
1095 5603 1259 5671 φυτὸν
1291 5605 1497 5658 ἁπαλὸν
1546 5605 1772 5675 πλησίον
1801 5606 2019 5679 δένδρου

512 5749 535 5776 ⁸
561 5747 787 5804 Additum
809 5747 912 5799 ἀλλ’
936 5763 965 5800 e
993 5749 1161 5801 Morel.
1187 5757 1240 5802 et
1262 5752 1410 5804 Savil.
1437 5758 1489 5806 el
1510 5753 1615 5805 cod.
1639 5754 1749 5807 748.
1795 5754 1928 5806 Εοιτ.

1172 286 1230 340 8.
1267 284 1547 343 JOANNIS
1580 288 2075 347 CHRYSOSTOMI
2115 291 2435 349 ARCHIEP.
2477 288 3024 353 CONSTANTINOP.

3621 278 3724 342 589

2153 386 2520 457 γεγηρακότος
2557 390 2946 461 καταθέμενος,
2986 391 3047 445 οὐ
3078 390 3273 464 τολμᾷ,
3311 391 3431 447 οὐδὲ
3469 393 3725 467 ὕπομέντὶ

2149 469 2211 521 τὸ
2238 471 2549 542 γεγηρακὸς
2575 472 2888 529 ἀνασπάσαι
2920 468 3157 547 δένδρον,
3190 473 3443 539 δεδοικὼς
3477 476 3577 547 μή,
3617 479 3727 532 τῶν

2151 553 2317 623 ῥιζῶν
2357 555 2582 609 ἐκείνων
2609 557 3009 629 ἀνελκομένων,
3048 559 3145 612 καὶ
3176 559 3236 612 τὸ
3264 558 3522 629 νεόφυτον
3565 576 3727 614 awa-

2149 638 2435 710 νελκυσθῇ,
2484 640 2600 695 ἀλλ’
2651 643 2912 713 ἀναμένει
2959 643 3228 715 πρότερον
3265 644 3504 715 παγῆναι
3549 643 3727 698 ἐκεῖνο

2148 721 2347 785 καλῶς,
2384 726 2478 776 καὶ
2516 726 2576 777 ἐν
2614 726 2795 788 αὐτοῖς
2839 726 2992 779 κάτω
3027 725 3322 798 ριζωθῆναι
3352 728 3465 789 τοῖς
3504 726 3726 790 κόλποις

2146 804 2244 874 τῆς
2265 805 2385 875 γῆς,
2414 807 2508 859 καὶ
2530 808 2653 862 τότε
2676 808 2738 861 τὸ
2760 808 3070 863 παλαιωθέν
3109 808 3247 879 μετά
3269 809 3452 873 ἀδείας
3484 809 3722 875 ἀνέλκει,

2145 888 2298 942 οὐδὲν
2325 889 2405 944 έτι
2435 890 2685 954 δεδοικὼς
2713 893 2843 963 περὶ
2862 891 2956 945 τοῦ
2987 893 3248 962 νεοφύτου
3269 911 3282 923 ·
3311 892 3457 947 οῦτω
3478 892 3543 964 δὴ
3570 894 3665 947 καὶ
3696 896 3726 946 6

2149 971 2417 1043 μακάριος
2453 972 2659 1047 Πέτρος
2688 974 2863 1028 ἐποίει
2884 992 2898 1007 ·
2928 975 3027 1046 τήν
3054 976 3238 1029 πίστιν
3278 976 3535 1045 νεόφυτον
3557 973 3725 1029 οὖσαν

2146 1051 2304 1123 ἔμενε
2330 1055 2573 1127 παγῆναι
2598 1057 2779 1121 καλῶς
2799 1060 2860 1111 ἐν
2882 1060 3002 1120 ταῖς
3029 1058 3140 1111 τῶν
3168 1058 3476 1112 ἀκουόντων
3501 1056 3722 1129 ψυχαῖς,

2147 1136 2233 1190 ἴνα
2263 1138 2588 1211 ριζωθείσης
2619 1142 2832 1213 ἐκείνης
2864 1142 3002 1213 μετὰ
3026 1142 3213 1206 ἀδείας
3240 1142 3423 1196 λοιπὸν
3451 1143 3545 1213 τήν
3590 1145 3722 1197 Ἰουδ-

2143 1219 2334 1292 δαῖκήν
2360 1222 2522 1295 ἀνέλῃ
2556 1225 2825 1297 πρόληψιν
2862 1227 3100 1279 ἃπασαν.
3147 1225 3290 1279 Ἀλλ’
3309 1226 3408 1296 οὐχ
3442 1226 3471 1279 6
3510 1223 3725 1289 Παῦλος

2142 1305 2318 1358 οῦτωο
2375 1307 2559 1377 πάσης
2614 1309 2721 1380 γάρ
2775 1308 2980 1381 ταύτης
3033 1310 3453 1381 ἀπηλλαγμένος
3496 1304 3566 1380 ἦν
3621 1308 3722 1380 τῆς

2141 1389 2408 1460 ἀνάγκης,
2439 1392 2665 1463 Ἕλλησι
2692 1394 3000 1465 κηρύττων,
3025 1395 3139 1457 τοῖς
3177 1393 3430 1446 οὐδέποτε
3460 1409 3723 1463 μετεσχη-

2143 1473 2263 1526 κόσι
2310 1475 2496 1544 νόμου,
2541 1476 2661 1530 οὐδὲ
2718 1476 3022 1531 Ἰουδαϊκῶν
3086 1479 3525 1548 παρατηρήσεων
3581 1478 3719 1548 ἀκη-

2144 1557 2345 1612 κοόσιν.
2382 1552 2507 1611 "Ou
2535 1559 2642 1629 γὰρ
2669 1562 2770 1614 οὐκ
2802 1561 3053 1631 ἀλλήλοις
3095 1560 3498 1630 ἐναντιούμενοι
3548 1558 3720 1614 ταῦτα

2142 1639 2377 1706 ἐποίουν,
2403 1642 2539 1695 ἀλλά
2568 1647 2634 1715 τῇ
2659 1644 2768 1697 τῶν
2795 1645 3053 1716 μαθητῶν
3080 1645 3333 1716 ἀσθενείᾳ
3355 1643 3719 1712 συγκαταϐαίο

2141 1740 2350 1788 νοντες,
2386 1725 2531 1780 ἐστιν
2567 1728 2693 1780 ίδεῖν
2723 1728 2818 1781 καὶ
2853 1725 3066 1783 Παῦλον
3093 1728 3293 1800 ὁμοίως
3325 1726 3516 1798 Πέτρῳ
3544 1728 3717 1780 ταῦτα

2140 1807 2281 1861 αύτά
2307 1809 2713 1881 συγχωροῦντα,
2744 1812 2837 1864 καὶ
2863 1812 2923 1864 οὐ
2959 1809 3347 1881 συγχωροῦντα
3378 1812 3556 1881 μόνον,
3579 1810 3718 1864 ἀλλά

2140 1890 2233 1943 καὶ
2255 1889 2418 1944 αὐτὸν
2448 1892 2830 1965 συνεργοῦντα,
2863 1895 2955 1947 καὶ
2986 1895 3192 1966 Πέτρον
3221 1894 3381 1948 πάλιν
3415 1894 3512 1964 τήν
3544 1894 3718 1963 αὐτὴν

2138 1973 2450 2046 ἐλευθερίαν
2473 1978 2890 2049 νομοθετοῦντα,
2913 1980 2981 2051 ἢν
3016 1979 3110 2033 καὶ
3141 1978 3353 2042 Παῦλος
3390 1980 3502 2042 τοῖς
3539 1977 3718 2031 ἐθνεσι

2138 2059 2305 2111 πᾶσιν
2347 2060 2631 2132 ἐκήρυττε.
2670 2063 2780 2117 Kal
2820 2062 2925 2115 ποῦ
2967 2062 3163 2126 ταῦτα,
3200 2062 3386 2133 φησὶν,
3432 2061 3718 2132 ἀμφότερα

2142 2140 2284 2197 ἐστιν
2313 2142 2468 2208 ίδεῖν;
2511 2146 2599 2200 Ἐν
2627 2146 2808 2209 αὐτοῖς
2832 2148 2945 2209 τοῖς
2980 2145 3392 2217 Ἰεροσολύμοις.
3423 2139 3591 2207 Οὗτος
3617 2143 3719 2215 μὲν

2135 2225 2244 2296 γὰρ
2271 2226 2362 2278 καὶ
2389 2226 2637 2297 ἐξύρατο,
2671 2229 2765 2282 καὶ
2798 2228 2988 2292 ἔθυσε,
3029 2230 3123 2282 καὶ
3162 2228 3427 2299 ἁγνισμὸν
3466 2226 3717 2280 ἐπετέλε-

2135 2326 2248 2372 σεν,
2274 2312 2302 2363 ὁ
2321 2311 2430 2365 τῶν
2460 2312 2629 2367 ἐθνῶν
2650 2312 2991 2377 διδάσκαλος.
3021 2313 3193 2367 Τοῦτο
3224 2313 3334 2384 γάρ
3354 2312 3448 2365 καὶ
3472 2312 3502 2364 6
3525 2310 3717 2381 καιρὸς

2132 2394 2354 2465 ἀπῄτει,
2391 2395 2565 2449 καὶτὸ
2589 2400 2843 2468 παρεῖναι
2864 2397 3092 2460 πολλοὺς
3129 2396 3437 2459 Ἰουδαίους.
3470 2393 3717 2461 Θεωρεῖς

2133 2478 2277 2547 γὰρ,
2323 2482 2521 2550 φησὶν,
2562 2481 2809 2551 ἀδελφέ,
2843 2483 3025 2535 πόσαι
3052 2479 3340 2550 μυριάδες
3366 2479 3525 2533 εἰσιν
3565 2476 3713 2532 Ἰου-

2132 2560 2317 2615 δαίων
2345 2564 2462 2619 τῶν
2494 2567 3022 2633 συνεληλυθότων,
3058 2563 3156 2617 καὶ
3182 2563 3549 2631 κατήχηνται
3579 2560 3717 2629 περὶ

2132 2646 2272 2711 σοῦ,
2303 2648 2393 2700 ὅτι
2426 2649 2812 2703 ἀποστασίαν
2843 2648 2963 2703 ἀπὸ
2992 2647 3097 2701 τοῦ
3123 2649 3313 2716 νόμου
3345 2646 3675 2712 διδάσκεις.

2205 2729 2292 2799 ιγ’.
2343 2731 2577 2794 Ἐκεῖνος
2608 2732 2786 2785 τοίνυν
2831 2730 3240 2802 συγκαταϐῆναι
3271 2728 3717 2800 ἀναγκαζόμενος

2135 2813 2418 2878 ίουδάῖζεν·
2438 2816 2553 2869 ἀλλ’
2571 2816 2688 2885 οὐχ).
2708 2817 2808 2887 τῆς
2836 2815 3084 2886 γνώμης,
3116 2814 3252 2868 ἀλλά
3282 2814 3381 2884 τῆς
3404 2812 3719 2884 οίκονομίαε

2131 2899 2193 2953 τὸ
2228 2899 2513 2970 γινόμενον
2550 2898 2637 2971 ἦν.
2688 2899 2857 2953 Πάλιν
2885 2900 2915 2952 6
2960 2899 3186 2969 Πέτρος,
3223 2902 3252 2952 6
3289 2899 3398 2951 τῶν
3444 2896 3718 2951 Ἰουδαίων

2130 2982 2471 3048 διδάσκαλος,
2510 2986 2604 3037 καὶ
2641 2983 2919 3055 πανταχοῦ
2948 2983 3246 3054 συγχωρῶν
3284 2980 3587 3053 περιτομήν
3620 2983 3717 3034 καὶ

2144 3067 2443 3131 Ἰουδαῖκάς
2493 3069 2927 3139 παρατηρήσεις,
2983 3066 3071 3120 διά
3122 3067 3219 3137 τὴν
3276 3067 3561 3120 ἀσθένειαν
3604 3065 3717 3117 τῶν

2135 3153 2423 3223 μαθητῶν,
2459 3153 2646 3223 ἐπειδὴ
2685 3152 2876 3224 καιρὸν
2918 3148 3057 3206 εῐδεν
3103 3151 3512 3206 ἀπαλλάττοντα
3552 3148 3717 3203 αὐτὸν

2130 3237 2228 3306 τῆς
2265 3237 2513 3309 ἀνάγκης
2540 3237 2765 3309 ταύτης,
2807 3237 2902 3290 καὶ
2941 3237 3043 3289 οὐκ
3072 3230 3142 3306 ἦν
3168 3235 3411 3306 ἀσφαλὲς
3440 3234 3601 3306 μέχρι
3628 3251 3719 3286 το-

2132 3320 2322 3373 σούτου
2362 3320 2663 3393 κεχρῆσθαι
2696 3323 2763 3392 τῇ
2804 3318 3232 3389 συγκαταϐἀσει,
3266 3317 3406 3373 ἀλλά
3428 3317 3717 3388 δογμάτων

2128 3398 2198 3473 ἦν
2228 3404 2418 3476 καιρὸς
2447 3407 2540 3458 καὶ
2563 3404 2762 3475 νόμων,
2787 3402 3020 3457 ἄκουσον
3047 3402 3101 3455 τί
3129 3396 3336 3472 φησιν(
3360 3399 3577 3469 Ἐπειδὴ
3605 3400 3716 3470 γὰρ

2129 3486 2404 3558 ἀνέϐησαν
2434 3486 2492 3554 ἐξ
2532 3486 2864 3558 Ἀντιοχείας
2901 3488 2951 3539 οί
2979 3487 3108 3558 περὶ
3131 3485 3343 3539 Παῦλον
3370 3485 3465 3538 καὶ
3499 3483 3716 3555 Βαρνά-

2130 3570 2251 3636 ϐαν,
2289 3571 2416 3643 περὶ
2444 3570 2648 3625 τούτων
2680 3571 2857 3624 αὐτῶν
2885 3570 3256 3642 μαθησόμενοι
3282 3569 3344 3622 τὸ
3376 3569 3564 3638 σαφὲς,
3589 3565 3719 3620 πολ·

2128 3654 2228 3725 λῆς
2261 3653 2542 3725 ζητήσεως
2570 3655 2893 3727 γενομένης,
2928 3654 3168 3718 ἀναστὰς
3191 3654 3220 3706 6
3256 3652 3460 3724 Πέτρος
3490 3651 3714 3719 ἔλεγεν·

2132 3738 2377 3806 Ἄνδρες
2417 3738 2701 3807 ἀδελφοὶ,
2741 3738 2911 3807 ὑμεῖς
2955 3738 3289 3791 ἐπίστασθε
3332 3737 3433 3805 ἀφ’
3477 3733 3716 3805 ἡμερῶν

2127 3823 2412 3892 ἀρχαίων,
2448 3824 2529 3888 ὠς
2561 3824 2631 3876 ἐν
2660 3822 2807 3891 ἡμῖν
2846 3821 3169 3886 ἐξελέξατο
3199 3825 3232 3876 ὁ
3275 3822 3422 3888 Θεὸς
3454 3819 3711 3876 ἀκοῦσαι

2128 3905 2202 3959 τὰ
2242 3906 2387 3975 ἔθνη
2434 3905 2533 3960 διὰ
2577 3905 2684 3960 τοῦ
2734 3904 3034 3974 στόματός
3068 3922 3189 3975 μου
3226 3905 3335 3958 τὸν
3382 3905 3566 3972 λόγωι·
3597 3899 3713 3956 τοῦ

2124 3988 2508 4060 Εὑαγγελίου,
2537 3988 2634 4044 καὶ
2669 3987 3006 4043 πιστεῦσαι.
3043 3985 3175 4043 Εἶτα
3200 3989 3367 4061 ἕτερά
3393 4006 3513 4043 τινα
3542 3985 3717 4040 εἰπὼν

2130 4074 2361 4146 μεταξὺ,
2386 4074 2633 4144 ἐπήγαγε
2656 4073 2850 4142 λέγων’
2886 4074 2948 4128 Τί
2968 4068 3083 4129 οὖν
3104 4072 3407 4143 πειράζετε
3424 4072 3538 4138 τὸν
3558 4070 3717 4124 Θεὸν

2127 4159 2416 4215 ἐπιθεῖναι
2450 4158 2627 4227 ζυγὸν
2652 4158 2751 4211 ἐπὶ
2777 4158 2887 4211 τὸν
2916 4157 3222 4228 τράχηλον
3258 4157 3378 4211 τῶν
3411 4154 3621 4216 ἑνθῶγ,
3644 4155 3719 4208 ὃν

2128 4245 2267 4298 οὔτε
2293 4247 2347 4298 οἱ
2372 4241 2620 4311 πατέρες
2641 4242 2833 4311 ἡμῶν,
2864 4243 3004 4297 οὔτε
3031 4241 3203 4311 ἡμεῖς
3229 4240 3573 4311 ἰσχύσαμεν
3597 4238 3717 4302 ,ϐαι

2126 4327 2372 4393 στάσαι;
2419 4326 2579 4381 ἀλλὰ
2628 4325 2724 4379 διὰ
2768 4327 3027 4392 πίστεως
3077 4324 3276 4393 Ἰησοῦ
3320 4320 3579 4391 Χριστοῦ
3615 4334 3715 4373 πι-

2127 4412 2422 4480 στεύομεν
2449 4408 2738 4476 σωθῆναι,
2765 4410 2838 4463 ὃν
2864 4409 3090 4478 τρόπον
3111 4405 3397 4461 κάκεῖνοι.
3434 4404 3598 4475 Ὀρᾷς
3629 4404 3716 4455 ὅτι

2125 4495 2290 4565 ήνίκα
2342 4495 2440 4564 μὲν
2486 4493 2678 4563 καιρὸς
2720 4490 3187 4558 συγκαταϐάσεως
3230 4485 3321 4559 ἦν,
3360 4488 3456 4541 καὶ
3497 4486 3717 4550 Παῦλος

2129 4576 2415 4641 ίουδάῖζεν·
2439 4577 2604 4649 ήνίκα
2626 4575 2683 4628 δέ
2711 4575 2833 4645 οὐχὶ
2859 4572 3325 4641 συγκαταϐάσεως
3348 4570 3542 4642 καιρὸς
3557 4569 3713 4642 [373]

2123 4656 2211 4731 ἦν,
2237 4659 2373 4713 ἀλλά
2396 4659 2746 4730 δογματίζειν
2770 4659 2878 4712 ἔδει
2903 4658 2999 4712 καὶ
3022 4658 3353 4729 νομοθετεῖν,
3382 4656 3476 4710 καὶ
3502 4655 3717 4726 Πέτρος

2125 4744 2340 4813 ἐκείνης
2381 4743 2481 4812 τῆς
2519 4742 2987 4811 συγκαταϐάσεως
3029 4740 3402 4809 ἀπαλλαγεὶς,
3438 4738 3715 4809 εἰλικρινῆ

2124 4828 2219 4881 καὶ
2263 4827 2482 4897 καθαρά
2532 4826 2604 4879 τά
2652 4826 2902 4897 δόγματα
2948 4825 3318 4896 παραδίδωσι⁹
3364 4823 3459 4878 καὶ
3503 4822 3717 4876 τούτων

2124 4911 2430 4981 λεγομένων
2473 4912 2501 4963 6
2547 4909 2762 4973 Παῦλος
2813 4910 3029 4981 παρῆν,
3075 4910 3170 4962 καὶ
3218 4909 3417 4979 ῆκουε,
3468 4908 3565 4961 καὶ
3613 4906 3715 4977 τὴν

2124 4994 2416 5067 ἐπιστολὴν
2441 4994 2605 5058 αὐτὸς
2634 4993 2950 5064 δεξάμενος,
2982 4989 3261 5062 πανταχοῦ
3281 4990 3583 5061 διεκόμισε,
3616 4991 3715 5044 καὶ

2122 5081 2224 5133 οὐκ
2252 5079 2398 5132 ἐστιν
2427 5080 2622 5143 εἰπεῖν,
2650 5078 2726 5141 ὡς
2753 5077 2940 5147 ⁴ι’,γνόει
2969 5076 3070 5147 τὴν
3099 5073 3193 5128 τοῦ
3238 5072 3540 5129 ἀποστόλου
3564 5072 3713 5141 γνώι

2127 5180 2254 5234 μην.
2301 5161 2458 5225 Τίνος
2488 5157 2579 5214 οῦν
2608 5161 2796 5214 ἕνεκεν
2830 5159 3058 5213 τοιαῦτα
3087 5158 3313 5227 ἐγκαλεῖ
3344 5157 3473 5223 νῦν,
3505 5156 3707 5226 λέγων,

2121 5249 2205 5301 ὅτι
2228 5244 2567 5316 Φοϐούμενος
2595 5245 2723 5309 τοὺς
2752 5247 2816 5298 ἐκ
2846 5242 3185 5316 περιτομῆς;

2196 5333 2256 5387 ιδ’
2262 5331 2401 5388 ,Ἵνα
2424 5331 2480 5385 δὲ
2510 5331 2604 5384 καὶ
2631 5329 2731 5401 τὴν
2763 5329 3006 5400 ἱστορίαν
3025 5328 3197 5398 αὐτὴν
3220 5325 3369 5398 ίδητε
3384 5321 3413 5363 ιι
3428 5324 3537 5379 τῶν
3553 5324 3709 5392 λεγο-

2124 5417 2325 5488 μένων,
2353 5414 2552 5487 μικρὸν
2582 5412 2790 5468 ἀνωθεν
2818 5412 2945 5483 ὑμῖν
2974 5410 3339 5481 διηγήσομαι·
3373 5406 3511 5460 ἀλλά
3537 5420 3709 5488 προσ-

2123 5487 2296 5572 έχετε,
2332 5497 2671 5570 παρακαλῶ’
2704 5495 2842 5568 πρὸς
2878 5494 2987 5566 γὰρ
3013 5494 3147 5549 αὐτὸ
3179 5493 3241 5546 τὸ
3276 5490 3438 5563 βάθος
3468 5490 3569 5557 τῆς
3614 5487 3709 5540 λύ-

2123 5602 2261 5648 σεως
2290 5583 2736 5655 κατηντήσαμεν.
2774 5580 3030 5642 Ἰάκωϐος
3057 5581 3087 5632 6
3119 5576 3345 5647 ἀδελφὸς
3370 5572 3464 5629 τοῦ
3494 5572 3710 5643 Κυρίου

2180 5690 2207 5730 b
2234 5693 2414 5754 Fronto
2439 5691 2593 5751 εἰδῆτε
2635 5687 2822 5754 legisse
2848 5689 3062 5742 videtur.
3098 5684 3357 5739 Editiones
3393 5687 3447 5733 et
3478 5680 3587 5732 cod.
3615 5677 3713 5727 ’με

2119 5758 2253 5818 ίδητε
2273 5752 2430 5805 haben
2438 5760 2473 5802 ι.
2699 5752 2711 5754 ἡ
3104 5774 3108 5778 ε
