4020 6370
335 221 431 283 381
458 218 467 225 ’

335 344 524 414 inquit,
554 336 672 399 base
689 343 958 400 sufﬁciunt
979 344 1043 399 ad
1066 344 1278 414 quosvis
1306 344 1465 398 etiam
1493 345 1647 414 plane
1665 344 1907 413 stupidas

331 435 767 503 commovendos,
794 445 851 490 ιιι
868 435 1149 489 humanam
1170 450 1289 490 esse
1306 434 1733 504 prmdicationem
1757 436 1910 490 istam

332 540 438 580 non
466 526 812 595 arbitrentur,
854 527 951 582 sed
980 528 1224 582 humante
1247 535 1450 581 naturae
1479 527 1618 581 vires
1647 525 1761 582 huic
1788 542 1907 580 om-

333 620 417 673 nia
442 618 722 686 excedere,
748 619 1018 689 Deumque
1037 634 1164 673 vere
1187 617 1492 673 mutationis
1519 614 1684 672 fuisse
1709 625 1764 673 et
1782 632 1912 672 con-

333 711 590 767 versionis
636 710 943 765 auctorem?
986 709 1266 767 Sufﬁciunt
1307 709 1397 765 illa
1424 708 1661 779 quidem,
1693 723 1728 764 o
1752 707 1907 764 beate

328 803 514 871 Paule,
542 804 587 858 si
617 803 786 874 ipsam
808 816 985 859 rerum
1014 812 1254 858 naturam
1280 804 1585 868 examines;
1617 802 1710 857 sed
1737 802 1906 858 Judaei

326 895 565 949 omnium
592 905 716 949 sunt
743 894 1056 964 iniquissimi
1079 909 1282 965 :neque
1305 908 1483 948 rerum
1509 901 1750 948 naturam
1776 908 1907 948 exa-

325 988 566 1052 minant,
596 1000 700 1041 non
739 986 881 1057 quod
914 1000 1122 1056 :equum
1162 996 1217 1041 et
1258 985 1452 1041 rationi
1489 996 1903 1042 consentaneum

323 1078 733 1133 commoddmve
772 1077 1132 1142 considerant,
1161 1076 1254 1132 sed
1286 1076 1338 1131 id
1365 1092 1525 1132 unum
1552 1086 1815 1147 spectant,
1845 1084 1903 1131 ut

322 1170 682 1225 contentionis
704 1169 1023 1225 desiderium
1048 1181 1201 1223 suum
1223 1169 1489 1237 expleant.
1515 1170 1592 1225 Ac
1610 1178 1665 1225 tu
1687 1168 1900 1240 quidem

323 1266 391 1321 ad
429 1282 608 1321 rerum
651 1264 892 1321 ordinem
925 1266 1176 1336 respicis;
1210 1265 1350 1320 Deus
1378 1275 1554 1321 autem
1582 1265 1776 1321 mentis
1803 1278 1899 1318 eo-

323 1373 440 1412 rum
481 1359 626 1413 novit
672 1372 884 1412 arcana.
920 1356 1119 1411 Idcirco
1144 1355 1272 1410 dicit
1312 1373 1326 1408 :
1369 1355 1535 1420 Vade,
1565 1356 1805 1427 quoniam
1832 1354 1901 1408 ad

320 1461 492 1521 gentes
519 1450 669 1521 longe
691 1459 739 1503 te
758 1450 970 1514 mittam,
993 1459 1052 1503 ut
1074 1449 1233 1504 etiam
1271 1447 1449 1503 odium
1485 1447 1732 1503 distantia
1759 1443 1899 1503 mitis

353 1550 493 1595 etur.

353 1558 493 1595 etur.

319 1558 351 1611 Β
388 1631 493 1687 Cur
508 1644 607 1686 non
634 1631 862 1703 prteﬁgat
882 1643 1060 1685 nomen
1080 1646 1229 1684 suum
1251 1629 1445 1685 Paulus
1464 1630 1686 1700 epistola:
1698 1631 1767 1685 ad
1788 1630 1893 1685 Ile-

315 1724 494 1779 brtzos.
515 1754 588 1763 —
612 1724 900 1793 Propterea
927 1738 1047 1778 cum
1074 1722 1139 1777 ad
1165 1723 1297 1777 alios
1316 1722 1528 1792 quidem
1552 1738 1740 1778 omnes
1764 1724 1896 1778 scri-

315 1816 413 1882 bit,
440 1831 632 1871 nomen
673 1831 826 1869 suum
873 1814 1215 1884 epistolarum
1256 1814 1475 1869 exordio
1504 1814 1728 1884 przeligit
1767 1831 1783 1867 :
1827 1814 1894 1870 ad

315 1906 569 1962 Hebraeos
610 1914 788 1961 autem
831 1904 1289 1972 mittensliteras,
1330 1904 1461 1960 nihil
1490 1905 1598 1961 tale
1622 1903 1771 1972 fecit,
1799 1905 1893 1961 sed

313 2000 644 2071 simpliciter,
693 2015 797 2055 non
825 2000 1128 2071 eXprimens
1174 2000 1294 2070 quis
1338 2006 1503 2067 esset,
1531 1999 1615 2055 vel
1645 1998 1712 2054 ad
1759 2014 1893 2069 quos

312 2094 601 2159 seriberet,
653 2101 710 2147 ut
738 2108 854 2147 mos
906 2091 1043 2147 illius
1087 2101 1236 2158 erat,
1286 2091 1357 2146 ita
1403 2090 1615 2147 demum
1646 2091 1890 2161 incepit:

312 2186 652 2258 Hultifariam
675 2187 940 2256 multisque
967 2185 1128 2239 modis
1155 2185 1274 2239 olim
1302 2183 1443 2239 Deus
1482 2187 1689 2256 loquens
1731 2185 1891 2254 patri-

307 2278 399 2332 bus
428 2278 611 2332 nostris
642 2277 661 2350 (
692 2276 845 2331 Hebr.
876 2277 925 2331 1.
959 2275 1046 2350 1).
1079 2275 1146 2330 Et
1168 2291 1294 2331 vero
1319 2276 1464 2332 Pauli
1490 2276 1764 2346 sapientiae
1789 2276 1889 2331 hoc

308 2367 424 2423 fuit.
458 2368 536 2424 Ne
561 2368 700 2423 enim
729 2368 780 2422 in
802 2369 1129 2423 consortium
1146 2367 1253 2423 odii
1276 2368 1444 2423 literte
1469 2367 1729 2433 venirent,
1756 2376 1890 2422 tam-'-

304 2469 465 2531 quam
497 2460 640 2515 larva
674 2459 901 2528 quadam
922 2502 937 2527 ,
966 2460 1197 2515 nominis
1237 2460 1616 2529 suppressione
1651 2459 1885 2529 seipsum

304 2553 579 2608 occultans
597 2594 612 2617 ,
644 2553 714 2607 ita
742 2553 881 2608 clam
904 2551 1287 2607 cohortationis
1314 2551 1444 2621 ipsis
1467 2550 1685 2607 adhibet
1713 2550 1883 2606 medi-

302 2647 499 2701 cinam.
517 2646 648 2701 Cum
668 2645 809 2699 enim
830 2644 953 2699 odio
973 2645 1342 2714 prosequimur
1357 2644 1677 2715 quempiam,
1700 2657 1885 2713 quam-

303 2726 387 2792 vis
409 2737 609 2807 aliquid
634 2746 838 2792 rectum
866 2736 1041 2802 dicat,
1082 2752 1187 2793 non
1218 2751 1481 2806 propenso
1508 2736 1686 2791 animo
1711 2750 1883 2806 neque

299 2840 421 2884 cum
446 2829 715 2899 voluptate
743 2843 862 2898 qtae
888 2827 957 2882 ab
994 2842 1060 2883 eo
1094 2826 1341 2882 dicuntur
1373 2826 1667 2896 excipimus
1694 2843 1708 2879 :
1740 2825 1881 2896 quod

298 2921 472 2989 ipsum
501 2933 569 2974 ne
598 2929 706 2973 tum
731 2933 943 2988 quoque
969 2917 1257 2983 accideret,
1288 2932 1443 2972 suum
1465 2931 1656 2974 nomen
1677 2933 1744 2973 ex
1769 2917 1883 2986 epi-

295 3013 434 3067 stola
459 3013 688 3078 sustulit,
722 3022 777 3068 ut
804 3013 1008 3067 nullum
1033 3011 1275 3082 epistolae
1300 3011 1622 3081 objiceretur
1649 3012 1877 3083 impedi-

296 3117 561 3174 mentum,
583 3122 689 3178 quo
714 3107 890 3161 minus
915 3116 1095 3176 posset
1115 3104 1305 3160 audiri.
1332 3104 1515 3175 Neque
1536 3104 1679 3160 enim
1707 3103 1876 3160 Judaei

296 3209 500 3255 tantum
526 3199 616 3269 qui
639 3208 791 3255 erant
811 3198 1087 3264 increduli,
1111 3197 1206 3253 sed
1231 3205 1285 3253 et
1310 3197 1385 3252 illi
1401 3197 1491 3267 qui
1516 3196 1872 3264 crediderant,

292 3291 518 3346 oderant
540 3305 662 3345 eum
682 3332 697 3357 ,
728 3300 784 3345 et
808 3289 1209 3345 aversabantur.
1240 3286 1372 3344 Cum
1415 3288 1577 3359 igitur
1599 3288 1874 3344 ascendis-

291 3393 375 3437 set
403 3383 807 3454 ierosolymam,
833 3382 954 3437 audi
983 3381 1106 3451 quid
1135 3381 1207 3436 illi
1246 3380 1477 3435 Iacobus
1505 3380 1677 3446 dicat,
1703 3390 1759 3436 et
1785 3380 1873 3436 alii

290 3487 498 3528 omnes.
530 3472 701 3540 Vides,
745 3476 921 3545 frater,
948 3484 1065 3544 quot
1103 3472 1265 3527 millia
1300 3482 1417 3527 sunt
1440 3471 1757 3540 Judworum,
1789 3474 1873 3542 qui

291 3574 646 3631 conuenerunt,
686 3575 734 3620 et
761 3566 813 3619 hi
840 3581 1009 3619 omnes
1047 3566 1364 3619 aemulatores
1387 3575 1504 3618 sunt
1529 3566 1671 3636 legis,
1703 3576 1750 3619 et
1781 3581 1872 3618 aue

291 3655 492 3709 dierunt
511 3656 575 3710 de
599 3664 667 3722 te,
696 3640 816 3725 quia
835 3656 1190 3709 discessionem
1216 3654 1398 3708 doceas
1417 3671 1450 3708 a
1480 3655 1588 3725 lege
1612 3655 1747 3727 (Act.
1776 3657 1867 3709 21.

287 3745 377 3801 9.0.
405 3746 519 3817 2i).
548 3746 751 3802 Idcirco
780 3747 924 3801 illum
947 3745 1170 3802 oderant
1193 3755 1246 3801 et
1269 3746 1669 3801 aversabantur.

359 3840 449 3895 l2.
490 3840 615 3895 llazc
640 3841 797 3911 igitur
834 3855 992 3895 causa
1022 3848 1103 3894 est
1136 3848 1353 3910 propter
1376 3855 1534 3910 quam
1564 3855 1670 3896 non
1699 3838 1868 3895 Judaei

286 3932 410 3988 lidei
439 3934 554 4002 ejus
592 3934 781 3989 crediti
805 3943 949 3999 sunt,
980 3933 1072 3988 sed
1098 3934 1342 4003 gentiles,
1369 3932 1503 3988 Cum
1529 3948 1659 3989 vero
1681 3932 1866 3988 crediti

286 4024 513 4079 fuissent
541 4025 675 4094 ipsi,
708 4040 812 4079 non
837 4026 946 4095 jam
976 4025 1089 4096 pari
1118 4024 1322 4079 ratione
1346 4039 1409 4079 ac
1438 4023 1628 4080 Petrus
1650 4067 1666 4090 ,
1698 4040 1869 4096 neque

284 4115 473 4169 eadem
502 4117 583 4169 via
604 4115 898 4171 deducebat
921 4117 1042 4170 illos
1066 4116 1132 4170 ad
1157 4116 1333 4181 ﬁdem,
1352 4116 1445 4171 sed
1467 4117 1589 4172 alia.
1610 4116 1744 4171 Cum
1774 4133 1871 4173 att-

287 4216 395 4261 tem
421 4206 580 4260 aliam
622 4206 774 4261 audis
794 4249 808 4272 ,
838 4220 905 4261 ne
929 4207 1215 4262 discrimen
1246 4207 1298 4261 in
1328 4207 1706 4277 praedicatione
1746 4223 1868 4263 esse

282 4297 581 4353 arbitreris.
604 4295 804 4353 Eadem
826 4298 1019 4368 quippe
1040 4308 1260 4370 uterque
1282 4298 1481 4354 Judaais
1509 4308 1563 4354 et
1580 4299 1869 4368 gentilibus

281 4387 609 4458 prtedicabat
654 4406 669 4443 :
712 4389 943 4459 exempli
974 4404 1170 4456 causa,
1205 4390 1370 4444 Deum
1409 4404 1529 4445 esse
1555 4388 1826 4445 Christum
1847 4429 1862 4456 ,

281 4481 591 4536 cruciﬁxum
619 4480 783 4536 fuisse
801 4495 864 4537 ac
890 4482 1176 4553 sepultum,
1222 4492 1278 4537 et
1304 4482 1680 4547 resurrexisse,
1706 4491 1867 4554 atque

281 4573 338 4628 in
367 4573 587 4630 dextera
613 4573 790 4629 Patris
816 4573 1007 4631 sedere
1026 4616 1040 4640 ,
1072 4584 1184 4630 tum
1217 4574 1576 4646 iudicaturum
1615 4575 1765 4631 vivos
1811 4584 1866 4631 et

281 4675 523 4722 mortuos
542 4709 558 4734 ,
576 4700 579 4704 -
599 4676 654 4722 et
680 4683 1029 4739 quaecumque
1075 4669 1199 4723 talia
1229 4669 1428 4738 pariter
1455 4668 1649 4723 Paulus
1679 4678 1733 4723 et
1761 4668 1863 4723 Pe-

282 4767 396 4813 trus
422 4758 801 4830 prtedicabant.
826 4759 882 4815 In
907 4777 1014 4832 quo
1039 4761 1195 4832 igitur
1220 4761 1504 4817 discrimen
1531 4762 1668 4817 fuit?
1690 4762 1744 4817 ln
1769 4763 1868 4817 ob-

282 4852 586 4908 servatione
607 4853 845 4909 ciborum
864 4895 879 4920 ,
908 4855 961 4909 in
1003 4855 1427 4921 circumcisione,
1457 4858 1510 4910 in
1539 4856 1658 4910 aliis
1683 4854 1866 4911 Iudai-

281 4943 360 4998 cis
381 4944 589 5000 ritibus.
616 4944 747 5001 Nam
789 4946 976 5002 Petrus
1012 4948 1225 5018 quidem
1255 4947 1528 5018 discipulis
1553 4948 1666 5002 suis
1691 4947 1865 5018 palam

282 5045 338 5089 et
357 5048 541 5107 aperte
564 5037 744 5093 dicere
769 5053 872 5093 non
896 5039 1125 5095 audebat
1151 5040 1220 5094 ab
1246 5040 1329 5094 his
1356 5039 1567 5109 penitus
1596 5039 1868 5095 abstinen-

283 5127 409 5183 dum
439 5144 578 5185 esse.
612 5128 880 5186 Metuebat
902 5132 1046 5187 enim
1078 5148 1145 5187 ne
1170 5131 1327 5200 forte,
1357 5133 1400 5187 si
1428 5132 1865 5187 consuetudinem

283 5221 441 5277 istam
480 5231 605 5278 ante
637 5232 845 5295 tempus
885 5224 1041 5280 vellet
1071 5224 1340 5289 evellere,
1372 5224 1528 5280 simul
1557 5224 1715 5280 etiam
1746 5238 1866 5279 cum

284 5310 388 5367 illis
403 5312 598 5369 Christi
621 5311 778 5369 ﬁdem
803 5313 1073 5380 evelleret,
1092 5328 1211 5371 cum
1234 5314 1469 5369 nondum
1488 5328 1643 5370 mens
1658 5312 1871 5369 Judteo-

284 5417 403 5457 rum
424 5402 495 5458 ob
508 5402 811 5459 diuturnam
831 5405 1171 5476 anticipatam
1193 5405 1498 5475 opinionem
1524 5404 1667 5460 circa
1692 5404 1866 5476 legem

283 5495 400 5552 haec
419 5497 580 5553 verba
610 5506 793 5569 posset
819 5498 1024 5555 audire.
1054 5498 1341 5569 Propterea
1371 5498 1581 5554 sinebat
1615 5510 1710 5553 eos
1747 5497 1874 5553 bea—

282 5596 369 5641 tus
396 5586 585 5644 Petrus
603 5586 895 5661 judaizare.
923 5591 988 5645 Et
1004 5588 1453 5661 quemadmodum
1480 5590 1715 5661 optimus
1732 5590 1871 5659 agri-

280 5676 399 5735 cola
427 5692 547 5738 cum
587 5680 738 5752 juxta
785 5691 1020 5740 veterem
1064 5681 1311 5739 arborem
1342 5689 1576 5739 teneram
1627 5683 1861 5752 plantam

1417 217 1489 277 IN
1528 213 1753 291 lLLUD,
1794 221 1860 283 ΙΝ
1904 223 2153 288 FACIEM
2195 228 2260 289 El
2310 227 2602 294 RESTITI.

3498 247 3604 305 2‘2

2030 347 2348 416 conseverit,
2376 363 2483 404 non
2507 350 2666 406 audet
2688 363 2921 410 veterem
2942 356 3169 414 evellere
3192 359 3459 430 arborem,
3485 378 3602 419 tne-

2022 444 2176 491 tuens
2218 452 2319 503 ne,
2360 440 2627 496 radicibus
2656 443 2758 499 illis
2790 446 2986 501 avulsis
3009 488 3025 513 ,
3054 464 3188 504 nova
3219 451 3398 520 planta
3440 453 3599 509 simul

2016 529 2298 595 avellatur,
2324 530 2419 585 sed
2442 544 2716 604 exspectat
2738 538 2882 606 prius
2911 539 3053 595 illam
3079 552 3225 597 recte
3251 544 3430 614 deligi,
3463 554 3517 601 et
3546 548 3599 601 in

2018 628 2177 673 terra:
2224 620 2516 677 visceribus
2555 623 2762 681 radices
2785 642 2943 697 agere
2961 662 2978 695 ,
3008 637 3119 685 tum
3146 631 3339 688 deinde
3364 642 3599 691 veterem

2015 711 2349 767 conﬁdenter
2366 715 2564 781 evellit,
2592 720 2889 788 nequejam
2914 721 2983 777 de
3005 723 3180 793 planta
3208 727 3419 782 novella
3444 732 3598 799 quid-

2015 820 2173 874 quam
2203 805 2354 860 timet
2390 822 2403 858 :
2436 807 2516 864 sic
2544 809 2793 865 nimirum
2826 822 2881 868 et
2914 815 3103 872 beatus
3136 817 3324 875 Petrus
3357 824 3543 891 agebat
3577 841 3592 877 :

2012 903 2200 947 recens
2226 895 2509 963 plantatam
2527 898 2684 955 ﬁdem
2708 911 2850 959 recte
2868 903 3025 977 deﬁgi
3048 908 3100 963 in
3119 910 3417 966 auditorum
3439 929 3600 969 men-'-

2012 981 2154 1038 tibus
2179 985 2419 1056 sinebat,
2450 998 2508 1045 ut
2529 1005 2651 1047 cum
2679 993 2813 1049 altas
2848 996 3051 1053 radices
3078 1001 3296 1070 egisset,
3322 1006 3593 1063 conliden-

2014 1080 2095 1127 ter
2132 1075 2325 1165 deinde
2351 1079 2625 1137 Iudaicam
2660 1097 2874 1141 omnem
2902 1090 3241 1161 anticipatam
3285 1095 3591 1165 opinionem

2010 1164 2347 1234 exstirparet.
2393 1169 2498 1226 Sed
2522 1186 2629 1228 non
2660 1174 2730 1228 ita
2760 1174 2976 1246 Paulus,
3027 1181 3117 1250 qui
3157 1185 3302 1239 omni
3324 1164 3592 1256 ejusmodi

2008 1257 2324 1347 necessitate
2348 1259 2604 1317 liberatus
2626 1274 2761 1333 erat,
2792 1266 2917 1323 dum
2947 1272 3229 1340 gentilibus
3255 1277 3588 1347 praedicaret,

2007 1344 2095 1413 qui
2125 1345 2255 1417 legis
2281 1349 2509 1406 necdum
2535 1355 2825 1425 participes
2856 1358 2977 1415 facti
3015 1373 3188 1429 erant,
3222 1380 3393 1436 neque
3409 1344 3590 1425 Judai;

2005 1450 2098 1491 cas
2143 1439 2544 1499 observationes
2584 1446 2915 1504 audiverant.
2966 1452 3082 1508 Non
3123 1457 3264 1511 enim
3308 1460 3430 1515 illos
3474 1461 3589 1519 lucc

2005 1529 2197 1624 egisse,
2226 1534 2364 1603 quod
2393 1535 2494 1590 sibi
2536 1537 2757 1594 invicem
2797 1552 2980 1598 essent
3007 1550 3295 1616 contrarii,
3324 1552 3419 1607 sed
3446 1556 3587 1624 quod

2004 1621 2384 1693 discipulorum
2430 1628 2779 1688 imbecillitati
2819 1649 2880 1690 se
2931 1646 3367 1710 attemperarent,
3412 1621 3477 1701 ex
3521 1663 3589 1702 eo

2003 1714 2255 1785 colligere
2284 1717 2428 1786 licet,
2452 1721 2593 1792 quod
2615 1722 2836 1779 Paulum
2859 1727 2955 1782 ista
2978 1745 3082 1784 non
3108 1733 3263 1788 aliter
3278 1749 3342 1789 ac
3369 1735 3585 1794 Petrum

2001 1807 2309 1873 permittere
2334 1811 2637 1882 videamus,
2672 1831 2845 1889 neque
2875 1822 3182 1888 permittere
3209 1833 3410 1883 tantum
3431 1870 3446 1893 ,
3488 1832 3583 1885 sed

2000 1895 2160 1952 etiam
2187 1899 2356 1971 ipsum
2378 1906 2672 1975 cooperari,
2697 1921 2761 1963 ac
2784 1908 3000 1966 Petrum
3028 1930 3211 1971 rursus
3236 1918 3477 1975 eamdem
3511 1922 3581 1977 li-

2001 1988 2258 2084 bertatem
2304 1997 2548 2063 sancire,
2597 2016 2754 2069 quam
2806 2001 3000 2060 Paulus
3047 2009 3293 2067 omnibus
3338 2016 3583 2084 gentibus

1999 2081 2341 2177 praedicabat;
2370 2084 2475 2142 Sed
2514 2089 2601 2145 ubi
2631 2091 2873 2157 tandem.
2902 2096 3104 2167 inquit,
3133 2099 3271 2156 istud
3297 2081 3583 2177 utrumque

1996 2171 2122 2269 licet
2148 2174 2371 2232 videre?
2402 2178 2456 2233 In
2488 2180 2616 2250 ipsis
2641 2181 3010 2257 Jerosolymis.
3043 2190 3139 2246 Hic
3172 2193 3316 2249 enim
3345 2204 3401 2251 et
3423 2171 3583 2269 caput

2000 2264 2151 2362 rasit,
2184 2277 2239 2362 et
2264 2270 2599 2337 sacriﬁcavit,
2628 2284 2682 2330 et
2706 2279 3176 2339 sanctiﬁcationem
3201 2288 3421 2356 perfecit
3447 2264 3578 2362 gen-

1997 2355 2126 2453 tium
2164 2358 2369 2453 doctor.
2404 2362 2514 2419 Hoc
2537 2365 2788 2424 nimirum
2820 2379 3027 2443 tempus
3057 2355 3322 2447 exigebat,
3354 2389 3409 2436 et
3435 2355 3576 2453 quod

2170 2452 2421 2545 adessent
2446 2456 2637 2513 Judzei.
2674 2458 2826 2517 Vides
2838 2464 3010 2531 enim,
3032 2466 3221 2537 inquit,
3245 2474 3424 2541 frater,
3451 2450 3577 2545 quot

1992 2542 2154 2595 millia
2173 2552 2290 2598 sunt
2316 2544 2614 2601 Iudaeorum
2641 2550 2731 2618 qui
2755 2565 3118 2624 convenerunt,
3140 2568 3187 2612 et
3214 2542 3485 2618 audierunt
3514 2566 3578 2619 de

1992 2634 2209 2726 te,
2242 2636 2794 2699 discessionemdoceas
2813 2662 2847 2699 α
2865 2644 3121 2718 lege(Act.
3143 2646 3234 2704 21.
3263 2650 3356 2708 ‘20.
3384 2653 3498 2726 21).

2064 2725 2153 2817 15.
2193 2724 2287 2781 Ille
2330 2727 2508 2799 itaque
2532 2744 2651 2785 cum
2691 2734 3121 2793 condescendere
3157 2724 3461 2812 cogeretur,
3483 2746 3573 2817 jn-

1988 2812 2231 2871 daizabat
2268 2835 2281 2870 :
2327 2819 2420 2874 sed
2465 2836 2569 2875 non
2594 2821 2704 2890 jam
2744 2839 2809 2878 ex
2839 2827 2998 2881 animi
3029 2829 3109 2883 sui
3138 2834 3435 2903 sententia,

1988 2906 2277 2963 secundum
2318 2909 2766 2980 dispensationem
2816 2916 2867 2971 id
2911 2919 3119 2989 agebat.
3147 2921 3338 2981 Petrus
3384 2943 3572 2986 rursus

1986 2999 2291 3059 Judzeorum
2322 3005 2527 3074 doctor,
2572 3018 2628 3065 et
2662 3011 2754 3082 qui
2783 3012 3244 3075 circumcisionetn
3285 3023 3480 3094 ubique
3507 3042 3571 3083 ac

1985 3094 2231 3189 dudaicas
2255 3098 2654 3159 observationes
2693 3105 3065 3178 permittebat,
3091 3122 3310 3184 propter
3334 3114 3572 3189 discipu-

1984 3187 2157 3245 lorum
2182 3190 2540 3249 inﬁrmitatem
2566 3234 2582 3261 ,
2612 3198 2863 3267 quoniam
2911 3209 3120 3272 tempus
3159 3206 3373 3264 videbat
3396 3223 3457 3265 se
3475 3187 3570 3268 Vab

1984 3281 2085 3337 hac
2107 3285 2424 3341 necessitate
2452 3286 2728 3356 liberasse,
2777 3306 2952 3362 neque
2993 3301 3165 3351 tutum
3206 3308 3323 3354 erat
3365 3302 3566 3358 tamdiu

1983 3375 2057 3430 illi
2088 3376 2530 3435 condescensioni
2554 3381 2863 3454 indulgere,
2895 3386 2992 3440 sed
3020 3385 3328 3458 dogmatnm
3361 3401 3568 3465 tempus

1981 3476 2097 3521 erat
2115 3475 2169 3521 et
2183 3468 2356 3539 legum
2389 3470 2546 3526 :audi
2572 3472 2698 3543 quid
2716 3474 2929 3536 dixerit.
2955 3476 3085 3533 Nam
3110 3482 3360 3550 quoniam
3381 3498 3569 3541 ascen-

1981 3559 2172 3615 derant
2198 3576 2264 3615 ex
2292 3562 2576 3619 Antiochia
2606 3565 2801 3622 Paulus
2820 3576 2875 3622 et
2899 3568 3187 3637 Barnabas,
3222 3584 3280 3628 ut
3303 3576 3429 3646 quid
3451 3593 3567 3634 cer-

1983 3659 2092 3707 tum
2122 3662 2265 3709 esset
2292 3653 2593 3711 ediscerent
2619 3674 2634 3710 :
2666 3673 2788 3714 cum
2817 3662 2978 3715 multa
3005 3674 3151 3719 esset
3175 3675 3294 3723 orta
3318 3673 3567 3740 quaestio,

1980 3760 2202 3815 surgens
2244 3746 2434 3803 Petrus
2457 3748 2592 3804 dixit
2619 3766 2632 3802 :
2675 3750 2785 3806 Viri
2811 3757 3015 3823 fratres,
3046 3772 3133 3810 vos
3150 3758 3309 3827 scitis,
3331 3764 3571 3830 quoniam

1980 3839 2045 3887 ab
2087 3838 2307 3909 antiquis
2340 3839 2517 3895 diebus
2548 3839 2686 3896 Deus
2714 3843 2768 3897 in
2813 3846 2957 3900 nobis
2984 3847 3152 3919 elegit,
3184 3867 3273 3918 per
3303 3868 3358 3906 os
3403 3870 3570 3908 meum

1977 3928 2159 3982 audire
2181 3938 2354 3999 gentes
2382 3930 2584 3985 verbum
2609 3935 2876 4004 evangelii,
2904 3946 2950 3989 et
2971 3938 3172 3992 credere
3202 3940 3341 4011 (Act.
3371 3942 3459 3997 15.
3488 3944 3566 4014 7).

1981 4016 2182 4073 Deinde
2201 4034 2323 4074 cum
2357 4021 2460 4076 alia
2501 4022 2777 4092 interiecta
2817 4026 3059 4096 dixisset,
3106 4029 3349 4099 adjunxit
3381 4050 3395 4087 :
3431 4033 3567 4100 Quid

1980 4126 2097 4180 ergo
2120 4113 2320 4166 tentatis
2340 4111 2504 4167 Deum
2523 4115 2782 4184 imponere
2799 4118 2985 4189 jugum
3008 4137 3159 4190 super
3199 4123 3413 4179 cervices
3444 4143 3567 4197 gen-

1977 4204 2123 4269 tium,
2146 4206 2282 4276 quod
2305 4222 2465 4274 neque
2485 4218 2652 4276 patres
2678 4211 2857 4274 nostri,
2886 4228 3042 4280 neque
3063 4230 3154 4267 nos
3182 4226 3384 4284 portare
3398 4220 3566 4289 potui-

1980 4296 2138 4350 mus?
2182 4297 2273 4351 sed
2328 4313 2418 4367 per
2458 4298 2611 4366 fidem
2654 4299 2779 4355 Jesu
2827 4300 3013 4356 Christi
3058 4307 3307 4363 credimus
3355 4309 3562 4379 salvari,

1977 4389 2400 4456 quemadmodum
2435 4400 2481 4443 et
2509 4390 2587 4443 illi
2616 4389 2724 4460 (Ib.
2759 4409 2807 4445 υ.
2842 4392 2931 4449 10.
2978 4395 3089 4464 11).
3118 4396 3276 4452 Vides
3306 4406 3415 4455 tum
3442 4401 3565 4471 qui-

1977 4480 2100 4536 dem
2124 4496 2246 4537 cum
2275 4491 2483 4553 tempus
2511 4493 2653 4539 esset
2680 4484 3042 4557 indulgentiae,
3073 4497 3128 4543 et
3152 4491 3374 4545 Paulum
3388 4492 3563 4562 judai-

1978 4587 2128 4629 zasse
2146 4614 2161 4640 ,
2192 4588 2316 4629 cum
2344 4590 2472 4630 vero
2500 4584 2709 4647 tempus
2750 4579 3219 4637 condescensionis
3248 4598 3353 4639 non
3384 4596 3525 4641 esset
3544 4627 3560 4652 ,

1978 4680 2161 4721 verum
2192 4665 2435 4737 dogmata
2466 4668 2761 4738 Spargenda
2792 4680 2992 4738 essent,
3020 4681 3075 4727 et
3098 4672 3383 4729 sancienda
3404 4689 3561 4734 man-

1986 4754 2131 4822 data,
2160 4754 2382 4809 Petrum
2409 4755 2479 4811 ab
2512 4756 2605 4812 illa
2635 4756 3104 4813 condescensione
3132 4759 3425 4816 liberatum
3450 4762 3566 4818 sin-

1983 4859 2111 4898 cera
2146 4858 2392 4914 puraque
2437 4844 2690 4918 dogmata
2722 4845 3032 4903 tradidisse.
3066 4849 3244 4919 Atque
3286 4851 3402 4907 haec
3436 4867 3561 4907 cum

1983 4934 2320 5002 dicerentur,
2352 4935 2553 4992 Paulus
2588 4939 2881 5002 intererat,
2925 4948 2982 4997 et
3011 4940 3284 5004 audiebat,
3321 4950 3377 4999 et
3404 4958 3582 5005 acce-.

1981 5030 2129 5093 ptam
2180 5024 2468 5094 epistolam
2517 5027 2715 5098 quovis
2756 5030 2998 5099 gentium
3046 5030 3345 5098 deferebat,
3379 5049 3560 5106 neque

1976 5113 2083 5170 dici
2116 5124 2295 5187 potest
2322 5131 2446 5172 eum
2470 5120 2703 5189 apostoli
2724 5131 2958 5177 mentem
2987 5123 3291 5192 ignorasse.
3321 5124 3435 5182 Cur
3464 5128 3567 5197 igi-

1979 5209 2071 5257 tur
2118 5218 2265 5259 nuue
2306 5219 2431 5261 eum
2475 5208 3097 5278 reprehendit,'dicens
3137 5228 3262 5268 eum
3312 5216 3563 5273 timuisse

1976 5293 2101 5349 illos
2134 5294 2229 5365 qui
2257 5311 2323 5350 ex
2358 5296 2780 5356 circumcisione
2802 5308 2959 5356 erant
2986 5298 3133 5372 (Gal.
3163 5302 3219 5357 2.
3254 5303 3383 5376 l2)?

2042 5383 2132 5438 M.
2164 5384 2463 5442 Historiam
2482 5390 2642 5458 paulo
2666 5391 2831 5446 altius
2860 5396 3064 5460 repetit.
3094 5392 3372 5452 Gentiliter
3392 5398 3559 5453 vivere

1979 5490 2104 5562 quid
2128 5490 2214 5545 sit.
2240 5518 2314 5532 -
2341 5487 2412 5545 Ut
2434 5498 2611 5545 autem
2657 5503 2844 5545 eorum
2871 5504 2993 5561 quae
3015 5488 3263 5545 dicuntur
3290 5489 3566 5549 historiam

1982 5580 2336 5653 cognoscatis,
2359 5580 2520 5651 paulo
2548 5580 2707 5635 altius
2746 5580 2888 5636 illam
2915 5595 3139 5637 exorsus
3165 5583 3429 5649 narrabo;
3471 5585 3564 5641 sed

1985 5674 2241 5733 attendite
2262 5716 2277 5744 ,
2313 5687 2495 5745 quaeso
2528 5690 2540 5725 :
2585 5676 2694 5745 jam
2722 5673 2863 5730 enim
2907 5673 2973 5729 ad
3002 5673 3363 5746 penitissimas
3394 5686 3567 5749 partes
