4020 6370
372 291 512 361 sese

367 419 710 489 pervenimus
754 414 1081 486 quaestionis.
1129 412 1359 466 Jacobus
1399 409 1561 464 frater
1593 406 1798 462 Domini
1837 413 1948 458 tum

371 512 521 566 initio
545 510 805 565 Ecclesiae
834 507 1293 576 Jerosolymitanze
1318 513 1433 558 erat
1457 503 1757 570 episcopus,
1785 509 1836 552 et
1860 498 1955 552 Ju-

371 603 500 657 da:is
522 611 749 672 praeerat
770 601 1014 654 omnibtts
1039 598 1126 668 qui
1148 596 1506 650 crediderant.
1529 591 1733 647 Accidit
1755 601 1954 660 autem,

369 704 427 747 ut
453 702 632 746 essent
663 690 958 748 Antiochiae
985 704 1197 759 quoque
1223 687 1391 742 Judaei
1415 729 1430 752 ,
1475 685 1566 756 qui
1594 701 1716 739 cum
1745 683 1955 739 Christo

368 785 741 851 credidissent,
768 799 833 837 eo
862 782 1005 851 quod
1028 780 1209 852 procul
1238 781 1485 833 abessent
1511 777 1578 830 ab
1599 775 1951 846 Jerosolyma,

371 875 715 945 viderentque
743 875 938 929 multos
963 873 1052 944 qui
1079 871 1419 927 crediderant
1456 884 1524 922 ex
1554 867 1798 937 gentibus
1825 879 1955 918 eon-

370 967 598 1021 lidenter
644 977 698 1020 et
736 965 935 1035 absque
982 963 1219 1018 Judaicis
1261 960 1722 1016 observationibus
1747 957 1951 1020 vivere,

366 1057 566 1112 sensim
597 1071 659 1111 ac
691 1055 944 1126 paulatim
985 1054 1381 1117 inducerentur,
1424 1060 1534 1104 uta
1563 1048 1780 1103 Judaica
1821 1061 1954 1100 con-

361 1147 648 1204 suetudine
672 1148 1018 1211 abstinerent,
1052 1157 1105 1200 et
1133 1161 1314 1215 puram
1343 1145 1663 1212 minimeque
1688 1141 1956 1195 adultera-

363 1250 468 1294 tam
503 1239 625 1295 (idei
653 1240 949 1294 doctrinam
980 1240 1290 1292 retinerent.
1333 1236 1465 1290 Cum
1496 1249 1624 1303 ergo
1649 1232 1956 1287 descendis-

361 1342 444 1386 set
477 1331 688 1396 Petrus,
718 1343 770 1386 et
801 1330 998 1384 nullam
1032 1343 1152 1384 esse
1173 1325 1638 1382 condescensionis
1667 1325 1955 1378 necessita-

362 1433 471 1478 tem
512 1422 755 1485 videret,
796 1421 1066 1490 gentiliter
1092 1419 1344 1483 deinceps
1373 1417 1601 1470 vivebat.
1640 1415 1750 1468 iioc
1776 1423 1951 1468 autem

364 1513 601 1584 appellat
623 1512 895 1582 gentiliter
928 1513 1108 1565 vivere
1136 1509 1360 1572 Paulus,
1406 1507 1604 1576 absque
1632 1506 1846 1560 Judaica
1875 1506 1953 1558 vi—

364 1621 491 1662 vere
511 1606 917 1670 observatione,
942 1605 1069 1658 nihil
1093 1619 1154 1658 ex
1177 1604 1281 1658 illis
1300 1603 1433 1673 legis
1451 1601 1639 1656 ritibus
1659 1600 1949 1666 custodire,

364 1701 591 1769 exempli
617 1713 775 1753 causa
797 1739 812 1764 ,
835 1697 1293 1753 circumcisionem
1315 1737 1328 1761 ,
1356 1695 1631 1750 sabbatum
1653 1737 1668 1760 ,
1691 1695 1774 1749 vel
1795 1695 1950 1764 quid-

368 1792 506 1860 piam
547 1791 830 1860 i-jusmodi.
873 1787 1006 1844 Cum
1050 1789 1210 1858 igitur
1255 1788 1442 1843 Petrus
1490 1788 1558 1840 ita
1608 1787 1829 1853 viveret,
1859 1787 1952 1840 de-

363 1881 684 1938 scenderunt
709 1881 921 1951 quidam
947 1897 975 1934 a
1003 1880 1202 1935 Jacobo
1231 1879 1422 1944 Judzei,
1455 1879 1554 1933 hoc
1583 1888 1665 1934 est
1691 1893 1758 1933 ex
1792 1877 1949 1933 Jeru-

363 1971 588 2042 solyma,
617 1972 726 2041 qui,
761 1971 899 2042 quod
923 1972 973 2024 in
997 1970 1276 2039 metropoli
1298 1983 1510 2037 semper
1529 1969 1722 2024 versati
1747 1978 1948 2035 essent,

367 2077 538 2130 neque
565 2076 883 2130 quemquam
909 2061 1167 2116 vidissent
1195 2060 1264 2113 ita
1295 2061 1582 2123 viventem,
1606 2059 1780 2114 adhuc
1807 2060 1950 2113 auti-

365 2151 590 2220 cipatam
614 2152 758 2205 illam
775 2151 1048 2206 .ludaieam
1071 2150 1374 2218 opinionem
1395 2149 1709 2214 retinebant,
1733 2149 1951 2203 multas-

367 2260 470 2314 que
487 2259 551 2299 ex
574 2242 1038 2298 observationibus
1059 2241 1162 2295 illis
1181 2256 1361 2296 secum
1384 2241 1679 2296 trahebant.
1703 2241 1812 2295 llos
1828 2257 1947 2295 cum

366 2335 585 2392 vidisset
610 2335 798 2390 Petrus
816 2377 829 2400 ,
857 2333 946 2404 qui
995 2349 1025 2388 a
1069 2333 1268 2389 Jacobo
1294 2342 1348 2388 et
1374 2333 1702 2404 Jerosolyma
1729 2333 1951 2388 descen-

359 2431 569 2496 derant,
599 2430 688 2498 qui
717 2428 893 2483 adhue
927 2427 1124 2482 infirmi
1151 2437 1322 2492 erant,
1355 2429 1674 2495 timeretque
1698 2441 1765 2481 ne
1792 2442 1948 2481 sean-

360 2520 541 2575 dalum
575 2522 716 2592 passi
745 2537 774 2574 a
806 2520 910 2576 fide
947 2519 1251 2586 resilirent,
1291 2529 1521 2574 mutatus
1545 2528 1627 2573 est
1652 2533 1855 2583 rursus,
1895 2529 1948 2573 et

359 2615 560 2667 omissa
599 2612 786 2684 gentili
813 2613 934 2667 vitae
964 2613 1188 2676 ratione,
1230 2612 1295 2666 ad
1327 2595 1557 2682 priorem
1591 2611 1748 2666 rediit
1777 2611 1947 2664 indul-

356 2708 589 2776 gentiam
615 2748 630 2772 ,
663 2716 717 2760 et
753 2706 994 2760 ciborum
1025 2705 1424 2760 observationes
1453 2704 1759 2759 custodivit.
1790 2703 1941 2757 Illum

359 2815 488 2871 ergo
506 2799 675 2856 Judazi
700 2816 822 2856 cum
845 2801 1118 2865 vidissent,
1148 2801 1236 2871 qui
1261 2800 1554 2855 Antiochiae
1575 2799 1944 2865 versabantur,

359 2891 411 2944 id
436 2901 700 2962 agentem,
724 2907 897 2963 neque
917 2903 1148 2948 mentem
1171 2895 1289 2960 ejus
1311 2900 1640 2961 perspectam
1664 2891 1943 2956 baberent,

361 2997 462 3052 qua
494 2983 544 3037 id
573 2983 781 3053 agebat,
813 2983 1025 3038 abducti
1053 2992 1178 3038 sunt
1204 2992 1258 3038 et
1287 2985 1406 3052 ipsi,
1436 2999 1498 3038 ac
1528 2991 1744 3053 propter
1774 2983 1944 3052 magi-

355 3084 526 3127 strum
553 3073 826 3144 judaizare
841 3074 1185 3145 cogebantur.
1211 3076 1385 3143 Atque
1425 3074 1524 3130 hoc
1554 3085 1655 3138 est,
1686 3075 1825 3144 quod
1853 3090 1942 3129 re-

357 3165 639 3234 prehendit
665 3165 894 3220 Paulus:
919 3175 976 3220 ut
995 3175 1173 3221 autem
1201 3167 1395 3220 clarius
1424 3166 1512 3220 fiat
1533 3166 1673 3235 quod
1695 3167 1940 3233 dicimus,

358 3258 472 3326 ipsa
502 3257 652 3312 vobis
680 3258 972 3326 apostolica
997 3257 1157 3312 verba
1185 3257 1422 3312 recitabo
1453 3273 1468 3310 :
1498 3256 1624 3311 Cum
1660 3268 1828 3312 autem
1862 3275 1945 3311 ve-

354 3348 504 3402 nisset
559 3347 743 3402 Petrus
792 3349 1145 3412 Antiochiam,
1199 3350 1253 3403 in
1304 3350 1486 3419 facient
1515 3351 1559 3403 ei
1596 3352 1775 3416 restiti,
1825 3353 1945 3422 quia

353 3441 754 3511 reprehensibilis
804 3451 933 3497 erat.
984 3440 1138 3496 Prius
1180 3445 1314 3496 enint
1365 3459 1517 3512 quam
1559 3447 1780 3498 venirent
1833 3446 1944 3513 qu?-

352 3535 469 3586 dam
519 3550 551 3586 a
598 3533 825 3601 Jacobo,
874 3533 976 3588 hoc
1013 3543 1097 3589 est
1137 3534 1518 3606 Jerosolymis,
1548 3551 1664 3589 cum
1713 3536 1944 3607 gentibus

351 3625 544 3690 edebat,
582 3624 686 3680 hoc
708 3635 790 3680 est
813 3641 934 3680 cum
961 3627 1026 3681 iis
1053 3628 1141 3697 qui
1165 3636 1318 3681 erant
1343 3627 1658 3681 Antiochire.
1688 3629 1814 3681 Cum
1846 3645 1944 3681 au-

351 3729 449 3771 tent
477 3718 726 3771 venissent
753 3719 964 3788 quidam
989 3717 1345 3789 Jerosolgmis,
1368 3719 1520 3788 periti
1547 3718 1678 3788 legis
1703 3760 1717 3785 ,
1744 3720 1945 3773 subtra-

351 3810 498 3862 hebat
523 3819 570 3862 et
595 3808 890 3880 segregabat
911 3826 964 3862 se
991 3808 1197 3868 Petrus,
1239 3812 1418 3863 timens
1441 3827 1522 3864 eos
1543 3813 1627 3881 qui
1649 3827 1710 3864 ex
1728 3812 1944 3864 circum-

349 3902 540 3954 cisione
578 3910 745 3954 erant.
776 3900 1083 3968 Quosnam?
1122 3901 1236 3962 Eos,
1256 3901 1344 3970 qui
1373 3916 1402 3954 a
1427 3901 1628 3955 Jacobo
1651 3901 1943 3957 descende-

347 4000 504 4057 rant;
552 3989 622 4045 Et
659 3992 1036 4046 abducebantur
1076 4008 1192 4046 cunt
1218 4007 1277 4046 eo
1305 3994 1470 4046 caeteri
1496 3992 1688 4046 Judaei.
1716 3993 1940 4060 Quinam

347 4083 520 4137 Judaei
541 4082 566 4136 it
586 4083 709 4150 Qui,
728 4084 1034 4152 priusquam
1056 4081 1492 4154 Jerosolymitani
1515 4083 1938 4151 descendissent,

347 4176 646 4231 Antiochiae
672 4177 952 4246 degebant,
982 4192 1082 4231 nec
1109 4177 1270 4231 ullam
1297 4178 1725 4232 observationem
1752 4177 1940 4233 Judai-

347 4284 466 4322 cam
496 4269 870 4324 custodiebant
897 4286 913 4323 :
946 4270 1031 4323 Ita
1049 4280 1101 4324 ut
1122 4279 1169 4323 et
1207 4269 1470 4325 Barnabas
1499 4271 1765 4324 duceretur
1787 4271 1849 4324 ab
1869 4272 1942 4325 eis

347 4365 399 4417 in
426 4364 569 4418 illam
592 4365 986 4420 simulationem.
1009 4367 1183 4436 Atque
1207 4365 1322 4421 hate
1341 4363 1554 4436 quidem
1581 4374 1681 4431 est,
1704 4379 1824 4436 qua:
1843 4379 1940 4435 ap-

349 4466 507 4527 paret
531 4459 904 4528 reprehensio.

419 4551 507 4606 15.
549 4551 778 4606 Aliorum
830 4553 1165 4623 quorumdam
1200 4552 1498 4607 solutionem
1551 4553 1826 4623 praemittit.
1869 4580 1940 4592 —

347 4642 514 4696 Porro
541 4644 587 4697 si
611 4643 758 4699 lubet
783 4683 798 4710 ,
830 4645 1157 4714 excogitatas
1183 4645 1342 4700 etiam
1365 4646 1432 4700 ab
1455 4645 1576 4700 aliis
1603 4643 1942 4700 defensiones

349 4733 436 4787 tibi
468 4734 640 4803 primo
666 4735 784 4790 loco
813 4750 1043 4806 posuero
1067 4776 1081 4800 ,
1112 4745 1222 4791 tum
1255 4751 1427 4790 meam
1469 4751 1682 4806 quoque
1721 4745 1940 4791 senten-

349 4827 474 4880 tiam
505 4826 742 4882 conabor
763 4843 1080 4897 expromere
1106 4870 1122 4894 ,
1147 4827 1404 4898 vobisque
1416 4825 1605 4882 faciam
1631 4828 1901 4899 optionem
1923 4869 1938 4890 ,

348 4929 404 4970 ut
434 4933 498 4972 ex
527 4919 611 4985 iis,
644 4933 761 4989 qua:
791 4919 932 4974 dicta
965 4919 1180 4986 fuerint,
1200 4921 1340 4991 quod
1365 4921 1695 4990 potissimum
1717 4922 1937 4992 placeat,

349 5009 574 5079 eligatis.
615 5010 733 5075 Quo
759 5011 914 5078 igitur
951 5021 1106 5080 pacto
1143 5011 1383 5064 nonnulli
1427 5011 1566 5065 hanc
1593 5013 1939 5082 quaestionem

356 5101 668 5156 solverunt?
696 5101 813 5156 Non
841 5115 957 5157 erat
985 5101 1070 5157 hic
1097 5098 1306 5171 Petrus,
1333 5103 1598 5174 inquiunt,
1623 5104 1713 5158 ille
1737 5105 1941 5175 primus

347 5193 736 5264 apostolorum,
763 5197 846 5250 cui
879 5195 1092 5250 fuerunt
1128 5210 1256 5252 oves
1280 5211 1310 5250 a
1331 5193 1540 5251 Christo
1565 5195 1782 5252 credita:
1800 5236 1816 5262 ,
1845 5196 1941 5251 sed

352 5285 490 5339 alius
531 5285 795 5356 quispiam
850 5287 971 5341 vilis
1011 5295 1065 5342 et
1093 5287 1354 5358 abiectus,
1398 5297 1452 5343 et
1496 5301 1634 5342 unus
1682 5303 1714 5343 e
1757 5286 1935 5357 vulgo.

354 5376 506 5433 Unde
537 5378 588 5431 id
609 5380 857 5432 constat?
887 5380 1018 5434 Cum
1031 5385 1253 5435 cmtei'os
1269 5378 1482 5436 Judreos
1502 5376 1758 5433 abductos
1779 5378 1942 5433 fuisse

345 5484 471 5523 cum
501 5469 596 5523 illo
635 5469 876 5536 dixisset,
904 5471 1136 5540 adjecit,
1179 5471 1444 5541 inquiunt,
1472 5469 1496 5524 1
1508 5481 1558 5524 ta
1586 5480 1638 5523 ut
1670 5480 1714 5523 et
1744 5469 1943 5523 Barna-

349 5567 436 5616 bas
479 5565 745 5618 duceretur
787 5581 900 5617 cum
947 5565 1017 5618 eis
1056 5565 1110 5618 in
1158 5565 1303 5618 illaut
1355 5563 1747 5618 simulationem.
1789 5563 1939 5629 Quod

353 5665 527 5708 autem
557 5655 709 5724 dixit,
741 5654 826 5709 Ita
862 5666 914 5709 ut
941 5666 986 5709 et
1011 5655 1303 5722 Barnabas,
1336 5657 1534 5712 indicat
1565 5657 1730 5710 multo
1770 5655 1940 5710 fuisse

348 5745 641 5804 mirabilius
685 5747 836 5815 illud,
889 5763 1044 5816 quam
1087 5738 1302 5803 Petrum
1349 5749 1634 5805 abductum
1673 5763 1812 5805 esse.
1852 5747 1940 5801 Sic

1137 295 1194 351 S.
1237 293 1514 350 JOANNIS
1551 287 2019 347 CHRYSOS'I'OMI
2058 289 2373 346 ARCIIIEP.
2416 289 2948 346 (IONSTANTINOP.
3553 287 3650 344 δελ

2064 406 2206 459 enim
2235 406 2484 476 loquutus
2509 416 2612 471 est,
2646 417 2702 460 ut
2726 407 2977 476 majorem
2995 405 3139 459 illunt
3156 417 3378 460 censere
3393 405 3654 470 videatur,

2063 497 2176 552 Non
2207 498 2364 551 modo
2393 499 2608 565 Petrus,
2636 499 2877 569 inquiens
2901 540 2917 563 ,
2947 499 3038 552 sed
3081 508 3134 552 et
3165 497 3435 552 Barnabas
3469 517 3484 552 :
3510 500 3655 568 atqui

2064 591 2333 645 Barnabas
2387 592 2544 646 Petro
2590 591 2681 645 illo
2733 593 2902 660 major
2953 607 3057 646 non
3087 600 3221 646 erat.
3265 591 3646 646 Verumtamen

2063 699 2168 738 non
2197 685 2264 737 ita
2295 699 2352 738 se
2381 699 2468 738 res
2501 683 2692 746 habet,
2725 685 2881 754 plane
2911 685 2980 738 ita
3025 700 3084 739 se
3112 700 3216 738 non
3249 685 3428 740 habet.
3467 685 3652 755 Neque

2061 776 2202 830 enim
2248 791 2312 830 eo
2341 776 2482 846 quod
2513 777 2783 831 Barnabas
2824 776 2994 844 major
3020 788 3200 841 esset,
3257 776 3376 831 ideo
3424 777 3647 830 miratur

2061 867 2227 936 magis
2258 881 2272 920 :
2303 867 2396 922 sed
2450 883 2608 938 quam
2651 868 2722 922 ob
2769 869 3028 924 causam?
3057 867 3208 936 Quod
3260 868 3511 923 nimirum
3562 870 3652 924 ille

2059 959 2276 1029 quidem
2305 961 2356 1014 in
2380 960 2840 1015 circumcisionem
2871 962 3066 1015 missus
3095 970 3256 1026 esset,
3289 969 3342 1014 at
3383 961 3652 1015 Barnabas

2061 1069 2184 1107 eum
2216 1053 2380 1108 Paulo
2405 1054 2650 1124 gentibus
2675 1053 3010 1123 prtedicaret,
3039 1063 3094 1107 et
3115 1054 3308 1122 ubique
3334 1068 3455 1108 cum
3487 1054 3652 1108 Paulo

2060 1145 2917 1215 copularetur:quemadmodum
2967 1145 3126 1215 igitur
3168 1145 3294 1199 alibi
3347 1146 3497 1211 dicit,
3547 1147 3650 1199 Aul

2059 1253 2148 1306 ego
2176 1237 2314 1290 solus
2341 1247 2387 1290 et
2411 1235 2674 1291 Barnabas
2702 1254 2802 1290 non
2829 1237 3068 1291 habemus
3099 1245 3390 1306 potestatem
3418 1254 3518 1291 non
3539 1254 3653 1308 ape-

2057 1330 2208 1381 randi
2244 1331 2321 1400 (i.
2352 1327 2472 1383 Cor.
2503 1329 2560 1384 9.
2584 1328 2676 1398 6)?
2717 1340 2770 1383 et
2798 1343 3004 1391 rursus,
3029 1329 3244 1382 Ascendi
3268 1326 3643 1399 Jerosolymam

2057 1437 2171 1472 cum
2196 1418 2436 1474 Barnaba
2469 1420 2610 1490 (Gal.
2639 1419 2704 1475 2.
2733 1421 2789 1489 l)
2821 1436 2835 1473 :
2869 1429 2923 1474 et
2951 1420 3146 1490 ubique
3170 1419 3318 1474 vides
3356 1420 3503 1474 illum
3528 1437 3650 1475 cum

2061 1511 2222 1565 Paulo
2249 1512 2463 1566 docere.
2507 1510 2620 1565 Non
2651 1527 2780 1581 ergo
2806 1511 2946 1582 quod
2975 1511 3134 1566 Petro
3169 1512 3339 1581 major
3362 1521 3503 1566 esset
3523 1554 3537 1576 ,
3565 1512 3647 1565 id-

2057 1603 2200 1659 circo
2227 1619 2347 1657 eum
2377 1618 2588 1673 quoque
2621 1603 2906 1657 abductum
2929 1618 3047 1657 esse
3088 1603 3309 1657 miratur
3343 1620 3356 1655 :
3395 1602 3488 1656 sed
3509 1604 3650 1672 quod

2058 1697 2104 1751 is
2126 1697 2213 1766 qui
2259 1711 2440 1750 secum
2472 1711 2684 1764 semper
2710 1694 3069 1764 praedicabat,
3101 1697 3294 1764 cuique
3351 1693 3484 1748 nihil
3532 1705 3646 1748 erat

2056 1801 2340 1842 commune
2363 1802 2484 1842 cum
2511 1786 2743 1851 .ludasis,
2781 1801 2964 1840 verum
3002 1787 3140 1840 inter
3177 1792 3363 1855 gentes
3389 1785 3648 1851 docebat,

2059 1884 2171 1954 ipse
2199 1900 2412 1955 quoque
2438 1893 2583 1939 esset
2620 1884 2897 1938 abductus.
2940 1881 3202 1938 Cmterum
3246 1882 3462 1936 Petrum
3501 1881 3648 1934 illum

2057 1991 2177 2031 esse
2200 1977 2269 2031 de
2299 1993 2404 2046 quo
2436 1977 2552 2033 haec
2581 1977 2758 2031 omnia
2801 1977 2948 2039 dicit,
2976 1990 3098 2030 cum
3132 1990 3197 2030 ex
3228 1975 3294 2029 iis
3342 1989 3461 2044 quse
3506 1989 3646 2043 pra:-

2055 2078 2350 2131 cesserunt,
2387 2077 2495 2123 tum
2523 2083 2587 2122 ex
2612 2070 2674 2123 iis
2700 2085 2818 2139 qua:
2848 2076 3162 2138 sequuntur,
3184 2066 3521 2121 manifestum
3541 2073 3644 2120 est.

2055 2159 2204 2226 Quod
2234 2160 2375 2214 enim
2414 2174 2473 2214 se
2517 2159 2570 2213 in
2614 2159 2802 2213 faciem
2843 2159 3103 2213 restitisse
3148 2157 3218 2210 illi
3245 2157 3402 2222 dicit,
3434 2171 3496 2210 ac
3551 2172 3649 2224 pro

2059 2266 2250 2320 magno
2280 2250 2410 2305 illud
2442 2251 2634 2314 habet,
2667 2250 2799 2305 nihil
2828 2248 2971 2303 aliud
2997 2249 3227 2314 indicat,
3252 2247 3351 2302 nisi
3379 2263 3438 2302 se
3477 2246 3650 2316 digiti-

2057 2351 2214 2396 tatem
2239 2342 2457 2397 minime
2484 2343 2770 2397 reveritum
2798 2351 2918 2396 esse
2959 2353 3202 2410 persona:
3232 2355 3247 2392 :
3279 2352 3437 2408 porro
3483 2338 3547 2392 de
3571 2338 3651 2391 al-

2056 2442 2170 2487 tero
2199 2434 2446 2503 quoniam
2487 2434 2529 2489 si
2555 2434 2810 2498 dixisset,
2841 2448 2901 2487 se
2931 2433 2982 2487 in
3015 2432 3202 2486 faciem
3232 2431 3306 2485 illi
3348 2431 3608 2486 restitisse
3628 2469 3644 2494 ,

2057 2542 2389 2597 nequaquam
2437 2527 2539 2581 hoc
2568 2506 2907 2597 pro.magno
2938 2526 3230 2579 habuisset.
3285 2523 3548 2578 Praeterea
3600 2522 3647 2575 si

2054 2618 2313 2688 quispiam
2343 2618 2480 2672 alius
2525 2617 2711 2672 Petrus
2740 2616 2959 2681 fuisset,
2992 2631 3098 2670 non
3136 2624 3338 2668 tantum
3386 2613 3642 2667 valuisset

2053 2709 2170 2775 ejus
2213 2709 2456 2773 mutatio,
2504 2717 2561 2762 ut
2588 2717 2814 2762 cazteros
2859 2708 3020 2762 etiam
3066 2705 3282 2760 Judzeos
3332 2704 3641 2759 attraheret.

2053 2797 2235 2870 Neque
2288 2800 2431 2855 enim
2472 2799 2783 2853 adhortatus
2825 2809 2926 2862 est,
2976 2812 3147 2867 neque
3201 2795 3510 2850 consuluit:
3550 2795 3646 2849 sed

2063 2902 2267 2947 tantum
2296 2892 2643 2947 subtrahebat
2665 2900 2721 2946 et
2745 2891 3055 2962 segregabat
3081 2904 3140 2943 se
3173 2907 3184 2941 :
3213 2899 3370 2958 atque
3404 2889 3490 2942 illa
3520 2889 3648 2942 sub-

2057 2985 2245 3040 tractio
2327 2997 2382 3040 et
2443 2987 2741 3055 segregatio
2804 2991 3028 3038 caeteros
3087 2995 3276 3035 omnes
3351 2981 3643 3050 discipulos

2051 3078 2321 3133 attrahere
2345 3080 2516 3147 potuit
2544 3087 2758 3147 propter
2777 3088 3018 3146 persona:
3059 3075 3393 3144 dignitatem.

2123 3171 2210 3226 l6.
2251 3169 2427 3224 Altera
2471 3171 2656 3224 solutio
2705 3169 3015 3240 qua’stiouis,
3064 3184 3155 3220 cur
3203 3166 3538 3236 reprehensus
3581 3166 3644 3217 sit

2051 3263 2256 3329 Petrus,
2281 3275 2379 3331 φιο
2402 3263 2612 3316 consilio
2639 3260 2839 3314 Paulus
2865 3258 3072 3313 Petrum
3091 3267 3342 3328 argueret.
3371 3286 3442 3295 —
3461 3254 3643 3325 Itaque

2052 3357 2268 3410 Petrttm
2297 3355 2461 3410 fuisse
2491 3355 2622 3408 satis
2651 3369 2714 3408 ex
2771 3353 2853 3406 his
2898 3359 3148 3407 constat:
3175 3359 3430 3404 cazterum
3485 3349 3640 3402 aliam

2051 3449 2388 3513 siilutionem,
2432 3447 2477 3501 si
2510 3447 2714 3509 velitis,
2749 3445 3013 3500 dicemus.
3054 3443 3308 3511 Quaenam
3350 3444 3509 3513 igitur
3559 3454 3644 3497 est

2051 3539 2250 3593 altera?
2305 3539 2469 3592 Recte
2519 3538 2732 3592 Petrum
2780 3536 3210 3607 reprehendebat
3252 3535 3466 3599 Paulus,
3498 3535 3642 3605 quod

2052 3631 2186 3685 ultra
2214 3630 2428 3685 modum
2469 3629 2797 3699 indulgentia
2843 3637 3103 3682 uteretur.
3144 3625 3276 3681 Nam
3306 3641 3408 3696 qua
3436 3627 3643 3680 ratione

2049 3721 2162 3790 ipse
2183 3761 2197 3783 ,
2228 3734 2349 3774 cum
2381 3729 2523 3774 esset
2541 3718 2907 3790 Jerosolymis,
2941 3713 3641 3781 condescendebatJudzeis,

2049 3813 2234 3867 eadem
2265 3828 2475 3883 quoque
2523 3813 2674 3866 illum
2715 3812 2980 3881 oportuit,
3013 3825 3134 3866 cum
3177 3808 3519 3863 Antiochiam
3551 3823 3646 3859 ve-

2050 3907 2236 3970 nisset,
2270 3921 2376 3960 non
2410 3905 2476 3960 ad
2499 3904 2714 3960 Judaaos
2732 3904 2998 3973 respicere
3023 3943 3038 3968 ,
3066 3901 3158 3957 sed
3198 3900 3264 3956 ad
3286 3914 3383 3956 eos
3403 3901 3492 3970 qui
3519 3914 3642 3953 cre-

2048 3999 2292 4053 diderant
2319 4015 2385 4053 ex
2429 3998 2694 4069 gentibus.
2737 3996 2806 4052 Ut
2853 3995 3017 4063 enim,
3071 4009 3194 4049 cum
3247 4007 3437 4049 omnes
3489 3999 3646 4046 erant

2048 4090 2240 4153 Judtei,
2272 4091 2432 4144 etiam
2464 4089 2658 4143 Paulus
2704 4087 2975 4157 jndaizare
3012 4095 3227 4141 coactus
3253 4093 3338 4138 est
3365 4100 3380 4135 :
3410 4084 3481 4138 ita
3507 4097 3632 4136 cum

2051 4184 2230 4253 plures
2251 4192 2406 4238 erant
2425 4197 2490 4237 ex
2517 4183 2786 4252 gentibus,
2815 4195 2913 4235 nec
2939 4179 3098 4234 ullam
3128 4178 3316 4233 civitas
3344 4177 3644 4231 necessita-

2053 4285 2158 4328 tem
2207 4274 2551 4344 indulgentia:
2605 4273 2882 4337 afferebat,
2936 4287 3042 4326 non
3096 4269 3378 4340 oportebat
3423 4276 3646 4338 propter

2049 4381 2248 4436 paucos
2273 4366 2488 4422 .ludzeos
2513 4365 2768 4421 seandalo
2793 4379 2912 4419 esse
2953 4373 3028 4418 tot
3057 4362 3363 4432 gentilibus.
3403 4360 3473 4414 At
3498 4359 3643 4412 enim

2051 4457 2152 4513 hoc
2185 4473 2288 4513 non
2321 4458 2431 4529 jam
2461 4456 2656 4512 solutio
2683 4465 2783 4521 est,
2816 4454 2909 4510 sed
2937 4453 3281 4523 amplificatio
3309 4449 3642 4521 quaestionis.

2047 4548 2200 4616 Quod
2253 4550 2394 4604 enim
2447 4549 2497 4602 in
2519 4547 2740 4604 exordio
2765 4546 2874 4601 dixi
2899 4545 3330 4608 orationis,non
3375 4541 3427 4595 id
3475 4541 3635 4595 nobis

2053 4645 2382 4714 prepositum
2410 4651 2494 4698 est
2516 4683 2530 4706 ,
2559 4652 2619 4696 ut
2656 4641 3001 4697 ostendamus
3043 4648 3190 4695 recte
3233 4636 3644 4708 reprehendisse

2050 4737 2307 4800 Paulum;
2361 4737 2441 4791 sic
2491 4736 2633 4792 enim
2681 4734 2854 4790 adhuc
2905 4734 3128 4790 restabit
3169 4733 3411 4802 quaestio.
3452 4730 3645 4785 Petrus

2048 4828 2190 4884 enim
2221 4829 2482 4884 obnoxius
2519 4827 2875 4882 criminationi
2921 4825 3221 4888 videbitur;
3250 4823 3344 4878 sed
3382 4822 3434 4876 id
3466 4824 3638 4889 potis-

2050 4921 2243 4975 simum
2269 4921 2580 4990 qua-rimus,
2607 4935 2713 4991 quo
2745 4928 2899 4990 pacto
2926 4928 2980 4975 et
3007 4918 3168 4981 hunc,
3193 4928 3246 4972 et
3274 4918 3423 4971 illum
3456 4931 3642 4984 repre-

2049 5010 2309 5065 hensione
2347 5011 2652 5069 liberemus.
2696 5010 2939 5077 Quonam
2974 5009 3134 5079 igitur
3155 5017 3312 5078 pacto
3345 5007 3399 5061 id
3427 5004 3559 5060 (iet?
3587 5005 3643 5060 Si

2048 5118 2151 5173 qua
2178 5113 2355 5158 mente
2383 5117 2519 5157 unus
2544 5102 2855 5172 increparit,
2887 5111 2942 5156 et
2969 5102 3106 5155 alter
3133 5099 3293 5155 fuerit
3316 5099 3644 5166 increpatus,

2049 5194 2348 5259 discamus,
2379 5203 2436 5250 et
2458 5195 2777 5250 sententiam
2799 5193 2942 5247 illam
2965 5191 3314 5262 esplicemus.
3355 5189 3487 5256 Quae
3521 5197 3644 5240 tan-

2049 5286 2170 5341 dem
2221 5288 2381 5358 igitur
2407 5296 2490 5342 est
2531 5287 2615 5340 illa
2664 5286 2968 5341 sententia?
3019 5283 3378 5338 Vehementer
3429 5280 3648 5349 optabat

2052 5380 2270 5445 Petrus,
2315 5396 2409 5434 eos
2433 5381 2524 5450 qui
2554 5379 2942 5435 descenderant
2979 5376 3315 5447 Jerosolyma
3363 5389 3393 5428 a
3441 5370 3647 5427 Jacobo

2059 5469 2304 5539 profecti,
2329 5469 2545 5524 Judaiea
2574 5469 2953 5523 observatione
2978 5467 3229 5522 liberare.
3267 5463 3420 5532 Quod
3441 5463 3486 5516 si
3507 5460 3647 5514 hanc

2053 5563 2166 5632 ipse
2191 5565 2509 5617 sententiam
2536 5561 2937 5625 introduxisset,
2965 5570 3019 5614 et
3043 5561 3094 5612 in
3123 5557 3359 5613 medium
3399 5566 3646 5624 progres-

2051 5669 2142 5708 sus
2161 5653 2412 5719 dixisset,
2446 5652 2681 5708 .ludaicis
2711 5651 2901 5706 ritibus
2929 5651 3005 5705 uti
3047 5649 3277 5704 desinite
3297 5687 3316 5713 ,
3343 5645 3492 5722 quasi
3516 5657 3647 5698 cen-

2054 5746 2216 5804 traria
2257 5744 2357 5801 sibi
2406 5744 2505 5815 ipsi
2531 5786 2546 5814 ,
2577 5754 2632 5800 et
2662 5744 2726 5800 iis
2753 5742 3019 5810 omnibus,
3051 5757 3173 5812 quin
3201 5741 3268 5795 ab
3296 5740 3410 5824 ipso
3433 5736 3650 5789 fuerant
