4020 6370
365 418 464 481 533
1373 412 1451 467 IN
1489 410 1717 476 ILLUD,
1753 409 1818 463 lN
1863 407 2113 464 meum
2150 402 2219 461 EI
2258 407 2537 464 RESTITI

356 537 458 606 τὴν
495 529 820 604 Ἐκκλησίαν
854 529 976 582 τότε
1011 526 1380 580 ἐπεσκόπευεν
1424 530 1480 581 ἐν
1517 528 1680 597 ἀρχῇ,
1730 527 1829 590 τὴν
1874 524 1931 582 ὲν

367 620 782 693 Ἰεροσολύμοις,
831 618 921 670 καὶ
957 616 1066 669 τῶν
1100 616 1160 680 ἐξ
1209 614 1480 668 Ἰουδαίων
1523 614 1931 668 πιστευσάντων

356 710 707 780 προειστήκει
741 707 980 760 πάντων.
1015 703 1303 757 Συνέϐαινε
1333 703 1394 755 δὲ
1420 699 1562 756 εἶναι
1592 702 1684 754 καὶ
1714 703 1770 752 ἐν
1814 702 1931 751 ’Λν-

351 796 561 866 τιοχεία
595 795 902 859 Ἰουδαίους,
933 794 1126 855 οἵτινες
1159 791 1554 854 πιστεύσαντες
1577 790 1652 858 τῷ
1684 787 1928 858 Χριστῷ,

351 883 440 935 διὰ
477 885 540 935 τὸ
562 882 670 936 τῶν
713 881 1107 952 Ἱεροσολύμων
1148 877 1288 932 εἶναι
1329 880 1538 950 πόρρω,
1573 878 1665 930 καὶ
1696 877 1927 939 πολλοὺς

349 971 482 1040 όρᾷν
513 971 638 1032 τοὺς
667 969 726 1033 ἐξ
755 969 924 1022 ἐθνῶν
955 967 1388 1028 πεπιστευκότας
1416 965 1588 1026 ἀδεῶς
1622 964 1724 1020 ,καὶ
1759 965 1928 1034 χωρὶς

362 1057 668 1109 Ἰουδαϊκῶν
697 1056 1132 1126 παρατηρήσεων
1162 1053 1427 1123 βιοῦντας,
1455 1052 1639 1122 ἠρέμα
1662 1053 1755 1104 καὶ
1786 1050 1927 1103 κατά

353 1141 548 1213 μικρὸν
595 1143 848 1212 ἐνήγοντο
891 1141 985 1192 καὶ
1021 1141 1171 1194 αὐτοὶ
1216 1140 1314 1210 τῆς
1357 1139 1657 1207 Ἰουδαϊκῆς
1703 1137 1929 1205 ἀφίστα-

350 1229 474 1281 σθαι
501 1229 811 1300 συνηθείας,
836 1229 929 1280 καὶ
949 1227 1196 1298 καθαρὰν
1219 1228 1312 1281 καὶ¹
1337 1227 1623 1279 ἀνόθευτον
1654 1224 1741 1294 ἔχε
1753 1241 1803 1275 ιν
1827 1223 1924 1293 τὴν

345 1318 446 1386 τῆς
497 1317 735 1379 πίστεως
787 1317 1158 1389 διδασκαλίαν.
1207 1315 1499 1369 Κατελθὼν
1533 1315 1712 1367 τοίνυν
1741 1317 1769 1366 6
1817 1313 1924 1365 Πέ-

344 1423 494 1475 τρος,
528 1405 621 1457 καὶ
652 1405 774 1458 ἰδὼν
813 1407 914 1458 οὐκ
941 1401 1105 1458 οὖσαν
1140 1404 1388 1473 ἀνάγκην
1417 1403 1676 1472 οὐδεμίαν
1723 1418 1926 1470 συγκα-

343 1492 645 1555 ταϐάσεως,
683 1492 910 1555 ἐθνικῶς
948 1492 1042 1562 ἔζη
1078 1490 1285 1544 λοιπόν.
1320 1490 1392 1542 Τὸ
1419 1489 1494 1550 δέ,
1533 1489 1762 1552 ἐθνικῶς
1798 1490 1920 1559 ζῇν,

343 1579 496 1633 τοῦτό
523 1598 685 1649 φησιν
714 1582 741 1632 6
772 1579 1004 1642 Παῦλος,
1034 1579 1095 1632 τὸ
1127 1578 1293 1649 χωρὶς
1335 1577 1631 1646 Ἰουδαϊκῆς
1665 1594 1916 1648 παρατη-

346 1671 571 1741 ρήσεως,
600 1671 660 1722 τὸ
694 1670 860 1740 μηδὲν
888 1668 1000 1722 τῶν
1028 1668 1274 1738 νομίμων
1306 1668 1530 1724 ἐκείνων
1559 1665 1919 1737 παραφυλάτ-

341 1775 475 1820 τειν,
499 1754 631 1820 οἷον,
657 1775 724 1810 πε
735 1758 980 1828 ριτομὴν,
1002 1757 1035 1827 ἢ
1062 1757 1350 1821 σάϐϐατον,
1377 1756 1410 1826 ἦ
1433 1773 1486 1807 τι
1507 1755 1613 1806 τῶν
1637 1754 1912 1808 τοιούτων.

342 1845 552 1909 Ζῶντος
601 1846 782 1898 τοίνυν
833 1844 977 1898 οὕτω
1023 1845 1116 1898 τοῦ
1173 1845 1406 1915 Πέτρου,
1457 1842 1722 1912 κατῆλθόν
1774 1859 1919 1904 τινες

355 1933 596 1985 Ἰουδαῖοι
623 1933 731 1986 ἀπὸ
766 1932 1043 1996 Ἰακώϐου,
1072 1931 1370 1993 τουτέστιν,
1400 1929 1460 1994 ἐξ
1496 1928 1908 2000 Ἰεροσολύμων,

339 2019 410 2084 οἳ,
446 2020 533 2073 διὰ
576 2019 635 2072 τὸ
679 2019 972 2082 διαπαντὸς
1017 2019 1112 2072 ἐπὶ
1147 2020 1245 2090 τῆς
1280 2017 1669 2088 μητροπόλεως
1713 2017 1919 2088 διατρί-

337 2105 476 2172 ϐειν,
527 2105 620 2158 καὶ
672 2105 877 2176 μηδένα
924 2106 1058 2174 όρᾷν
1105 2103 1310 2174 ἑτέρως
1349 2104 1796 2173 πολιτευόμενον,
1837 2103 1916 2156 ἔτι

337 2194 434 2264 τὴν
465 2194 734 2265 πρόληψιν
766 2191 910 2265 εἶχον
938 2197 1038 2264 τὴν
1084 2194 1402 2265 Ἰουδαῖκὴν,
1438 2195 1531 2247 καὶ
1566 2193 1771 2257 πολλὰς
1805 2194 1916 2247 τῶν

339 2283 772 2352 παρατηρήσεων
802 2283 1029 2334 ἐκείνων
1069 2281 1421 2350 ἐπεσύροντο.
1460 2281 1502 2332 Τ
1507 2280 1696 2344 ούτους
1732 2279 1855 2334 ἰδὼν
1888 2285 1916 2334 6

338 2370 564 2440 Πέτρος.
606 2370 733 2432 τοὺς
779 2369 886 2422 ἀπὸ
949 2367 1204 2421 Ἰακώϐου
1260 2369 1354 2421 καὶ
1401 2369 1460 2434 ἐξ
1524 2368 1914 2439 Ἰεροσολύμων

335 2457 733 2521 κατελθόντας,
795 2455 1185 2526 ἀσθενέστερον
1231 2456 1612 2526 διακειμένους
1663 2455 1765 2521 ἔτι,
1818 2458 1910 2510 καὶ

335 2541 592 2612 φοϐηθεὶς
630 2543 704 2612 μὴ
749 2542 1230 2607 σκανδαλισθέντες
1275 2543 1371 2612 τῆς
1417 2543 1658 2606 πίστεως
1695 2545 1914 2614 ἀποπη-

332 2631 559 2701 δήσωσι,
585 2629 916 2701 μετετάξατο
942 2631 1124 2693 πάλιν,
1151 2630 1248 2682 καὶ
1273 2630 1334 2682 τὸ
1353 2628 1451 2700 ζῇν
1471 2631 1700 2695 ἐθνικῶς
1726 2633 1909 2699 ἀφεὶς,

334 2722 426 2774 ἐπὶ
475 2725 572 2793 τὴν
621 2724 892 2794 προτέραν
943 2721 1352 2789 συγκατάϐασιν
1395 2717 1563 2792 ἦλθε,
1605 2723 1912 2793 βρωμάτων

334 2815 745 2885 παρατηρήσεις
779 2815 1078 2884 φυλάττων.
1126 2813 1345 2874 Ἰδόντες
1374 2811 1467 2867 οῦν
1501 2814 1664 2867 αὑτὸν
1693 2818 1739 2868 οἱ
1779 2818 1910 2868 Ἰου-

331 2904 488 2966 δαῖοι,
518 2906 566 2957 οἰ
595 2907 651 2956 ἐν
698 2905 998 2975 Ἀντιοχείᾳ⁴
1031 2905 1416 2973 διατρίϐοντες,
1443 2905 1601 2957 τοῦτο
1628 2906 1908 2968 ποιοῦντα,

333 2997 424 3047 καὶ
453 2996 551 3048 οὐκ
597 2996 795 3059 εἰδότες
833 2996 997 3050 αὑτοῦ
1036 2996 1133 3068 τὴν
1174 2995 1432 3067 γνώμην,
1483 2997 1603 3068 μεθ’
1635 2992 1702 3068 ἧς
1739 2997 1910 3050 ταῦτα

280 3088 290 3098 ’
331 3088 587 3158 ἔπραττε,
627 3088 1050 3159 συναπήχθησαν
1075 3083 1170 3141 καὶ
1200 3090 1374 3154 αὐτοὶ,
1407 3091 1500 3144 καὶ
1528 3091 1903 3161 ἠναγκάζοντο

333 3177 620 3240 ἰουδαΐζειν
650 3178 738 3231 διὰ
760 3179 848 3231 τὸν
878 3179 1214 3234 διδάσκαλον.
1242 3181 1350 3233 Καὶ
1383 3180 1540 3234 τοῦτό
1569 3185 1739 3246 ἐστιν,
1767 3183 1904 3253 ὅπερ

329 3272 358 3324 6
397 3269 610 3332 Παῦλος
654 3270 904 3340 ἐγκαλεῖ·
946 3272 1040 3323 καὶ
1075 3271 1163 3324 ἵνα
1213 3272 1544 3343 σαφέστερον
1590 3273 1818 3343 γένηται
1851 3275 1911 3326 τὸ

330 3361 647 3431 λεγόμενον,
687 3362 992 3431 αύτά·ύμῖν
1021 3362 1208 3416 λοιπὸν
1241 3362 1634 3433 ἀναγνώσομαι
1681 3363 1750 3417 τά
1783 3366 1911 3418 ἀπο-

331 3453 553 3506 στολικά
593 3455 833 3524 ῥήματα.
864 3454 1003 3506 ’Ὅτε
1029 3452 1096 3505 δὲ
1129 3449 1277 3522 ἦλθε
1310 3453 1530 3521 Πέτρος
1565 3456 1652 3520 εὶς
1698 3456 1906 3508 Ἀντιό-

331 3562 521 3614 χειαν,
554 3545 705 3599 κατά
735 3548 1060 3613 πρόσωπον
1077 3544 1236 3610 αὐτῷ
1264 3545 1588 3613 ἀντέστην,
1617 3547 1706 3599 ὅτι
1737 3564 1908 3600 κατε-

331 3636 670 3705 τνωσμένος
707 3634 805 3708 ἦν.
860 3636 980 3704 Πρὸ
1017 3637 1124 3690 τοῦ
1166 3637 1278 3704 γὰρ
1326 3637 1525 3690 ἐλθεῖν
1573 3654 1742 3704 τινας
1786 3639 1904 3692 ἀπὸ

342 3727 606 3781 Ἰακώϐου
627 3769 642 3790 ,
682 3727 981 3790 τουτέστιν,
1016 3727 1076 3791 ἐξ
1129 3725 1520 3798 Ἰεροσολύμων
1541 3770 1555 3791 ,
1602 3727 1754 3796 μετὰ
1787 3727 1906 3781 τῶν

325 3817 513 3872 ἐθνῶν
534 3819 852 3886 συνήσθιε,
882 3819 1148 3884 τουτέστι,
1176 3819 1284 3871 τῶν
1317 3818 1375 3869 ἐν
1416 3817 1734 3889 Ἀντιοχείᾳ.
1766 3818 1902 3871 Ὅτε·

323 3909 390 3961 δὲ
435 3907 627 3980 ἦλθόν
684 3927 841 3975 τινες
887 3910 956 3973 ἐξ
1020 3909 1490 3978 Ἰεροσολύμων,
1549 3908 1899 3979 νομομαθεῖςν

320 3999 682 4062 ὺπέστελλε,
709 3999 804 4055 καὶ
827 3999 1129 4068 ἀφώρισεν
1148 3999 1364 4052 ἑαυτὸν
1383 4002 1416 4053 ό
1441 3999 1659 4068 Πέτρος
1683 4001 1901 4068 φοϐού-

319 4107 500 4160 μενος
529 4089 669 4153 τοὺς
706 4090 774 4143 ἐκ
813 4088 1154 4157 περιτομῆς.
1189 4089 1420 4155 Ποίους;
1463 4078 1602 4152 Τοὺς
1635 4091 1745 4144 ἀπὸ
1797 4091 1900 4143 Ἰα-

323 4180 500 4234 κώϐου
535 4179 889 4244 κατελθόντας
908 4197 922 4211 ·
952 4182 1061 4234 Καὶ
1089 4180 1580 4251 συναπήχθησαν
1610 4182 1770 4248 αὐτῷ
1800 4185 1899 4237 καὶ

321 4277 377 4326 οὶ
415 4271 616 4326 λοιποὶ
664 4270 957 4327 Ἰουδαῖοι.
998 4273 1146 4325 Ποῖοι
1192 4273 1466 4340 Ἰουδαῖοι;
1516 4275 1579 4328 Οἱ
1615 4275 1744 4346 πρὶν
1773 4278 1899 4338 τοὺς

320 4366 382 4430 ἐξ
419 4364 815 4434 Ἰεροσολύμων
845 4363 1149 4433 καταϐῆναι
1180 4366 1237 4417 ἐν
1275 4365 1574 4436 Ἀντιοχείᾳ¹
1609 4367 1899 4438 διατρίϐον-

319 4468 426 4514 τες,
485 4457 578 4508 καὶ
621 4455 892 4526 μηδεμίαν
953 4455 1247 4524 Ἰουδαῖκὴν
1283 4457 1665 4527 παρατήρησιν
1705 4457 1900 4526 φυλάτ-

318 4565 504 4611 τοντες
527 4566 540 4579 ·
575 4547 759 4602 ’Ὥστε
797 4547 896 4601 καὶ
939 4547 1250 4616 Βαρνάϐας
1288 4548 1653 4617 συναπήχθη
1699 4551 1898 4604 αὐτῶν

321 4639 396 4709 τῇ
435 4643 770 4709 ὑποκρίσει.
814 4639 964 4713 [574]
1011 4640 1121 4694 Καὶ
1177 4640 1232 4692 τὸ
1273 4639 1370 4710 μὲν
1402 4640 1593 4694 δοκοῦν
1643 4642 1894 4713 ἔγκλημα

321 4730 479 4796 εἶναι,
502 4733 678 4787 τοῦτο.

398 4825 478 4880 ιε’.
505 4825 570 4878 ΕΞ
590 4826 646 4878 δὲ
671 4825 951 4896 βούλεσθε,
978 4825 1073 4879 καὶ
1095 4826 1196 4889 τὰς
1226 4824 1356 4895 παρ’
1379 4825 1582 4897 ἐτέρων
1598 4827 1894 4893 ἀπολογίας

321 4920 746 4991 ἐπινενοημένας
789 4921 1052 4993 πρότερον
1082 4919 1214 4986 θεὶς,
1247 4921 1369 4974 τότε
1401 4921 1496 4973 καὶ
1529 4922 1619 4974 τὸν
1657 4922 1896 4992 ἐμαυτοῦ

321 5011 477 5079 λόγον
498 5013 810 5080 εἰσαγαγεῖν
836 5011 1187 5083 πειράσομαι,
1206 5014 1291 5084 ἐφ’
1310 5014 1437 5084 ὑμῖν
1458 5013 1565 5068 τῶν
1588 5015 1895 5086 λεγομένων

323 5106 419 5174 τὴν
443 5103 651 5174 αἵρεσιν
674 5104 1060 5174 ποιησάμενος.
1095 5105 1218 5168 Πῶς
1243 5103 1334 5159 οὖν
1362 5124 1506 5169 τινες
1534 5107 1635 5180 τὴν
1667 5107 1894 5178 ζήτησιν

321 5194 524 5264 ταύτην
550 5195 781 5257 ἐλυσαν;
819 5195 933 5246 Οὐκ
964 5190 1030 5265 ἦν
1064 5190 1216 5258 οὗτος
1260 5198 1487 5269 Πέτρος,
1521 5199 1714 5270 φησὶν,
1756 5202 1896 5253 ἐκεῖ-

318 5305 430 5353 νος,
470 5290 499 5340 6
523 5287 631 5340 τῶν
674 5287 988 5340 ἀποστόλων
1018 5289 1255 5358 πρῶτος,
1297 5292 1326 5342 ὁ
1367 5293 1519 5362 παρά
1547 5292 1641 5345 τοῦ
1688 5293 1893 5365 Κυρίου

318 5380 384 5432 τὰ
413 5379 662 5450 πρόϐατα
687 5379 1012 5444 πιστευθεὶς,
1045 5379 1158 5432 ἀλλ’
1192 5380 1376 5452 ἕτερός
1417 5401 1502 5447 τις
1537 5384 1759 5453 εὐτελὴς
1800 5388 1893 5438 καὶ

319 5471 754 5542 ἀπερριμμένος,
781 5474 875 5524 καὶ
900 5471 1009 5524 τῶν
1043 5472 1255 5524 πολλῶν
1287 5468 1388 5537 εἷς.
1421 5476 1593 5531 Πόθεν
1620 5477 1777 5530 τοῦτο
1800 5478 1892 5548 δῆ-

317 5558 442 5625 λον;
474 5559 655 5615 Εἰπὼν
688 5562 716 5613 6
758 5561 989 5626 Παῦλος,
1029 5564 1111 5616 δτι
1145 5565 1568 5635 συναπήχθησαν
1603 5567 1751 5636 αὐτῷ
1798 5568 1891 5619 καὶ

315 5655 364 5705 οἱ
390 5651 564 5706 λοιποὶ
604 5653 868 5717 Ἰουδαῖοι,
902 5655 1171 5724 ἐπήγαγε,
1203 5656 1386 5724 φησὶν,
1420 5656 1599 5709 ’Ὡστε
1625 5656 1723 5710 καὶ
1749 5660 1890 5726 Βαρ-

315 5744 501 5811 νάϐας
540 5745 904 5815 συναπήχθη
935 5746 1132 5800 αὐτῶν
1165 5747 1238 5814 τῇ
1268 5749 1600 5816 ὑποκρίσει.
1633 5751 1707 5802 Τὸ
1740 5751 1795 5802 δέ
1824 5753 1889 5802 si-

319 5834 641 5899 πεῖν,’Ὠστε
662 5835 753 5889 [uti
781 5835 1103 5906 Αἰπυτίδας,
1133 5840 1420 5912 δηλοῦντός
1448 5845 1613 5907 ἐστιν,
1644 5843 1724 5895 ὅτι
1759 5844 1883 5896 πολὺ

3506 394 3608 450 58ί

2039 520 2198 579 τοῦτο
2230 520 2666 591 θαυμαστότερον
2694 511 2761 587 ἦν
2789 513 2884 569 τοῦ
2919 515 3124 588 Πέτρον
3153 512 3480 586 ἀπαχθῆναι.
3524 515 3608 580 Ὠς

2039 611 2148 682 γὰρ
2183 610 2403 682 μείζονα
2433 610 2593 664 αὑτὸν
2621 607 2808 671 τιθεὶς,
2841 607 3012 671 οὕτως
3042 603 3214 670 εἶπεν,
3245 607 3324 660 ὅτι
3354 605 3415 659 οὐ
3449 605 3610 676 μόνον

2039 703 2264 772 Πέτρος,
2321 701 2455 756 ἀλλά
2508 701 2600 754 καὶ
2653 701 2971 772 Βαρνάϐας·
3032 701 3239 770 Πέτρου
3289 700 3346 753 δὲ
3399 700 3608 753 ἐκείνου

2043 794 2244 863 μείζων
2283 791 2564 862 Βαρνάϐας
2587 793 2686 846 οὐκ
2723 787 2970 863 ἦν.Ἀλλ’
3008 794 3108 848 οὐκ
3142 792 3257 846 ἐστι
3285 791 3477 856 ταῦτα,
3509 793 3608 845 οὐκ

2038 885 2203 941 ἔστιν.
2248 885 2322 940 Οὐ
2357 885 2485 958 γὰρ,
2527 885 2718 952 ἐπειδὴ
2763 884 2962 954 μείζων
2991 881 3059 956 ἦν
3102 888 3130 938 6
3169 884 3485 956 Βαρνάϐας,
3520 885 3611 938 διὰ

2005 974 2193 1030 ’τοῦτο
2230 976 2323 1030 ἐπὶ
2367 975 2542 1044 τούτῳ
2570 973 2840 1043 θαυμάζει
2881 975 3100 1044 μᾶλλον,
3145 975 3281 1028 ἀλλά
3313 975 3456 1039 τίνος
3494 976 3609 1028 ἐνε-

2036 1081 2166 1130 κεν;
2198 1065 2316 1122 ’Ότι
2350 1067 2556 1125 ἐκεῖνος
2599 1065 2696 1134 μὲν
2725 1067 2804 1126 είς
2834 1065 2932 1133 τὴν
2970 1065 3269 1136 περιτομὴν
3300 1067 3604 1136 ἀπεστάλη,

2035 1155 2319 1226 Βαρνάϐας
2339 1156 2394 1210 δὲ
2429 1158 2566 1226 μετά
2595 1155 2807 1211 Παύλου
2828 1159 2940 1219 τοῖς
2963 1155 3170 1208 ἔθνεσιν
3201 1158 3486 1228 ἐκήρυττε,
3510 1159 3607 1210 καὶ

2035 1247 2308 1316 πανταχοῦ
2337 1246 2416 1316 τῷ
2455 1246 2650 1317 Παύλῳ
2686 1247 3072 1312 συνέζευκται·
3109 1245 3299 1318 ὥσπερ
3323 1242 3415 1302 οὖν
3441 1247 3606 1300 ἀλλα-

2032 1337 2129 1407 χοῦ
2161 1355 2344 1408 φησιν,
2374 1340 2442 1394 Ἦ
2459 1339 2643 1408 μόνος
2671 1337 2784 1407 ἐγὼ
2810 1338 2909 1392 καί
2929 1338 3238 1406 Βαρνάϐας
3257 1341 3368 1396 οὐκ
3388 1340 3608 1409 ἔχομεν

2031 1431 2325 1494 ἐξουσίαν
2354 1430 2460 1485 τοῦ
2485 1430 2570 1500 μὴ
2607 1429 2984 1500 ἐργάζεσθαι;
3015 1432 3110 1485 καὶ
3140 1431 3325 1499 πάλιν,
3369 1431 3608 1500 Ἀνέϐην

2031 1523 2119 1586 εἰς
2157 1521 2533 1589 Ἰεροσόλυμα
2550 1521 2702 1596 μετὰ
2722 1519 3014 1590 Βαρνάϐα,
3039 1523 3133 1578 καὶ
3164 1523 3436 1594 πανταχοῦ
3468 1527 3608 1596 μετά

2029 1614 2123 1667 τοῦ
2160 1614 2373 1672 Παύλου
2416 1614 2732 1668 διδάσκοντα
2763 1617 2924 1670 αὑτὸν
2951 1618 3103 1688 ὁρᾷς.
3141 1617 3256 1672 Οὐκ
3291 1617 3477 1688 ἐπειδὴ
3513 1613 3605 1672 οῦν

2033 1705 2234 1776 μείζων
2255 1702 2324 1777 ἦν
2350 1706 2582 1777 Πέτρου,
2604 1707 2692 1762 διὰ
2715 1708 2872 1778 τοῦτο
2892 1706 3188 1778 θαυμάζει,
3215 1709 3298 1762 ὅτι
3328 1710 3422 1762 καὶ
3444 1709 3606 1772 αὐτὸς

2030 1800 2380 1871 συναπήχθη·
2413 1800 2526 1854 ἀλλ’
2567 1800 2756 1867 ἐπειδὴ
2799 1801 2917 1871 μετ’
2957 1800 3122 1854 αὐτοῦ
3157 1801 3444 1871 κηρύττων
3494 1801 3604 1867 ἀεὶ,

2029 1893 2124 1946 καὶ
2151 1893 2304 1946 οὐδὲν
2337 1893 2516 1948 κοινὸν
2544 1893 2681 1964 πρὸς
2731 1893 3019 1958 Ἰουδαίους
3060 1892 3221 1964 ἔχων,
3247 1894 3360 1948 ἀλλ’
3395 1895 3452 1948 ἐν
3491 1897 3606 1957 τοῖς

2027 1983 2206 2038 ἔθνεσι
2237 1985 2525 2049 διδάσκων,
2557 1985 2652 2038 καὶ
2677 1985 2836 2049 αὐτὸς
2875 1986 3216 2058 συναπήχθη.
3251 1986 3374 2040 Ὀτι
3407 1987 3463 2040 δὲ
3495 1986 3605 2042 Πι-

2024 2095 2154 2147 τρος
2187 2078 2322 2140 ἐστὶ,
2354 2077 2484 2148 περὶ
2519 2070 2580 2130 οὗ
2609 2078 2781 2132 ταῦτα
2823 2078 3002 2131 πάντα
3035 2081 3201 2148 φησὶ,
3231 2078 3390 2149 δῆλον
3421 2080 3512 2132 καὶ
3537 2079 3603 2131 ἐκ

2024 2170 2130 2222 τῶν
2172 2169 2448 2239 ἀνωτέρω,
2483 2173 2578 2223 καὶ
2621 2172 2686 2222 ἐκ
2726 2169 2834 2223 τῶν
2868 2169 3006 2240 μετά
3042 2169 3234 2224 ταῦτα,
3288 2170 3361 2222 Τὸ
3390 2169 3498 2239 γὰρ
3530 2171 3603 2221 εἰ-

2026 2263 2149 2312 πεῖν
2175 2299 2188 2322 ,
2231 2261 2313 2312 δτι
2349 2261 2507 2314 Κατὰ
2549 2261 2840 2330 πρόσωπον
2871 2259 3020 2329 αὐτῷ
3068 2260 3356 2330 ἀντέστην,
3389 2260 3483 2312 καὶ
3525 2260 3601 2323 ὡς

2027 2352 2169 2420 μέγα
2205 2349 2378 2403 θεῖναι
2416 2349 2596 2407 τοῦτο.
2637 2349 2788 2402 οὐδὲν
2818 2349 3006 2419 ἕτερον
3039 2348 3326 2419 δηλοῦντος
3359 2344 3448 2420 ἦν,
3483 2345 3598 2402 ἀλλ’

2021 2442 2055 2512 ἢ
2083 2443 2166 2494 ὅτι
2203 2443 2301 2496 οὐκ
2332 2440 2532 2513 ᾐδέσθη
2573 2439 2667 2516 τοῦ
2703 2439 2994 2510 προσώπου
3023 2441 3084 2493 τὸ
3123 2440 3367 2512 ἀξίωμα·
3403 2441 3504 2495 οὐκ
3533 2441 3600 2496 ἂν

2021 2535 2078 2588 δέ
2107 2533 2234 2604 περὶ
2264 2533 2453 2602 ἐτέρου
2475 2532 2670 2599 λέγων,
2691 2533 2774 2584 ὅτι
2807 2533 2961 2586 Κατὰ
2988 2533 3277 2606 πρόσωπον
3304 2532 3453 2602 αὐτῷ
3481 2534 3602 2588 ἀντ·

2023 2625 2205 2693 έστην,
2243 2625 2320 2688 ὼς
2357 2626 2500 2694 μέγα
2537 2641 2590 2676 τι
2631 2622 2791 2677 τοῦτο
2827 2623 2892 2677 ἂν
2924 2623 3109 2694 ἔθηκε.
3149 2625 3340 2688 Πάλιν,
3367 2628 3416 2680 εἰ
3441 2626 3599 2690 ἄλλος

2012 2713 2088 2787 ,ῆν
2113 2717 2341 2788 Πέτρος,
2362 2717 2462 2770 οὐκ
2483 2715 2548 2769 ἂν
2570 2719 2603 2785 ἡ
2640 2716 2971 2786 μετάστασις
2995 2716 3160 2770 αὑτοῦ
3182 2719 3431 2772 τοσοῦτον
3457 2719 3601 2791 ἴσχυ-

2023 2827 2138 2874 σεν,
2165 2809 2305 2862 ὥστε
2331 2809 2422 2862 καὶ
2446 2808 2575 2871 τοὺς
2595 2808 2811 2872 λοιποὺς
2841 2809 3245 2878 ἐφελκύσασθαι
3289 2809 3595 2885 Ἰουδαίους·

2020 2901 2143 2954 οὔτε
2172 2900 2280 2971 γὰρ
2307 2901 2583 2972 παρῄνεσέ
2613 2919 2687 2964 τι,
2719 2898 2842 2953 οὔτε
2879 2901 3318 2965 συνεϐούλευσεν,
3339 2902 3471 2956 ἀλλά
3503 2903 3598 2972 μό-

2019 3011 2108 3048 νον
2142 2993 2457 3057 ύπέστελλε,
2495 2995 2590 3048 καὶ
2625 2994 2898 3066 ἀφώριζεν
2925 2996 3143 3050 ἑαυτόν·
3181 2997 3276 3048 καὶ
3315 2995 3533 3066 ἴσχυσεν
3563 2999 3596 3067 ή

2019 3087 2288 3158 ύποστολὴ
2318 3088 2413 3140 καὶ
2436 3089 2462 3139 6
2491 3089 2796 3159 ἀφορισμὸς
2818 3089 3025 3151 πάντας
3044 3089 3450 3144 ἐπισπάσασθαι
3471 3091 3595 3151 τοὺς

2022 3183 2270 3255 μαθητὰς
2299 3184 2386 3237 διὰ
2417 3183 2478 3236 τὸ
2505 3183 2598 3236 τοῦ
2628 3183 2919 3254 προσώπου
2951 3184 3189 3255 ἀξίωμα.

2090 3273 2188 3339 ις’.
2208 3274 2331 3327 ’Ότι
2360 3274 2456 3344 μὲν
2485 3268 2578 3326 οῦν
2610 3273 2814 3345 Πέτρος
2841 3269 2932 3345 ἦν,
2962 3277 3026 3327 ἐκ
3048 3273 3252 3327 τούτων
3267 3273 3443 3343 δῆλον·
3472 3275 3595 3327 είδέ

2021 3370 2293 3440 βούλεσθε,
2331 3371 2426 3422 καὶ
2469 3369 2566 3441 τὴν
2615 3371 2810 3440 ἑτέραν
2854 3369 3008 3424 λύσιν
3056 3369 3308 3442 ἐροῦμεν.
3360 3370 3456 3434 Τίς
3502 3366 3594 3424 οὖν

2017 3470 2165 3521 ἐστιν
2196 3471 2229 3539 ἠ
2259 3468 2458 3539 ἐτέρα;
2504 3468 2699 3532 Καλῶς
2735 3469 3023 3522 ἐνεκάλεσε
3057 3467 3289 3531 Παῦλος,
3321 3470 3474 3538 φησὶ,
3515 3468 3594 3538 τῷ

2018 3561 2233 3631 Πέτρῳ,
2262 3561 2344 3612 ὅτι
2372 3560 2516 3629 πέρα
2543 3558 2637 3612 τοῦ
2667 3560 2868 3629 μέτρου
2897 3562 2964 3630 τῇ
2994 3559 3401 3628 συγκαταϐάσει
3430 3561 3594 3631 ἐχρή-

2015 3671 2167 3708 σατο.
2200 3655 2310 3706 Καὶ
2334 3652 2442 3722 γὰρ
2473 3651 2531 3704 ὃν
2563 3651 2762 3722 τρόπον
2791 3651 2951 3714 αὐτὸς
2988 3652 3046 3703 ἐν
3084 3651 3475 3722 Ἱεροσολύμοις
3501 3669 3594 3720 γεο

2013 3747 2236 3815 νὸμενος
2286 3741 2598 3813 συγκατέϐη
2645 3745 2756 3805 τοῖς
2801 3741 3110 3807 Ἰουδαίοις,
3153 3742 3298 3795 οὕτω
3344 3744 3594 3798 κάκεῖνον

2011 3838 2199 3908 ἐχρῆν,
2255 3836 2441 3905 φησὶν,
2502 3835 2582 3896 εὶς
2651 3833 2982 3903 Ἀντιόχειαν
3034 3831 3288 3895 ἐλθόντα,
3342 3832 3417 3902 μὴ
3453 3835 3590 3903 πρὸς

2024 3929 2308 3990 Ἰουδαίους
2350 3928 2512 3988 ἰδεῖν,
2547 3925 2683 3978 ἀλλά
2727 3925 2863 3996 πρὸς
2896 3925 3021 3987 τοὺς
3054 3923 3116 3988 ἐξ
3154 3924 3346 3976 ἐθνῶν.
3380 3925 3589 3995 Ὥσπερ

2011 4022 2119 4092 γὰρ
2145 4021 2308 4091 ἡνίκα
2332 4019 2532 4080 πάντες
2574 4016 2820 4069 Ἰουδαῖοι
2847 4011 3010 4086 ἦσαν,
3046 4015 3140 4067 καὶ
3171 4013 3385 4077 Παῦλος
3420 4020 3588 4083 ἠναγ-

2009 4108 2186 4179 κάσθη
2235 4107 2552 4171 ἰουδαΐζειν·
2592 4105 2765 4168 οὕτως
2816 4103 2944 4157 ἔνθα
2995 4103 3214 4167 πλείους
3261 4103 3400 4176 ἦσαν
3438 4107 3486 4158 οἱ
3527 4105 3588 4172 ἐξ

2009 4200 2201 4264 ἐθνῶν,
2224 4201 2317 4252 καὶ
2342 4202 2375 4270 ή
2398 4198 2550 4261 πόλις
2579 4195 2835 4267 οὐδεμίαν
2860 4196 3108 4266 ἀνάγκην
3133 4199 3362 4266 παρεῖχε
3385 4213 3589 4264 συγκα-

2007 4291 2311 4354 ταϐάσεως.
2362 4291 2462 4342 οὐκ
2507 4290 2675 4360 ἐχρῆν
2713 4287 2802 4342 διὰ
2848 4290 2974 4351 τοὺς
3023 4288 3240 4357 ὀλίγους
3299 4289 3586 4353 Ἰουδαίους

2008 4383 2356 4438 σκανδαλίσαι
2401 4382 2526 4445 τοὺς
2564 4381 2852 4444 τοσούτους
2890 4380 3042 4453 [575]
3085 4381 3374 4451 Ἕλληνας.
3425 4382 3587 4436 Ἀλλὰ

2004 4477 2165 4530 τοῦτο
2191 4475 2291 4530 οὐκ
2321 4474 2434 4527 ἐστι
2467 4473 2620 4535 λύσις
2639 4512 2655 4535 ,
2690 4473 2805 4525 ἀλλ’
2844 4474 3092 4536 ἐπίτασις
3124 4472 3217 4526 τοῦ
3248 4475 3581 4545 ζητήματος.

2012 4571 2078 4620 Ὃ
2113 4567 2221 4636 γὰρ
2253 4565 2556 4636 ἀρχόμενος
2587 4559 2739 4617 εἷπον
2768 4563 2858 4616 τοῦ
2888 4564 3067 4632 λόγου,
3100 4563 3161 4617 οὐ
3195 4564 3353 4618 τοῦτό
3384 4566 3500 4618 ἐστι
3523 4565 3584 4618 τὸ

2007 4659 2443 4728 σπουδαζόμενον
2488 4657 2658 4726 ἡμῖν,
2695 4655 2865 4720 δεῖξαι
2922 4656 3004 4708 ὅτι
3056 4655 3238 4718 καλῶς
3293 4655 3582 4710 ἐνεκάλεσε

2008 4751 2214 4815 Παῦλος
2235 4764 2248 4777 ⁸
2284 4750 2407 4802 ἐπεὶ
2433 4748 2574 4802 οὕτω
2609 4750 2761 4819 μενεῖ
2786 4747 2846 4800 τὸ
2873 4747 3114 4818 ζήτημα.
3142 4749 3446 4819 Φανήσεται
3472 4748 3582 4819 γὰρ

2007 4841 2305 4905 ὑπεύθυνος
2328 4840 2404 4894 ὣν
2431 4843 2551 4904 ταῖς
2586 4839 2856 4909 μέμψεσιν
2887 4841 2916 4891 6
2944 4839 3179 4908 Πέτρος·
3210 4840 3272 4891 τὸ
3303 4839 3360 4892 δέ
3389 4840 3580 4910 ζητού-

2008 4954 2187 5008 μενον,
2214 4937 2309 4989 καί
2331 4933 2520 4988 τοῦτον
2553 4934 2804 4987 κάκεῖνον
2831 4931 3137 4996 ἀπαλλάξαι
3162 4931 3270 4984 τῶν
3300 4932 3580 5002 ἐγκλημά-

2003 5031 2131 5084 τῶν.
2158 5029 2280 5092 Πῶς
2309 5025 2402 5081 οὖν
2435 5027 2588 5080 ἔσται
2611 5024 2801 5089 τοῦτο;
2835 5025 2931 5078 Ἂν
2959 5023 3058 5094 τὴν
3083 5021 3328 5091 γνώμην,
3367 5022 3486 5092 μεθ’
3510 5019 3580 5093 ἧς

2000 5127 2028 5177 6
2071 5123 2170 5192 μέν
2211 5122 2562 5191 ἐπετίμησεν,
2610 5120 2639 5172 6
2687 5118 2744 5170 δέ
2777 5115 3106 5186 ἐπετιμήθη,
3147 5114 3427 5186 μάθωμεν,
3484 5117 3579 5169 καὶ

2001 5219 2100 5287 τὴν
2131 5215 2371 5268 διάνοιαν
2411 5213 2581 5282 αὐτὴν
2624 5209 3041 5280 ἀναπτύξωμεν.
3083 5209 3177 5270 Τίς
3215 5204 3308 5262 οὖν
3347 5212 3495 5261 ἐστιν
3541 5211 3574 5277 ἡ

1999 5309 2237 5371 διάνοια;
2276 5305 2490 5375 Σφόδρα
2517 5306 2546 5356 6
2574 5302 2780 5372 Πέτρος
2819 5300 3084 5369 ἐπεθύμει
3111 5300 3206 5353 καὶ
3231 5300 3358 5361 τοὺς
3386 5301 3444 5366 ἐξ
3483 5300 3576 5351 Ἰε-

2005 5398 2316 5472 ροσολύμων
2347 5396 2724 5457 κατελθόντας,
2754 5395 2882 5456 τοὺς
2927 5393 3036 5446 ἀπὸ
3087 5391 3362 5454 Ἰακώϐου,
3401 5391 3575 5443 ἀπαλ-

1999 5489 2158 5554 λάξαι
2196 5489 2294 5558 τῆς
2345 5485 2783 5556 παρατηρήσεως
2829 5483 2927 5550 τῆς
2973 5480 3288 5550 Ἰουδαῖκῆς.
3353 5479 3490 5532 Ἀλλ’
3525 5481 3573 5532 εί

2003 5585 2101 5655 μὲν
2139 5581 2302 5643 αὐτὸς
2331 5579 2536 5645 ταύτην
2566 5579 2896 5646 εἰσηγήσατο
2937 5574 3036 5644 τὴν
3066 5574 3312 5643 γνώμην,
3354 5573 3447 5626 καὶ
3476 5591 3574 5625 πα-

2001 5677 2204 5750 ρελθὼν
2237 5672 2357 5727 εἶπε
2379 5712 2393 5735 ,
2422 5670 2706 5725 Παύσασθε
2739 5673 2852 5732 τοῖς
2897 5668 3202 5729 Ἰουδαϊκοῖς
3243 5667 3389 5718 ἔθεσι
3429 5666 3572 5736 χρώ-

2001 5786 2170 5840 μενοι,
2218 5767 2293 5830 ώς
2339 5763 2555 5818 ἐναντία
2601 5761 2780 5831 ἐαυτῷ
2813 5760 3159 5831 δημηγορῶν,
3195 5761 3287 5812 καὶ
3323 5761 3434 5821 τοῖς
3480 5759 3572 5811 ὑπ’

1999 5860 2162 5916 αὑτοῦ
2190 5858 2578 5928 γεγενημένοις
2620 5853 2789 5909 ἅπασι
2821 5855 2960 5908 κατά
2989 5853 3079 5908 τὸν
3109 5851 3415 5925 ἔμπροσθεν
3449 5855 3573 5922 χρδ»
