4020 6370
1851 172 1895 228 I-

467 401 571 458 585

470 537 578 587 νον,
616 517 998 575 ἐσκανδάλισεν
1027 519 1095 574 ἀν
1121 520 1251 584 τοὺς
1291 519 1561 592 μαθητάς.
1598 519 1789 585 Πάλιν,
1819 522 1868 574 εἰ
1895 519 2045 574 Παῦσ-

467 614 561 676 λος
603 612 736 683 πρὸς
763 611 960 675 αὐτοὺς
992 609 1184 664 τοῦτον
1219 608 1471 664 ἀπέτεινε
1500 608 1593 663 τὸν
1620 609 1797 679 λόγον,
1831 609 1942 665 οὐδ’
1979 609 2046 663 ἀν

468 705 789 779 προσέσχον,
815 703 925 757 οὐδ’
953 701 1020 756 ἂν
1044 703 1338 773 ἠνέσχοντο
1357 701 1462 772 τῆς
1486 701 1823 772 ἀκροάσεως.
1850 701 1915 754 Οί
1936 703 2046 772 γὰρ

468 795 566 849 καὶ
594 795 761 865 χωρὶς
788 792 977 847 τούτου
1013 791 1298 864 μισοῦντες
1330 791 1494 846 αὐτὸν
1518 793 1613 844 καὶ
1635 791 2048 862 ἀποστρεφόμε-

469 903 549 939 νοι
575 885 663 938 διά
695 884 792 954 τὴν
821 883 1080 955 τοιαύτην
1129 885 1338 955 φήμην,
1381 882 1560 954 πολλῷ
1608 881 1840 953 μᾶλλον,
1871 883 1920 935 εί
1952 882 2048 936 καὶ

471 974 927 1048 συμϐουλεύοντος
955 974 1129 1029 ταῦτα
1153 975 1416 1046 ἥκουσαν,
1449 973 1809 1044 ἀπεπήδησαν
1845 973 1933 1028 ἀν.
1971 973 2039 1026 Τί

467 1060 562 1120 οὖν
605 1065 852 1134 γίνεται;
910 1063 1185 1127 Ἰουδαίοις
1227 1065 1327 1134 μὲν
1365 1064 1541 1127 οὐδεὶς
1581 1062 1764 1117 αὐτῶν
1805 1063 2044 1132 ἐπετίμα

467 1156 580 1217 τοῖς
612 1153 672 1219 ἐξ
725 1151 1002 1215 Ἰακώϐου,
1040 1150 1254 1222 δέχεται
1298 1152 1356 1205 δὲ
1397 1152 1502 1224 τὴν
1529 1152 1852 1223 ἐπιτίμησιν
1883 1151 1912 1204 0
1943 1151 2046 1204 Πέ-

467 1261 595 1315 τρος
632 1242 786 1314 παρά
828 1241 925 1296 τοῦ
960 1243 1211 1310 Παύλου,
1250 1241 1338 1296 ἵνα
1382 1243 1784 1316 ἐγκαλούμενος
1814 1243 1920 1298 ὑπὸ
1949 1244 2044 1298 τοῦ

469 1334 904 1400 συναποστόλου,
937 1333 1150 1392 δικαίαν
1197 1334 1312 1406 ἐχοι
1359 1336 1545 1390 λοιπὸν
1592 1337 1693 1408 τὴν
1729 1338 2046 1410 παρρησίαν

464 1425 562 1481 ⁴τοῦ
605 1429 700 1482 καὶ
738 1429 855 1492 τοῖς
897 1426 1168 1499 μαθηταῖς
1212 1427 1546 1499 ἐπιπλῆξαι·
1579 1428 1676 1482 καὶ
1722 1429 2044 1498 ἐπιτιμᾶται

468 1519 568 1590 μὲν
601 1521 630 1574 0
658 1519 886 1591 Πέτρος,
919 1518 1258 1590 διορθοῦνται
1295 1518 1353 1574 δέ
1384 1521 1435 1573 οί
1476 1519 1738 1592 μαθηταί.
1771 1519 1943 1574 Τοῦτο
1987 1519 2045 1573 δέ

465 1612 562 1664 καὶ
588 1611 682 1664 ἐπὶ
701 1610 1166 1682 συναλλαγμάτων
1188 1611 1408 1679 γίνεται
1425 1611 1714 1684 βιωτικῶν.
1740 1612 1910 1667 Ὅταν
1935 1611 2046 1685 γάρ

465 1719 611 1767 ⁴τινες
641 1702 896 1773 ὀφείλωσί
926 1719 1048 1757 τινα
1073 1702 1408 1774 ἐλλείμματα
1437 1704 1728 1758 πολιτικῶν
1753 1703 2044 1777 εἰσφορῶν,

465 1792 583 1849 εἶτα
609 1797 657 1848 οἱ
694 1795 980 1866 μέλλοντες
1013 1796 1213 1860 αὐτοὺς
1246 1797 1516 1861 ἀπαιτεῖν,
1554 1798 1916 1868 αἰσχύνωνται
1951 1799 2047 1853 καὶ

466 1887 758 1960 ἐρυθριῶσι
807 1889 1238 1961 προσενεχθῆναι
1285 1890 1665 1962 σφοδρότερον,
1730 1890 2045 1965 βουλόμενοι

464 1979 684 2033 πλείονα
709 1979 893 2044 λαϐεῖν
916 1981 1172 2056 ἀφορμὴν
1199 1982 1293 2036 καὶ
1315 1981 1564 2046 ἐξουσίαν
1589 1983 1690 2054 τῆς
1719 1985 1838 2037 κατ’
1867 1984 2045 2038 αὐτῶν

463 2067 841 2140 σφοδρότητος,
875 2069 1388 2143 παρασκευάζουσιν
1416 2072 1636 2144 ἐτέρους
1669 2073 1778 2126 τῶν
1806 2089 2045 2145 συστρα-

461 2158 672 2220 τιωτῶν
700 2158 985 2225 ἀποδῦσαι,
1007 2159 1447 2231 λοιδορήσασθαι,
1474 2160 1641 2232 μυρία
1665 2161 1830 2232 ἔτερα
1861 2163 2045 2226 αὐτοῖς

463 2251 724 2305 διαθεῖναι
754 2252 904 2306 δεινά
939 2250 1192 2323 ὁρώντων
1231 2251 1486 2315 ἐκείνων,
1523 2251 1611 2305 ἵνα
1654 2252 1857 2306 τούτων
1890 2270 2042 2322 γενο-

466 2343 666 2413 μένων,
717 2343 916 2414 μηκέτι
942 2345 1073 2415 παρ’
1113 2344 1359 2412 ἐαυτῶν,
1397 2345 1532 2417 μηδέ
1570 2344 1804 2408 οἴκοθεν,
1836 2343 1950 2398 ἀλλ’
1981 2347 2045 2398 ἐκ

461 2435 564 2506 τῆς
601 2435 805 2506 ἐτέρων
853 2435 1104 2508 ἀνάγκης
1143 2438 1376 2497 δοκῶσιν
1406 2439 1657 2508 ⁸ἐκείνοις
1691 2437 2044 2510 σφοδρότερον

463 2519 805 2582 ἐπιτίθεσθαι
825 2545 839 2560 ·
872 2529 968 2584 καὶ
994 2529 1204 2599 γίνεται
1231 2533 1266 2604 ή
1297 2532 1499 2603 ἐτέρων
1529 2531 1683 2602 ὕϐρις
1709 2532 1891 2595 αὐτοῖς
1913 2531 2045 2586 ἀπο-

464 2619 620 2689 λογία
651 2621 789 2692 πρὸς
810 2624 938 2686 τοὺς
960 2623 1294 2689 ὑπευθύνους
1313 2625 1439 2690 τοὺς
1463 2624 1688 2679 ἑαυτῶν.

539 2709 623 2776 ιζ’.
645 2711 817 2766 Τοῦτο
839 2713 934 2766 καὶ
961 2715 1054 2768 ἐπὶ
1081 2714 1295 2770 Παύλου
1324 2716 1420 2771 καὶ
1449 2717 1540 2770 ἐπὶ
1568 2715 1772 2786 Πέτρου
1797 2713 2041 2784 γέγονεν.

467 2803 718 2874 ὀφειλον
752 2805 860 2878 γάρ
891 2823 1012 2861 τινα
1056 2808 1393 2880 ἐλλείμματα
1431 2810 1481 2861 οἱ
1527 2808 1787 2862 Ἰουδαῖοι.
1821 2808 1954 2861 Ποῖα
1981 2806 2046 2879 δή

463 2899 670 2964 ταῦτα;
713 2900 787 2953 Τὸ
821 2901 1100 2966 παντελῶς
1157 2901 1462 2972 ἀποστῆναι
1519 2901 1614 2955 τοῦ
1684 2898 2042 2970 Ἰουδαῖσμοῦ.

477 2993 807 3063 Ἀπαιτῆσαι
827 2994 1001 3049 ταῦτα
1032 2994 1101 3048 τὰ
1130 2994 1470 3066 ἐλλείμματα
1504 2993 1860 3065 σφοδρότερον
1886 2993 1916 3044 0
1944 2992 2049 3045 Πέ-

463 3097 592 3152 τρος
623 3080 896 3147 ἐϐούλετο,
947 3085 1042 3137 καὶ
1079 3083 1326 3156 καθαρὰν
1360 3083 1758 3156 εἰσπράξασθαι
1798 3085 1928 3154 παρ’
1949 3083 2047 3136 αύ-

463 3169 574 3224 τῶν
606 3171 706 3241 τὴν
748 3171 955 3224 πίστιν.
1007 3173 1340 3244 Βουλόμενος
1385 3175 1564 3228 τοίνυν
1600 3174 1820 3228 πλείονα
1861 3173 2048 3241 λαϐεῖν

464 3261 716 3326 ἐξουσίαν
747 3263 841 3316 καὶ
872 3264 1126 3336 ἀφορμὴν
1153 3265 1252 3336 τῆς
1275 3265 1532 3336 τοιαύτης
1562 3266 1920 3339 εἰσπράξεως,
1939 3283 2046 3320 πα-

468 3352 800 3424 ρασκευάζει
831 3355 923 3409 τὸν
948 3355 1160 3411 Παῦλον
1191 3359 1521 3429 ἐπιτιμῆσαι
1559 3358 1676 3430 μεθ’
1720 3357 2047 3430 ὑπερϐολῆς,

466 3444 564 3505 καὶ
601 3441 916 3512 ἐπιπλῆξαι,
949 3444 1036 3501 ἵνα
1091 3447 1124 3516 ἡ
1169 3445 1496 3511 ἐπίπλαστος
1547 3446 1862 3519 ἐπιτίμησις
1906 3447 2046 3521 αῦτη

466 3531 682 3585 δικαίαν
721 3533 870 3602 αὐτῷ
900 3535 1212 3606 παρρησίας
1240 3539 1359 3597 κατ’
1387 3539 1610 3591 ἐκείνων
1636 3538 1886 3622 ἀφορμὴν
1914 3558 2051 3614 παρ·

466 3621 570 3693 έχῃ
607 3623 702 3675 καὶ
738 3623 1032 3694 πρόφασιν..
1077 3625 1176 3691 Διά
1203 3627 1360 3691 τοῦτο
1409 3630 1504 3691 καὶ
1535 3621 1859 3700 ἀρχόμενός
1891 3649 2046 3702 φησι,

467 3715 628 3777 Κατὰ
662 3717 988 3783 πρόσωπον
1019 3719 1180 3785 αὐτῷ
1208 3721 1528 3788 ἀντέστην·
1554 3725 1647 3778 καὶ
1674 3726 1905 3781 ἐνταῦθα
1943 3728 2049 3785 πά-

468 3807 574 3872 λιν,
618 3804 808 3872 Εἷπον
838 3807 918 3874 τῷ
949 3809 1146 3878 Πέτρῳ
1183 3812 1524 3881 ἔμπροσθεν
1555 3815 1812 3871 πάντων.
1855 3819 1917 3874 Εί
1951 3820 2050 3891 μὲν

467 3899 579 3972 γὰρ
605 3900 696 3963 τὸν
729 3901 1026 3964 ἀπόστολον
1054 3902 1448 3975 διορθώσασθαι
1469 3905 1739 3971 ἐϐούλετο,
1757 3911 1878 3963 κατ’
1913 3912 2050 3967 ἰδίαν

466 3989 534 4048 ἂν
565 3990 723 4052 τοῦτο
745 3992 1019 4062 ἐποίησεν·
1049 3992 1236 4064 ἐπειδὴ
1272 3993 1328 4046 δέ
1360 3995 1422 4048 ού
1453 3995 1609 4050 τοῦτο
1636 3992 1704 4067 ἦν
1728 3998 1788 4051 τὸ
1819 4000 2050 4067 σπουδα-

467 4082 694 4155 ζόμενον
715 4085 854 4163 (ᾔδει
879 4083 986 4155 γάρ
1012 4085 1109 4156 τὴν
1129 4085 1374 4157 γνώμην,
1395 4087 1513 4158 μεθ’
1539 4084 1608 4162 ἦς
1635 4089 1850 4144 ἅπαντα
1874 4092 2049 4148 ταῦτα

467 4176 689 4246 ἐποίει),
729 4175 847 4231 ἀλλ’
878 4177 1123 4245 ἐκείνους
1150 4177 1314 4250 μέχρι
1332 4179 1527 4234 πολλοῦ
1554 4181 1888 4251 χωλεύοντας
1918 4201 2049 4256 στη-

471 4264 618 4337 ρίξαι
650 4265 972 4335 ἐσπούδαζε,
996 4266 1086 4335 διά
1110 4266 1269 4326 τοῦτο
1308 4268 1619 4341 ἔμπροσθεν
1649 4271 1867 4340 πάντων
1901 4273 2047 4348 [576]

467 4359 702 4420 ποιεῖται
723 4357 822 4428 τὴν
853 4358 1193 4429 ἐπιτίμησιν,
1236 4359 1297 4421 ’0,
1327 4359 1383 4413 δέ
1412 4361 1615 4433 Πέτρος
1653 4353 1922 4435 ἀνέχεται,
1953 4367 2050 4426 καὶ

469 4449 618 4520 σιγᾷ,
647 4450 741 4512 καὶ
763 4450 864 4510 οὐκ
891 4449 1186 4518 ἀντιλέγει,
1205 4450 1357 4522 ᾝδει
1387 4452 1497 4524 γὰρ
1522 4453 1619 4525 τὴν
1646 4455 1890 4527 γνώμην,
1927 4458 2048 4530 μεθ’

465 4534 535 4612 ἧς
566 4542 594 4594 0
639 4539 850 4604 Παῦλος
894 4541 1152 4612 ἐπετίμα·
1193 4543 1286 4605 καὶ
1311 4542 1374 4602 τὸ
1402 4546 1511 4606 πᾶν
1538 4547 1567 4598 ὁ
1597 4547 1800 4618 Πέτρος
1834 4549 2042 4622 κατώρ-

467 4630 608 4690 θωσε
636 4631 889 4701 σιγήσας.
939 4630 1001 4692 Ἡ
1049 4631 1158 4702 γὰρ
1211 4631 1398 4698 τούτου
1433 4635 1558 4708 σιγὴ
1592 4635 1909 4700 διδασκαλία
1935 4642 2050 4705 τοῖς

478 4721 754 4785 Ἰουδαίοις
783 4721 1003 4790 ἐγένετο
1024 4722 1116 4775 τοῦ
1138 4724 1335 4794 μηκέτι
1353 4729 1465 4790 τοῖς
1483 4727 1730 4798 νομίμοις
1746 4731 2046 4801 ἐνέχεσθαι.

465 4817 544 4880 Ού
566 4814 677 4886 γάρ
705 4814 770 4869 ἂν
801 4816 829 4868 0
853 4813 1174 4884 διδάσκαλος
1201 4817 1452 4888 ἐσίγησε,
1487 4822 1674 4892 φησὶν,
1699 4823 1752 4892 εί
1780 4824 1857 4896 μὴ
1889 4827 2050 4900 συνῄ.

463 4906 545 4960 δει
571 4904 796 4970 δικαίως
841 4905 1165 4975 ἐπιτιμῶντι
1199 4905 1276 4977 τῷ
1309 4908 1528 4980 Παύλῳ.
1595 4912 1733 4975 neme
1787 4917 1835 4968 εἰ
1882 4915 2049 4982 δοκεῖ,

467 4999 564 5052 καὶ
587 4998 757 5068 αὐτῆς
806 4997 903 5068 τῆς
951 4999 1319 5070 ἐπιτιμήσεως
1365 5001 1709 5074 ἀκούσωμεν.
1734 5002 1925 5066 Εἶπον
1972 4984 2051 5075 τῷ

467 5086 665 5154 Πέτρῳ
693 5086 934 5154 πάντων
963 5089 1321 5158 ἔμπροσθεν,
1356 5093 1538 5164 φησὶν,
1566 5095 1635 5167 Et
1658 5095 1740 5150 σὺ
1778 5095 2051 5167 Ἰουδαῖος

466 5177 775 5247 ὑπάρχων,
808 5177 1055 5246 ἐθνικῶς
1089 5178 1211 5249 ζῇς.
1245 5180 1444 5235 Σκόπει
1491 5183 1725 5253 σύνεισιν·
1768 5187 1871 5256 οὐκ
1897 5185 2050 5245 εἶπεν

467 5267 636 5338 αὐτῷ,
671 5268 752 5321 ὅτι
782 5267 980 5342 Κᾳκῷς
1012 5258 1185 5340 ποιεῖς
1217 5272 1522 5341 Ἰουδαϊκῶς
1543 5275 1671 5340 ζῶν·
1700 5277 1814 5346 ἀλλ’
1837 5257 2048 5354 ἐλέγχει

465 5358 630 5427 αὑτοῦ
688 5359 788 5430 τὴν
853 5362 1124 5433 προτέραν
1163 5363 1529 5437 ἀναστροφὴν,
1572 5368 1658 5438 ἶνα
1714 5369 1788 5442 μὴ
1831 5373 1898 5426 ἐκ
1947 5374 2049 5444 τῆς

465 5451 682 5517 Παύλου
720 5449 948 5524 γνώμης
975 5454 1008 5523 ἠ
1039 5455 1365 5526 παραίνεσις
1413 5459 1508 5515 καὶ
1536 5460 1570 5531 ή
1602 5445 1900 5536 συμϐουλὴ,
1931 5465 2047 5538 ἀλλ’

465 5547 531 5604 ἐκ
557 5546 657 5615 τῆς
692 5545 905 5616 Πέτρου,
932 5545 1166 5616 κρίσεως
1190 5547 1287 5618 τῆς
1314 5547 1415 5620 ἤδη
1446 5553 1817 5625 γεγενημένης
1847 5559 2050 5631 sicam-

463 5636 650 5709 νέχθαι
695 5638 848 5707 δοκῇ.
892 5637 954 5690 El
1016 5637 1115 5708 μὲν
1145 5640 1254 5712 γὰρ
1299 5637 1442 5706 εἷπε,
1475 5647 1676 5714 Κακῶς
1707 5652 1879 5713 ποιεῖς
1904 5663 1932 5694 ιι
1956 5636 2049 5706 τὸν

463 5728 628 5798 νόμον
652 5727 855 5798 τηρῶν,
889 5729 1234 5800 ἐπετίμησαν
1283 5731 1348 5785 ἂν
1377 5736 1423 5786 οἱ
1463 5738 1699 5810 μαθηταί
1723 5742 1773 5794 οξ
1816 5743 2043 5812 Πέτρου·

535 5859 557 5899 θ
582 5856 679 5914 ΜΠ
701 5863 752 5908 εἰ
768 5858 858 5910 ἨΒ
878 5862 958 5910 κα)
970 5863 1033 5916 ῶς
1053 5863 1214 5918 ποιεῖς.

1108 410 1169 467 S.
1212 409 1503 469 JOANNIS
1535 409 2028 469 CHRYSOSTOMI
2069 409 2386 466 ARCHIEP.
2428 406 2982 465 CONS'I‘ANTINOP.

3627 409 3732 464 186

2089 523 2112 532 ”’
2151 523 2270 578 νυνὶ
2299 523 2357 578 δέ
2392 522 2744 588 ἀκούσαντες,
2764 524 2846 578 ὄτι
2876 524 2937 577 οὐ
3085 522 3298 578 Παύλου
3322 521 3548 596 γνώμης
3573 527 3736 598 ﬁrm-

2153 605 2392 678 ραίνεσις
2424 602 2495 678 ἦν
2521 606 2617 661 καὶ
2637 608 2671 678 ἡ
2703 606 2992 678 διόρθωσις
3027 605 3192 678 αῦτη,
3225 605 3340 660 ἀλλ’
3370 607 3534 669 αὐτὸς
3560 609 3590 662 0
3629 610 3736 662 Πέο

2147 707 2275 762 τρος
2299 689 2474 754 οὕτως
2497 689 2616 761 ἔζη,
2643 691 2739 746 καὶ
2768 689 2944 744 ταῦτα
2986 687 3132 762 εἶχεν
3175 693 3234 744 ἐν
3265 693 3332 762 τῇ
3379 690 3526 761 ψυχῇ
3555 691 3623 745 τά
3649 693 3738 746 δό-

2147 791 2355 845 γματα.
2383 775 2480 829 καὶ
2499 774 2719 838 ἐκόντες
2741 774 2839 828 καὶ
2874 773 3100 838 ἄκοντες
3127 773 3422 846 ήσύχαζον.
3447 774 3548 827 Διά
3575 775 3736 829 τοῦτο

2147 855 2273 910 οὔτε
2321 855 2533 928 Πέτρος
2581 857 2882 928 εἰσηγεῖται
2906 856 3004 928 τὴν
3049 856 3298 928 γνώμην,
3321 855 3436 909 ἀλλ’
3481 856 3731 927 ἀνέχεται

2149 940 2281 1013 παρ’
2322 940 2532 1012 ἐτέρου,
2571 941 2667 994 τοῦ
2713 940 2931 998 Παύλου
2993 940 3160 1012 λέγω,
3211 939 3599 1010 διελέγχεσθαι,
3636 943 3732 1005 καὶ

2151 1025 2299 1096 σιγᾷ,
2327 1023 2468 1078 ὥστε
2497 1024 2904 1096 εύπαράδεκτον
2935 1023 3191 1093 γενέσθαι
3230 1024 3330 1096 τὴν
3362 1023 3728 1078 διδασκαλίαν.

2226 1108 2316 1178 ιη’.
2351 1107 2468 1161 Οὐκ
2501 1105 2749 1161 ἐντεῦθεν
2781 1107 2840 1164 δὲ
2876 1107 3034 1178 μόνον
3063 1107 3164 1180 τὴν
3197 1106 3413 1160 σύνεσιν
3439 1106 3581 1162 ἐστιν
3608 1107 3737 1168 ἰδεῖν

2147 1189 2242 1242 τοῦ
2266 1189 2502 1255 Παύλου,
2530 1189 2664 1243 ἀλλά
2692 1191 2787 1244 καὶ
2807 1191 2872 1248 ἐκ
2895 1189 3003 1244 τῶν
3028 1189 3155 1262 ἑξῆς
3179 1190 3502 1262 εἰρημένων.
3531 1191 3605 1243 Ού
3625 1191 3737 1259 γὰρ

2148 1268 2322 1338 εἶπεν,
2352 1270 2416 1326 El
2441 1273 2505 1325 σὺ
2547 1273 2798 1338 Ἰουδαῖος
2847 1273 3131 1344 ὑπάρχων,
3177 1272 3406 1336 ἐθνικῶς
3430 1273 3580 1345 ἔζης,
3640 1273 3740 1329 καὶ

2147 1358 2248 1410 οὐκ
2293 1355 2621 1421 Ἰουδαϊκῶς,
2658 1356 2771 1410 ἀλλ’
2809 1357 2890 1411 ὅτι
2916 1356 3056 1425 Ζῆς·
3089 1355 3229 1411 ὥστε
3257 1358 3352 1409 καὶ
3378 1356 3474 1409 νῦν
3505 1356 3606 1426 τὴν
3633 1356 3738 1408 αύ-

2147 1441 2247 1510 15;!
2271 1439 2495 1516 γνώμην
2525 1438 2690 1510 ἐχεις·
2720 1441 2816 1494 καὶ
2847 1440 2906 1494 τὸ
2939 1439 3140 1511 πολλῆς
3162 1438 3330 1513 γέμον
3369 1438 3739 1503 συνέσεως,τδ

2147 1522 2489 1606 ἐπαγόμενόν
2522 1525 2692 1588 ἐστιν,
2717 1523 2904 1578 Εἰπὼν
2938 1524 3067 1594 γὰρ,
3107 1522 3385 1590 Ἐθνικῶς
3415 1521 3541 1591 ζῇς,
3583 1523 3738 1577 ἰου-

2147 1605 2315 1674 δαῖος
2334 1605 2440 1672 ὢν,
2476 1607 2578 1671 ούκ
2599 1608 2870 1684 ἐπήγαγε·
2903 1607 2968 1661 Τί
3005 1608 3132 1670 τοὺς
3171 1605 3462 1669 Ἰουδαίους
3489 1606 3736 1674 ἀναγκά-

2148 1689 2262 1755 ζεις
2298 1689 2605 1754 ἰουδαΐζειν,
2629 1690 2765 1744 ἀλλά
2783 1689 2932 1757 πῶς;
2962 1691 3024 1745 Τί
3051 1691 3124 1744 τὰ
3151 1690 3320 1758 ἔθνη,
3343 1689 3532 1759 φησὶν,
3560 1689 3737 1758 ἀναγ-

2148 1771 2342 1840 κάζεις
2364 1771 2698 1841 ἰουδαΐζειν,
2731 1773 2820 1828 ἵνα
2839 1773 2917 1845 τῷ
2944 1773 3123 1828 δοκεῖν
3138 1772 3248 1827 τῶν
3272 1772 3416 1826 ἰδίων
3444 1773 3739 1827 ἀντιποιεῐο

2149 1855 2273 1909 σθαι
2314 1855 2594 1928 μαθητῶν,
2623 1857 2718 1911 καὶ
2744 1859 3093 1929 προσχήματι
3126 1860 3229 1928 τῆς
3257 1857 3400 1927 ὑπὲρ
3424 1855 3533 1910 τῶν
3565 1853 3736 1910 ἐθνῶν

2149 1939 2498 2011 κηδεμονίας,
2550 1940 2717 2014 πείσῃ
2761 1942 2890 2004 τοὺς
2948 1939 3236 2002 Ἰουδαίους
3277 1938 3584 2008 ἀποστῆναι
3632 1937 3736 2007 τῆς

2148 2021 2389 2087 παλαιᾶς
2439 2023 2748 2094 συνηθείας.
2786 2024 2910 2077 Ὀτι
2939 2023 3047 2096 γάρ
3101 2023 3409 2077 πέπλασται
3438 2022 3509 2075 τά
3536 2020 3737 2093 ἐγκλή-

2151 2123 2318 2178 ματα,
2353 2106 2411 2174 ἐξ
2433 2107 2610 2161 αὐτῶν
2643 2107 2754 2162 τῶν
2779 2107 3087 2179 εἰρημένων
3113 2105 3291 2178 δῆλον.
3327 2105 3608 2177 Ἀνωτέρω
3625 2104 3738 2175 γάρ

2147 2189 2337 2256 εἰπὼν,
2389 2191 2884 2260 Συναπήχθησαν
2929 2189 3089 2256 αὐτῷ
3118 2190 3215 2243 καὶ
3259 2192 3312 2245 οί
3359 2187 3560 2243 λοιποί
3597 2188 3739 2241 ἰου-

2146 2272 2322 2338 δαῑοι,
2363 2274 2598 2329 ἐνταῦθα
2625 2274 2796 2345 λέγει·
2854 2274 2916 2330 Τί
2943 2275 3014 2329 τὰ
3046 2273 3193 2341 ἔθνη
3238 2269 3586 2343 ἀναγκάζεις
3616 2271 3740 2323 ιον-

2147 2356 2404 2424 διιΐζειν;
2439 2360 2548 2413 Καὶ
2580 2359 2686 2431 μὴν
2726 2358 2895 2430 ἐχρῆν
2941 2359 3138 2423 εἰπεῖν,
3174 2355 3240 2410 Τί
3279 2355 3406 2420 τοὺς
3448 2353 3742 2416 Ἰουδαίους

2147 2441 2479 2511 ἀναγκάζεις
2520 2443 2843 2509 ἰουδαῖζειν;
2900 2445 2964 2496 Οί
2989 2441 3100 2514 γὰρ
3143 2439 3601 2511 συναπαχθέντες,
3638 2438 3742 2509 οὐχ

2147 2527 2196 2578 οί
2228 2525 2286 2592 ἐξ
2322 2527 2492 2582 ἐθνῶν
2523 2522 2685 2598 ἦσαν,
2719 2525 2835 2588 ἀλλ’
2877 2527 3140 2580 Ἰουδαῖοι.
3183 2523 3322 2578 Ἀλλ’
3362 2525 3413 2576 εί
3455 2523 3552 2593 μὲν
3580 2520 3745 2574 τοῦτο

2148 2605 2320 2671 εἶπεν,
2349 2609 2526 2676 ἔδοξεν
2552 2610 2618 2663 ἂν
2633 2609 2663 2661 0
2686 2609 2844 2678 λόγος
2884 2611 3089 2681 τραχὺς
3115 2604 3276 2672 εἶναι,
3299 2609 3395 2662 καὶ
3413 2605 3562 2660 οὐδὲν
3584 2603 3744 2676 αύτῷ

2148 2694 2459 2764 προσήκων·
2495 2692 2604 2746 τῶν
2633 2692 2742 2765 γὰρ
2783 2693 2958 2757 ἐθνῶν
2987 2691 3305 2758 διδάσκαλος
3333 2687 3426 2761 ἦν·
3460 2689 3555 2751 νῦν
3591 2687 3648 2742 δὲ
3679 2688 3744 2746 ὲν

2148 2778 2494 2849 προσχήματι
2525 2777 2852 2848 κηδεμονίας
2889 2777 2998 2830 τῶν
3037 2776 3181 2841 ἰδίων
3203 2774 3471 2850 μαθητῶν
3510 2771 3745 2837 ἀνεύθυ-

2147 2878 2238 2914 νον
2268 2862 2364 2914 καὶ
2387 2859 2678 2932 ἐλευθέραν
2721 2862 2955 2913 ποιεῖται
2982 2859 3083 2931 τὴν
3119 2859 3460 2929 ἐπιτίμησιν·
3510 2855 3606 2910 καὶ
3652 2855 3745 2910 ἵνα

2153 2943 2384 3015 μάθητε,
2416 2944 2499 2997 ὃτι
2525 2944 2626 2996 ούκ
2653 2943 2968 3014 ἐπιτίμησις
2989 2938 3058 3014 ἦν
3082 2942 3227 2996 κατά
3260 2941 3466 3020 Πέτρου
3489 2939 3558 2992 τά
3583 2937 3742 3006 λεγῤ-

2153 3044 2308 3097 μενα,
2345 3027 2480 3081 ἀλλά
2504 3027 2828 3100 παραίνεσις
2846 3024 3284 3100 καὶ,διδασκαλία
3308 3025 3422 3087 τοῖς
3467 3020 3745 3084 Ἰουδαίοις
3765 3083 3771 3090 ,

2150 3113 2208 3164 ἐν
2237 3108 2389 3176 τάξει
2412 3111 2514 3182 τῆς
2547 3112 2921 3183 ἐπιτιμήσεως
2949 3111 3048 3180 τῆς
3079 3109 3221 3164 κατά
3261 3107 3746 3180 Πέτρου,ἀκουσον

2148 3195 2258 3249 τῶν
2278 3194 2422 3267 ἐξῆς·
2454 3195 2649 3264 Ἡμεῖς
2669 3195 2851 3266 φύσει
2875 3193 3167 3259 Ἰουδαῖοι,
3186 3193 3283 3247 καὶ
3311 3194 3423 3247 οὐκ
3453 3191 3522 3255 ἐξ
3550 3187 3748 3246 ἐθνῶν

2149 3280 2486 3348 ἁμαρτωλοί
2492 3319 2506 3333 .
2537 3278 2725 3334 Ταῦτα
2746 3281 2852 3350 γάρ
2884 3278 3068 3332 λοιπὸν
3097 3274 3442 3339 διδάσκοντός
3471 3276 3610 3338 ἐστι,
3647 3272 3747 3326 καὶ

2150 3363 2252 3416 οὐκ
2284 3362 2363 3416 ἐτι
2399 3364 2480 3426 εἰς
2516 3364 2724 3433 Πέτρον
2759 3362 2819 3416 10
2849 3363 2958 3415 πᾶν
2995 3360 3365 3432 περιίστησιν,
3407 3357 3542 3412 ἀλλά
3571 3357 3750 3416 κοινοῖ

2150 3446 2242 3500 τὸν
2269 3445 2447 3516 λόγον.
2482 3445 2545 3500 Εἰ
2579 3447 2677 3516 μὲν
2701 3446 2811 3517 γὰρ
2837 3446 2914 3508 ώς
2945 3444 3211 3500 διδάσκων
3232 3443 3292 3509 ἐξ
3311 3443 3488 3515 ἀρχῆς
3518 3441 3743 3494 εἰσέϐα-

2151 3531 2261 3594 λεν,
2297 3533 2395 3584 οὐκ
2423 3530 2489 3585 ἂν
2513 3531 2801 3600 ἠνέσχοντο
2839 3527 3097 3584 Ἰουδαῖοι·
3126 3528 3220 3583 νῦν
3253 3528 3311 3582 δέ
3337 3527 3442 3598 τὴν
3479 3527 3655 3598 ἀρχὴν
3683 3525 3750 3594 ἐξ

2152 3615 2522 3684 ἐπιτιμήσεως
2547 3612 2746 3677 λαϐὼν,
2766 3613 2861 3670 καὶ
2883 3612 3042 3677 δόξας
3071 3612 3286 3676 δικαίαν
3312 3611 3585 3666 ποιεῖσθαι
3601 3612 3750 3665 κατά

2151 3695 2246 3749 τοῦ
2282 3697 2490 3759 Πέτρου
2507 3695 2606 3766 τὴν
2634 3695 2972 3766 ἐπιτίμησιν,
2996 3694 3072 3758 ὡς
3107 3695 3234 3759 τοὺς
3262 3697 3322 3761 ἐξ
3354 3694 3528 3748 ἐθνῶν
3559 3694 3748 3747 ἐλκον-

2151 3795 2241 3841 τος
2271 3778 2408 3850 πρὸς
2443 3779 2542 3849 τὴν
2585 3777 2693 3832 τῶν
2743 3777 2991 3848 νομίμων
3039 3778 3448 3849 παρατήρησιν,
3498 3775 3749 3829 ἐκϐαίνει

2151 3855 2336 3930 λοιπὸν
2364 3862 2537 3929 ἀδεῶς
2566 3861 2718 3934 [5η]
2745 3863 2825 3926 εἰς
2840 3861 3161 3932 παραίνεσιν
3190 3863 3284 3915 καὶ
3310 3861 3640 3932 συμϐουλὴν,
3662 3860 3745 3924 ὡς

2150 3946 2251 4016 τῆς
2291 3946 2612 4013 ἀκολουθίας
2643 3947 2736 3999 ἐπὶ
2778 3945 2938 4014 τοῦτο
2969 3945 3209 4016 ἀγούσης
3258 3946 3442 4000 αὐτόν.
3484 3945 3605 3998 Ἵνα
3632 3945 3750 4015 γὰρ

2155 4033 2228 4102 μή
2256 4047 2340 4094 τις
2372 4030 2631 4096 ἀκούσας,
2648 4031 2730 4084 ὅτι
2762 4029 2841 4098 Τὰ
2866 4029 3012 4098 ἔθνη
3035 4027 3386 4098 ἀναγκάζεις
3405 4026 3744 4090 ἰουδαΐζειν,

2152 4113 2349 4185 νομίσῃ
2371 4114 2452 4167 ὅτι
2502 4113 2684 4184 μόνοις
2737 4112 2968 4180 ἐκείνοις
3017 4111 3118 4165 οὐκ
3165 4110 3376 4177 ἔξεστιν
3428 4111 3744 4178 ἰουδαΐζεινζ

2150 4201 2262 4262 τοῖς
2293 4198 2350 4251 δὲ
2380 4197 2656 4260 Ἰουδαίοις
2670 4199 2900 4268 ἐφεῖται,
2926 4197 3005 4260 είς
3027 4189 3225 4259 αὐτοὺς
3240 4195 3366 4258 τοὺς
3382 4194 3744 4258 διδασκάλους

2153 4281 2241 4334 τὸν
2269 4280 2426 4350 λόγον
2457 4281 2790 4352 περιίστησι.
2826 4279 2892 4332 Τί
2916 4279 3080 4347 λέγω,
3114 4280 3280 4348 φησι,
3311 4279 3440 4350 περὶ
3477 4277 3672 4342 ἐθνῶν,
3705 4278 3742 4349 ἢ

2151 4365 2258 4419 τῶν
2282 4364 2483 4419 λοιπῶν
2517 4363 2820 4429 Ἰο,υδαίων;
2853 4362 3011 4415 Ἀλλά
3033 4363 3126 4416 καὶ
3146 4364 3308 4433 ἡμεῖς
3335 4363 3385 4415 οί
3404 4355 3744 4427 διδάσκαλοι,

2153 4450 2312 4519 ἡμεῖς
2343 4449 2393 4501 οἰ
2432 4445 2742 4501 ἀπόστολοι.
2769 4445 2880 4501 Καὶ
2909 4445 2971 4500 οὑ
3003 4445 3162 4500 τοῦτο
3193 4445 3340 4513 λέγει
3379 4445 3541 4516 μόνον
3566 4445 3631 4497 10
3663 4444 3746 4496 δι-

2153 4534 2395 4604 καίωμα,
2419 4532 2502 4585 ὅτι
2529 4535 2590 4588 Οἱ
2611 4530 2919 4585 διδάσκαλοι
2941 4531 3035 4583 καὶ
3063 4531 3114 4582 οί
3151 4527 3462 4594 ἀπόστολοι,
3491 4527 3608 4583 ἀλλ’
3652 4528 3743 4581 ὅτι

2150 4615 2254 4685 καὶ
2279 4617 2327 4684 οῖ
2349 4615 2414 4666 ἐκ
2441 4613 2720 4686 προγόνων
2759 4613 2998 4682 Ἰουδαῖοι
3019 4613 3283 4686 καθάπαξ,
3302 4611 3623 4684 ἀπέστημεν
3644 4610 3743 4665 τοῦ

2152 4699 2336 4767 νόμου.
2362 4697 2528 4751 Ποίαν
2558 4692 2651 4750 οὖν
2672 4696 2870 4768 ἔχομεν
2889 4695 3208 4762 ἀπολογίαν,
3231 4695 3451 4767 ἐτέρους
3472 4697 3555 4758 εἰς
3583 4693 3744 4758 τοῦτο

2151 4782 2437 4845 ἐλκοντες;
2493 4780 2658 4851 Ὁρᾷς
2710 4779 2828 4844 πῶς
2880 4779 3250 4842 λανθανόντως
3302 4779 3413 4832 τῶν
3468 4778 3746 4841 Ἰουδαίων

2153 4864 2511 4935 καθάπτεται,
2561 4862 2657 4915 καὶ
2707 4862 2807 4944 τὴν
2834 4862 3178 4916 διδασκαλίαν
3221 4861 3532 4933 συντίθησιν
3561 4863 3743 4934 ἀπηριο

2152 4947 2447 5018 τισμένην;
2481 4944 2667 5015 Εἰπὼν
2701 4945 2831 5017 γάρ,
2867 4945 3058 5014 Ἡμεῖς
3095 4946 3277 5015 φύσει
3305 4944 3608 5018 Ἰουδαῖοι,
3640 4944 3746 4999 καὶ

2152 5027 2264 5085 οὐκ
2295 5029 2364 5094 ἐξ
2391 5027 2581 5083 ἐθνῶν
2613 5029 2970 5098 ἁμαρτωλοί·
3015 5022 3109 5082 καὶ
3141 5030 3321 5083 αἰτίαν
3352 5029 3566 5100 τίθησιν
3589 5027 3746 5082 εῦλο-

2152 5129 2268 5180 γον,
2298 5106 2365 5166 δι⁴
2390 5113 2456 5182 ἢν
2495 5111 2812 5181 ἀπέστησαν
2837 5111 2931 5164 τοῦ
2971 5111 3328 5182 Ἰουδαῖσμοῦ·
3357 5111 3603 5178 Είδότες
3651 5110 3745 5167 ὅτι

2151 5199 2224 5252 οὺ
2264 5195 2598 5250 δικαιοῦται
2649 5195 2962 5264 ἅνθρωπος
2986 5193 3057 5259 ἐξ
3084 5194 3277 5263 ἔργων
3308 5196 3520 5266 νόμου,
3573 5196 3628 5250 εί
3653 5195 3742 5265 μὴ

2150 5278 2250 5333 διὰ
2277 5279 2538 5343 πίστεως
2587 5276 2792 5344 Ἰησοῦ
2818 5276 3096 5344 Χριστοῦ·
3127 5277 3225 5330 καὶ
3263 5277 3436 5346 ἡμεῖς
3473 5280 3564 5343 εις
3607 5279 3743 5346 Χρι-

2150 5364 2304 5426 στὸν
2343 5360 2588 5429 Ἰησοῦν
2616 5359 3084 5428 ἐπιστεύσαμεν,
3106 5359 3209 5422 ἵνα
3247 5359 3657 5430 δικαιωθῶμεν
3670 5362 3741 5414 ἐκ

2151 5449 2408 5514 πίστεως
2452 5443 2730 5512 Χριστοῦ,
2763 5443 2862 5498 καί
2891 5445 3003 5497 οὐκ
3033 5442 3103 5508 ἐξ
3121 5443 3312 5514 ἔργων
3341 5446 3550 5514 νόμον·
3583 5444 3740 5498 διότι

2149 5530 2220 5584 οὐ
2246 5526 2576 5596 δικαιοῦται
2596 5524 2906 5597 ἅνθρωπος
2921 5525 2990 5590 ἐξ
3021 5525 3210 5596 ἕρτων
3234 5527 3446 5596 νόμου,
3465 5529 3519 5581 εὶ
3537 5528 3622 5600 μή
3639 5527 3739 5593 διὰ

2149 5613 2409 5676 πίστεως
2445 5608 2644 5678 Ἰησοῦ
2674 5610 2953 5678 Χριστοῦ.

2223 5695 2309 5750 ιϐ’.
2345 5694 2507 5765 Ὁρᾷς
2528 5693 2645 5756 πῶς
2669 5693 2908 5764 συνεχῶς
2931 5695 3024 5748 καὶ
3042 5695 3140 5766 τῆς
3157 5695 3440 5758 ἀσθενείας
3457 5694 3554 5766 τοῦ
3570 5695 3735 5766 νόμου

2154 5780 2502 5854 μνημονεύει,
2552 5780 2644 5833 καὶ
2680 5779 2779 5848 τῆς
2810 5781 2950 5834 κατὰ
2983 5783 3082 5853 τὴν
3121 5783 3303 5838 πίστιν
3353 5781 3731 5857 δικαιοσύνηςί

2155 5872 2266 5940 Καὶ
2303 5867 2517 5934 πυκνῶς
2551 5866 2772 5948 στρέφει
2789 5865 2856 5923 τά
2878 5868 3136 5944 ὀνόματα,
3161 5871 3300 5948 ὅπερ
3322 5870 3420 5926 οὐκ
3450 5868 3600 5937 ἔστιν
3622 5872 3731 5942 £111,-
