4020 6370
404 425 510 484 385

404 550 526 596 ante
571 545 797 610 patrata,
824 534 1144 609 prmdicaret
1167 575 1182 600 ,
1211 531 1484 601 discipulis
1513 529 1626 584 suis
1677 527 1986 583 scandalum

402 632 681 686 attulisset.
726 630 932 685 Rursus
961 629 1009 683 si
1054 628 1191 681 hanc
1218 624 1283 679 ad
1313 624 1432 679 illos
1464 622 1665 677 Paulus
1688 619 1988 675 orationem

398 724 713 788 direxisset,
745 735 1078 793 nequaquam
1122 716 1543 788 acquievissent,
1594 730 1765 785 neque
1806 712 1992 768 audire

399 817 717 887 potuissent.
759 813 892 869 Nam
919 812 1009 884 qui
1036 810 1270 881 alioquin
1297 808 1523 864 oderant
1549 807 1694 862 illum
1713 846 1729 872 ,
1760 814 1814 860 et
1837 820 1994 859 aver-

396 907 654 962 sabantur
676 904 748 961 ob
776 904 1002 959 similem
1031 917 1276 971 sparsum
1304 915 1594 965 rumorem,
1619 898 1786 954 multo
1801 898 1989 967 magis,

400 998 442 1053 si
472 997 637 1052 etiam
686 997 786 1052 ista
834 995 1204 1051 consulentem
1243 992 1537 1059 audissent,
1590 991 1747 1062 plane
1796 988 1994 1045 abhor-

397 1087 649 1146 ruissent.
690 1086 828 1155 Quid
856 1101 986 1156 ergo
1014 1083 1210 1139 factum
1235 1083 1354 1139 est?
1382 1080 1598 1138 Judaeos
1624 1080 1865 1152 quidem,
1897 1080 1989 1150 qui

396 1187 552 1234 erant
577 1194 606 1232 a
626 1177 848 1242 Jacobo,
872 1176 1049 1231 nullus
1076 1175 1287 1231 illorum
1320 1171 1651 1243 increpabat,
1684 1170 1778 1225 sed
1808 1170 1988 1225 incre-

397 1270 666 1340 pationem
695 1268 895 1338 excipit
923 1267 1112 1324 Petrus
1131 1281 1161 1320 a
1186 1264 1352 1320 Paulo
1375 1262 1756 1333 reprehensus,
1782 1270 1841 1316 ut
1866 1276 1988 1315 cum

396 1378 426 1416 Δι
444 1360 754 1431 eoapostolo
781 1368 1055 1415 correctus
1066 1357 1244 1423 fuerit,
1266 1357 1407 1427 iusta
1429 1370 1550 1410 cum
1580 1353 1771 1409 ﬁducia
1797 1352 1991 1407 deinde

396 1452 565 1524 possit
591 1451 887 1522 discipulos
912 1449 1237 1521 obiurgare:
1264 1457 1320 1503 et
1362 1446 1603 1518 arguitur
1644 1445 1858 1517 quidem
1885 1444 1988 1499 Pc-

395 1554 526 1609 trus,
557 1545 896 1613 corriguntur
915 1550 1094 1596 autem
1117 1536 1382 1609 discipuli.
1422 1537 1536 1593 Hoc
1567 1537 1729 1592 etiam
1758 1535 1811 1590 in
1854 1549 1988 1591 eon-

397 1637 656 1693 tractibus
706 1635 765 1689 ﬁt
806 1632 1173 1689 saecularibus.
1214 1629 1348 1685 Nam
1396 1630 1443 1685 si
1487 1627 1704 1699 quando
1746 1625 1989 1681 nonnulli

393 1729 629 1784 civilium
660 1729 977 1783 tributorum
999 1723 1205 1793 reliqua
1230 1722 1480 1785 debeant,
1505 1735 1568 1776 ae
1589 1719 1783 1775 deinde
1808 1718 1878 1772 illi
1897 1718 1989 1788 qui

393 1821 630 1877 exacturi
660 1827 787 1874 sunt
826 1818 941 1883 illa,
973 1831 1083 1872 non
1114 1814 1380 1880 audeant,
1413 1813 1509 1870 sed
1539 1812 1855 1869 erubescant
1899 1828 1991 1866 ve-

394 1914 696 1971 hementius
708 1912 826 1968 illos
848 1925 1055 1981 urgere,
1076 1918 1134 1965 ut
1146 1908 1404 1980 maiorem
1418 1915 1634 1979 captent
1650 1905 1987 1961 occasionem

392 2022 456 2061 ac
477 2005 780 2060 facultatem
814 2004 916 2057 illis
943 2002 1312 2058 vehementius
1352 1998 1615 2065 instandi,
1659 2014 1690 2053 a
1717 2001 1989 2055 commili-

394 2097 610 2151 tonibus
636 2095 852 2166 spoliari
879 2109 937 2150 se
962 2102 1174 2160 curant,
1214 2100 1270 2149 et
1312 2091 1572 2147 conviciis
1613 2089 1777 2156 afﬁci,
1824 2100 1986 2162 atque

393 2190 514 2244 aliis
540 2186 836 2243 innumeris
860 2186 1039 2241 vexari
1080 2185 1237 2239 malis
1264 2185 1315 2238 in
1339 2191 1629 2253 conspectu
1659 2183 1897 2250 illorum,
1929 2193 1989 2240 ut

394 2279 521 2334 dum
547 2280 648 2334 ista
678 2277 833 2347 ﬁunt,
855 2292 1190 2348 nequaquam
1218 2291 1284 2330 ex
1312 2291 1391 2341 se,
1412 2283 1502 2329 aut
1531 2290 1625 2330 sua
1653 2284 1863 2345 sponte,
1891 2277 1985 2332 sed

394 2370 639 2440 imposita
658 2384 691 2424 a
716 2369 927 2424 ueteris
954 2366 1272 2423 necessitate
1294 2365 1576 2421 videantur
1602 2365 1724 2421 illos
1753 2382 1943 2437 urgere
1967 2384 1985 2423 :

392 2470 447 2516 et
473 2460 615 2515 illata
639 2475 669 2514 a
694 2460 903 2515 eaateris
932 2458 1254 2523 contumelia
1284 2457 1423 2530 apud
1466 2457 1603 2513 alios
1650 2458 1780 2529 ipsis
1820 2459 1987 2515 obno—

396 2555 513 2609 xios
539 2554 904 2610 excusationis
925 2568 1110 2608 ansam
1134 2552 1455 2622 suppeditat.

464 2650 551 2703 17.
589 2646 695 2703 Cur
716 2664 772 2702 se
808 2648 959 2718 argui
991 2646 1203 2700 voluerit
1247 2645 1471 2710 Petrus;
1501 2644 1793 2700 simulatam
1820 2647 1984 2717 fuisse

389 2739 826 2809 reprehensionem
845 2739 1086 2792 ostendit.
1125 2767 1198 2779 —
1236 2737 1348 2793 Hoc
1380 2745 1435 2793 et
1465 2737 1517 2792 in
1544 2736 1712 2793 Paulo
1740 2752 1803 2792 ac
1827 2736 1987 2794 Petro

389 2832 603 2888 accidit.
663 2832 941 2888 Debebunt
1005 2830 1149 2887 enim
1224 2830 1428 2900 reliqua
1479 2830 1733 2885 nonnulla
1792 2830 1983 2886 Judaei.

391 2926 647 2994 Quaenam
675 2925 763 2980 illa
794 2923 996 2994 perm?
1020 2922 1280 2978 Nimirum
1321 2932 1375 2977 ut
1405 2936 1435 2976 a
1468 2921 1745 2977 Judaismo
1775 2923 1988 2993 penitus

390 3018 740 3073 abstinerent.
780 3015 907 3071 Haec
932 3016 1133 3086 reliqua
1160 3014 1349 3070 Petrus
1370 3014 1719 3070 vehementer
1745 3024 1988 3085 repetere

390 3108 660 3179 cupiebat,
688 3117 745 3163 et
774 3122 959 3178 puram
988 3106 1055 3161 ab
1081 3106 1188 3161 illis
1214 3105 1373 3163 ﬁdem
1394 3105 1632 3177 exigere.
1672 3104 1805 3161 Cum
1827 3106 1990 3179 igitur

392 3202 652 3271 majorem
674 3198 982 3254 facultatem
1009 3208 1064 3252 et
1092 3197 1428 3253 occasionem
1447 3196 1739 3252 exaetionis
1754 3196 1989 3268 eiusmo-

391 3292 444 3345 di
472 3290 704 3346 nancisci
727 3289 906 3356 vellet,
931 3304 962 3342 a
990 3288 1154 3342 Paulo
1183 3303 1243 3343 se
1269 3287 1619 3343 vehementer
1645 3286 1905 3358 increpari
1934 3297 1991 3343 et

391 3382 662 3454 obiurgari
690 3382 915 3448 curavit,
948 3390 1004 3434 ut
1026 3380 1142 3435 haec
1175 3379 1421 3435 simulata
1467 3380 1760 3450 increpatio
1787 3379 1987 3449 justam

394 3475 492 3543 ipsi
520 3473 779 3529 adversus
823 3473 942 3527 illos
968 3487 1156 3526 ansam
1198 3480 1256 3527 et
1305 3471 1645 3528 occasionem
1700 3471 1988 3543 przeberet.

398 3566 598 3622 Idcirco
618 3565 782 3621 etiam
806 3563 859 3618 iu
889 3563 1007 3634 ipso
1024 3563 1197 3628 initio,
1222 3561 1288 3616 In
1312 3561 1515 3631 faciem,
1543 3562 1749 3633 inquit.
1780 3563 1880 3635 ipsi
1905 3582 1993 3619 re-

407 3660 532 3722 stiti,
560 3667 614 3712 et
639 3657 727 3713 hic
753 3671 959 3723 rursus,
990 3655 1114 3710 Dixi
1137 3653 1293 3709 Petro
1319 3670 1490 3708 coram
1513 3655 1763 3709 omnibus.
1782 3654 1916 3710 Nam
1945 3657 1992 3711 si

398 3750 611 3821 quidem
632 3750 849 3805 Petrum
876 3748 1149 3819 corrigere
1174 3746 1430 3802 voluisset
1454 3787 1470 3806 ,
1502 3744 1749 3815 privatim
1774 3745 1828 3800 id
1851 3746 1994 3816 egis-

395 3849 498 3906 set,
531 3839 625 3896 sed
650 3839 900 3912 quoniam
929 3852 1034 3893 non
1082 3836 1135 3892 id
1162 3843 1297 3900 erat,
1323 3834 1465 3906 quod
1493 3834 1734 3890 studiose
1775 3844 1999 3905 expete-

397 3932 488 3986 bat
517 3931 762 4001 (noverat
786 3929 928 3984 enim
950 3943 1053 3998 qua
1074 3935 1255 3982 mente
1277 3934 1468 3981 cuncta
1498 3925 1588 3980 illa
1607 3923 1859 3995 faceret),
1893 3926 1990 3981 sed

398 4039 515 4089 eos,
546 4024 637 4093 qui
663 4023 755 4077 diu
780 4021 1232 4086 claudicaverant,
1263 4019 1505 4075 stabilire
1530 4019 1803 4090 cupiebat,
1826 4018 1994 4074 idcir-

401 4130 468 4169 co
496 4113 549 4169 in
577 4123 865 4184 conspectu
906 4113 1144 4168 omnium
1179 4112 1399 4168 adhibet
1444 4110 1883 4181 inerepationem.
1925 4112 1996 4165 At

404 4207 596 4267 Petrus
624 4204 872 4266 sustinet,
905 4213 959 4258 et
1013 4212 1172 4267 tacet,
1194 4219 1370 4275 neque
1415 4203 1750 4259 contradicit.
1779 4202 1997 4258 Sciebat

402 4296 600 4368 quippe
626 4309 737 4367 quo
764 4294 944 4348 animo
974 4293 1169 4348 Paulus
1198 4294 1517 4362 increparet,
1536 4304 1589 4347 et
1615 4302 1786 4348 totum
1805 4292 1995 4348 Petrus

404 4387 631 4446 tacendo
672 4384 1000 4458 perﬁciebat.
1041 4384 1171 4454 Ejus
1215 4383 1416 4454 quippe
1460 4386 1728 4440 silentium
1780 4385 1997 4441 Judzeos

402 4479 632 4535 docebat
659 4492 768 4533 non
805 4476 1037 4546 amplius
1070 4474 1204 4545 legis
1230 4474 1421 4529 ritibus
1449 4474 1831 4531 adlnerendum
1853 4490 1995 4531 esset.

403 4570 589 4643 Neque
613 4569 758 4625 enim
782 4567 1037 4638 magister
1064 4566 1176 4637 ipse
1200 4565 1485 4630 tacuisset,
1512 4566 1820 4635 inquiebant
1841 4606 1858 4633 ,
1894 4566 1997 4621 nisi

404 4663 503 4717 sibi
516 4661 762 4717 conscius
788 4667 952 4725 esset,
976 4659 1170 4715 merito
1193 4672 1253 4712 se
1273 4672 1303 4710 a
1329 4656 1495 4711 Paulo
1518 4656 1681 4712 fuisse
1702 4658 1994 4727 reprehen-

405 4771 546 4811 sum.
575 4754 705 4822 Sed,
724 4754 768 4808 si
786 4753 981 4824 placet,
1006 4754 1176 4822 ipsam
1192 4749 1667 4820 reprehensionem
1688 4750 2003 4806 audiamus.’

405 4848 531 4914 Dixi
560 4846 717 4901 Petro
736 4860 905 4900 coram
936 4846 1166 4898 cautibus
1184 4883 1199 4907 ,
1231 4841 1421 4911 inquit,
1452 4840 1515 4896 Si
1543 4850 1627 4905 tu,
1649 4857 1764 4895 cum
1781 4840 1999 4897 Judwus

404 4945 495 5010 sis,
538 4939 789 5013 gentiliter
829 4937 970 4992 vivis.
1020 4933 1397 4992 Animadverte
1442 4932 1777 5003 prudentiam
1825 4949 1840 4986 :
1890 4949 1998 4990 non

350 5063 363 5076 -
407 5032 543 5093 dixit
565 5031 637 5087 illi
662 5048 677 5086 :
703 5028 839 5085 Male
865 5029 1000 5099 agis,
1024 5027 1151 5081 dum
1191 5024 1405 5097 iudaice
1428 5024 1564 5079 vivis
1596 5022 1727 5079 :sed
1765 5024 1997 5095 priorem

387 5126 523 5193 scius
560 5123 735 5194 arguit
759 5120 1239 5183 conversationem,
1273 5126 1334 5173 ut
1375 5134 1482 5173 non
1508 5117 1619 5187 iam
1642 5132 1708 5173 ex
1734 5119 1999 5174 sententia

409 5214 557 5280 Pauli
599 5211 893 5269 admonitio
943 5221 998 5265 et
1043 5207 1351 5273 consilium,
1384 5208 1480 5264 sed
1509 5222 1577 5263 ex
1604 5206 1747 5263 Petri
1793 5207 2000 5279 iudicio

403 5307 514 5375 iam
541 5319 797 5374 exprasso
834 5301 1080 5358 videatur
1119 5299 1324 5355 inferri.
1367 5300 1499 5357 Nam
1524 5301 1568 5356 si
1598 5300 1812 5371 quidem
1834 5301 2001 5357 dixis-

407 5405 514 5460 set,
543 5394 677 5449 Male
695 5393 810 5465 agis
834 5393 875 5460 ¹,
893 5391 1019 5448 dum
1039 5392 1210 5461 legem
1228 5390 1505 5458 observas,
1528 5390 2000 5461 reprehendissent

410 5486 554 5556 Petri
574 5484 818 5554 discipuli
849 5483 998 5553 :iam
1029 5497 1156 5535 vero
1199 5495 1321 5535 cum
1365 5481 1607 5547 audiunt,
1638 5498 1743 5537 non
1784 5498 1905 5540 esse
1934 5502 1999 5540 ex

411 5587 590 5635 mente
618 5576 773 5633 Pauli
819 5572 1235 5631 admonitionem
1286 5572 1451 5638 illam,
1479 5572 1563 5627 vel
1588 5576 1998 5644 correctionem,

408 5671 506 5729 sed
533 5672 705 5742 ipsum
733 5669 949 5723 Petrum
972 5668 1044 5722 ita
1068 5667 1249 5721 vivere
1274 5664 1508 5727 solitum,
1536 5674 1589 5720 et
1616 5664 1731 5721 h:ec
1752 5666 1999 5737 dogmata

414 5779 470 5833 tu
492 5764 672 5818 animo
701 5759 972 5829 habuisse,
1006 5758 1201 5815 vellent
1228 5756 1429 5814 uellent
1452 5795 1469 5826 ,
1493 5755 1773 5827 quiescere
1795 5757 2003 5813 debue-

481 5877 501 5918 ¹
536 5876 640 5941 Atii.
665 5877 779 5941 tem
801 5874 923 5945 attit-

1412 436 1481 493 ΙΝ
1522 437 1748 502 ILLUD,
1793 436 1859 493 IN
1902 437 2155 493 FACIEM
2198 443 2263 498 El
2311 445 2608 503 RESTITI.

2212 234 2235 249 ν.

2214 255 2256 293 ’9

3571 424 3680 479 386

2102 539 2245 585 runt.
2289 531 2574 603 Propterea
2620 548 2792 606 neque
2843 532 3035 590 Petrus
3079 534 3223 593 illam
3250 538 3567 593 sententiam
3598 538 3678 593 ino

2098 621 2346 688 trodueit,
2371 639 2552 678 verum
2574 624 2829 679 abaltero
2857 640 2916 680 se
2940 627 3175 696 coargui,
3204 625 3304 682 hoe
3327 635 3409 681 est
3432 643 3462 682 a
3490 627 3677 693 Paulo,

2097 715 2376 786 permittit,
2401 726 2456 772 et
2484 718 2625 784 silet,
2656 726 2712 772 ut
2740 718 2979 773 doctrina
3013 719 3218 775 facilius
3246 719 3414 791 possit
3450 720 3677 777 admitti.

2170 808 2258 863 18.
2298 807 2484 878 Neque
2542 824 2669 864 vero
2714 820 2918 865 tantum
2974 809 3098 866 inde
3147 810 3294 866 Pauli
3347 812 3680 882 prudentiam

2095 910 2341 970 spectare
2369 902 2514 969 licet,
2542 901 2637 957 sed
2657 918 2721 956 ex
2759 902 2823 957 iis
2847 903 3031 967 etiam,
3060 919 3180 973 quae
3215 903 3409 959 deinde
3437 916 3559 959 sunt
3601 904 3683 960 dl-

2095 1001 2199 1048 cta.
2240 992 2354 1048 Non
2380 993 2521 1047 enim
2551 993 2705 1057 dixit,
2732 992 2788 1048 Si
2811 1002 2888 1060 tu,
2914 1009 3035 1049 cum
3061 993 3276 1049 Judaeus
3295 995 3392 1061 sls,
3416 996 3682 1066 gentiliter

2094 1085 2328 1150 vivebas,
2360 1096 2415 1142 et
2436 1102 2539 1141 non
2568 1085 2807 1153 Judaice,
2837 1085 2931 1141 sed
2957 1084 3095 1140 Vivis
3118 1103 3135 1140 :
3161 1087 3337 1158 itaque
3357 1103 3499 1143 nunc
3520 1090 3682 1144 etiam

2092 1176 2337 1233 eamdem
2363 1179 2681 1233 sententiam
2712 1178 2952 1247 sequeris
2980 1196 2993 1231 :
3016 1178 3263 1249 quodque
3287 1180 3507 1235 multam
3544 1181 3682 1252 sapit

2094 1270 2431 1340 prudentiam
2461 1310 2479 1337 ,
2534 1284 2659 1324 mox
2710 1268 2976 1339 adjicitur.
3038 1269 3170 1325 Cum
3220 1271 3363 1325 enim
3411 1272 3680 1339 dixisset,

2094 1362 2359 1417 Gentiliter
2393 1364 2534 1427 vivis,
2566 1380 2681 1416 cum
2731 1361 2946 1418 Judtzus
2988 1364 3079 1430 sis,
3102 1378 3209 1417 non
3256 1364 3521 1434 adiunxit,
3575 1364 3684 1422 Cur

2094 1452 2310 1509 Judaeos
2330 1453 2477 1524 cogis
2501 1452 2808 1523 iudaizare?
2836 1452 2928 1508 sed
2955 1453 3080 1522 quid
3096 1454 3121 1503 7
3140 1452 3244 1508 Cur
3267 1463 3455 1526 gentes,
3489 1454 3680 1526 inquit,

2104 1548 2242 1616 cogis
2275 1544 2587 1617 juduizare?
2614 1552 2672 1599 ut
2707 1543 2834 1599 dum
2860 1543 2960 1598 sibi
2987 1543 3277 1613 discipulos
3316 1561 3442 1601 suos
3477 1545 3684 1602 videtur

2093 1639 2383 1704 vindicare,
2410 1646 2465 1692 et
2489 1636 2557 1692 de
2592 1635 2840 1708 gentibus
2866 1651 2987 1701 esse
3021 1635 3519 1701 sollicitus,Jud:eis
3562 1653 3685 1692 sua-

2092 1733 2234 1795 deat,
2261 1741 2320 1785 ut
2351 1730 2420 1786 ab
2438 1729 2657 1800 antiqua
2707 1728 3092 1784 consuetudine
3116 1729 3390 1785 recedant.
3426 1728 3557 1784 Nam
3610 1731 3683 1786 si-

2093 1825 2346 1879 mulatam
2389 1837 2510 1879 esse
2530 1820 3034 1892 reprehensionem,
3062 1837 3130 1877 ex
3151 1821 3215 1877 iis
3237 1821 3369 1892 ipsis
3395 1838 3516 1893 qua:
3541 1822 3681 1878 dicta

2092 1926 2237 1983 sunt,
2265 1916 2453 1987 liquet.
2494 1914 2628 1971 Cum
2674 1913 2818 1969 enim
2859 1912 3017 1983 paulo
3068 1922 3193 1969 ante
3234 1913 3475 1981 dixisset,
3503 1912 3681 1968 Abdu-

2091 2011 2330 2064 cebantur
2354 2023 2468 2062 eum
2490 2024 2546 2062 eo
2566 2006 2735 2062 sceleri
2759 2005 2933 2060 ,Ιαάωὶ
2946 2047 2961 2071 ,
2987 2004 3090 2061 hoc
3119 2005 3236 2062 loco
3261 2006 3360 2073 ait,
3384 2004 3488 2060 Cur
3511 2016 3681 2076 gentes

2091 2102 2228 2173 cogis
2243 2100 2558 2172 judaizare?
2611 2098 2771 2168 Atqui
2820 2096 3102 2152 dicendum
3145 2106 3282 2164 erat,
3322 2095 3435 2152 Cur
3468 2096 3682 2152 Judtnos

2089 2193 2237 2264 Cogis
2257 2192 2564 2263 judaizare?
2591 2191 2693 2258 Qui
2725 2191 2867 2246 enim
2896 2189 3053 2244 simul
3083 2188 3297 2244 abducti
3314 2189 3544 2257 fuerant,
3575 2206 3680 2246 non

2090 2301 2156 2341 ex
2182 2283 2429 2356 gentibus
2457 2291 2612 2339 erant
2639 2324 2654 2349 ,
2682 2282 2777 2338 sed
2815 2280 3008 2338 Judaei.
3054 2281 3432 2337 Verumtamen
3474 2283 3522 2337 si
3578 2281 3682 2337 hoe

2090 2376 2339 2441 dixisset,
2385 2374 2546 2446 paulo
2599 2372 2843 2443 asperior
2870 2371 2981 2427 visa
3024 2380 3170 2427 esset
3203 2372 3397 2440 oratio,
3441 2388 3542 2429 nec
3574 2374 3685 2429 ullo

2091 2466 2253 2524 modo
2271 2468 2321 2523 ei
2342 2464 2691 2532 conveniens,
2716 2462 2911 2534 quippe
2926 2462 3019 2534 qui
3038 2463 3275 2533 gentium
3293 2462 3484 2519 doctor
3502 2472 3647 2520 esset
3666 2481 3680 2518 :

2085 2560 2197 2631 iam
2218 2574 2346 2614 vero
2375 2574 2471 2629 per
2499 2556 2735 2627 speciem
2758 2555 3086 2611 defensionis
3114 2564 3168 2610 et
3186 2570 3329 2611 curae
3352 2570 3569 2610 suorum
3600 2555 3684 2610 die

2091 2650 2415 2721 scipulorum
2431 2690 2446 2714 ,
2464 2648 2754 2703 immunem
2778 2662 2840 2702 ac
2861 2645 3081 2701 liberam
3092 2645 3512 2716 obiurgationem
3533 2661 3682 2703 suam

2089 2742 2287 2799 reddit.
2307 2742 2483 2812 Atque
2519 2749 2576 2795 ut
2596 2739 2904 2810 intelligatis
2942 2738 3236 2793 orationem
3268 2738 3411 2793 illam
3444 2754 3548 2793 non
3573 2739 3683 2810 iam

2090 2833 2560 2905 reprehensionem
2611 2831 2752 2887 Petri
2792 2829 2989 2897 fuisse,
3012 2828 3105 2886 sed
3137 2829 3552 2887 admonitionem
3573 2872 3590 2898 ,
3623 2847 3687 2887 ac

2091 2926 2389 2982 doctrinam
2417 2923 2617 2982 Judaeis
2642 2939 2739 2994 per
2791 2922 3024 2993 speciem
3065 2922 3499 2992 reprehensionis
3544 2923 3685 2978 Petri

2093 3019 2383 3076 adhibitam
2405 3060 2422 3087 ,
2456 3017 2578 3073 audi
2606 3032 2725 3088 qua:
2767 3024 3060 3086 sequuntur
3089 3033 3104 3070 :
3152 3014 3263 3070 Nos
3284 3025 3465 3070 natura
3490 3015 3685 3085 Iudici,

2093 3121 2141 3165 et
2177 3127 2279 3167 non
2302 3108 2607 3181 agentibus
2645 3117 2928 3177 peccatores
2954 3104 3099 3176 (Gal.
3138 3105 3193 3161 2.
3232 3105 3344 3178 l5).
3393 3106 3517 3162 Haec
3542 3110 3686 3163 enim

2087 3202 2201 3274 iam
2244 3211 2371 3258 sunt
2408 3200 2572 3257 verba
2615 3199 2879 3267 docentis,
2930 3213 3105 3269 neque
3129 3198 3195 3254 ad
3238 3198 3454 3254 Petrum
3497 3209 3684 3255 cuncta

2092 3293 2420 3361 referuntur,
2443 3292 2538 3348 sed
2555 3291 2856 3347 orationem
2883 3288 3057 3345 reddit
3075 3304 3436 3345 communem.
3457 3290 3511 3347 Si
3537 3292 3680 3347 enim

2094 3394 2363 3458 tamquam
2401 3384 2603 3440 docens
2651 3382 2719 3438 ab
2762 3382 2913 3436 initio
2967 3380 3081 3436 haec
3121 3380 3526 3450 introduxisset,
3580 3398 3687 3439 non

2097 3478 2343 3535 tulissent
2369 3475 2540 3532 Judaei
2567 3492 2582 3542 ;
2607 3473 2716 3545 iam
2739 3488 2869 3528 vero
2894 3487 3014 3527 cum
3047 3472 3197 3527 initio
3216 3489 3244 3526 a
3268 3472 3688 3541 reprehensione

2095 3570 2281 3636 ducto,
2297 3579 2352 3625 et
2378 3567 2522 3638 quod
2546 3567 2789 3622 videatur
2808 3565 3001 3620 merito
3028 3564 3243 3619 Petrum
3268 3562 3686 3639 reprehendere,

2096 3671 2157 3717 ut
2183 3660 2271 3732 qui
2292 3671 2583 3715 conversos
2601 3672 2668 3712 ex
2692 3655 2942 3727 gentibus
2961 3655 3027 3709 ad
3053 3655 3185 3726 legis
3211 3658 3405 3710 rituum
3429 3655 3688 3711 observa-

2098 3754 2296 3810 tionem
2326 3752 2543 3807 allicere
2562 3749 2833 3805 videretur
2852 3790 2865 3813 ,
2895 3750 3087 3803 transit
3119 3747 3313 3804 deinde
3356 3748 3689 3804 conﬁdenter

2098 3846 2164 3903 ad
2191 3845 2612 3901 admonitionem
2644 3851 2699 3899 et
2724 3842 3040 3904 consilium,
3077 3840 3230 3909 quasi
3273 3840 3342 3895 ab
3385 3844 3497 3911 ipsa
3546 3843 3688 3896 serie

2100 3947 2381 4005 tractuque
2404 3931 2671 3991 sermonis
2690 3949 2756 3988 eo
2780 3933 2994 3988 delatus
3024 3930 3231 3985 fuisset.
3260 3929 3338 3985 Ne
3360 3932 3502 3985 enim
3533 3931 3686 4000 quis-

2100 4030 2240 4100 piam
2267 4028 2403 4083 forte
2423 4041 2544 4083 cum
2573 4025 2849 4091 audiisset,
2884 4022 3066 4077 Gentes
3091 4023 3227 4092 cogis
3243 4022 3533 4092 judaizare,
3559 4022 3688 4077 solis

2100 4120 2209 4175 illis
2238 4126 2450 4190 putaret
2470 4117 2746 4187 iudaizare
2774 4130 2884 4169 non
2922 4129 3045 4170 esse
3090 4115 3412 4183 permissum
3430 4155 3444 4179 ,
3473 4115 3566 4169 sed
3592 4114 3689 4170 Ju-

2098 4211 2232 4267 dznis
2262 4211 2444 4274 licere,
2466 4209 2760 4265 orationem
2794 4204 3069 4277 redigitad
3098 4205 3244 4275 ipsos
3258 4205 3527 4261 doctores.
3550 4206 3687 4274 Quid

2101 4316 2203 4375 ego
2223 4301 2290 4357 de
2312 4300 2578 4371 gentibus,
2613 4298 2801 4369 inquit,
2824 4305 2917 4352 aut
2955 4296 3174 4366 reliquis
3218 4294 3419 4351 ludatis
3461 4297 3689 4368 loquor?

2102 4394 2216 4449 lino
2244 4391 2405 4448 etiam
2426 4390 2673 4445 doctores
2701 4403 2800 4444 nos
2827 4397 2882 4443 et
2906 4386 3158 4457 apostoli.
3200 4387 3383 4458 Neque
3397 4388 3496 4443 hoc
3516 4388 3688 4443 solum

2102 4497 2280 4539 causai
2326 4482 2720 4535 ﬁrmamentum
2751 4478 2938 4545 aﬁ‘ert,
2966 4476 3059 4533 sed
3089 4479 3250 4533 etiam
3284 4478 3441 4549 quod
3486 4494 3585 4534 nos
3621 4495 3690 4535 ex

2106 4572 2336 4645 posteris
2386 4570 2555 4626 Judaai
2601 4570 2813 4641 penitus
2846 4585 2877 4624 a
2927 4569 3044 4639 lege
3089 4568 3518 4625 diseesserimus.
3558 4570 3690 4639 Qua:

2106 4666 2263 4722 nobis
2289 4664 2448 4734 igitur
2472 4663 2584 4718 dari
2612 4662 2763 4717 venia
2787 4661 3001 4732 poterit,
3034 4660 3078 4715 si
3108 4669 3337 4716 caeteros
3360 4659 3426 4715 ad
3449 4660 3549 4716 hoc
3570 4667 3708 4732 per-'

2106 4757 2414 4812 trahamus?
2435 4754 2596 4810 Vides
2619 4765 2679 4808 ut
2702 4753 2917 4810 Judaeos
2936 4754 3143 4810 occulte
3176 4763 3379 4825 carpat,
3407 4766 3463 4810 et
3486 4755 3691 4810 doctri-

2106 4863 2229 4903 nam
2259 4846 2551 4918 perfectam
2576 4845 2902 4900 constituat?
2938 4846 3072 4900 Cum
3105 4845 3247 4901 enim
3289 4845 3550 4912 dixisset,
3580 4844 3692 4901 Nos

2107 4950 2292 4993 natura
2315 4935 2487 4992 Judaei
2515 4976 2531 5002 ,
2552 4945 2601 4991 et
2628 4953 2729 4991 non
2764 4952 2827 4990 ea:
2851 4936 3100 5007 gentibus,
3125 4946 3410 5006 peccatores
3436 4953 3455 4991 :
3480 4946 3534 4993 et
3559 4952 3692 4992 cau-

2105 5047 2220 5087 sum
2247 5031 2402 5087 aﬁ'ert
2427 5030 2620 5086 rationi
2650 5038 3065 5084 consentaneum
3084 5028 3154 5084 ob
3178 5044 3337 5098 quam
3362 5043 3394 5083 a
3414 5027 3692 5084 Judaismo

2107 5124 2449 5179 desciverant
2484 5136 2499 5175 :
2530 5120 2759 5177 Scientes
2778 5160 2795 5188 ,
2822 5120 2957 5189 quod
2994 5135 3097 5173 non
3115 5119 3434 5191 justifieatur
3461 5118 3613 5173 homo
3632 5136 3694 5174 ex

2106 5217 2341 5287 operibus
2369 5214 2492 5288 legis
2512 5255 2527 5281 ,
2559 5214 2657 5269 nisi
2687 5229 2776 5285 per
2808 5212 2959 5282 [idem
2984 5211 3017 5266 .l
3024 5228 3112 5266 esu
3139 5208 3325 5267 Christi
3349 5227 3370 5267 :
3393 5227 3484 5265 nos
3502 5227 3696 5281 quoque

2106 5310 2161 5363 in
2186 5309 2443 5364 Christum
2476 5305 2655 5362 Jesum
2696 5305 3037 5372 credidimus,
3065 5314 3118 5358 ut
3143 5304 3487 5376 justiﬁeemur
3508 5320 3572 5357 ea:
3593 5304 3697 5372 [ida

2106 5400 2317 5467 Christi,
2351 5410 2520 5454 etnon
2548 5414 2610 5452 ea:
2637 5398 2870 5466 operibus
2893 5396 3036 5468 legis,
3075 5410 3136 5449 eo
3182 5393 3321 5465 quod
3365 5409 3467 5447 non
3496 5394 3695 5464 justiﬁ-

2108 5507 2248 5550 cetur
2268 5495 2417 5549 homo
2442 5510 2506 5547 ea:
2530 5490 2765 5562 operibus
2804 5490 2949 5562 legis,
2984 5489 3080 5542 nisi
3103 5504 3193 5559 per
3218 5487 3369 5557 ﬁdem
3395 5484 3521 5539 Jesu
3545 5484 3686 5540 Chri-

2106 5588 2173 5640 sti
2203 5584 2344 5655 (Gal.
2373 5584 2427 5637 2.
2463 5584 2571 5650 16).

2182 5668 2267 5721 l9.
2303 5665 2680 5733 Inﬁrmitatem
2708 5665 2835 5737 legis
2866 5666 3095 5720 inculcat
3122 5669 3413 5734 apostolus.
3431 5662 3677 5720 —-Vides

2109 5766 2167 5810 ut
2198 5761 2511 5828 Irequenter
2530 5756 2865 5813 inﬁrmitatis
2885 5758 3019 5828 legis
3049 5756 3213 5813 faciat
3246 5759 3600 5822 mentionem,
3623 5764 3679 5813 et

2105 5849 2332 5920 iustitia:
2349 5866 2468 5930 qua:
2484 5856 2643 5911 estex
2660 5850 2795 5907 ﬁde?
2812 5848 2877 5906 Et
2893 5850 3089 5909 crebro
3105 5851 3344 5915 inculcat
3356 5865 3417 5909 ea
3432 5849 3677 5915 numina.
