4020 6370
458 418 565 475 387

455 523 597 595 quod
623 538 727 579 non
745 531 838 579 est
866 522 1305 594 reprehendentis
1324 563 1341 588 ,
1368 522 1464 578 sed
1489 521 1732 577 docentis
1761 529 1815 575 et
1840 534 2039 575 consu-

457 619 638 674 lentis.
668 619 886 684 Verum,
913 628 972 674 ut
997 618 1240 674 dicebam
1265 659 1280 683 ,
1309 618 1354 674 si
1377 617 1592 689 quidem
1617 659 1632 684 ,
1661 627 1719 672 ut
1747 618 1799 674 in
1827 615 2043 673 Judaeos

458 709 802 766 inveheretur
821 749 838 775 ,
871 709 986 765 lure
1012 709 1252 775 diceret,
1279 719 1456 764 actum
1487 718 1664 774 esset,
1695 723 1758 763 ac
1787 723 1873 762 res
1900 715 2043 762 esset

451 800 612 871 plane
652 799 924 870 deplorata
949 841 964 868 ,
995 800 1136 872 quod
1169 800 1243 855 illi
1272 799 1429 869 hujus
1471 799 1774 856 doctrinam
1821 798 2041 854 minime

452 891 656 946 ferrent
684 908 699 945 :
727 890 979 960 quoniam
1025 901 1203 944 autem
1241 890 1307 945 ad
1338 890 1554 945 Petrum
1581 889 1880 944 orationem
1908 903 2044 942 con-

450 983 640 1046 vertit,
671 981 745 1035 illi
769 981 907 1038 clam
951 981 1229 1036 utilitatem
1277 980 1669 1051 percipiebant,
1700 979 1825 1034 dum
1853 995 2039 1048 reprc-

452 1072 774 1132 heuderetur
795 1089 859 1130 ac
886 1083 1086 1146 taceret
1105 1074 1313 1137 Petrus,
1332 1072 1552 1143 ejusque
1574 1072 1835 1127 sententia
1866 1071 2040 1128 omnis

450 1165 790 1235 detegeretur
824 1180 928 1220 non
957 1165 1028 1221 ab
1070 1166 1222 1235 ipso,
1249 1164 1343 1221 sed
1372 1181 1402 1222 a
1433 1163 1738 1235 coapostolo
1761 1205 1773 1227 ,
1803 1172 1858 1218 et
1896 1164 2041 1233 prior

447 1253 567 1325 ejus
596 1258 931 1314 converSatio
959 1258 1010 1311 in
1043 1256 1272 1312 medium
1305 1257 1650 1327 proferretur.
1683 1255 1885 1312 Deinde
1910 1270 2039 1310 vero

448 1365 518 1404 ne
563 1348 704 1420 apud
751 1364 810 1405 se
836 1348 1320 1418 dicerent:quue
1362 1349 1488 1402 licet
1529 1348 1719 1402 Petrus
1754 1356 1809 1402 et
1843 1347 2039 1402 Paulus

445 1455 725 1511 perperam
756 1440 960 1510 egerint
982 1456 998 1495 :
1017 1441 1185 1510 justas
1213 1450 1267 1496 et
1293 1439 1614 1494 indubitatas
1636 1439 1791 1494 all'ert
1817 1453 2031 1506 causas,

444 1531 516 1586 ob
568 1546 700 1604 quas
750 1529 982 1588 Judaicis
1025 1531 1214 1586 ritibus
1260 1529 1644 1586 adhaerendum
1675 1545 1781 1586 non
1815 1538 1916 1584 est.
1949 1530 2038 1582 Eae

445 1637 579 1677 vero
621 1630 781 1690 sunt,
819 1621 961 1692 quod
987 1621 1275 1692 justitlcare
1311 1621 1398 1676 lex
1450 1621 1670 1675 minime
1714 1619 2034 1690 possit,sed

448 1715 586 1770 ﬁdes
633 1724 858 1780 tantum.
907 1717 1078 1784 Atque
1121 1712 1208 1768 hic
1255 1713 1470 1783 quidem
1509 1713 1617 1768 leni
1657 1728 1722 1768 ac
1765 1711 2035 1768 moderata

449 1808 614 1861 utitur
661 1805 945 1862 oratione:
977 1819 1290 1876 progressus
1333 1814 1510 1860 autem
1555 1805 1825 1874 paululum
1870 1807 2033 1860 velte-

449 1898 765 1954 meutiorem
813 1896 1031 1956 adhibet
1070 1907 1126 1952 et
1167 1899 1449 1953 acriorem.
1493 1898 1640 1965 Quod
1681 1898 1725 1952 si
1762 1907 2036 1970 qua'rentes

446 1990 713 2065 iustiﬁcari
752 1989 804 2044 in
851 1988 1049 2044 Christo
1096 1989 1286 2044 inventi
1311 2005 1483 2043 sumus
1511 1998 1559 2046 et
1597 1989 1697 2060 ipsi
1726 1999 2032 2060 peccatores,

444 2100 565 2138 num
601 2082 826 2140 Christus
861 2082 1050 2152 peccati
1090 2083 1316 2136 minister
1332 2092 1404 2137 est
1437 2080 1628 2154 (Galat.
1647 2081 1706 2139 2.
1733 2081 1859 2152 l7)?
1883 2081 2033 2150 Quod

445 2183 620 2232 autem
650 2174 778 2230 dicit
805 2175 960 2230 talem
991 2176 1310 2230 sententiam
1339 2175 1499 2230 habet
1530 2193 1543 2228 :
1576 2175 1735 2230 Fides
1756 2176 2029 2245 justilicat,

441 2277 497 2321 et
517 2280 548 2320 a
575 2265 763 2321 ritibus
788 2264 1024 2321 Judaicis
1039 2266 1190 2336 jubet
1213 2265 1508 2331 discedere,
1533 2276 1590 2322 ut
1617 2268 1705 2337 qui
1723 2267 1832 2337 jam
1858 2282 2034 2322 cessa-

441 2359 586 2414 rint:
610 2357 752 2428 quod
775 2358 822 2416 si
863 2359 1038 2415 adhuc
1067 2359 1150 2413 lex
1179 2359 1406 2428 imperat
1429 2369 1587 2430 atque
1613 2359 1915 2414 dominatur
1939 2399 1952 2423 ,
1981 2369 2035 2416 et

438 2451 527 2520 qui
552 2465 670 2506 eam
694 2449 1008 2516 deseruerit,
1027 2450 1472 2520 prmvarieationis
1493 2460 1574 2506 est
1601 2465 1744 2516 reus,
1767 2449 2032 2521 Christus,

440 2543 531 2612 qui
575 2543 762 2608 nobis,
793 2553 850 2599 ut
895 2543 1038 2598 illam
1084 2544 1490 2611 desereremus,
1529 2546 1844 2616 imperavit,
1876 2546 2031 2601 nobis

443 2632 891 2704 prmvaricationis
919 2643 1107 2688 auctor
1132 2633 1295 2690 fuisse
1315 2636 1629 2704 reperietur,
1657 2652 1830 2705 neque
1858 2636 2033 2692 solum

446 2737 544 2777 nos
575 2733 791 2793 peccato
820 2738 928 2778 non
957 2724 1228 2790 liberasse,
1260 2726 1356 2780 sed
1386 2736 1440 2781 et
1467 2728 1520 2780 in
1549 2736 1823 2797 peccatum
1855 2728 2030 2798 impu-

442 2813 588 2870 lisse.
620 2813 677 2869 Si
717 2815 860 2869 enim
904 2815 972 2870 ob
1019 2814 1175 2870 [idem
1204 2817 1376 2888 legem
1414 2817 1746 2876 deseruimus
1770 2861 1784 2886 ,
1813 2836 1974 2892 porro
1999 2836 2029 2875 a

446 2905 563 2974 lege
607 2903 920 2960 discessisse
965 2915 1242 2976 peccatum
1271 2915 1388 2973 est,
1417 2909 1548 2964 ﬁdes
1573 2910 1641 2965 ob
1669 2925 1825 2981 quam
1856 2911 2027 2982 legem

441 2996 791 3062 deseruimus,
827 2998 938 3068 ipsa
961 2997 1112 3053 nobis
1141 2997 1275 3054 facta
1305 3008 1570 3056 estcausa
1600 3003 1822 3072 peccati.
1851 3001 2033 3070 Quan-

440 3090 511 3144 do
535 3099 710 3146 autem
738 3091 804 3145 ad
825 3090 1114 3146 absurdum
1135 3092 1246 3162 jam
1273 3108 1575 3152 sermonem
1602 3097 1823 3167 redegit,
1854 3114 2030 3168 neque

440 3181 546 3237 ulla
595 3181 1049 3240 demonstratione
1111 3184 1337 3254 indiguit
1381 3184 1450 3240 ad
1513 3186 1883 3253 refutandum,
1931 3189 2026 3244 sed

437 3281 720 3328 contentus
745 3271 844 3328 fuit
871 3273 1051 3331 dicere
1075 3315 1091 3344 ,
1122 3275 1292 3342 Absit,
1321 3276 1461 3346 quod
1489 3277 1790 3332 absurditas
1821 3280 1872 3334 in
1898 3295 2029 3335 con-

343 3411 348 3416 ,
437 3363 578 3419 fesso
623 3373 807 3420 esset:
838 3364 900 3421 Si
940 3368 1108 3434 enim,
1151 3367 1353 3437 inquit,
1399 3384 1511 3439 qua:
1557 3369 1818 3436 destruxi,
1845 3372 2028 3424 iterum

439 3457 547 3512 lucc
571 3459 789 3528 aedi/ica,
813 3461 1248 3526 pravaricatorem
1272 3478 1350 3514 me
1374 3463 1620 3517 constituo
1642 3461 1784 3532 (Gal.
1807 3463 1862 3517 2.
1894 3464 1980 3533 l8)
2009 3483 2022 3519 :

436 3551 490 3601 in
517 3549 841 3602 contrarium
869 3550 1136 3605 convertit
1162 3551 1458 3606 orationem
1484 3593 1498 3618 ,
1531 3561 1586 3607 et
1613 3554 1878 3620 ostendit,
1914 3572 2018 3610 non

437 3639 734 3710 transgredi
764 3641 933 3710 legem
959 3681 974 3705 ,
1004 3640 1098 3696 sed
1127 3642 1295 3712 legem
1324 3657 1431 3696 non
1460 3642 1731 3710 deserere,
1757 3645 1856 3699 hoc
1882 3661 2022 3714 pra:-

432 3731 782 3784 varicatorem
810 3730 1073 3797 reddere;
1104 3741 1158 3786 et
1189 3747 1283 3801 per
1312 3733 1544 3802 speciem
1573 3735 1802 3804 pr0priae
1833 3751 2020 3804 perso-

435 3838 519 3876 na:
544 3837 729 3877 rursus
756 3822 969 3877 Petrum
992 3822 1254 3893 designat.
1284 3823 1341 3878 ln
1369 3839 1476 3893 quo
1499 3826 1643 3880 enim
1669 3826 1857 3881 Petrus
1878 3828 2025 3882 cibo—

438 3929 558 3968 rum
589 3912 1015 3969 observationem
1056 3914 1309 3980 violavit,
1333 3915 1423 3984 qui
1459 3917 1725 3985 gentiliter
1767 3927 2026 3974 statuerat

437 4003 659 4059 vivere?
689 4004 819 4058 Cum
864 4003 1021 4073 igitur
1063 4004 1130 4059 ad
1175 4004 1389 4060 Judaeos
1443 4007 1634 4062 iterum
1684 4008 1936 4074 redierit,
1970 4019 2026 4066 et

429 4110 554 4148 cum
581 4094 682 4148 illis
705 4095 1188 4166 vivat,reperietur
1219 4097 1483 4154 aediﬁcare
1509 4114 1629 4169 qua:
1666 4101 2020 4158 destruxerat.

508 4185 598 4240 ΞΟ.
640 4185 800 4240 Vides
829 4200 934 4256 quo
958 4196 1113 4256 pacto
1144 4188 1338 4258 ubique
1361 4189 1413 4244 in
1445 4189 1892 4248 condemnatione
1921 4195 2024 4249 Pco

437 4280 502 4334 tri
533 4279 754 4343 haereat,
785 4288 838 4333 et
867 4280 1096 4348 priorem
1121 4280 1290 4350 ipsius
1313 4284 1770 4338 conversationem
1799 4287 2022 4342 manife-

434 4379 538 4426 stct
561 4387 574 4424 :
599 4378 654 4425 ut
680 4386 783 4424 non
811 4385 841 4424 a
866 4370 1043 4441 lingua
1075 4371 1255 4440 Pauli,
1285 4372 1380 4429 sed
1405 4389 1434 4428 a
1466 4384 1644 4432 mente
1672 4374 1835 4446 Petri,
1860 4394 2020 4449 quam

1160 409 1214 466 S.
1253 407 1532 466 JOANNIS
1570 403 2042 464 CllRXSOSTOMl
2080 405 2400 464 ARCHIEP.
2442 409 2984 467 CONSTANTINOP.

3636 420 3755 476 388

2148 521 2310 576 rebus
2336 521 2465 593 ipsis
2491 522 2797 578 ostenderat
2815 564 2830 587 ,
2862 522 3029 578 Judtei
3056 522 3468 580 admonitionem
3495 529 3755 596 accipere

2147 612 2466 668 videantur?
2491 613 2779 683 Propterea
2805 615 2934 670 dicit
2962 633 2973 668 :
3006 614 3205 671 Timens
3229 633 3311 671 eos
3335 619 3420 686 qui
3441 635 3505 673 ea;
3529 620 3753 673 circum-

2146 705 2334 760 cisione
2364 716 2505 760 erant
2523 747 2539 773 ,
2569 715 2625 762 et
2652 706 2784 775 Quia
2819 708 3151 765 reprehensus
3183 719 3323 772 erat;
3351 721 3406 764 et
3435 712 3585 777 Quod
3635 731 3750 768 non

2144 808 2278 853 recte
2303 799 2582 853 ambularet
2606 801 2674 854 ad
2701 801 2956 856 veritatem
2981 803 3246 873 evangelii.
3267 803 3380 858 Non
3410 806 3550 876 quod
3581 808 3652 862 ita
3676 824 3746 864 sc

2147 890 2368 945 haberet
2394 910 2408 946 :
2434 891 2604 957 absit;
2636 891 2738 948 hoc
2759 895 2904 948 enim
2933 895 3177 964 pluribus
3203 895 3688 954 demonstravimus
3725 919 3742 955 :

2143 983 2239 1039 sed
2257 985 2706 1055 quemadmodum
2735 995 2846 1042 tum
2870 989 3124 1057 temporis
3147 989 3579 1058 reprehendebat
3597 992 3743 1045 Pau-

2143 1075 2248 1141 lus,
2271 1086 2327 1132 et
2354 1076 2469 1132 hate
2497 1077 2724 1134 audiens
2753 1078 2943 1134 Petrus
2973 1079 3180 1134 tacebat
3201 1119 3217 1144 ,
3247 1095 3315 1135 ne
3339 1080 3486 1135 Pauli
3515 1083 3746 1151 dispen-

2142 1167 2404 1222 sationem
2435 1177 2720 1236 everteret,
2746 1176 2800 1224 et
2827 1177 3112 1224 contentus
3134 1179 3250 1224 erat
3275 1171 3426 1240 quasi
3457 1187 3562 1225 non
3587 1181 3742 1226 recte

2141 1258 2799 1329 ageret,objurgationem
2837 1260 3118 1315 admittere
3139 1302 3155 1326 ,
3184 1271 3243 1315 ut
3282 1261 3413 1315 illud
3441 1261 3544 1317 sibi
3595 1263 3742 1330 apud

2142 1349 2434 1420 discipulos
2471 1351 2802 1406 excusationi
2843 1360 3024 1407 esset:
3056 1353 3127 1406 ita
3171 1353 3426 1407 nimirum
3466 1370 3608 1408 nunc
3636 1355 3741 1408 iste

2142 1441 2330 1495 eodem
2371 1441 2596 1496 consilio
2633 1457 2742 1512 quo
2783 1443 2999 1497 Petrum
3031 1443 3322 1510 arguebat,
3353 1442 3468 1497 lucc
3507 1442 3738 1511 scribit,

2140 1547 2261 1600 qua:
2286 1540 2398 1587 tum
2422 1532 2692 1588 scribebat
2718 1532 2785 1588 ad
2823 1533 3059 1589 Galatas.
3083 1533 3213 1588 Nam
3246 1534 3290 1588 si
3319 1544 3429 1588 tum
3458 1535 3733 1606 objurgari

2141 1623 2356 1678 Petrum
2381 1665 2396 1690 ,
2421 1634 2479 1679 et
2523 1635 2702 1680 tacere
2727 1666 2743 1692 ,
2773 1626 2906 1682 utile
2929 1625 3131 1681 Judteis
3166 1637 3280 1681 erat
3299 1667 3315 1692 ,
3345 1627 3516 1682 multo
3560 1629 3736 1697 magis

2141 1731 2284 1772 nunc
2319 1717 2480 1771 etiam
2521 1717 2618 1772 ista
2645 1717 2712 1772 de
2753 1718 2870 1787 ipso
2911 1718 3219 1787 prmdicari,
3249 1719 3376 1774 utile
3403 1720 3466 1772 iis
3503 1727 3620 1773 erat
3648 1735 3716 1773 ex

2139 1807 2342 1862 Galatls
2367 1847 2382 1871 ,
2408 1807 2498 1877 qui
2528 1807 2740 1862 fuerant
2763 1809 3054 1878 depravati.
3087 1809 3154 1864 Ut
3174 1809 3316 1864 enim
3348 1814 3440 1879 qui
3468 1820 3579 1864 tum
3607 1811 3723 1864 An-

2141 1897 2352 1952 tiochiae
2373 1897 2659 1968 degebant,
2681 1913 2802 1953 cum
2826 1898 3020 1954 acriter
3041 1899 3421 1968 reprehensmn
3437 1910 3729 1954 cernerent

2135 1988 2352 2044 Petrum
2380 2029 2397 2055 ,
2427 2001 2480 2043 et
2509 1997 2776 2044 tacentem
2802 2030 2820 2055 ,
2846 1989 3084 2060 magistri
3110 1990 3450 2044 accusatione
3490 1990 3731 2058 corrige-

2137 2081 2422 2147 bantur,ac
2436 2081 2645 2136 silentio
2665 2099 2678 2135 :
2697 2081 2774 2136 sic
2792 2091 2844 2136 et
2861 2097 3002 2136 nunc
3020 2081 3240 2146 Galatae,
3261 2081 3347 2151 qui
3364 2081 3555 2136 eodem
3580 2097 3725 2136 mor-

2139 2171 2208 2226 bo
2250 2171 2484 2228 Judaicae
2526 2173 2916 2229 observationis
2961 2173 3243 2236 laborant,
3267 2183 3321 2227 et
3349 2172 3476 2227 dum
3508 2173 3726 2228 Paulum

2137 2263 2360 2318 audiunt
2387 2263 2503 2318 htec
2531 2263 2597 2319 de
2617 2264 2734 2334 ipso
2756 2265 3042 2330 dicentem,
3072 2272 3252 2334 utpote
3280 2264 3404 2334 quia
3432 2264 3727 2334 reprehen-

2137 2373 2231 2412 sus
2256 2365 2372 2412 erat
2394 2397 2409 2421 ,
2443 2366 2497 2412 et
2525 2373 2632 2411 non
2658 2366 2802 2412 recte
2826 2356 3129 2412 ambulabat
3151 2356 3219 2411 ad
3249 2357 3524 2412 veritatem
3554 2371 3724 2410 evan-

2135 2453 2283 2522 gelii,
2309 2467 2536 2521 eumque
2556 2460 2772 2521 promer
2793 2449 2910 2504 hinc
2930 2450 3238 2519 objurgatus
3265 2449 3497 2503 siluisset
3519 2465 3536 2502 :
3557 2449 3730 2502 maxi-

2136 2558 2277 2597 mam
2320 2543 2443 2598 iude
2484 2542 2844 2612 percipiebant
2889 2541 3184 2595 doctrinam
3209 2549 3304 2606 ,ut
3341 2555 3446 2594 non
3492 2539 3729 2608 amplius

2134 2636 2371 2692 Judaicis
2419 2635 2609 2690 ritibus
2652 2634 3007 2688 adltmrereut.
3040 2632 3242 2687 ldeirco
3266 2631 3425 2686 etiam
3451 2631 3646 2686 Paulus
3667 2641 3725 2684 et

2137 2739 2261 2784 tunc
2284 2728 2573 2798 increpavit
2597 2769 2612 2794 ,
2639 2736 2693 2781 et
2724 2741 2863 2780 nunc
2894 2725 3036 2778 illius
3063 2723 3312 2792 temporis
3335 2722 3728 2792 objurgationis

2135 2823 2457 2876 mentionem
2485 2819 2606 2872 facit
2632 2837 2644 2872 :
2668 2803 2840 2887 neque
2860 2817 3037 2871 minus
3057 2815 3251 2869 idcirco
3275 2815 3491 2868 Petrum
3523 2812 3728 2870 laudari

2132 2911 2404 2974 convenit,
2422 2909 2563 2980 quod
2591 2908 2836 2962 omnibus
2860 2907 2939 2971 iis,
2971 2922 3089 2976 qure
3109 2905 3246 2960 dicta
3269 2913 3394 2958 sunt
3413 2919 3722 2968 ,asseusum

2135 3001 2442 3074 przebuerit.
2472 2999 2563 3054 Ille
2589 2999 2732 3053 enim
2757 2997 2872 3063 fuit,
2901 2997 2988 3068 qui
3015 2996 3199 3050 omnia
3220 2993 3490 3064 praestitit,
3521 2994 3610 3064 qui
3635 3009 3724 3046 ae-

2131 3095 2305 3152 eusari
2345 3111 2404 3150 se
2433 3107 2619 3163 passus
2645 3101 2727 3146 est
2750 3134 2766 3160 ,
2793 3101 2848 3145 et
2874 3090 3149 3145 conticuit.
3183 3089 3280 3146 llic
3305 3087 3716 3158 dispensationis

2131 3197 2215 3243 est
2257 3187 2477 3241 fruetus.
2514 3185 2590 3240 lta
2636 3199 2733 3240 nos
2773 3194 3050 3251 utrumque
3094 3182 3458 3251 apostolorum
3500 3179 3722 3240 crimine

2133 3279 2494 3342 liberavimus,
2521 3277 2733 3344 utrique
2758 3290 2886 3330 vero
2910 3273 3094 3328 laudes
3111 3271 3377 3328 debentur
3406 3271 3720 3325 innumerae.

2129 3371 2270 3442 quod
2300 3370 2366 3424 ad
2393 3370 2618 3424 aliorum
2648 3368 2872 3422 salutem
2899 3365 3077 3420 omnia
3108 3364 3292 3426 audire
3317 3363 3618 3418 studuerint
3645 3362 3720 3417 si-

2131 3461 2272 3527 mul,
2301 3477 2364 3516 ac
2391 3459 2591 3515 dicere.
2629 3458 2738 3514 Nos
2780 3465 2960 3512 autem
2999 3455 3253 3524 deinceps
3295 3454 3439 3509 Petri
3476 3461 3532 3507 et
3572 3453 3720 3507 Pauli

2130 3555 2294 3610 Deum
2316 3567 2584 3624 rogemus,
2613 3561 2668 3606 ut
2688 3551 2777 3621 qui
2807 3549 3000 3604 mutuis
3031 3549 3150 3603 illos
3167 3545 3471 3602 concordia:
3492 3544 3721 3599 vinculis

2129 3647 2268 3700 inter
2293 3660 2354 3702 se
2392 3643 2674 3708 devinxit,
2708 3658 2806 3698 uos
2841 3656 3055 3712 quoque
3091 3649 3278 3694 mutuo
3327 3635 3714 3692 vehementiori

2128 3736 2351 3790 caritate
2375 3735 2708 3804 constringat
2734 3749 2748 3787 :
2773 3747 2882 3802 quo
2918 3730 3134 3785 tandem
3167 3737 3404 3783 mutuam
3436 3729 3573 3781 inter
3619 3740 3716 3779 nos

2128 3826 2642 3883 secundum‘Deum
2699 3825 3042 3880 concordiam
3095 3823 3334 3877 foventes
3362 3864 3377 3887 ,
3408 3828 3707 3874 sanctorum

2129 3920 2340 3974 illorum
2384 3928 2672 3988 conspectu
2721 3917 3040 3986 dignemur,
3071 3924 3127 3970 et
3171 3915 3224 3970 in
3274 3913 3483 3970 aeternis
3521 3926 3707 3966 eorum

2131 4011 2396 4080 possimus
2425 4009 2778 4065 tabernaculis
2815 4007 3036 4064 inveniri
3061 4048 3077 4073 ,
3106 4007 3274 4076 gratia
3303 4014 3357 4060 et
3385 4003 3710 4072 benignitate

2129 4105 2337 4160 Domini
2377 4105 2545 4159 nostri
2587 4103 2715 4158 Jesu
2759 4101 2958 4156 Christi
2981 4142 2995 4165 ,
3027 4114 3120 4169 per
3147 4114 3304 4168 quem
3336 4139 3354 4164 ,
3381 4107 3432 4151 et
3462 4110 3581 4150 cum
3611 4109 3717 4163 quo

2128 4195 2274 4250 Patri
2303 4206 2356 4250 et
2384 4194 2604 4263 Spiritui
2633 4203 2816 4246 sancto
2841 4231 2855 4255 ,
2883 4191 3051 4260 gloria
3078 4231 3094 4256 ,
3122 4189 3438 4258 imperium,
3470 4185 3641 4240 honor
3669 4194 3719 4238 et

2128 4287 2368 4342 adoratio
2393 4327 2408 4354 ,
2437 4299 2577 4340 nunc
2603 4293 2658 4340 et
2683 4296 2897 4352 semper
2921 4323 2936 4349 ,
2965 4289 3018 4336 et
3047 4280 3101 4336 in
3139 4277 3332 4335 smcula
3379 4277 3716 4332 siceulorum.

2127 4380 2322 4434 Amen.

1440 4936 1623 4995 FlNlS
1661 4937 1827 4994 TOMI
1865 4936 2418 5005 QUINQUAGESIMI
2457 4935 2672 4992 PRIMI.
