4020 6370
257 289 357 345 εις-π
1292 276 1361 332 1N
1407 278 1647 346 ILLUD,
1689 279 1755 334 IN
1801 278 2051 337 FACIEM
2087 278 2152 335 El
2190 278 2485 339 RESTITI.

251 399 543 472 τιμῶντος,
597 398 733 455 ἀλλὰ
789 399 1149 463 διδάσκοντος,
1204 402 1296 455 καὶ
1358 400 1835 471 συμϐουλεύοντος.

265 487 431 552 ⁸Αλλ’,
467 490 602 559 ὅπερ
632 487 788 560 ἔφην,
836 491 885 542 εἰ
922 489 1020 559 μέν
1067 488 1202 560 πρὸς
1244 489 1529 551 Ἰουδαίους
1562 488 1841 542 ἀποτεινό-

252 591 419 644 μενος
467 574 638 629 ταῦτα
674 576 847 643 ἔλεγε,
874 576 934 629 τὸ
964 577 1071 628 πᾶν
1101 576 1166 630 ἂν
1193 575 1415 645 διερρύη
1447 576 1541 628 καὶ
1568 574 1837 639 ἀπώλετο,

251 664 354 716 οὑκ
406 663 751 733 ἀνεχομένων
803 663 1024 717 ἐκείνων
1078 664 1180 733 τῆς
1225 663 1414 717 τούτου
1469 664 1833 726 διδασκαλίας*

250 748 444 819 ἐπειδὴ
488 748 544 801 δὲ
576 748 712 821 πρὸς
744 750 947 819 Πέτρον
978 750 1068 803 τὸν
1100 748 1256 817 λόγον
1294 749 1620 820 ἐπέστρεψε,
1646 748 1840 802 λανθα-

251 838 454 900 νόντως
478 839 673 892 ἐκεῖνοι
690 839 787 909 τὴν
808 838 1073 907 ὠφέλειαν
1099 838 1458 906 ἐκαρποῦντο,
1499 838 1840 909 ἐπιτιμωμέ-

251 941 345 981 νου
377 927 471 979 καὶ
496 925 754 995 σιγῶντος
782 927 874 979 τοῦ
905 927 1134 998 Πέτρου,
1166 927 1259 979 καὶ
1283 925 1383 996 τῆς
1414 924 1638 996 γνώμης
1671 925 1835 979 αὑτοῦ

254 1014 438 1083 πάσης
465 1012 966 1084 ἐκκαλυπτομένης,
1000 1014 1120 1083 ούχί
1134 1013 1263 1083 παρ’
1286 1012 1500 1077 ἐαυτοῦ,
1532 1013 1665 1067 ἀλλὰ
1688 1013 1839 1083 παρά

252 1098 350 1152 τοῦ
379 1100 799 1165 συναποστόλου,
832 1101 927 1153 καὶ
955 1101 1052 1170 τῆς
1079 1101 1423 1171 ἀναστροφῆς
1443 1101 1542 1171 τῆς
1565 1100 1837 1170 προτέρας

257 1190 337 1249 εἰς
358 1188 519 1255 μέσον
549 1188 842 1259 ἀγομένης.
883 1183 1037 1252 Εἶτα,
1079 1189 1166 1242 ἵνα
1203 1187 1277 1259 μὴ
1322 1180 1519 1255 λέγωσι
1551 1191 1679 1258 παρ’
1713 1189 1841 1240 ἐαυ-

257 1278 390 1338 τοῖς,
422 1275 487 1327 Τί
513 1270 605 1328 οῦν
640 1276 688 1327 εἰ
714 1276 806 1329 καί
842 1276 1047 1345 Πέτρος
1085 1277 1180 1329 καὶ
1202 1274 1410 1339 Παῦλος
1439 1275 1624 1339 κακῶς
1649 1274 1839 1343 ἐποίη-

258 1376 390 1426 σαν;
418 1362 597 1425 αἰτίας
624 1362 838 1426 δικαίας
870 1363 961 1415 καὶ
993 1361 1508 1434 ἁναμφισϐητήτους
1537 1362 1740 1431 τίθησι,
1769 1361 1837 1414 δι’

253 1447 322 1510 ἃς
369 1450 431 1502 ού
471 1448 551 1501 δεῖ
600 1449 707 1501 τῶν
762 1449 1068 1503 Ἰουδαϊκῶν
1117 1448 1254 1504 ἐθῶν
1298 1448 1536 1520 ἔχεσθαι.
1581 1445 1749 1504 Αῦται
1782 1448 1837 1501 δέ

254 1538 383 1600 εἰσι,
414 1536 474 1589 τὸ
504 1536 578 1608 μὴ
625 1536 884 1590 δύνασθαι
935 1536 1026 1590 τὸν
1054 1537 1217 1607 νόμον
1256 1530 1521 1604 δικαιοῦν,
1553 1536 1688 1590 ἀλλά
1740 1538 1839 1608 τὴν

256 1623 441 1676 πίστιν
474 1624 656 1694 μόνον.
690 1624 800 1676 Καὶ
830 1622 1063 1677 ἐνταῦθα
1085 1623 1183 1693 μὲν
1199 1623 1547 1696 ἡμερώτερον
1575 1624 1839 1695 κέχρηται

255 1713 337 1783 τῷ
388 1712 553 1781 λόγῳ·
612 1713 820 1784 προῖὼν
870 1714 927 1767 δὲ
966 1714 1481 1785 καταφορικώτερον
1538 1716 1684 1767 ποιεῖ
1731 1715 1825 1767 καὶ

258 1800 617 1872 σφοδρότερον
639 1812 689 1853 ι.
705 1801 773 1853 Εἰ
800 1799 869 1852 δὲ
889 1798 1199 1867 ζητοῦντες
1217 1799 1600 1866 δικαιωθῆναι
1628 1800 1699 1853 ἐν
1713 1802 1845 1869 Χρι-

253 1887 385 1951 στῷ
408 1887 747 1956 ηὐρέθημεν
762 1888 859 1940 καὶ
881 1887 1049 1941 αὺτοί
1075 1887 1431 1955 ἁμαρτωλοὶ,
1460 1880 1573 1955 ἄρα
1592 1887 1847 1956 Χριστὸς

256 1975 549 2042 ἁμαρτίας
599 1972 910 2039 διάκονος;
948 1975 1013 2027 ⁴’0
1058 1973 1114 2025 δὲ
1165 1973 1336 2041 λέγει,
1386 1974 1627 2027 τοιοῦτόν
1674 1977 1844 2027 ἐστιν’

260 2060 324 2113 ‘H
345 2060 523 2123 πίστις
545 2058 753 2124 δικαιοῖ,
782 2061 873 2114 καί⁸
910 2058 1120 2114 κελεύει
1147 2060 1448 2130 ἀποστῆναι
1475 2060 1582 2113 τῶν
1626 2060 1845 2115 Ἰουδαῖ-

259 2146 368 2201 κῶν
395 2147 554 2212 ἐθῶν,
578 2148 653 2212 ὡς
685 2148 1048 2218 πεπαυμένων
1082 2146 1285 2201 λοιπόν·
1316 2149 1364 2200 εἰ
1397 2148 1452 2201 δὲ
1482 2146 1562 2200 ἔτι
1596 2150 1788 2219 κρατεί
1817 2150 1846 2201 6

255 2235 416 2305 νόμος
444 2238 540 2290 καὶ
573 2236 759 2307 κύριός
776 2238 909 2300 ἐστι,
931 2236 1023 2289 καὶ
1045 2238 1073 2289 ό
1099 2236 1257 2305 ἀφεὶς
1281 2235 1442 2288 αὑτὸν
1471 2236 1843 2307 παραϐάσεως

258 2323 522 2393 κρίνεται,
559 2324 915 2395 εὑρεθήσεται
960 2327 989 2377 ὁ
1035 2325 1290 2396 Χριστὸς,
1325 2326 1353 2377 ὁ
1400 2324 1663 2389 κελεύσας
1714 2327 1844 2395 ἡμῖν

255 2409 422 2462 αὐτὸν
452 2411 690 2480 ἀφιέναι,
726 2412 827 2482 τῆς
872 2412 1237 2483 παραϐάσεως
1262 2413 1394 2482 ἡμῖν
1418 2411 1589 2476 αἴτιος
1617 2430 1846 2483 γεγενη-

263 2494 445 2562 μένος,
481 2498 576 2550 καὶ
602 2498 662 2550 ού
695 2498 853 2568 μόνον
897 2499 996 2551 οὐκ
1024 2497 1339 2565 ἀπαλλάξας
1368 2500 1516 2570 ἡμᾶς
1546 2499 1841 2571 ἁμαρτίας,

258 2582 394 2636 ἀλλά
429 2585 523 2636 καὶ
546 2584 800 2655 ἐμϐαλὼν
824 2588 903 2649 εἰς
945 2586 1243 2658 ἁμαρτίαν.
1278 2587 1342 2639 Εἰ
1374 2587 1483 2659 γὰρ
1508 2586 1597 2639 διὰ
1621 2586 1719 2657 τὴν
1754 2586 1846 2639 πί-

262 2687 378 2724 στιν
415 2672 509 2723 τὸν
556 2672 721 2743 νόμον
754 2673 1068 2743 ἀφήκαμεν,
1110 2673 1172 2725 τὸ
1206 2673 1259 2726 δὲ
1302 2673 1520 2741 ἀφιέναι
1564 2673 1654 2726 τὸν
1684 2674 1847 2744 νόμον

262 2757 506 2826 ἁμαρτία
537 2758 705 2824 ἐστὶν,
736 2761 769 2828 ή
806 2760 1007 2824 πίστις,
1038 2760 1105 2812 δι’
1131 2760 1197 2830 ἢν
1226 2758 1317 2812 τὸν
1338 2759 1504 2830 νόμον
1529 2760 1843 2832 ἀφήκαμεν,

258 2845 398 2916 αὕτη
431 2847 531 2917 τῆς
564 2847 838 2928 ἁμαρτίας
866 2848 1023 2919 ἡμῶν
1053 2848 1202 2901 αἰτία
1244 2847 1479 2915 ἐγένετο.
1526 2849 1638 2901 Καὶ
1662 2849 1846 2921 ἐπειδὴ

168 2949 177 2961 ⁸
259 2932 447 2987 λοιπὸν
476 2936 554 2994 εἰς
584 2934 784 2987 ἄτοπον
800 2936 891 2987 τὸν
912 2933 1069 3002 λόγον
1097 2934 1479 3006 περιέστησεν,
1506 2936 1626 2988 οὑδὲ
1652 2935 1844 3007 ἐδεήθη

261 3023 610 3092 κατασκευῆς
645 3040 786 3086 τινος
821 3023 957 3093 πρὸς
996 3022 1326 3093 ἀνατροπὴν,
1354 3022 1491 3077 ἀλλά
1520 3022 1598 3093 τῷ
1624 3025 1719 3092 Μὴ
1750 3024 1847 3096 γέ-

258 3126 428 3163 νοιτο
458 3109 722 3182 ἠρκέσθη,
756 3110 831 3172 ὡς
852 3111 1076 3164 αὐτόθεν
1108 3101 1207 3181 τῆς
1237 3110 1465 3174 ἀτοπίας
1494 3110 1847 3182 ὡμολογημέσ

262 3213 381 3267 νης·
432 3199 501 3250 El
524 3196 653 3266 γὰρ,
689 3196 842 3269 [578]
884 3198 1070 3268 φησὶν,
1102 3196 1140 3251 ἃ
1175 3197 1693 3265 κατέλυσα,ταῦτα
1725 3197 1849 3252 πά·-

262 3287 365 3338 λιν
396 3284 705 3354 οἰκοδομῶ,
740 3287 1093 3355 παραϐάτην
1119 3286 1740 3356 ἐμαυτὸν-συνίστημι·
1768 3288 1850 3352 εἰς

263 3371 325 3423 τὸ
344 3371 585 3425 ἐναντίον
607 3373 934 3444 περιέστησε
964 3373 1057 3425 τὸν
1084 3373 1261 3442 λόγον,
1297 3376 1391 3427 καί
1429 3373 1649 3441 ἔδειξεν,
1678 3376 1760 3428 ὅτι
1786 3376 1847 3428 οὑ

261 3459 325 3510 τὸ
355 3458 668 3528 παραϐῆναι
697 3459 880 3529 νόμον,
904 3459 1042 3513 ἀλλά
1070 3460 1131 3513 τὸ
1163 3460 1238 3531 μὴ
1268 3463 1485 3530 ἀφεῖναι
1511 3461 1695 3532 νόμον,
1724 3461 1850 3515 τοῦ-

264 3561 326 3597 το
356 3548 500 3598 ποιεῖ
540 3546 889 3618 παραϐάτηνο
930 3547 1025 3600 καὶ
1058 3549 1114 3601 ἐν
1154 3546 1305 3612 τάξει
1326 3547 1420 3601 τοῦ
1447 3548 1648 3601 οἰκείου
1682 3564 1844 3619 προσ-

267 3629 415 3685 ώπου
444 3633 609 3687 πάλιν
634 3634 725 3688 τὸν
754 3634 961 3706 Πέτρον
982 3635 1300 3688 αἰνίττεται.
1334 3636 1399 3687 Τί
1425 3635 1534 3706 γὰρ
1558 3636 1850 3689 κατέλυσεν

268 3721 297 3771 ὁ
325 3719 527 3793 Πέτρος
558 3721 656 3793 τὴν
681 3720 791 3774 τῶν
825 3722 1127 3793 βρωμάτων
1154 3723 1563 3793 παρατήρησιν,
1621 3720 1850 3785 ἐθνικῶς

267 3806 367 3877 ζῇν
393 3811 807 3882 προῃρημένος;
855 3810 1023 3863 Πάλιν
1071 3804 1164 3864 οὖν
1196 3809 1332 3881 πρὸς
1376 3810 1662 3881 Ἰουδαίους
1686 3811 1851 3863 ἐπαν-

266 3896 455 3963 ελθὼν,
484 3900 757 3963 κάκείνοις
786 3898 984 3968 συζῶν,
1014 3899 1370 3972 εὑρεθήσεται
1399 3898 1434 3953 ἃ
1457 3899 1751 3953 κατέλυσεν
1772 3901 1850 3953 οἰ-

268 3984 531 4055 κοδομῶν.

337 4069 411 4123 κ’.
459 4072 624 4141 Ὁρᾷς
661 4072 780 4136 πῶς
821 4070 1102 4143 πανταχοῦ
1130 4074 1231 4142 τῆς
1262 4073 1495 4144 κρίσεως
1540 4076 1722 4144 ἔχεται
1755 4073 1849 4128 τοῦ

272 4155 503 4226 Πέτρου,
522 4158 615 4209 καὶ
637 4160 734 4225 τὴν
754 4159 1026 4230 προτέραν
1048 4159 1210 4211 αὑτοῦ
1239 4161 1567 4215 ἐκκαλύπτει
1586 4164 1754 4215 ἀναστ
1764 4179 1849 4233 ρο-

270 4243 399 4313 φήν·
433 4241 517 4297 ἵνα
549 4242 624 4315 μὴ
662 4246 812 4314 παρά
841 4246 938 4317 τῆς
988 4244 1081 4297 τοῦ
1139 4246 1351 4299 Παύλου
1397 4249 1663 4319 γλώττης,
1717 4248 1851 4303 ἀλλά

332 4443 355 4469 ⁸
381 4437 475 4488 Alii
504 4441 557 4492 δὲ
577 4442 656 4490 καὶ
678 4443 1017 4506 φορτικώτερον
1040 4442 1206 4489 λοιπὸν
1226 4442 1306 4489 καὶ
1328 4443 1493 4505 σφοδρ.

3412 286 3513 340 383

1945 404 2094 475 παρὰ
2122 405 2222 474 τῆς
2251 405 2343 458 τοῦ
2382 405 2591 476 Πέτρου
2634 403 2876 475 γνώμης,
2926 403 2993 474 ἣν
3020 400 3106 453 διὰ
3126 400 3233 452 τῶν
3260 396 3521 470 πραγμά-

1942 508 2049 544 των
2083 492 2411 556 ἐπεδείξατο,
2453 491 2682 545 δοκῶσιν
2714 492 2764 543 οί
2798 490 3037 544 Ἰουδαῖοι
3081 489 3179 559 τὴν
3206 486 3522 555 παραίνεσιν

1944 578 2192 647 δέχεσθαι
2210 595 2223 643 ;
2242 579 2340 632 Διά
2371 578 2544 633 ταῦτά
2572 595 2725 648 φησι,
2768 577 3142 645 Φοόοὐμενος
3158 573 3300 637 τοὺς
3326 572 3395 625 ἐκ
3416 584 3523 624 πε-

1936 664 2205 734 ριτομῆς,
2237 667 2330 718 καί
2353 667 2473 720 ’Ὁτι
2495 664 2983 735 κατεγνωσμένος
3003 658 3106 734 ἧν,
3127 661 3225 717 καὶ
3258 661 3387 712 Ὅτι
3412 659 3525 711 οὐκ

1942 751 2255 818 ὀρθοποδεῖ
2270 749 2416 818 πρὸς
2441 747 2552 818 τὴν
2578 746 2861 818 ἀλήθειαν
2881 747 2985 801 τοῦ
3011 745 3394 814 Εὑαγγελίου.
3414 743 3527 812 Οὑχ

1940 837 2110 899 οὑτως
2139 838 2195 891 δὲ
2237 838 2398 908 ἔχων·
2435 837 2509 908 μὴ
2573 836 2803 905 γένοιτο·
2834 836 2923 890 διὰ
2960 835 3069 907 γὰρ
3099 835 3327 887 πολλῶν·
3368 834 3526 887 τοῦτο

1941 925 2319 995 ἀπεδείξαμενο
2366 924 2482 978 ἀλλ’
2522 922 2711 995 ὥσπερ
2734 924 2854 978 τότε
2902 923 3137 990 ἐπετίμα
3169 922 3398 984 Παῦλος,
3429 925 3524 975 καὶ

1939 1011 2111 1064 ταῦτα
2142 1012 2357 1065 ἀκούων
2396 1012 2424 1063 ὁ
2472 1011 2677 1081 Πέτρος
2710 1010 2889 1078 ἐσίγα,
2930 1007 3073 1061 ὥστε
3121 1009 3195 1079 μὴ
3225 1007 3525 1078 ἀνατρέψαι

1939 1100 2038 1170 τὴν
2068 1099 2380 1169 οἰκονομίαν
2416 1097 2651 1163 Παύλου,
2684 1096 2779 1150 καὶ
2827 1096 3166 1167 κατεδέχετο,
3201 1095 3276 1159 ὡς
3309 1096 3406 1148 οὐκ
3433 1095 3526 1166 ὁρ-

1932 1186 2049 1249 θῶς
2076 1185 2413 1255 πεποιηκὼς,
2439 1184 2804 1254 δέχεσθαιτὴν
2827 1183 3133 1253 ἐπίπληξιν,
3151 1184 3236 1235 ἵνα
3264 1181 3527 1250 ἀπολογία

1940 1273 2089 1345 αύτῷ
2116 1276 2342 1345 γένηται
2376 1272 2535 1326 τοῦτο
2552 1274 2687 1345 πρὸς
2702 1273 2828 1335 τοὺς
2863 1271 3127 1343 μαθητάς·
3162 1272 3303 1323 οὕτω
3336 1270 3401 1341 δὴ
3427 1270 3525 1322 καὶ

1940 1355 2095 1425 οὗτος
2122 1363 2217 1415 νῦν
2254 1362 2391 1433 μετά
2438 1362 2538 1431 τῆς
2585 1362 2756 1431 αὐτῆς
2787 1360 3035 1431 γνώμης,
3084 1359 3202 1429 μεθ’
3237 1354 3305 1430 ἦς
3342 1358 3526 1411 ἐπετί-

1943 1467 2085 1521 μησε
2126 1452 2335 1522 Πέτρῳ,
2369 1450 2571 1521 γράφει
2602 1449 2798 1512 ταῦτα,
2824 1449 2969 1518 ἀπερ
3001 1447 3205 1518 ἔγραψε
3236 1447 3524 1509 Γαλάταις.

1940 1539 2004 1591 Εἰ
2042 1537 2150 1609 γὰρ
2174 1539 2293 1590 τότε
2327 1538 2388 1590 τὸ
2417 1536 2807 1606 ἐπιτιμηθῆναι
2858 1536 3086 1605 Πέτρον,
3139 1533 3233 1586 καὶ
3282 1533 3527 1603 σιγῆσαι,

1942 1629 2211 1696 χρήσιμον
2258 1622 2326 1696 ἦν
2366 1627 2479 1688 τοῖς
2534 1623 2831 1686 Ἰουδαίοις,
2869 1622 3049 1693 πολλῷ
3090 1622 3291 1693 μᾶλλον
3322 1621 3388 1674 ἂν
3433 1623 3528 1673 καὶ

1948 1713 2042 1767 νῦν
2068 1714 2130 1767 τὸ
2168 1713 2341 1767 ταῦτα
2394 1712 2523 1784 περί
2547 1710 2711 1766 αὑτοῦ
2735 1711 2991 1781 λεχθῆναι
3021 1711 3289 1781 χρήσιμον
3309 1704 3377 1780 ἦν
3417 1709 3527 1761 τῶν

1948 1801 2204 1856 Γαλατῶν
2229 1804 2341 1865 τοῖς
2369 1801 2805 1872 διεφθαρμένοις.
2851 1799 3060 1868 Ὥσπερ
3100 1798 3208 1868 γὰρ
3245 1799 3295 1849 οί
3324 1796 3445 1849 τότε
3470 1798 3529 1849 ἐν

1960 1892 2258 1964 Ἀντιοχείᾳ
2278 1892 2664 1963 διατρίϐοντες,
2696 1889 2931 1961 ὁρῶντες
2958 1888 3162 1958 Πέτρον
3197 1885 3531 1955 ἐπιτιμώμε-

1946 1996 2036 2033 νον
2055 1980 2171 2050 μεθ’
2190 1978 2516 2051 ὑπερϐολῆς,
2538 1978 2635 2031 καὶ
2658 1976 2917 2047 σιγῶντα,
2947 1972 3269 2046 διωρθοῦντο
3295 1975 3360 2043 τῇ
3390 1972 3531 2025 κατὰ

1945 2068 2040 2121 τοῦ
2071 2066 2388 2121 διδασκάλου
2428 2065 2754 2138 κατηγορία,
2805 2066 2899 2118 καὶ
2939 2065 3006 2132 τῇ
3059 2064 3207 2132 σιγῇ·
3257 2058 3399 2113 οὕτω
3432 2060 3530 2112 καὶ

1947 2154 2043 2209 νῦν
2086 2155 2324 2209 Γαλάται
2366 2154 2494 2223 περὶ
2541 2154 2608 2207 τὰ
2661 2150 2931 2205 Ἰουδαῖκά
2958 2148 3262 2211 νοσοῦντες,
3311 2146 3528 2201 καὶτοῦ

1948 2242 2161 2297 Παύλου
2192 2241 2366 2295 ταῦτα
2401 2242 2531 2312 περὶ¹
2582 2238 2747 2294 αὑτοῦ
2798 2234 3387 2305 λέγοντοςνάκούοντες,
3418 2229 3530 2287 οἷον

1948 2331 2029 2384 ὅτι
2058 2330 2503 2399 κατεγνωσμένος
2538 2323 2627 2399 ἦν,
2648 2328 2742 2380 καὶ
2767 2327 2867 2379 οὑκ
2893 2324 3239 2396 ώρθοπόδησε
3271 2324 3407 2393 πρὸς
3430 2320 3530 2391 τὴν

1947 2418 2202 2489 ἀλήθειαν
2246 2416 2339 2471 τοῦ
2369 2414 2724 2483 Εὑαγγελίου,
2770 2415 2865 2467 καὶ
2924 2414 3007 2466 ὅτι
3052 2410 3396 2482 ἐπιτιμηθεὶς
3438 2410 3532 2463 ἐπὶ
3587 2484 3597 2494 ⁸

1945 2506 2155 2568 τούτοις
2186 2504 2427 2575 ἐσίγησε,
2468 2504 2733 2575 μεγίστην
2756 2503 2864 2556 ἀπὸ
2895 2503 2998 2571 τῆς
3030 2502 3366 2574 κατηγορίας
3394 2499 3531 2553 ταύ-

1946 2610 2044 2664 της
2070 2593 2413 2646 διδασκαλίαν
2454 2590 2780 2661 ἐλάμϐανον,
2802 2591 2881 2653 εἰς
2919 2588 2981 2642 τὸ
3012 2589 3208 2659 μηκέτι
3244 2586 3533 2658 προσέχειν

1946 2683 2059 2742 τοῖς
2096 2679 2403 2741 Ἰουδαϊκοῖς
2423 2677 2589 2732 ἔθεσι.
2621 2676 2722 2730 Διά
2751 2676 2910 2731 τοῦτο
2934 2676 3027 2729 καὶ
3053 2674 3265 2737 Παῦλος
3290 2676 3386 2728 καὶ
3405 2674 3530 2727 τότε

1948 2766 2268 2836 ἐπετίμησε,
2321 2765 2416 2818 καὶ
2446 2763 2542 2818 νῦν
2601 2764 2872 2836 μέμνηται
2914 2763 3015 2833 τῆς
3058 2763 3182 2814 τότε
3231 2760 3531 2832 γενομένης

1949 2854 2314 2924 ἐπιπλήξεως*
2347 2853 2442 2906 καὶ
2468 2851 2658 2905 τούτου
2684 2852 2785 2904 οὑκ
2810 2850 3032 2903 ἔλαττον
3057 2848 3152 2901 τὸν
3186 2848 3391 2919 Πέτρον
3444 2846 3529 2900 διά

1952 2942 2110 2995 τοῦτο
2144 2941 2424 3011 θαυμάσαι
2455 2939 2581 3011 χρὴ,
2635 2937 3071 3008 καταδεξάμενον
3102 2936 3317 2989 ἅπαντα
3357 2934 3425 2987 τὰ
3463 2936 3535 2985 εί-

1958 3033 2181 3105 ρημένα.
2236 3030 2294 3083 Ὀ
2317 3029 2425 3099 γὰρ
2455 3029 2517 3081 τὸ
2544 3028 2653 3080 πᾶν
2700 3025 3081 3095 κατωρθωκὼς
3126 3019 3279 3086 οὗτός
3301 3024 3472 3084 ἐστιν,
3505 3024 3535 3074 ό

1952 3116 2318 3186 ἀνασχόμενος
2340 3114 2804 3187 κατηγορηθῆναι,
2833 3112 2929 3166 καὶ
2955 3114 3205 3182 σιγήσας.
3238 3110 3408 3163 Τοῦτο
3431 3108 3534 3176 τῆς

1951 3202 2259 3273 οἰκονομίας
2280 3203 2340 3255 τὸ
2378 3201 2788 3273 κέρδος.υὺτως
2809 3202 2939 3271 ἡμῖν
2971 3200 3231 3269 ἑκάτερος
3256 3196 3364 3249 τῶν
3396 3196 3533 3248 ἀπο-

1954 3289 2154 3342 στόλων
2219 3289 2579 3360 ἐγκλημάτων
2632 3289 2730 3359 μὲν
2773 3287 3141 3358 ἀπήλλακται,
3211 3283 3419 3355 μυρίων
3475 3282 3534 3335 δέ

1951 3381 2099 3433 ἐστιν
2134 3380 2428 3450 ἐγκωμίων
2456 3379 2627 3445 ἄξιος,
2676 3378 2815 3449 πρὸς
2843 3377 2941 3447 τὴν
2983 3376 3092 3429 τῶν
3117 3374 3317 3427 λοιπῶν
3356 3391 3532 3445 conti--

1953 3467 2075 3537 ρίαν
2132 3469 2350 3522 ἅπαντα
2400 3467 2494 3520 καὶ
2545 3465 2763 3519 ἀκούειν
2816 3466 2911 3519 καὶ
2956 3464 3137 3532 λέγειν
3194 3461 3531 3526 σπουδάζων.

1964 3555 2153 3625 Ἡμεῖς
2184 3554 2241 3607 δὲ
2275 3554 2459 3607 λοιπὸν
2482 3555 2572 3608 τὸν
2601 3552 2815 3606 Παύλου
2846 3552 2940 3605 καὶ
2969 3552 3179 3622 Πέτρου
3202 3549 3334 3602 Θεὸν
3364 3565 3535 3621 παρα·

1952 3643 2291 3712 καλέσωμεν,
2318 3643 2411 3695 τὸν
2436 3641 2676 3703 ἐκείνους
2692 3639 2937 3711 ἀλλήλοις
2957 3638 3289 3710 συνδήσαντα
3300 3640 3411 3701 τοῖς
3432 3636 3534 3707 τῆς

1952 3729 2203 3800 ὁμονοίας
2235 3728 2475 3797 δεσμοῖς,
2522 3727 2616 3781 καὶ
2664 3728 2812 3798 ἡμᾶς
2846 3728 2925 3788 είς
2966 3725 3064 3796 τὴν
3102 3726 3237 3797 πρὸς
3271 3725 3533 3795 ἀλλήλους

1952 3817 2173 3888 ἀγάπην
2206 3814 2526 3886 ἐπισφίγξαι
2558 3814 2935 3886 σφοδρότερον·
2972 3815 3060 3868 ἵνα
3097 3814 3197 3884 τὴν
3233 3812 3374 3866 κατὰ
3398 3812 3534 3865 Θεὸν

1951 3906 2206 3977 ὁμόνοιαν
2224 3905 2361 3976 πρὸς
2386 3903 2647 3974 ἀλλήλους
2671 3902 2907 3972 ἔχοντες,
2933 3901 3249 3973 δυνηθῶμεν
3271 3900 3534 3965 καταξιω-

1952 3978 2110 4062 θῆναι
2136 3995 2263 4057 τοὺς
2287 3993 2472 4062 ἀγίους
2494 3992 2736 4054 ἐκείνους
2773 3992 2921 4050 ἰδεῖν.
2956 3991 3050 4044 καὶ
3079 3990 3232 4061 παρά
3263 3987 3365 4051 τὰς
3389 3990 3529 4041 αἰω-

1953 4083 2099 4145 νίους
2122 4083 2299 4135 αὑτῶν
2320 4081 2611 4154 εὑρεθῆναι
2650 4080 2872 4151 σκηνὰς,
2892 4080 3075 4149 χάριτι
3114 4078 3207 4131 καὶ
3230 4077 3530 4148 φιλανθρω-

1953 4172 2054 4241 πία
2092 4170 2183 4223 τοῦ
2211 4168 2586 4240 Κυρίουήμῶν
2612 4167 2785 4238 Ἰησοῦ
2811 4156 3070 4238 Χριστοῦ,
3101 4165 3166 4218 δι’
3192 4158 3253 4217 οὗ
3284 4164 3379 4217 καὶ
3409 4162 3529 4234 μεθ’

1956 4251 2016 4311 οῦ
2057 4256 2136 4327 τῷ
2182 4258 2357 4329 Πατρί
2385 4257 2480 4311 καί⁸
2517 4254 2595 4327 τῷ
2631 4255 2773 4325 ἁγίῳ
2816 4254 3091 4323 Πνεύματι
3128 4252 3276 4321 δόξα,
3308 4252 3530 4322 κράτος,

1956 4345 2111 4415 τιμὴ,
2167 4346 2261 4399 καὶ
2290 4343 2680 4416 προσκύνησις,
2724 4344 2820 4397 νῦν
2868 4344 2962 4397 καὶ
2993 4342 3101 4409 ἀεὶ,
3135 4344 3231 4396 καὶ
3283 4342 3365 4407 εἰς
3403 4340 3533 4406 τοὺς

1959 4434 2160 4495 αἰῶνας
2190 4433 2295 4487 τῶν
2324 4431 2554 4487 αἰώνων.
2590 4432 2785 4503 Ἀμήν.

1530 4956 1752 5012 ΤΕΔΟΣ
1809 4954 2045 5011 ΤΟΜΟΥ
2099 4954 2228 5008 NA'.

2326 5645 2403 5698 Ex
2432 5644 2571 5714 typis
2600 5641 2833 5708 MIGNE,
2866 5655 2934 5695 au
2967 5636 3471 5706 Petit-Montrouge.
