4218 6294
227 359 310 422 17⁸
959 351 1050 414 DE
1086 349 1324 417 DECEI'I
1358 348 1652 414 ιιιιιιωι
1691 345 1794 407 TA]

1900 340 1993 405 ιτ.
2038 290 2389 406 osairons
2426 338 2739 404 notum.

3397 329 3486 387 {8‘

1464 903 1576 987 IN
1654 882 2263 989 PADKBOLAM

232 1203 426 1258 nam
464 1197 734 1253 metu.
767 1199 1194 1259 τλωκτοιιωί
1233 1200 1565 1253 limosis
1584 1234 1599 1263 ,
1645 1200 1725 1250 ET
1761 1200 2016 1249 CENTUI
2059 1198 2377 1249 nmamos
2416 1200 2772 1261 meum,
2813 1197 2895 1249 s'r
2935 1197 3110 1259 quon
3148 1197 3305 1249 om
3341 1198 3493 1263 ritc-

638 1310 801 1358 caro
839 1309 1158 1363 nmen
1195 1311 1293 1363 σιτ
1329 1304 1721 1361 mmini!
1758 1304 2155 1355 nsconns'rto
2193 1285 2460 1370 (Matth.
2512 1287 2606 1353 18.
2645 1283 2749 1363 23,
2783 1304 2918 1370 sqq.
2960 1286 3072 1369 (α).

1816 1595 1889 1610 ﬂ

248 1816 297 1874 l.
313 1813 649 1873 Sibiemorbo
662 1812 1297 1885 eonoeluisse'gratalatur;
1316 1812 1516 1869 dilectio
1531 1826 1808 1881 numquam

206 1908 501 1964 ostiatim—
520 1905 690 1975 Quasi
719 1920 789 1961 ex
834 1905 1123 1976 longinqua
1157 1904 1590 1977 peregrinatione
1617 1904 1685 1959 ad
1711 1917 1807 1960 vos

205 2009 447 2056 reversus
472 2012 677 2065 essem,
721 1996 795 2052 ita
839 2010 928 2051 me
954 1995 1119 2054 hodie
1150 1994 1400 2052 aﬂectum
1426 1995 1604 2051 sentio
1633 2012 1647 2049 :
1683 2009 1805 2050 cum

210 2088 349 2145 enim
366 2088 576 2144 nullum
607 2087 903 2143 amicorum
925 2086 1261 2143 mnsortium
1288 2101 1410 2143 esse
1435 2093 1643 2158 potest,
1672 2084 1806 2141 nihil

205 2183 467 2240 commodi
517 2182 678 2238 δείλη
728 2196 916 2237 eorum
965 2180 1274 2252 praesentia.
1304 2179 1663 2248 Quamobrem
1706 2192 1806 2233 nos

203 2275 285 2345 qui
334 2273 488 2330 domi
545 2271 897 2329 versabamur
954 2286 1179 2342 peregre
1230 2270 1569 2325 versantibus
1637 2266 1806 2322 nihilo

206 2363 299 2419 hac
348 2364 401 2420 in
436 2370 596 2434 parte
644 2362 917 2418 feliciores
942 2360 1143 2416 fuimus
1174 2374 1189 2412 :
1228 2360 1481 2415 nimirum
1512 2357 1603 2429 qui
1647 2372 1806 2427 supec

205 2456 339 2511 riora
391 2464 641 2524 tempore
669 2453 818 2508 nulla
848 2452 1129 2508 vobiscum
1163 2452 1432 2523 colloquia
1470 2451 1673 2506 habere
1709 2464 1805 2520 po-

205 2544 439 2600 tuimus:
483 2544 582 2600 sed
625 2542 802 2600 danda
851 2553 936 2601 est
979 2544 1159 2611 venia,
1193 2558 1317 2598 cum
1366 2541 1498 2598 illud
1523 2557 1630 2597 non
1659 2542 1805 2600 incr-

201 2637 303 2703 tiaa,
350 2635 450 2693 sed
503 2636 834 2691 infirmitatis
877 2635 1151 2692 silentium
1210 2634 1395 2691 fuerit.
1446 2634 1803 2691 Gratulamini

202 2726 352 2797 igitur
404 2741 497 2782 me
542 2725 611 2780 ah
661 2740 726 2781 ea
769 2726 1081 2781 inﬁrmitate
1128 2724 1490 2791 convaluisse,
1547 2738 1649 2794 ego
1674 2738 1803 2779 vero

206 2817 429 2889 gaudeo,
474 2816 623 2888 quod
665 2830 763 2872 vos
815 2817 1126 2873 carissimos
1150 2816 1284 2871 mihi
1308 2816 1645 2886 recuperavi.
1673 2814 1804 2870 Erat

201 2905 324 2961 mihi
362 2899 508 2963 inte?
559 2906 926 2978 mgrotandum
981 2908 1099 2977 ipso
1146 2906 1337 2962 morbo
1374 2906 1626 2977 gravius,
1659 2905 1801 2976 quod

205 2995 352 3069 huius
395 2998 585 3055 dilecti
627 3007 802 3055 coetus
848 2999 1115 3069 particeps
1167 3012 1289 3054 esse
1338 3012 1447 3053 non
1517 3007 1797 3067 poteram:

199 3100 333 3148 nunc
369 3106 502 3147 vero
544 3091 788 3147 restituta
836 3090 1169 3157 valetudine,
1217 3090 1331 3160 ipsa
1385 3090 1611 3146 sanitate
1668 3090 1801 3145 mihi

198 3182 476 3253 optabilius
519 3192 638 3251 est,
676 3182 820 3254 quod
873 3191 1066 3239 vestrae
1094 3181 1332 3238 caritatis
1359 3181 1566 3237 deliciis
1597 3179 1800 3253 perfrui

198 3289 378 3331 secure
404 3275 587 3331 liceat.
645 3274 761 3330 Non
788 3274 931 3331 enim
962 3273 1125 3330 febris
1143 3282 1347 3329 tantum
1368 3273 1615 3329 ardorem
1646 3272 1799 3328 inve-

198 3359 269 3420 hit
306 3362 729 3420 febricitantium
782 3364 1118 3435 corporibus,
1150 3364 1428 3433 quantum
1454 3377 1648 3416 animis
1701 3376 1800 3443 no-

196 3454 315 3510 stris
341 3454 641 3510 amicorum
670 3454 972 3510 absentium
1006 3452 1353 3519 desiderium,
1381 3460 1436 3507 et
1470 3451 1619 3506 utilli
1643 3450 1798 3521 phia-

197 3540 269 3598 las
309 3553 365 3600 et
407 3544 603 3615 pocula
641 3553 696 3599 et
729 3542 951 3613 frigidos
1001 3543 1199 3609 fontes,
1254 3544 1325 3597 ita
1366 3542 1452 3597 isti
1496 3542 1795 3597 amicorum

195 3633 369 3691 Vultus
400 3644 682 3705 exoptant.
708 3634 918 3690 Norunt
945 3634 1022 3688 illi
1047 3636 1137 3704 qui
1171 3648 1355 3689 amare
1381 3642 1793 3688 consueverunt.

196 3724 299 3795 Age
343 3725 509 3795 igitur
560 3724 776 3795 quando
829 3724 1075 3779 morbum
1133 3723 1511 3793 deposuimus,
1566 3721 1794 3777 invicem

193 3817 519 3887 espleamur,
573 3817 620 3872 si
668 3816 830 3871 modo
862 3815 976 3871 ﬁeri
1005 3816 1180 3882 liceat,
1219 3824 1275 3869 ut
1314 3814 1401 3869 hic
1440 3814 1601 3869 ullam
1628 3816 1793 3870 satie-

196 3913 347 3963 tatem
378 3907 751 3973 inveniamus;
780 3906 1082 3962 dilectionis
1108 3906 1249 3961 enim
1278 3915 1464 3961 natura
1492 3907 1791 3961 satietatem

193 4011 291 4053 non
320 3998 494 4064 novit,
536 4004 592 4053 et
631 4012 701 4053 ex
747 4011 849 4051 usu
892 3996 1141 4051 amicitiai
1168 3995 1398 4066 majores
1419 3995 1662 4049 ﬂammas
1698 4009 1791 4050 ac-

191 4088 312 4160 cipit
343 4108 357 4145 :
384 4087 529 4161 quod
552 4088 668 4160 ipse
695 4087 943 4145 alumnus
968 4086 1271 4144 dilectionis
1312 4086 1509 4142 Paulus
1538 4093 1790 4143 testatum

191 4181 433 4253 reliquit,
483 4180 575 4252 qui
628 4181 701 4236 ita
741 4179 1093 4236 dixit:Nulli
1116 4180 1393 4250 quidquam
1418 4180 1661 4245 debeatis,
1692 4180 1793 4235 nisi

190 4280 238 4323 at
273 4272 487 4328 invicem
512 4270 738 4341 diligatis
766 4270 944 4342 (Rom.
976 4271 1066 4325 i5.
1090 4271 1170 4340 8).
1198 4269 1331 4324 lllud
1378 4270 1523 4325 enim
1550 4268 1789 4325 debitum

191 4376 397 4435 semper
422 4362 639 4434 quidem
680 4362 961 4427 fundatur,
988 4378 1280 4434 numquam
1329 4370 1508 4417 autem
1538 4362 1782 4418 solvitur.

190 4445 280 4508 llic
328 4462 596 4525 perpetuo
638 4452 840 4509 debere
871 4452 1154 4525 pulchrum
1184 4462 1299 4520 est,
1348 4462 1402 4510 et
1430 4454 1481 4509 in
1508 4454 1664 4510 laude
1688 4468 1788 4524 po-
1834 4448 1838 4453 ’

189 4546 364 4601 situm.
410 4541 470 4600 In
503 4560 565 4602 re
615 4546 923 4616 pecuniaria
972 4548 1098 4614 eos‘,
1152 4548 1243 4618 qui
1273 4560 1382 4603 nou
1407 4547 1639 4616 debent,
1673 4548 1788 4603 lau-

190 4637 386 4695 dandos
427 4650 679 4711 putamus
710 4654 725 4693 :
758 4639 812 4696 in
832 4639 1120 4696 dilectione
1158 4656 1288 4695 vero
1318 4650 1605 4711 perpetuos
1636 4639 1787 4696 debi-

195 4736 331 4785 tores
358 4729 657 4802 probamus
699 4739 755 4787 et
778 4730 1109 4797 admiramur
1141 4749 1154 4785 :
1187 4740 1241 4787 et
1268 4732 1410 4803 quod
1439 4733 1509 4788 ibi
1538 4734 1785 4805 maligni-

191 4821 325 4887 tatis,
353 4821 444 4877 hic
484 4821 831 4893 benignitatis
881 4823 1092 4895 signum
1138 4832 1241 4891 est,
1273 4832 1333 4879 ut
1378 4825 1583 4880 scilicet
1623 4837 1782 4881 ntim-

189 4925 337 4980 quam
388 4912 633 4968 solvatur
677 4913 918 4970 caritatis
985 4914 1248 4970 debitum.
1300 4915 1381 4970 Ne
1424 4932 1571 4987 aegre
1599 4917 1784 4974 feratis

192 5001 543 5068 prolixitatem
586 5005 847 5061 orationis
892 5004 1087 5061 futura:
1131 5023 1147 5061 :
1195 5006 1597 5063 citharoedicam
1638 5009 1781 5064 enim

191 5090 470 5147 nolodiam
488 5108 716 5164 eamque
729 5089 1097 5152 admirabilem
1126 5112 1225 5153 vos
1245 5097 1473 5166 docebo,
1504 5113 1611 5154 non
1631 5114 1783 5155 mor-

192 5190 323 5237 tuam
353 5183 527 5256 lyram
566 5186 924 5253 attrectando,
958 5188 1055 5244 sed
1094 5188 1496 5259 Scripturarum
1528 5190 1781 5248 historias

190 5282 239 5328 et
264 5273 359 5331 Dei
404 5287 672 5349 praecepta
703 5293 801 5349 pro
830 5281 1010 5337 nervis
1052 5280 1400 5339 intendendo.
1426 5283 1495 5338 Et
1523 5283 1784 5355 quemad-

189 5365 399 5423 modum
440 5367 726 5426 cithartedi
765 5374 995 5442 arreptis
1017 5373 1399 5445 discipulorum
1420 5374 1617 5445 digitis,
1650 5392 1781 5447 pau-

191 5452 330 5511 latim
376 5471 474 5513 eos
517 5457 737 5517 chordis
784 5461 1135 5520 admoventes
1187 5465 1551 5521 assuefaciunt
1610 5468 1780 5537 perite

187 5557 534 5619 cunmm,
581 5560 638 5608 et
678 5569 745 5612 ex
796 5556 960 5611 mutis
989 5557 1129 5613 tonis
1167 5573 1232 5614 ac
1256 5562 1438 5616 nervis
1468 5561 1615 5617 omni
1639 5576 1777 5618 sono

188 5642 485 5698 suaviorem
532 5649 588 5699 et
604 5641 903 5703 dulciorem
928 5662 1118 5705 vocem
1154 5650 1401 5707 emittere
1434 5651 1670 5709 docent:
1697 5653 1770 5709 ita

244 5751 835 5814 (licoﬂatatmmtiodce
856 5759 1147 5828 missi
1172 5766 1795 5820 etcumCoislinianom.

1916 1822 2019 1865 nos
2045 1822 2263 1881 quoque
2283 1806 2540 1864 faciemus
2558 1847 2574 1874 ,
2602 1814 2659 1864 et
2684 1805 2805 1863 loco
2830 1804 3122 1879 digitorum
3144 1811 3378 1861 mentem
3427 1819 3524 1862 ve-

1913 1910 2079 1957 stram
2100 1907 2450 1957 attrectantes
2497 1900 2781 1971 praeceptis
2824 1899 2918 1955 Dei
2944 1898 3355 1955 admovebimus
3378 1940 3393 1964 ,
3434 1898 3522 1970 ju-

1912 1990 2264 2063 bebimusque
2315 2006 2379 2046 ea
2428 1990 2564 2047 scite
2607 1999 2665 2047 et
2692 1990 2969 2062 eleganter
3000 1988 3287 2061 attingere,
3320 2004 3429 2045 non
3457 1998 3521 2044 ut

1913 2084 2190 2140 hominum
2218 2084 2524 2157 theatrum,
2554 2084 2649 2141 sed
2690 2093 2749 2140 ut
2778 2083 3092 2155 angelorum
3130 2081 3385 2153 populum
3422 2096 3523 2152 per

1914 2174 2054 2229 hanc
2077 2173 2407 2245 voluptatein
2436 2174 2704 2230 excitetis.
2730 2172 2850 2229 Non
2876 2174 3020 2229 enim
3060 2172 3195 2229 satis
3218 2181 3304 2228 est
3338 2173 3383 2227 si
3405 2172 3522 2228 elo-

1912 2266 2034 2335 quia
2078 2264 2257 2321 divina
2298 2280 2637 2335 percenseas,
2664 2264 2769 2320 nisi
2807 2279 2871 2321 ea
2916 2279 3133 2335 quoque
3166 2264 3328 2319 rebus
3374 2278 3517 2335 prata

1910 2362 2021 2432 stes
2064 2364 2163 2412 :et
2199 2357 2653 2428 quemadmodum
2694 2356 2749 2411 in
2801 2355 3007 2411 cithara
3061 2369 3261 2412 nervos
3302 2355 3519 2426 attingit

1910 2446 2130 2514 artifex,
2183 2446 2395 2518 attingit
2433 2462 2646 2519 quoque
2682 2457 2736 2502 et
2764 2446 3077 2517 imperitus,
3103 2460 3292 2502 verum
3331 2445 3428 2515 ita,
3457 2454 3520 2503 ut

1910 2539 2011 2595 iste
2054 2538 2354 2595 auditorem
2400 2547 2580 2607 vexet,
2620 2540 2709 2595 ille
2753 2537 3119 2609 voluptatibus
3164 2545 3221 2594 et
3279 2539 3521 2595 oblecta-

1910 2632 2055 2686 tione
2083 2631 2309 2701 repleat,
2358 2632 2459 2687 etsi
2489 2626 2773 2702 utrobique
2816 2631 3059 2701 ejusdcm
3101 2631 3317 2703 generis
3366 2630 3519 2701 digiti

1909 2729 1963 2777 ct
2029 2722 2191 2778 iidem
2247 2725 2397 2778 nervi
2446 2724 2595 2792 sint,
2650 2724 2743 2780 sed
2790 2739 2897 2779 nou
2941 2722 3130 2779 eadem
3173 2723 3409 2794 peritia:
3446 2724 3518 2779 ita

1907 2826 2124 2882 quoque
2162 2813 2215 2867 in
2260 2813 2430 2869 sacris
2479 2814 2807 2885 Scripturis,
2872 2814 3025 2869 multi
3067 2813 3269 2869 adeunt
3305 2813 3517 2884 eloquia

1907 2902 2119 2971 divina,
2173 2903 2276 2968 sed
2320 2920 2429 2960 non
2470 2920 2660 2961 omnes
2702 2906 2909 2961 lucrum
2960 2903 3087 2960 inde
3130 2904 3367 2970 faciunt,
3418 2911 3515 2959 aut

1907 2994 2138 3051 fructum
2189 2996 2463 3065 referunt;
2502 2998 2557 3053 in
2603 3012 2765 3054 causa
2810 3006 2914 3063 est,
2967 2996 3111 3068 quod
3150 3011 3326 3068 neque
3371 2994 3517 3052 dicta

1908 3088 2039 3144 satis
2081 3097 2408 3154 scrutentur,
2440 3105 2616 3161 neque
2660 3105 2782 3145 cum
2825 3088 3057 3145 artillcio
3086 3089 3349 3145 citharam
3390 3089 3514 3159 pul-

1906 3190 2027 3235 sent
2059 3180 2239 3250 :quod
2291 3182 2434 3236 enim
2481 3182 2533 3237 in
2580 3196 2637 3237 re
2680 3180 3027 3236 citliarmdica
3070 3195 3179 3247 ars,
3209 3179 3311 3249 hoc
3338 3179 3516 3251 ipsum

1905 3271 1961 3327 in
2016 3270 2110 3326 Dei
2154 3269 2360 3341 legibus
2412 3287 2635 3343 operum
2666 3270 2945 3327 exhibitio.
2983 3270 3093 3327 Nos
3140 3279 3319 3339 autem
3346 3286 3510 3328 unam

1904 3363 2161 3416 choraam
2190 3362 2523 3431 pulsavimus
2553 3378 2649 3432 per
2667 3370 2835 3419 totam
2861 3360 3349 3434 quadragesimam,
3380 3362 3511 3419 dum

1903 3451 2077 3522 legem
2126 3452 2279 3507 vobis
2317 3452 2386 3508 de
2410 3454 2732 3524 iuramentis
2775 3456 3138 3523 recitavimus,
3180 3464 3236 3512 et
3265 3454 3358 3510 Dei
3385 3469 3513 3526 gra-

1906 3542 1976 3597 tia
2033 3544 2281 3600 ell'ectum
2326 3552 2447 3614 est,
2498 3554 2556 3601 ut
2602 3546 2859 3618 pleraque
2909 3547 3215 3603 auditorum
3272 3561 3305 3602 a
3353 3547 3513 3604 nobis

1903 3650 1995 3690 ora
2031 3637 2084 3690 in
2138 3635 2238 3691 hac
2290 3636 2423 3708 legis
2476 3638 2706 3694 melodia
2734 3638 2806 3694 ita
2844 3638 3083 3694 instituta
3120 3639 3259 3705 sint,
3312 3646 3370 3693 ut
3410 3637 3510 3693 de.

1902 3728 2053 3798 pulsa
2102 3744 2263 3799 prava
2309 3730 2722 3795 consuetudine,
2754 3746 2851 3801 pro
2874 3746 2940 3786 eo
2978 3729 3121 3802 quod
3151 3739 3308 3785 antea
3336 3728 3510 3785 Deum

1894 3818 2169 3890 iurabant,
2192 3821 2303 3892 jam
2332 3821 2462 3877 nihil
2488 3823 2589 3877 nisi
2618 3822 2733 3889 Est,
2764 3822 2880 3877 Non
2909 3830 3023 3889 est,
3055 3830 3111 3877 et
3147 3820 3322 3878 Crede
3350 3819 3511 3889 mihi,

1899 3912 1952 3965 in
1986 3912 2163 3983 lingua
2192 3927 2286 3967 sua
2330 3914 2734 3981 circumferant,
2769 3914 2930 3984 idque
2960 3915 3013 3970 in
3035 3915 3181 3970 omni
3208 3914 3502 3986 colloquio,

1896 4004 2033 4059 adeo
2062 4012 2122 4059 ut
2161 4006 2300 4062 inter
2341 4007 2486 4061 mille
2516 4002 2867 4077 negotiorum
2906 4006 3256 4063 necessitates
3278 4006 3510 4064 ulterius

1896 4097 2148 4169 progredi
2176 4113 2281 4154 non
2308 4100 2627 4155 sustineant.

1966 4188 2308 4245 ἰαίνων-αα]
2339 4191 2462 4261 quia
2504 4207 2612 4247 nou
2642 4191 2841 4247 sufllcit
2890 4191 2958 4247 ad
2983 4191 3232 4259 salutem,
3264 4191 3310 4247 si
3336 4208 3507 4250 unum

1896 4291 2221 4351 praeceptum
2261 4282 2631 4348 observemus,
2680 4297 2778 4353 age
2828 4296 2926 4336 vos
2968 4280 3130 4337 hodie
3172 4282 3241 4337 ad
3270 4282 3505 4340 alterum

1894 4371 2235 4427 traducamus
2282 4374 2431 4429 :etsi
2476 4373 2622 4428 enim
2673 4388 2781 4429 non
2829 4387 3018 4429 omnes
3059 4374 3403 4444 profecerunt
3447 4376 3505 4431 in

1892 4463 2073 4535 priore
2122 4463 2277 4536 lege,
2328 4474 2566 4519 attamen
2619 4464 2877 4535 temporis
2914 4478 3206 4537 progressu
3233 4466 3323 4537 qui
3352 4475 3505 4523 retro

1894 4565 2206 4612 manserunt
2253 4570 2370 4626 eos,
2419 4557 2511 4626 qui
2560 4555 2893 4628 praecedunt,
2942 4567 3321 4628 assequentur.
3390 4557 3497 4614 De-

1891 4650 2157 4721 preliendi
2201 4654 2346 4706 enim
2397 4658 2599 4705 tantam
2648 4665 2772 4707 esse
2802 4650 2961 4720 hujus
3004 4650 3083 4706 ι·ιεί
3131 4665 3338 4718 curam,
3368 4659 3426 4707 ut
3446 4660 3500 4708 et

1889 4739 2034 4795 domi
2060 4749 2114 4796 et
2146 4740 2199 4795 in
2237 4756 2421 4797 mensa
2455 4740 2557 4796 viri
2608 4756 2733 4797 cum
2787 4738 3133 4807 mulieribus,
3180 4739 3323 4795 servi
3372 4755 3505 4796 cum

1890 4830 2138 4902 ingenuis
2187 4842 2463 4889 certamen
2510 4830 2579 4887 de
2624 4832 2785 4903 hujus
2815 4830 3069 4904 preceptl
3113 4830 3497 4889 observatione

1889 4922 2237 4987 contendant,
2288 4931 2345 4979 et
2385 4923 2572 4979 beatos
2601 4922 2713 4979 dixi
2741 4965 2756 4990 ,
2808 4922 2898 4993 qui
2956 4921 3026 4978 ad
3075 4921 3235 4979 istum
3277 4924 3499 4980 modum

1888 5015 2136 5071 convivia
2163 5014 2521 5071 celebrarent.
2561 5014 2701 5083 Quid
2741 5014 2885 5071 enim
2924 5029 2988 5071 ea
3025 5028 3211 5070 mensa
3237 5013 3496 5085 sanctius,

1887 5107 2029 5162 unde
2057 5115 2113 5162 et
2136 5107 2370 5163 ebrietas
2415 5117 2471 5163 et
2499 5107 2766 5162 voracitas
2817 5106 3102 5177 omnisque
3146 5106 3499 5178 prodigalitas

1886 5206 2102 5253 extrusa
2153 5206 2256 5263 est,
2311 5206 2367 5252 et
2406 5197 2525 5251 loco
2572 5197 2783 5252 illarum
2836 5182 3167 5252 admirabilis
3191 5196 3496 5252 introducta

1886 5288 2175 5359 pnestandi
2220 5288 2385 5343 divini
2431 5288 2685 5360 pmepti
2714 5288 3089 5344 concertatio?
3120 5287 3259 5344 Dum
3289 5288 3373 5345 vir
3401 5289 3497 5346 ob-

1886 5386 2067 5434 servat
2114 5393 2363 5445 uxorem,
2393 5394 2532 5433 uxor
2570 5380 2765 5447 virum,
2804 5395 2873 5436 ne
2894 5379 2945 5434 in
2968 5377 3263 5451 praecipitia
3308 5379 3498 5451 periu-

1888 5470 1956 5526 rii
2004 5478 2145 5538 ruat,
2198 5484 2251 5526 et
2276 5471 2476 5527 mulcta
2505 5471 2824 5543 gravissima
2861 5472 3150 5527 constituta
3175 5478 3262 5528 est
3288 5486 3496 5542 praeva-

1883 5562 1995 5619 rica
2006 5562 2131 5629 tori,
2183 5576 2291 5618 non
2319 5561 2509 5635 pudori
2534 5572 2618 5618 est
2642 5561 2921 5618 dominum
2944 5576 2975 5617 ιι
2998 5562 3172 5620 servis
3201 5562 3453 5633 redargui
3472 5596 3495 5629 ς

1887 5662 1983 5710 aut
2033 5667 2221 5711 servos
2274 5667 2306 5709 a
2345 5652 2584 5712 dominis
2638 5653 2930 5729 castigari]
2974 5652 3140 5711 Recte
3178 5653 3342 5726 igitur
3366 5650 3491 5727 quia
