4218 6294
742 376 809 437 i9
1485 378 1542 435 S.
1581 374 1858 434 JOANNlS
1894 366 2367 431 CIIBYSOSTOMI
2408 371 2728 431 ARClllEP.
2769 375 3311 436 CONSTANTINOP.
3933 394 4036 492 ἕο

735 491 1032 549 istiusmodi
1053 490 1272 547 domum
1296 490 1394 546 Dei
1438 490 1731 546 Ecclesiam
1773 489 2025 559 appellet.
2062 486 2161 543 Ubi
2185 484 2329 540 enim
2439 488 2528 556 qui
2574 491 2732 545 voluit
2770 494 3017 549 rationem
3046 512 3232 567 ponere
3278 514 3393 553 cum
3439 503 3595 557 servis
3639 520 3764 559 suis.
3799 507 3867 563 Et
3913 484 4034 565 σλιπ

735 594 881 641 tanta
934 578 1195 640 modestia
1218 624 1235 651 ,
1280 592 1339 639 ut
1392 585 1669 653 epularum
1704 592 1945 651 tempore
1974 577 2189 635 solliciti
2219 575 2328 632 sint
2440 579 2670 667 coepisset
2704 584 2948 637 rationem
2982 602 3183 655 ponere,
3213 587 3415 643 oblatus
3436 601 3506 646 est
3536 594 3584 646 ei
3624 612 3755 650 unus
3774 601 3859 667 qui
3880 600 4033 654 debe-

728 677 976 734 convim}
1006 678 1071 733 de
1097 675 1295 731 divinis
1325 674 1531 745 legibus
1551 718 1565 742 ’
1616 675 1859 745 aliusque
1884 688 2002 729 cum
2034 672 2140 726 alio
2164 686 2326 740 super
2436 664 2520 717 bat
2548 666 2593 718 ei
2633 666 2802 721 decem
2832 668 2991 724 millia
3032 672 3221 726 talenta
3251 688 3271 726 :
3298 690 3413 727 cum
3452 686 3620 731 autem
3661 696 3763 735 non
3785 664 4029 749 haberet,

733 768 837 824 hoc
880 767 1169 823 contendat
1201 785 1214 820 ε
1248 777 1454 822 eertum
1486 778 1565 821 est
1591 767 1889 823 daemonem
1916 764 2041 820 inde
2066 773 2120 818 et
2139 778 2293 832 quam

2431 755 2566 809 unde
2597 757 2846 825 redderet,
2886 762 3043 831 jussit
3075 772 3121 817 et
3166 766 3334 835 ipsum
3376 771 3691 840 venumdari,
3746 783 3791 827 et
3818 792 4037 833 uxorem

730 860 855 913 libet
882 860 1074 913 malam
1104 858 1393 929 potentiam
1434 859 1760 914 eliminatam
1778 870 1917 919 esse,
1941 853 2333 923 Christumque
2431 846 2559 951 fi“:
2593 848 2880 951 εςιξξετοδο
2913 864 2961 907 σε
2987 857 3157 951 οηξξξία
3191 874 3303 951 (tm
3332 860 3577 930 Ῑιαθεθαιο
3620 876 3667 919 ει
3704 868 3867 923 νεάάῖ-
3894 870 4034 925 Pro-

725 950 939 1017 mlesse,
963 951 1145 1005 la2tum
1175 964 1238 1004 ac
1266 948 1491 1004 hilarem
1516 949 1584 1003 de
1612 948 1699 1002 illa
1728 946 1948 1018 pulchra
1972 945 2111 1000 inter
2130 959 2291 1000 servo

2400 958 2401 967 ι
2430 936 2605 1006 lapsus
2643 939 2796 1009 igitur
2832 959 3004 999 servus
3039 946 3129 1001 ille
3155 948 3224 1001 ad
3253 952 3405 1018 pedes
3432 954 3574 1022 ejus,
3604 958 3780 1010 orabat
3810 977 3921 1014 eum
3946 963 4038 1017 his

721 1055 850 1095 suos
904 1042 1265 1107 murulatione,
1313 1056 1632 1111 omnemque
1676 1040 1780 1096 illis
1822 1039 2037 1109 elargiri
2095 1038 2315 1094 benedi-
2429 1026 2627 1081 υετδίδῖ
2662 1029 2894 1101 omni”.
2919 1037 3215 1105 Ρατίεηιίαηι
3245 1041 3373 1098 Ιιαθε
3412 1044 3465 1096 ίη
3491 1061 3590 1111 πίεν
3637 1056 3683 1101 α
3712 1053 3883 1104 omnia
3903 1056 4035 1107 νεά·

721 1131 979 1186 clioncm.
1002 1123 1184 1202 Quapr
1186 1142 1275 1202 opt
1279 1148 1309 1187 θ
1312 1150 1339 1187 1,
1365 1133 1565 1188 omisso
1591 1132 1700 1202 iam
1730 1129 1834 1186 hoc
1858 1137 2124 1201 pmcemo
2154 1130 2320 1201 (ηονί
2426 1118 2545 1172 dam
2578 1121 2684 1174 tibi.
2716 1123 2955 1182 Misenus
2981 1140 3149 1184 autem
3191 1134 3427 1191 dominus
3463 1140 3592 1193 servi
3631 1141 3805 1208 illius,
3833 1146 4035 1200 dimisit

2424 1225 2558 1276 eum,
2590 1222 2638 1266 et
2680 1214 2900 1271 debitum
2925 1221 3115 1275 dimisit
3143 1224 3209 1277 ei.
3259 1224 3510 1297 Egressus
3542 1240 3708 1285 autem
3727 1235 3816 1289 ille
3834 1237 4033 1297 invenit

2423 1315 2582 1357 unum
2611 1304 2675 1357 de
2703 1310 2959 1365 conservis
2981 1314 3106 1377 suis,
3146 1318 3233 1384 qui
3260 1317 3359 1385 ipsi
3400 1318 3607 1374 debebat
3630 1336 3831 1379 centum
3858 1330 4024 1382 dena-

2420 1392 2558 1460 rios,
2603 1404 2650 1448 et
2678 1405 2851 1454 tenens
2888 1400 3169 1468 su/focabat
3215 1424 3353 1474 eum,
3406 1409 3577 1466 dicens
3601 1456 3615 1480 ,
3667 1416 3843 1472 Redde
3883 1421 4023 1489 quod

2418 1481 2601 1548 debes;
2652 1490 2984 1557 procumbens
3023 1511 3143 1566 ergo
3186 1513 3453 1555 conservus
3500 1503 3588 1558 ille
3631 1506 3700 1559 ad
3730 1481 4027 1581 pedes'ejus

2418 1577 2628 1646 rogabat
2653 1579 2845 1648 dicens,
2874 1583 3183 1643 Patientiam
3204 1591 3331 1646 habe
3350 1594 3403 1647 in
3428 1612 3527 1660 me,
3560 1608 3608 1651 et
3627 1577 3797 1655 omnia
3825 1577 4025 1661 solvam

2416 1665 2505 1719 tibi
2536 1684 2555 1719 :
2582 1669 2670 1723 ille
2696 1681 2861 1727 autem
2880 1677 3075 1744 noluit,
3104 1685 3193 1734 sed
3212 1698 3325 1736 eum
3347 1684 3467 1740 inde
3492 1688 3763 1745 abductum
3804 1696 4023 1766 conjecit

2413 1756 2466 1809 in
2495 1774 2746 1816 carcerem
2768 1805 2783 1829 ,
2834 1766 2993 1822 donec
3022 1769 3245 1825 debitum
3286 1776 3519 1833 redderet
3545 1795 3563 1833 :
3600 1782 3821 1839 videntes
3848 1756 4022 1843 autem

2413 1852 2637 1904 conservi
2668 1854 2830 1928 ipsius
2854 1857 3106 1930 indignati
3136 1874 3273 1930 sunt,
3311 1876 3360 1920 et
3407 1871 3655 1927 venientes
3684 1891 4022 1936 narraverunt

2413 1938 2618 1996 domino
2666 1959 2778 1998 suo.
2814 1946 2956 2003 Tunc
2981 1954 3172 2031 vocavit
3217 1956 3365 2011 illum
3406 1962 3642 2017 dominus
3671 1980 3811 2033 suus,
3852 1978 3900 2023 et
3940 1973 4022 2026 ait

2415 2032 2494 2085 illi
2521 2050 2539 2087 :
2571 2034 2728 2090 Serve
2752 2055 2985 2109 nequam,
3014 2027 3163 2100 omne
3184 2046 3407 2103 debitum
3437 2052 3607 2108 dimisi
3638 2056 3746 2122 tibi,
3771 2027 4018 2128 quoniam

722 1222 867 1276 enim
900 1221 991 1276 Dei
1016 1223 1187 1292 gratia
1214 1222 1265 1276 id
1294 1238 1390 1293 per
1416 1224 1717 1279 universam
1747 1226 1931 1278 urbem
1967 1232 2316 1292 propagatum

724 1312 808 1379 iri,
841 1327 964 1368 cum
994 1314 1129 1369 adeo
1174 1314 1441 1370 ferventes
1474 1316 1528 1370 in
1580 1314 1874 1385 principiis,
1921 1314 2164 1384 adeoque
2187 1330 2319 1370 con-

722 1416 928 1462 stantes
964 1422 1059 1461 vos
1098 1407 1438 1479 exhibeatis),
1484 1407 1552 1462 ad
1599 1404 1743 1463 aliud
1770 1417 2091 1478 praeceptum
2136 1416 2312 1461 trans-

721 1496 832 1563 ibo,
862 1497 1003 1567 quod
1032 1506 1115 1553 est
1152 1498 1222 1554 de
1249 1507 1556 1569 contemptu
1597 1500 1713 1554 irar.
1749 1499 1817 1555 Ut
1854 1499 1995 1554 enim
2029 1500 2081 1553 in
2108 1498 2312 1553 cithara

726 1600 835 1643 non
867 1591 996 1645 satis
1040 1599 1125 1645 est
1172 1592 1329 1646 unico
1359 1606 1527 1647 nervo
1556 1591 1821 1647 coniicere
1847 1592 2131 1648 melodiam
2156 1633 2171 1658 ,
2216 1591 2312 1647 sed

716 1693 905 1733 omnes
957 1680 1301 1749 percurrendi
1341 1691 1504 1748 sunt,
1549 1683 1909 1738 concinnitate
1952 1683 2308 1753 congruenti:

714 1766 788 1821 ita
832 1782 1043 1837 quoque
1092 1768 1357 1824 inanimi
1404 1769 1627 1837 virtute,
1675 1788 1784 1827 non
1833 1786 1936 1826 una
1974 1772 2062 1827 lex
2112 1770 2312 1827 sufﬁcit

714 1855 870 1910 nobis
899 1857 965 1912 ad
1007 1859 1254 1929 salutem,
1306 1869 1363 1915 ut
1393 1861 1536 1931 prius
1581 1863 1715 1931 dixi,
1748 1863 1843 1921 sed
1888 1879 2077 1920 omnes
2122 1874 2310 1922 exacte

713 1940 1030 2015 praestanda:
1059 1959 1203 2016 sunt,
1236 1952 1282 2006 si
1308 1952 1524 2022 quidem
1566 1954 1792 2009 velimus
1835 1956 1981 2009 omni
2028 1955 2305 2011 harmonia

711 2037 980 2095 dulciores
1032 2049 1087 2095 et
1118 2042 1360 2098 utiliores
1407 2044 1654 2099 modulos
1704 2047 1988 2100 conficere.
2021 2047 2211 2101 Didicit
2246 2063 2306 2103 os

711 2137 859 2182 tuum
890 2144 998 2185 non
1027 2131 1254 2200 jurare?
1280 2132 1467 2187 edocta
1498 2143 1581 2189 est
1628 2143 1717 2188 tua
1746 2136 1943 2205 lingua,
1976 2136 2071 2199 Ita,
2091 2148 2143 2190 et
2165 2136 2300 2202 Non,

708 2219 903 2291 ubique
930 2222 1159 2277 sonare?
1191 2224 1370 2279 Discat
1408 2226 1567 2279 etiam
1600 2228 1900 2281 convicium
1943 2242 2101 2283 omne
2148 2245 2303 2284 aver-

706 2310 835 2377 sari,
888 2310 1253 2383 majoremqne
1298 2330 1479 2372 curam
1515 2316 1579 2371 ad
1628 2316 1729 2376 hoc
1773 2332 2099 2393 pricceptum
2146 2322 2301 2377 adlu-

704 2399 854 2471 bere,
901 2404 1330 2475 quandoquidem
1362 2419 1415 2464 et
1437 2411 1639 2479 majore
1659 2412 1843 2466 labore
1871 2428 2005 2481 epus
2034 2424 2134 2466 est.
2170 2414 2302 2468 Nam

703 2493 817 2551 illic
880 2499 1209 2555 consuetudo
1264 2500 1376 2557 sola
1425 2503 1687 2558 vincenda
1734 2503 1833 2559 fuit
1874 2523 1888 2558 :
1935 2506 1988 2559 in
2039 2508 2115 2560 ira
2172 2522 2301 2562 vero

706 2590 1014 2646 nervosiore
1063 2590 1324 2661 industria
1366 2610 1502 2663 opus
1530 2604 1639 2660 est;
1671 2595 1938 2652 violentus
1973 2598 2115 2652 enim
2163 2598 2296 2654 affe-

704 2687 822 2729 ctus
841 2687 943 2743 est,
977 2688 1033 2735 et
1058 2683 1383 2750 tyrannicus,
1408 2692 1463 2740 et
1490 2684 1719 2741 subinde
1756 2685 1952 2755 abripit
1978 2687 2060 2741 vel
2086 2703 2181 2744 eos
2207 2689 2298 2759 qui

703 2766 923 2837 vigilant
952 2770 994 2835 ί,
1043 2780 1096 2826 et
1121 2770 1189 2826 ad
1216 2771 1528 2829 barathrum
1558 2777 1730 2845 ipsum
1780 2777 2091 2847 perditionis
2125 2776 2294 2835 dedu-

701 2857 794 2913 cit.
842 2858 999 2917 Ferte
1047 2862 1207 2933 igitur
1248 2866 1606 2936 prolixitatem
1658 2871 1943 2925 sermonis.
1989 2871 2293 2928 Absurdum

700 2950 898 3021 quippe
923 2962 1005 3008 est
1048 2969 1169 3010 cum
1216 2958 1450 3027 quotidie
1474 2949 1772 3015 vulnereris
1799 2962 1854 3016 in
1900 2962 2039 3027 foro,
2074 2964 2128 3017 in
2153 2962 2286 3019 ardi-

701 3041 822 3109 bus,
861 3043 930 3101 ab
972 3047 1179 3115 amicis,
1214 3065 1243 3103 a
1282 3052 1542 3118 cognatis,
1575 3051 1641 3106 ab
1670 3053 1921 3117 inimicis,
1961 3070 1991 3108 a
2032 3057 2240 3121 vicinis,
2264 3072 2293 3111 a

699 3133 890 3197 servis,
947 3135 1016 3189 ab
1065 3151 1249 3204 uxore,
1281 3154 1312 3193 a
1345 3139 1476 3206 filio,
1509 3155 1538 3195 a
1588 3144 1819 3211 prepriis
1860 3144 2291 3214 cogitationibus,

700 3239 774 3277 ne
798 3225 964 3280 semel
991 3226 1207 3297 quidem
1238 3229 1289 3283 in
1319 3232 1567 3286 universa
1600 3232 1932 3289 hebdomada
1960 3235 2026 3290 de
2054 3236 2292 3292 remedio

698 3316 910 3372 illorum
964 3319 1240 3375 vulnerum
1266 3338 1447 3379 curam
1487 3325 1767 3381 admittere
1798 3345 1811 3381 :
1845 3332 2141 3397 praesertim
2170 3346 2288 3387 cum

698 3406 931 3462 sciamus
954 3409 1110 3465 istum
1139 3414 1360 3468 curandi
1406 3416 1621 3471 modum
1659 3432 1761 3472 nec
1800 3428 2034 3489 sumptu,
2066 3436 2163 3477 nec
2193 3422 2290 3477 do-

699 3495 814 3553 lore
859 3510 1127 3557 constare.
1173 3503 1287 3560 Non
1329 3507 1471 3561 enim
1508 3524 1647 3563 nunc
1698 3509 1899 3565 ferrum
1945 3512 1998 3565 in
2045 3514 2291 3569 manibus

700 3586 872 3643 habeo
896 3607 908 3643 :
937 3592 1028 3647 sed
1060 3594 1277 3650 verbum
1299 3611 1393 3666 pro
1417 3597 1576 3665 ferro,
1602 3600 1789 3670 quovis
1808 3610 1982 3656 tamen
2002 3602 2145 3657 ferro
2164 3618 2289 3659 acu-

700 3680 826 3745 tius,
846 3690 899 3737 et
945 3685 1179 3754 cujusvis
1208 3676 1408 3757 peccati
1429 3692 1764 3758 putredinem
1787 3694 2142 3761 exscindens;
2172 3696 2289 3752 sine

698 3770 885 3827 dolore
915 3783 1092 3831 tamen
1134 3777 1267 3845 ejus,
1303 3780 1387 3833 cui
1415 3781 1515 3834 ista
1558 3780 1744 3837 incisio
1776 3783 1852 3857 fit.
1885 3784 2001 3838 Non
2031 3785 2203 3855 ignem
2234 3788 2286 3841 in

696 3859 881 3915 dextra
933 3862 1124 3930 habeo,
1175 3866 1268 3920 sed
1296 3866 1591 3923 doctrinam
1653 3870 2283 3941 igne°vehementiorem,

696 3965 925 4021 eamque
952 3968 1057 4007 non
1096 3955 1437 4011 adhibentem
1464 3961 1778 4027 cauterium,
1811 3963 1905 4019 sed
1936 3975 2110 4020 tamen
2132 3965 2283 4021 cohi-

697 4040 911 4097 bentem
942 4045 1156 4100 malitiae
1183 4058 1585 4118 proserpentem
1605 4054 1928 4119 erosionem,
1960 4066 2013 4110 et
2043 4072 2139 4125 pro
2167 4072 2288 4113 cru-

694 4132 832 4186 ciatu
864 4133 1147 4201 plurimam
1165 4137 1234 4202 ei,
1257 4138 1346 4208 qui
1378 4139 1637 4197 liberatur
1656 4158 1686 4197 a
1710 4145 1909 4199 malitia
1930 4188 1945 4213 ,
1974 4145 2285 4204 offerentem

695 4223 1044 4292 voluptatem.

778 4312 916 4369 Velle
942 4319 1065 4371 satis
1085 4326 1180 4383 est;
1215 4322 1487 4377 auctoritas
1502 4324 1727 4394 jubentis
1751 4330 1970 4384 excitare
1988 4332 2162 4401 debet;
2187 4333 2289 4389 Pe-

696 4406 760 4459 tri
780 4407 830 4460 in
851 4424 1051 4461 scenam
1068 4411 1327 4484 paulisper
1348 4413 1538 4469 inducti
1567 4418 1812 4487 primatus
1840 4429 1883 4474 ct
1912 4423 2138 4477 studium
2164 4442 2285 4497 erga

695 4498 977 4554 doctrinam
1027 4501 1216 4558 Christi
1268 4506 1703 4574 pradicantur.—-
1725 4510 1842 4565 Non
1871 4511 1955 4568 hic
2002 4530 2136 4585 opus
2203 4529 2286 4574 est

696 4597 955 4659 tempore,
992 4607 1097 4647 non
1128 4594 1400 4652 laboribus
1421 4639 1436 4664 ,
1471 4613 1578 4654 non
1628 4603 1865 4670 pecuniis
1899 4621 1911 4656 :
1940 4606 2113 4662 solum
2148 4609 2285 4667 velle

694 4680 823 4735 satis
850 4690 953 4747 est,
990 4693 1045 4738 et
1070 4685 1246 4739 statim
1275 4687 1531 4758 quidquid
1561 4690 1719 4759 hujus
1766 4692 1973 4750 virtutis
2002 4706 2084 4752 est
2140 4714 2282 4769 prae-

696 4772 1010 4829 stiterimus.
1039 4774 1190 4843 Quod
1225 4779 1269 4833 si
1312 4782 1624 4851 cogitemus,
1676 4796 1871 4855 quanta
1897 4788 1965 4841 sit
1998 4792 2284 4849 auctoritas

698 4863 795 4917 Dei
820 4863 1058 4934 jubentis
1077 4908 1091 4934 ,
1125 4875 1181 4923 et
1198 4870 1491 4927 conditoris
1520 4874 1672 4930 istius
1715 4875 1869 4947 legis,
1902 4880 2029 4935 satis
2056 4896 2121 4937 ex
2145 4899 2208 4937 eo
2233 4892 2287 4939 et

691 4953 902 5009 abunde
950 4948 1205 5013 instructi
1221 4967 1274 5015 et
1300 4960 1558 5019 admoniti
1587 4964 1880 5034 fuerimus;
1934 4986 2107 5042 neque
2138 4976 2281 5031 enim

692 5058 720 5096 a
751 5044 904 5100 nobis
933 5047 1062 5116 ipsis
1091 5051 1291 5104 monita
1314 5052 1468 5107 vobis
1488 5054 1799 5124 adierimus,
1830 5058 1924 5115 sed
1966 5061 2031 5116 ad
2073 5064 2287 5135 legisla-

693 5142 862 5189 torem
889 5151 985 5192 vos
1013 5153 1202 5195 omnes
1250 5142 1583 5201 adducimus.
1623 5148 1919 5218 Sequimini
1968 5152 2162 5224 igitur,
2228 5166 2285 5213 et

689 5226 899 5283 divinas
935 5229 1080 5299 leges
1104 5232 1302 5289 audite.
1340 5235 1439 5291 Ubi
1462 5253 1588 5293 vero
1617 5238 1685 5294 de
1707 5240 1782 5295 ira
1808 5252 1860 5297 et
1886 5241 2150 5302 simultate
2173 5247 2287 5302 dis-

694 5329 932 5389 putatum
978 5326 1097 5380 est?
1147 5326 1481 5384 Multifariam
1512 5331 1726 5402 quidem
1776 5333 1829 5388 in
1878 5337 2057 5393 multis
2105 5341 2277 5410 locis,

692 5413 921 5468 maxime
962 5422 1137 5471 autem
1180 5418 1231 5471 in
1279 5421 1527 5489 parabola
1575 5424 1702 5492 illa,
1744 5441 1902 5496 quam
1942 5429 2008 5483 ad
2046 5429 2281 5503 discipu-

690 5502 769 5557 los
800 5504 1021 5573 loquens
1068 5506 1135 5561 ad
1180 5506 1339 5563 istum
1394 5509 1585 5568 ferme
1614 5516 1832 5571 modum
1874 5533 2092 5577 exorsus
2148 5502 2274 5580 est:

694 5592 819 5648 Ideo
857 5596 1192 5654 assimilatum
1226 5611 1299 5657 est
1344 5620 1553 5674 regnum
1614 5608 1855 5663 carlorun:
1904 5612 2096 5669 homini
2148 5619 2276 5690 regi,

685 5732 942 5845 “Larga
969 5733 1143 5801 abripit
1168 5751 1247 5793 eos
1270 5753 1352 5804 qut
1370 5754 1463 5794 non
1485 5742 1697 5811 vigilant,
1717 5760 1829 5812 qua:
1853 5749 1999 5804 lectio
2015 5766 2112 5805 non
2134 5768 2273 5819 sper-

2384 2125 2599 2192 _rogasti
2625 2142 2703 2180 me
2725 2144 2744 2179 :
2774 2146 2943 2186 nonne
2966 2150 3085 2206 ergo
3107 2139 3330 2207 Oportuit
3356 2150 3401 2194 et
3453 2151 3500 2196 te
3537 2145 3767 2201 misereri
3787 2154 4020 2206 conservi

2408 2216 2498 2279 tui,
2528 2218 2655 2271 sicut
2689 2231 2735 2274 et
2762 2240 2852 2293 ego
2899 2228 2985 2289 tui,
3021 2230 3253 2286 misertus
3281 2236 3439 2289 sum?
3483 2236 3627 2293 Tunc
3663 2244 3873 2299 tradidit
3894 2262 4017 2303 eum

2408 2309 2700 2376 tortoribus,
2726 2316 3051 2387 quoadusque
3064 2320 3296 2375 redderet
3324 2325 3615 2383 universum
3640 2330 3881 2389 debitum.
3920 2338 4017 2393 Sic

2406 2414 2453 2457 et
2488 2404 2642 2461 Pater
2680 2425 2818 2464 meus
2847 2410 3059 2467 caelestis
3089 2415 3241 2481 faciet
3278 2416 3415 2471 vobis
3440 2460 3452 2483 ,
3502 2420 3545 2473 si
3585 2438 3687 2477 non
3717 2432 4015 2487 remiscritis

2405 2500 2748 2571 unusquisque
2775 2507 2925 2574 fratri
2970 2522 3063 2562 suo
3103 2505 3165 2564 de
3212 2508 3446 2569 cardibus
3469 2514 3643 2573 castris
3671 2514 3884 2593 (Matth.
3923 2521 4011 2581 l8.

2403 2587 2617 2659 21-35).

2475 2679 2529 2733 '5.
2584 2680 2727 2737 Talis
2788 2687 3003 2756 quidem
3059 2694 3311 2762 parabola
3384 2700 3504 2754 ista.
3568 2703 3863 2763 Dicendum
3925 2722 4015 2768 est

2403 2782 2565 2837 porro
2602 2812 2618 2838 ,
2672 2788 2836 2843 quare
2914 2795 3034 2835 cum
3109 2785 3409 2855 adjectione
3478 2807 3654 2851 causa:
3709 2797 3853 2856 illam
3908 2819 4011 2873 pa-

2401 2860 2638 2919 rabolam
2707 2873 2981 2939 proposuit
3032 2891 3046 2927 :
3096 2891 3200 2932 non
3285 2882 3431 2937 enim
3482 2887 3799 2964 simpliciter
3848 2860 4011 2964 didit,

2400 2954 2751 3013 assimilatum
2804 2970 2891 3017 est
2932 2979 3153 3035 regnum
3185 2971 3436 3029 caelorum
3472 3018 3487 3043 ,
3520 2954 3652 3047 sed,
3711 2957 3839 3040 ideo
3871 2993 4013 3043 assi-

2400 3047 2630 3101 milatum
2677 3060 2749 3105 est
2806 3071 3014 3125 regnum
3053 3061 3312 3117 cat/orum.
3370 3066 3479 3123 Cur
3530 3086 3658 3142 ergo
3697 3090 3856 3132 causa
3904 3081 4009 3135 ad-

2394 3137 2581 3206 juncta
2610 3144 2728 3197 est?
2770 3144 2844 3201 De
2875 3148 3153 3208 tolerantia
3179 3154 3456 3225 discipulis
3496 3137 3799 3223 sermonem
3846 3171 4013 3229 facie-

2398 3228 2489 3283 bat
2514 3273 2527 3295 ,
2561 3233 2761 3291 docens
2785 3278 2800 3303 ,
2834 3243 3102 3309 quomodo
3130 3246 3208 3300 ira
3242 3248 3560 3309 refrenanda
3589 3269 3733 3313 esset
3758 3272 4011 3332 content-

2397 3324 2693 3397 neiidteque
2721 3329 2929 3400 injuria:
2960 3336 3112 3392 nobis
3135 3340 3312 3409 illane,
3367 3344 3524 3415 idque
3553 3348 3635 3404 his
3664 3353 3842 3410 verbis
3874 3374 3889 3410 :
3942 3326 4017 3414 i

2398 3421 2683 3483 peccaverit
2713 3422 2766 3474 in
2798 3433 2845 3475 te
2873 3426 3032 3496 frater
3057 3439 3173 3484 tuus
3196 3474 3211 3497 ,
3254 3435 3408 3501 vade,
3456 3448 3503 3491 et
3542 3443 3851 3511 reprehende
3890 3466 4013 3505 sum

2396 3507 2527 3561 inter
2554 3520 2601 3564 te
2625 3522 2669 3565 et
2699 3515 2869 3583 ipsum
2896 3518 3078 3574 solum.
3129 3521 3192 3576 Si
3225 3507 3707 3587 auscultaverit’tibi
3727 3579 3741 3601 ,
3777 3536 4010 3597 lucratus

2396 3612 2447 3651 es
2477 3599 2688 3668 fratrem
2721 3614 2863 3660 tuum
2902 3608 3124 3681 (Matth.
3167 3614 3250 3669 l8.
3287 3618 3415 3688 15).
3458 3620 3583 3677 Πειξο
3604 3634 3658 3679 et
3703 3599 3803 3682 alia
3851 3629 4010 3699 ejus-

2396 3694 2538 3748 modi
2560 3696 2775 3753 Christo
2804 3701 3057 3771 loquente
3097 3707 3163 3761 ad
3198 3708 3488 3779 discipulos
3527 3731 3653 3771 suos
3675 3760 3689 3785 ,
3737 3694 4011 3793 istanique

2396 3782 2791 3855 philosophiam
2858 3790 3083 3848 docente
3112 3838 3125 3861 ,
3194 3797 3386 3854 Petrus
3433 3802 3581 3858 chori
3632 3782 4007 3875 apostolorum

2398 3875 2683 3955 princeps,
2716 3896 2777 3935 os
2806 3881 3189 3953 discipulorum
3217 3930 3232 3955 ,
3282 3892 3531 3948 columna
3570 3894 3827 3955 Ecclesite
3848 3944 3863 3969 ,
3907 3905 4009 3960 llr-

2396 3978 2725 4025 mamentum
2775 3972 2936 4043 ﬁdei,
2985 3979 3338 4036 confessionis
3369 3982 3804 4059 fundamentum,
3851 3995 4007 4052 orbis

2397 4065 2660 4116 terrarum
2704 4062 2956 4133 piscator,
2999 4069 3087 4138 qui
3128 4085 3297 4139 genus
3343 4085 3584 4131 nostrum
3622 4096 3685 4135 cx
3722 4085 4005 4152 profundis

2395 4163 2638 4205 errorum
2680 4152 2733 4206 in
2780 4155 2967 4210 cmlum
3008 4157 3263 4227 adduxit,
3311 4165 3401 4233 qui
3447 4166 3641 4238 ubique
3682 4171 3914 4230 fervidus
3943 4188 4006 4233 et

2396 4238 2643 4298 libertate
2676 4242 2894 4313 plenus,
2925 4247 3033 4302 imo
3062 4252 3241 4321 potius
3284 4256 3506 4312 caritate
3534 4274 3693 4327 quam
3722 4263 4002 4336 libertate,

2398 4333 2694 4389 tacentibus
2729 4337 2975 4394 omnibus
3004 4382 3018 4405 ,
3063 4344 3324 4401 accedens
3352 4347 3418 4401 ad
3450 4352 3764 4423 magistrum
3810 4356 3945 4412 dixit

2400 4423 2606 4490 Quoties
2635 4429 2855 4497 peccabit
2892 4431 2943 4484 in
2975 4451 3051 4488 me
3098 4440 3254 4506 frater
3283 4456 3422 4495 meus
3443 4482 3457 4505 ,
3508 4454 3555 4497 et
3600 4447 3851 4502 remittam
3877 4451 4006 4506 illi?

2395 4529 2554 4585 usque
2601 4520 2783 4587 septies
2829 4520 3007 4592 (Ibid.
3059 4541 3107 4579 v.
3162 4528 3223 4582 9.!
3253 4529 3312 4598 )?
3344 4531 3502 4585 simul
3533 4542 3586 4588 et
3616 4535 3911 4609 interrogat
3940 4555 4003 4599 et

2398 4608 2699 4677 pollicetur;
2735 4622 2790 4669 et
2823 4616 3126 4688 priusquam
3157 4620 3363 4687 discat,
3411 4641 3659 4697 magnum
3703 4628 3803 4685 hac
3836 4633 3891 4687 in
3935 4651 4004 4692 re

2394 4702 2627 4759 studium
2670 4722 2780 4775 prce
2824 4723 2883 4764 se
2938 4709 3059 4765 fert.
3108 4711 3243 4767 Cum
3281 4716 3423 4770 enim
3471 4730 3704 4775 mentem
3755 4725 4003 4794 magistri

2395 4795 2562 4864 probe
2592 4798 2856 4867 cognitam
2890 4799 3111 4856 haberet
3132 4843 3147 4869 ,
3184 4820 3346 4874 quam
3376 4807 3462 4862 illa
3502 4809 3568 4864 ad
3608 4811 4001 4874 humanitatem

2394 4900 2562 4955 prona
2597 4899 2739 4944 esset
2763 4928 2778 4955 ,
2809 4899 2862 4945 et
2891 4892 3035 4961 quod
3063 4893 3150 4949 ille
3180 4898 3446 4967 przecipue
3475 4904 3699 4971 gratiam
3726 4920 3847 4961 cum
3876 4908 4004 4979 ipso

2393 4978 2570 5045 iniret,
2616 4984 2704 5052 qui
2749 4982 2801 5037 in
2841 4985 3208 5043 condonandis
3246 4990 3466 5047 offensis
3502 4999 3799 5066 promptior
3825 4978 3999 5071 esset,

2392 5087 2565 5141 neque
2604 5074 2655 5127 in
2689 5074 2983 5132 istiusmodi
3021 5080 3182 5135 rebus
3225 5084 3478 5138 acerbum
3521 5101 3581 5141 se
3602 5096 3654 5142 et
3683 5104 3862 5145 acrem
3892 5109 4004 5148 ex-

2395 5165 2633 5232 hiberet,
2665 5169 2850 5224 volens
2876 5172 3088 5240 placere
3111 5174 3401 5244 legislatori
3432 5179 3777 5251 interrogavit
3803 5223 3816 5250 ,
3861 5200 4001 5244 num

2393 5273 2559 5329 usque
2587 5263 2783 5331 septies
2819 5266 2967 5319 venia
3000 5265 3239 5321 iteranda
3267 5279 3427 5325 esset.
3475 5272 3674 5329 Deinde
3712 5284 3771 5329 ut
3815 5274 4004 5336 discas

2392 5354 2565 5421 qualis
2592 5356 2752 5409 homo
2772 5397 2787 5423 ,
2814 5357 2986 5426 qualis
3018 5374 3145 5413 vero
3174 5360 3313 5416 Deus
3339 5365 3428 5427 sit,
3462 5366 3739 5435 qualisque
3768 5368 3886 5438 ejus
3912 5372 4005 5428 in-

2392 5443 2684 5513 dulgentia,
2717 5450 3059 5518 etquomodo
3086 5450 3315 5506 humana
3345 5454 3662 5524 benignitas,
3682 5460 3724 5511 si
3754 5460 3822 5513 ad
3845 5462 4002 5519 illius

2392 5536 2649 5607 largitatis
2675 5542 2997 5609 opulentiam
3042 5546 3229 5600 collata
3266 5546 3377 5611 sit,
3428 5549 3614 5617 quavis
3666 5564 3994 5621 paupertate

2390 5632 2745 5699 contemptior
2772 5634 3083 5701 reperiatur,
3117 5646 3171 5691 et
3197 5638 3445 5706 quantula
3471 5639 3613 5693 stilla
3656 5641 3727 5694 sit
3746 5643 3811 5695 ad
3839 5658 4001 5704 mare

2392 5720 2734 5789 immensum,
2764 5733 2962 5779 tantam
2995 5736 3230 5783 nostram
3260 5729 3551 5786 bonitatem
3579 5730 3646 5787 ad
3673 5732 3816 5789 illius
3842 5733 3997 5791 inef-

2392 5813 2603 5871 fabilem
2651 5814 3032 5873 humanitatem
3086 5821 3451 5881 mstimandam
3503 5840 3516 5881 :
3568 5822 3767 5883 dicenti
3820 5823 3994 5887 Petro
