4218 6294
156 386 227 443 31
948 386 1054 446 "DE
1086 386 1325 447 DECEII
1351 385 1653 446 ωιιιωί
1691 386 1784 445 τις

1892 388 1994 447 NT.
2030 392 2382 451 'DEBITORE
2422 393 2729 452 ῘΙΟΜΙΙᾸΔ.
3415 386 3488 444 22

166 484 775 571 ἓεριαηβῑίοεπιγεηίω
801 501 1137 559 iterationem
1160 511 1216 559 et
1236 503 1563 559 existimanti
1582 518 1642 560 se
1663 519 1779 560 ma-

155 590 361 663 gnifice
380 599 439 647 et
470 591 693 664 largiter
709 592 931 660 dixisse,
955 592 1084 648 audi.
1098 594 1225 665 quid
1251 593 1573 665 reSpondeat
1594 611 1610 651 :
1630 593 1775 663 Non,

173 686 383 756 inquit,
410 703 569 757 usque
595 686 782 757 septies
803 725 819 754 ,
859 678 950 742 sed
973 703 1130 759 usque
1145 688 1444 759 septuagies
1466 688 1671 758 septies.
1694 686 1777 741 .ll-

170 774 257 831 iud
289 786 473 843 autem
498 778 800 849 septuagies
816 780 1016 849 septies
1032 778 1249 849 quidam
1267 766 1481 849 septem
1499 789 1553 834 et
1571 788 1778 849 septua-

168 870 316 937 ginta
342 869 722 923 arbitrantur:
754 878 1007 924 caeterum
1040 869 1111 925 ita
1140 885 1248 925 non
1288 879 1371 926 est
1401 886 1415 924 :
1440 869 1615 925 habet
1632 870 1775 925 enim

170 961 256 1015 hie
281 976 542 1015 numerus
587 960 757 1015 ferme
796 961 1086 1032 quingenta
1108 974 1133 1016 is
1161 962 1361 1032 septies
1383 960 1527 1017 enim
1556 968 1743 1030 septna

160 1051 315 1122 ginta
348 1052 736 1124 quadringenta
765 1062 823 1108 et
872 1053 1501 1124 nonagintacontlciunt.
1539 1052 1619 1109 Ne
1658 1052 1776 1108 cxi-

154 1145 359 1199 ~stimes
382 1142 604 1199 difﬁcile
648 1158 770 1200 esse
811 1144 916 1200 hoc
946 1156 1315 1216 prmeeptum,
1370 1145 1690 1221 carissime:
1731 1143 1776 1198 si

156 1234 316 1290 enim
344 1234 558 1302 semel,
593 1238 786 1291 iterum
808 1278 822 1302 ,
867 1252 933 1292 ac
969 1238 1162 1302 tertio,
1188 1237 1341 1292 intra
1362 1237 1503 1293 diem
1536 1237 1775 1307 peccanti

160 1327 385 1383 veniam
428 1328 785 1398 impartieris,
822 1331 1055 1387 etiamsi
1077 1331 1365 1386 admodum
1398 1330 1641 1401 lapideus
1666 1332 1775 1399 sit,

170 1418 333 1472 etiam
375 1419 424 1473 si
467 1419 597 1490 ipsis
639 1420 976 1478 dtemonibus
1009 1422 1284 1478 cil‘cratior
1324 1423 1392 1478 sit
1420 1423 1543 1488 ille,
1595 1423 1685 1491 qui
1728 1432 1779 1478 te

169 1507 333 1577 lzesit,
362 1520 475 1565 non
502 1512 607 1566 erit
628 1510 704 1567 ita
730 1526 923 1568 sensus
939 1528 1153 1583 expers,
1183 1523 1240 1567 ut
1266 1513 1442 1569 denuo
1463 1514 1530 1569 ad
1556 1513 1777 1570 easdem

169 1597 406 1655 oﬂensas
436 1600 639 1656 recidat
670 1619 685 1656 :
714 1602 810 1657 sed
838 1603 1132 1674 frequentia
1164 1603 1386 1661 indultae
1413 1606 1583 1660 venite
1612 1606 1779 1662 casti-

171 1699 363 1757 gntus,
414 1693 609 1747 melior
650 1694 754 1749 erit
778 1737 793 1761 ,
848 1703 903 1750 et
941 1697 1161 1767 probior
1180 1714 1208 1751 ,ε
1244 1708 1406 1768 tuque
1430 1698 1473 1753 si
1507 1697 1671 1752 fueris
1698 1698 1779 1753 in-

156 1790 417 1844 structus
432 1784 503 1840 ad
528 1787 1420 1859 totiescontenmendaminjuriam
1440 1790 1776 1858 tibi-illatam,

156 1887 270 1925 una
302 1884 471 1946 atque
497 1877 701 1942 altera,
731 1887 785 1933 et
814 1878 970 1934 tertia
1000 1880 1397 1937 condonatione
1424 1882 1597 1951 culpae
1623 1897 1781 1937 exer-

153 1965 397 2030 citatus,
427 1966 577 2020 .nihil
606 1965 937 2024 difﬁcultatis
981 1970 1183 2027 senties
1211 1972 1263 2026 in
1282 1980 1567 2042 posterum
1599 1971 1651 2026 in
1678 1971 1780 2027 hnc

152 2071 370 2125 genere
399 2057 753 2128 philosophiae
778 2076 793 2112 :
814 2061 1026 2131 quippe
1053 2062 1143 2131 qui
1175 2062 1418 2117 iteranda
1439 2062 1600 2119 toties
1620 2062 1778 2118 venia

153 2161 288 2201 leum
304 2146 420 2217 jam
446 2164 598 2203 usum
619 2151 903 2222 collegeris
924 2193 939 2219 ,
968 2162 1024 2207 ut
1050 2153 1181 2207 nihil
1206 2162 1257 2208 te
1284 2154 1579 2224 percellant
1598 2155 1779 2225 proxi-

154 2251 380 2292 morum
410 2239 640 2308 injurim,
684 2242 889 2310 Quibus
934 2243 1134 2299 auditis
1164 2244 1408 2313 Petrus,
1459 2261 1553 2300 ore
1596 2246 1780 2301 hiante

154 2336 392 2397 stupens
418 2331 659 2391 constitit
693 2350 706 2385 :
734 2347 840 2387 non
866 2334 936 2389 de
971 2349 1030 2389 se
1074 2335 1447 2390 tantummodo
1481 2335 1774 2398 sollicitus,

154 2417 259 2473 sed
292 2428 352 2472 et
384 2420 456 2474 de
479 2420 615 2487 illis,
648 2423 735 2492 qui
758 2424 875 2493 ejus
906 2424 1027 2479 lklei
1061 2426 1431 2481 committendi
1480 2436 1653 2480 erant.
1700 2426 1779 2480 Ne

158 2510 333 2581 <igitur
374 2511 518 2565 idern
551 2512 790 2579 faceret,
823 2516 962 2585 quod
995 2516 1191 2572 inaliis
1236 2520 1503 2574 mandatis
1538 2517 1775 2584 fecerat,

160 2604 553 2672 anticipatione
572 2606 801 2660 exclusit
821 2606 872 2661 ei
896 2622 1111 2662 onmem
1136 2611 1617 2678 pcreontatitinem.
1637 2610 1775 2678 Quid

158 2704 349 2747 autem
378 2695 431 2748 in
460 2694 580 2749 aliis
634 2696 901 2751 mandatis
945 2697 1123 2754 fecit?
1168 2700 1223 2754 Si
1267 2700 1482 2770 quando
1535 2702 1779 2757 Christus

167 2784 472 2838 istiusmodi
510 2780 712 2856 aliquid
753 2788 1077 2857 imperaret,
1106 2790 1247 2861 quod
1278 2791 1648 2849 difﬁcultatem
1673 2795 1744 2848 ali

163 2890 326 2945 quam
371 2876 571 2933 habere
621 2878 928 2945 videretur,
980 2883 1263 2951 prosiliens
1294 2896 1419 2939 ante
1446 2886 1582 2941 alios
1612 2888 1778 2943 inter-

162 2968 392 3039 rogabat
442 2980 497 3024 et
550 2970 924 3027 sciscitabatur
975 2974 1044 3031 de
1090 2986 1379 3045 praecepto.
1450 2979 1585 3034 Cum
1624 2982 1776 3035 enim

167 3058 460 3128 prodiisset
485 3059 656 3129 dives,
680 3062 750 3118 de
771 3074 974 3119 aeterna
1002 3067 1108 3119 vita
1135 3066 1404 3122 Christum
1432 3082 1775 3139 percontans,

166 3158 221 3202 et
256 3150 491 3219 cegnitis
520 3152 661 3219 illis,
693 3169 813 3222 qua:
844 3155 1057 3224 pariunt
1091 3156 1519 3226 beatitudinem,
1554 3172 1779 3217 nrmstus

170 3238 238 3291 ob
262 3240 793 3309 pecunias-abiisset,
841 3244 1055 3301 dicente
1082 3244 1342 3315 Christo,
1391 3251 1533 3321 quod
1573 3251 1779 3307 facilius

164 3343 311 3385 esset
337 3333 602 3387 cautelam
622 3336 861 3392 transire
880 3352 981 3406 per
993 3337 1243 3397 foramen
1271 3357 1422 3410 acus,
1455 3359 1614 3413 quam
1641 3345 1780 3400 (13ιί-

168 3429 276 3476 tetu
312 3422 518 3478 intrare
548 3425 607 3477 in'
624 3441 847 3496 regnum
865 3429 1122 3485 calorum
1156 3432 1346 3503 (Marc.
1380 3436 1466 3490 lo.
1497 3436 1605 3505 25)
1641 3454 1654 3490 :
1683 3438 1780 3494 Pe-

170 3521 287 3568 trus
315 3515 533 3569 tametsi
572 3531 638 3571 se
679 3519 929 3574 omnibus
955 3521 1267 3579 nudavisset
1288 3567 1308 3593 ,
1358 3541 1534 3597 neque
1556 3529 1667 3597 jam
1694 3530 1779 3584 vel

173 3602 393 3659 hamum
422 3606 716 3674 retineret,
744 3611 941 3682 quippe
970 3612 1060 3682 qui
1100 3623 1152 3668 ct
1200 3624 1366 3671 totum
1398 3627 1661 3686 qumstum
1704 3621 1782 3691 pi-

168 3694 485 3763 scatorium,
505 3707 561 3753 et
575 3715 764 3754 navem
794 3712 1213 3773 contempserat,
1241 3708 1510 3762 accedens
1533 3710 1600 3763 ad
1623 3711 1779 3764 Chri-

174 3793 315 3840 stum
365 3786 438 3841 ita
486 3787 741 3858 loquutus
766 3800 881 3846 est:
909 3791 981 3846 Et
1010 3794 1123 3863 quis
1147 3807 1311 3866 potest
1335 3801 1506 3853 salvus
1530 3800 1642 3868 ﬁeri
1672 3800 1779 3871 (Ib.

173 3894 220 3930 ο.
247 3878 406 3950 26)?
439 3880 573 3936 Vide
618 3883 937 3950 probitatem
962 3896 1025 3942 et
1059 3888 1322 3945 fervorem
1349 3892 1596 3961 discipuli
1628 3912 1641 3949 :
1674 3910 1781 3950 non

170 3970 321 4025 enim
352 3972 566 4042 inquit,
603 3973 961 4044 lmpossibilia
1001 3980 1270 4052 iniungis,
1306 3999 1473 4054 grave
1499 3986 1601 4041 hoc
1628 4003 1783 4041 man-

174 4061 361 4117 datum
390 4105 404 4130 ,
435 4064 670 4120 difﬁcilis
698 4067 798 4122 ista
826 4070 909 4123 lex
937 4087 950 4123 :
980 4087 1156 4142 neque
1183 4074 1235 4147 in
1262 4075 1475 4130 silentio
1506 4078 1737 4146 perstitit
1764 4096 1781 4135 :

177 4154 272 4209 sed
298 4172 488 4211 curam
515 4173 668 4213 suam
694 4200 711 4225 ,
747 4174 907 4230 quam
937 4161 1007 4218 de
1034 4164 1284 4221 omnibus
1304 4166 1570 4234 habebat,
1596 4181 1783 4225 osten-

173 4244 284 4311 dit,
330 4255 392 4302 et
432 4252 750 4321 prteceptori
779 4267 808 4305 a
838 4250 1102 4325 discipulo
1141 4254 1376 4313 debitam
1423 4261 1784 4316 reverentiam

178 4336 343 4407 impar
359 4339 498 4405 tivit,
522 4339 711 4394 dicens
741 4358 754 4394 :
779 4336 845 4394 Et
864 4344 976 4413 quis
1002 4354 1163 4415 potest
1182 4348 1351 4400 saluus
1372 4348 1483 4415 ﬁeri
1503 4349 1527 4401 .9
1550 4350 1785 4405 nondum

179 4428 352 4486 betas
380 4441 583 4501 pastor,
619 4435 849 4503 pastoris
870 4438 1108 4490 anitnum
1148 4437 1415 4494 habebat:
1448 4440 1683 4495 nondum
1736 4445 1787 4498 in

179 4524 417 4595 Imperio
444 4536 500 4581 et
528 4527 826 4596 principatu
854 4528 1176 4584 constitutus
1195 4572 1209 4596 ,
1240 4532 1466 4602 principi
1488 4548 1792 4603 congruen-

181 4627 292 4672 tem
314 4632 502 4671 curam
530 4618 821 4686 servabat,
854 4618 921 4673 de
948 4619 1201 4675 universo
1229 4622 1361 4677 orbe
1402 4623 1685 4676 sollicitus.
1733 4624 1789 4679 Si

181 4713 329 4765 enim
374 4710 529 4765 dives
572 4710 761 4766 fuisset
784 4753 800 4779 ,
852 4720 907 4767 et
931 4712 1114 4767 multis
1134 4715 1375 4783 pecuniis
1397 4714 1755 4771 circumfusus
1775 4759 1789 4785 ,

182 4805 395 4858 diceret
432 4801 664 4857 fortasse
703 4804 969 4879 quispiam
990 4845 1007 4872 ,
1038 4818 1162 4859 eum
1192 4819 1297 4859 non
1325 4804 1393 4860 de
1422 4806 1666 4877 reliquis,
1699 4809 1793 4863 sed

183 4897 249 4950 de
276 4896 459 4963 seipse
482 4896 700 4965 suisque
722 4899 883 4951 rebus
903 4898 1120 4952 anxium
1140 4898 1295 4953 ismm
1322 4893 1793 4972 interregationem

186 4988 525 5057 protulisse:
558 5003 699 5042 nunc
727 4997 905 5044 autem
950 5000 1239 5059 paupertas
1281 4990 1454 5061 ipsum
1495 4993 1689 5048 liberat
1730 4995 1798 5050 ab

188 5082 292 5136 hac
322 5082 1039 5153 suspicione,ostenditque
1076 5099 1200 5139 eum
1244 5084 1311 5139 de
1356 5085 1583 5141 aliorum
1628 5087 1799 5144 salute

188 5173 414 5227 anxium
438 5214 454 5239 ,
488 5173 902 5228 sollicitudinem
937 5174 1093 5229 istam
1122 5186 1170 5231 et
1201 5190 1385 5231 curam
1409 5178 1662 5248 gessisse,
1694 5190 1745 5235 et
1770 5197 1799 5235 a

193 5265 455 5335 magistro
472 5279 797 5335 cognoscere
820 5266 959 5320 viam
979 5268 1167 5322 salutis
1191 5268 1444 5324 voluisse.
1467 5270 1804 5340 Quapropter

192 5368 247 5412 et
271 5356 521 5412 Christus
547 5358 595 5410 ei
622 5356 867 5411 ﬁduciam
903 5357 1092 5413 indcns
1123 5360 1296 5427 dixit,
1328 5360 1457 5428 Qua:
1476 5362 1616 5429 apud
1643 5361 1805 5417 homi-

195 5465 283 5501 nes
321 5447 661 5515 impossibilia
707 5458 822 5499 sunt
848 5489 862 5510 ,
910 5464 968 5501 ea
1012 5448 1153 5519 apud
1194 5448 1357 5502 Deum
1385 5450 1645 5519 possibilia
1689 5463 1807 5506 sunt

198 5540 322 5609 (Ib.
361 5556 411 5594 υ.
458 5539 588 5607 27).
648 5539 716 5593 Et
763 5556 829 5594 ne
888 5550 1083 5609 putes,
1158 5543 1361 5611 inquit,
1414 5559 1508 5597 vos
1564 5545 1807 5601 desertos

198 5632 471 5702 relinqui,
505 5644 605 5701 ego
654 5632 706 5685 in
754 5630 855 5685 hoc
884 5633 1095 5701 negotio
1124 5633 1284 5687 etiam
1319 5650 1466 5689 meas
1494 5650 1682 5689 manus
1708 5637 1805 5691 ad-

200 5724 433 5777 movebo
458 5764 473 5787 ,
504 5732 555 5777 et
586 5721 753 5777 ardua
784 5722 953 5776 fat-ilia
984 5737 1034 5778 et
1063 5723 1309 5794 expedita
1342 5724 1549 5779 faciam.
1602 5727 1809 5782 Rursus

205 5816 267 5871 de
319 5814 665 5869 irati-inionio
711 5824 764 5869 et
811 5829 975 5869 uxore
1023 5814 1326 5886 disputante
1353 5815 1565 5871 Christo
1609 5835 1671 5874 ac
1718 5820 1802 5875 di-

1880 515 2050 564 cente
2072 549 2087 575 ,
2122 508 2186 565 Si
2208 510 2322 581 quis
2347 509 2631 581 repudiarit
2659 523 2871 563 umorem
2894 548 2908 572 ,
2958 513 3167 575 arrepta
3200 497 3496 574 [apricatio-

1886 599 1967 652 nis
1990 615 2165 664 caiisa,
2191 600 2317 670 facit
2338 616 2449 655 eam
2480 599 2722 655 nttecltari
2744 595 2962 669 (Matth.
2977 594 3032 650 5.
3048 592 3143 659 ‘52)
3165 611 3186 648 ,τ
3209 600 3264 647 et
3278 602 3497 645 onmem

1889 689 2147 744 malitiam
2195 691 2378 745 uxoris
2422 691 2701 747 ferendam
2742 703 2866 760 esse
2895 684 3257 750 admonente,
3299 690 3501 753 prtcter

1886 781 2091 836 crimen
2118 781 2505 849 fornicationis,
2542 784 2734 839 Petrus
2752 782 2876 836 aliis
2902 778 3152 834 omnibus
3165 774 3497 842 tacentibus,

1886 873 2159 928 Christum
2190 875 2519 944 alloquitur:
2547 875 2609 931 Si
2638 872 2918 929 istiusmodi
2941 870 3164 926 conditio
3186 877 3257 923 est
3275 864 3513 921 [taurinis

1874 979 2191 1031 cuntttxore,
2211 983 2314 1021 non
2332 965 2534 1037 expedit
2548 965 2930 1020 matrimonium
2958 962 3089 1016 inire
3118 958 3233 1030 (Id.
3266 956 3353 1013 i9.
3382 954 3519 1028 10)..

1960 1055 2147 1114 Petrus
2170 1058 2233 1113 de
2257 1060 2477 1114 aliorum
2497 1062 2664 1113 salute
2690 1058 2960 1114 sollicitus.
2987 1054 3195 1126 Acceptt'
3218 1062 3267 1108 et
3288 1051 3500 1131 expensi

1886 1146 2017 1202 ratio
2072 1147 2179 1204 Deo
2218 1150 2498 1203 reddenda.
2523 1180 2594 1191 --
2620 1150 2687 1204 Et
2706 1148 2803 1203 hic
2831 1161 3047 1218 quoque
3076 1142 3200 1199 vide
3226 1140 3502 1214 quomodo

1886 1240 2168 1297 decentem
2193 1244 2450 1313 magistro
2477 1243 2833 1317 reverentiam
2863 1238 3241 1309 conservavit,
3281 1242 3336 1290 et
3374 1234 3502 1288 reli-

1880 1347 2114 1402 quorum
2142 1332 2332 1388 salutis
2356 1350 2540 1389 curam
2563 1332 2761 1406 gessit,
2804 1346 2875 1385 ne
2913 1330 3034 1385 istic
3074 1327 3290 1398 quidem
3323 1325 3390 1380 de
3414 1340 3499 1378 re-

1888 1424 1989 1479 bus
2014 1427 2126 1481 suis
2153 1426 2436 1482 sollicitus.
2463 1424 2541 1481 Ne
2565 1436 2745 1479 autem
2776 1423 2863 1477 hic
2893 1418 3194 1477 istiusmodi
3222 1416 3497 1487 quidpiam

1886 1516 2067 1584 dicat,
2100 1518 2399 1585 anticipans
2434 1534 2531 1588 per
2560 1515 2908 1587 parabolant,
2946 1512 3064 1582 ejus
3109 1508 3496 1591 eontradiedos

1889 1624 2011 1664 nem
2030 1608 2336 1667 antevertit.
2366 1608 2479 1664 llac
2515 1607 2582 1664 de
2608 1621 2767 1663 musa
2790 1604 3119 1675 evangelista
3151 1600 3323 1666 dixit,
3371 1597 3499 1651 Ideo

1886 1700 2226 1756 assimilatum
2250 1711 2322 1755 est
2348 1718 2556 1771 regnum
2584 1701 2829 1753 cwlorum
2852 1696 3045 1751 homini
3075 1694 3202 1765 regi,
3233 1693 3319 1763 qui
3346 1689 3500 1745 voluit

1886 1810 2072 1865 ponere
2096 1796 2345 1848 rationem
2373 1810 2497 1847 eum
2535 1793 2689 1847 sciatis
2712 1792 2818 1845 suis
2844 1805 2864 1845 :
2894 1786 3192 1844 ostendens
3209 1828 3223 1849 ,
3272 1798 3333 1839 se
3377 1782 3499 1837 ideo

1890 1887 2199 1958 paraboiam
2224 1886 2365 1941 hanc
2395 1887 2575 1941 dicere
2595 1928 2610 1951 ,
2657 1893 2715 1939 ut
2739 1883 2919 1939 discas
2943 1891 3030 1947 te,
3064 1879 3165 1934 etsi
3191 1874 3500 1946 septuagies

1886 1980 2087 2049 septies
2117 1980 2170 2033 in
2196 1980 2285 2034 die
2306 1977 2464 2034 fratri
2496 1987 2713 2049 peccata
2739 1972 3054 2039 remiseris,
3089 1969 3219 2025 nihil
3251 1965 3501 2039 magnifi-

1886 2089 2008 2129 cum
2036 2073 2257 2142 fecisse,
2304 2074 2400 2129 sed
2432 2073 2658 2127 multum
2701 2069 2878 2125 adhuc
2902 2076 2959 2123 et
2983 2067 3307 2121 immensum
3337 2078 3364 2115 a
3398 2061 3500 2115 Do-

1889 2166 2020 2219 mini
2040 2167 2335 2221 clementia
2361 2166 2577 2233 abesse,
2610 2179 2673 2219 ac
2694 2178 2801 2218 non
2832 2168 3039 2216 tantum
3066 2155 3308 2221 dedisse,
3331 2168 3500 2225 quan-

1884 2264 1997 2311 tum
2026 2257 2323 2326 receperis?
3411 2259 3413 2262 i

1958 2348 2013 2401 ι.
2038 2346 2333 2402 Audiamus
2355 2346 2520 2417 igitur
2549 2342 2860 2416 parabolam
2880 2382 2894 2407 ,
2928 2355 3050 2411 qua:
3094 2335 3307 2392 tametsi
3352 2334 3499 2390 clara

1886 2439 2148 2503 videatur,
2165 2436 2333 2493 habet
2357 2450 2533 2492 tamen
2562 2434 2834 2491 occultum
2861 2428 3146 2502 quemdam
3174 2436 3230 2481 ct
3256 2423 3503 2481 incl'falti-
3550 2470 3556 2475 .

1887 2526 1989 2585 Iet'n
2018 2528 2407 2584 sententiarum
2449 2526 2782 2582 thesaurum.
2809 2520 3158 2577 Assimilatum
3190 2525 3261 2571 cst
3288 2530 3500 2586 regnum

1886 2627 2133 2675 enatorum
2162 2620 2357 2674 honuni
2386 2618 2494 2691 regi
2512 2660 2529 2685 ,
2574 2618 2665 2689 qui
2710 2616 2871 2670 soluit
2899 2614 3146 2670 rationem
3175 2624 3361 2680 ponere
3380 2622 3501 2660 cum
3582 2662 3585 2663 ν

1884 2713 2040 2767 servis
2063 2713 2187 2766 suis.
2230 2710 2308 2766 Ne
2333 2710 2465 2766 mihi
2503 2717 2885 2779 pnetcrcurras
2910 2702 3229 2773 simpliciter
3270 2699 3370 2753 has
3405 2714 3501 2752 vo—

1877 2814 1995 2870 ces,
2027 2803 2124 2859 sed
2146 2802 2332 2859 evolve
2361 2810 2417 2857 ct
2442 2801 2652 2870 explica
2681 2806 2928 2853 naturam
2949 2794 3067 2869 ejus
3091 2790 3299 2867 iudicii.
3325 2799 3502 2846 tuam-

1884 2910 1990 2965 que
2015 2894 2397 2949 conscientiam
2440 2892 2749 2962 ingressus,
2793 2896 3048 2959 computa
3092 2882 3350 2957 quidquid
3389 2898 3419 2937 a
3448 2890 3502 2936 to

1885 2983 2084 3039 factum
2117 2993 2200 3040 est
2226 2999 2321 3055 per
2355 2998 2571 3038 omnem
2599 2982 2799 3049 vitam,
2844 2988 2892 3036 et
2918 2994 3040 3034 cum
3067 2976 3302 3032 audieris
3329 2973 3497 3029 ratio.

1883 3093 2009 3132 nem
2037 3076 2315 3131 dominum
2345 3075 2595 3130 conferre
2621 3089 2743 3130 cum
2768 3073 2941 3128 servis
2964 3072 3101 3137 suis,
3130 3069 3307 3139 cogita
3331 3067 3383 3121 in
3413 3065 3501 3120 his

1886 3167 2064 3223 verbis
2106 3181 2262 3237 reges
2302 3174 2358 3221 et
2387 3165 2591 3233 duces,
2630 3172 2686 3219 et
2729 3162 2984 3234 praesides
3011 3200 3026 3225 ,
3082 3170 3138 3215 et
3174 3158 3403 3223 divites,
3442 3162 3502 3211 et

1883 3273 2187 3330 pauperes,
2218 3266 2274 3313 et
2302 3272 2489 3313 servos
2510 3298 2525 3323 ,
2557 3264 2613 3311 et
2642 3255 2841 3311 liberos
2861 3294 2876 3321 ,
2920 3260 2974 3307 et
3003 3248 3259 3321 quidquid
3285 3258 3369 3303 est
3399 3248 3500 3303 ho-

1887 3354 2093 3406 mitium
2112 3391 2127 3416 ,
2176 3350 2395 3421 intelligi
2422 3368 2435 3405 :
2469 3348 2658 3403 Omnes
2682 3348 2815 3402 enim
2843 3362 2934 3401 nos
2959 3343 3278 3414 ntanifestari
3303 3349 3502 3411 oportet

1884 3452 2007 3494 ante
2033 3439 2256 3493 tribunal
2280 3440 2472 3494 Christi
2498 3438 2586 3513 (2.
2611 3437 2733 3494 Cor.
2763 3438 2819 3494 5.
2841 3438 2959 3510 i0).
2985 3435 3137 3504 Quod
3164 3436 3208 3489 si
3230 3430 3500 3497 divcssis,

1887 3532 2061 3602 cogita
2088 3530 2228 3601 quod
2250 3532 2515 3585 rationem
2543 3529 2697 3584 dabis
2717 3570 2733 3594 ,
2761 3540 2941 3582 utrum
2976 3527 3032 3581 in
3058 3526 3402 3588 meretrices,
3431 3536 3500 3577 an

1888 3626 1943 3679 in
1966 3640 2261 3694 pauperes,
2297 3625 2549 3695 pecunias
2579 3622 2934 3692 insumpseris
2964 3639 2976 3675 :
3003 3629 3181 3675 utrum
3212 3620 3264 3673 in
3295 3616 3502 3688 parasi-

1892 3724 1975 3769 tos
2000 3724 2055 3769 et
2078 3723 2481 3782 assentatores,
2529 3730 2596 3768 an
2630 3713 2685 3768 in
2714 3722 2934 3783 egentes
2964 3730 2979 3767 :
3014 3719 3190 3765 utrum
3224 3710 3275 3763 iu
3319 3706 3502 3764 libidi-

1891 3822 2015 3861 nem
2038 3848 2053 3873 ,
2084 3822 2151 3861 an
2181 3806 2234 3861 in
2265 3806 2655 3861 humanitatem
2680 3822 2694 3859 :
2728 3813 2909 3859 utrum
2938 3801 2993 3857 in
3023 3794 3276 3861 delicias,
3316 3797 3501 3868 prodi—

1890 3898 2165 3967 galitatem
2187 3940 2202 3963 ,
2235 3896 2553 3952 ebrietatem
2574 3937 2591 3963 ,
2629 3912 2698 3950 an
2729 3896 2783 3950 in
2814 3894 3133 3949 afﬂictorum
3174 3888 3501 3947 subsidium.

1890 3988 2008 4042 Non
2059 3988 2127 4042 de
2166 3990 2418 4058 expensis
2465 3985 2843 4050 solummodo,
2883 3982 2980 4039 sed
3027 3982 3107 4055 de
3134 3979 3505 4053 acquisitionis

1894 4079 2056 4133 modo
2082 4079 2347 4133 rationem
2378 4075 2741 4148 postulabcris
2771 4076 2993 4130 :Iutrum
3017 4073 3181 4144 justis
3205 4070 3505 4137 laboribus,

1894 4184 1961 4222 an
1997 4170 2195 4239 rapinis
2220 4177 2275 4222 et
2305 4169 2529 4223 avaritia
2554 4167 2833 4238 pecuniam
2878 4164 3162 4236 collegeris
3188 4181 3202 4217 :
3230 4172 3407 4217 utrum
3436 4162 3509 4217 sit

1896 4261 2202 4331 patrimonii
2230 4259 2521 4325 hereditas,
2548 4274 2616 4313 an
2642 4259 2694 4313 id
2721 4266 2966 4312 coactum
2989 4256 3061 4312 sit
3084 4270 3151 4311 ex
3183 4252 3507 4324 pupillorum

1896 4353 2101 4407 eversis
2137 4351 2409 4415 domibus,
2434 4361 2488 4406 et
2529 4347 2939 4419 spoliationibus
2976 4346 3281 4402 viduarum.
3308 4342 3512 4410 Quem-

1898 4446 2187 4501 admodum
2230 4459 2331 4499 nos
2365 4458 2472 4497 non
2523 4443 2697 4498 solum
2738 4456 2770 4496 a
2815 4440 2987 4496 servis
3017 4440 3217 4494 nostris
3243 4437 3509 4493 rationem

1899 4536 2053 4591 elatae
2084 4535 2325 4604 pecunia:
2346 4576 2361 4601 ,
2405 4532 2500 4589 sed
2530 4534 2693 4588 etiam
2725 4532 2891 4587 illata:
2923 4531 3301 4602 esposeimus,
3344 4542 3509 4582 excu-

1901 4631 2097 4685 tirntes
2143 4628 2284 4684 unde
2324 4625 2611 4698 pecunias,
2666 4641 2693 4679 a
2734 4626 2967 4697 quibus,
3017 4632 3071 4679 et
3108 4620 3415 4694 quomodo,
3456 4628 3513 4675 et

1900 4732 2126 4794 quantas
2155 4722 2462 4792 acceperint
2491 4738 2505 4775 :
2539 4721 2610 4774 ita
2652 4729 2707 4775 et
2734 4720 2876 4773 Deus
2906 4733 3011 4773 non
3043 4716 3216 4772 solum
3249 4714 3511 4795 expensi,

1901 4815 1996 4870 sed
2026 4816 2185 4869 etiam
2218 4814 2421 4882 accepti
2472 4820 2528 4867 et
2566 4810 2811 4879 acquisiti
2855 4809 3090 4864 rationes
3112 4807 3366 4878 postulat.
3395 4803 3513 4860 Non

1903 4908 2076 4962 solum
2106 4922 2232 4960 vero
2260 4904 2445 4971 dives,
2491 4903 2584 4959 sed
2615 4914 2668 4958 et
2711 4918 2915 4974 pauper
2948 4901 3186 4957 rationes
3224 4900 3308 4955 vel
3348 4900 3518 4970 ipsius

1906 4999 2235 5069 paupertatis
2276 4998 2421 5052 subit
2454 5016 2466 5051 :
2498 5013 2564 5050 an
2592 5010 2858 5067 generoso
2888 5003 2944 5050 et
2966 5003 3120 5066 grato
3159 4992 3340 5047 animo
3378 5006 3516 5063 pau-

1910 5100 2171 5161 pertatem
2196 5090 2375 5144 tulerit
2400 5131 2414 5156 ,
2450 5106 2518 5142 an
2566 5105 2669 5143 non
2702 5103 2843 5157 mgre
2877 5086 3091 5150 tulerit,
3138 5099 3204 5138 an
3234 5098 3340 5138 non
3374 5083 3518 5138 indi-

1909 5194 2103 5257 gnatus
2131 5185 2323 5252 fuerit,
2354 5200 2421 5238 an
2464 5199 2571 5238 non
2600 5180 2921 5237 incusaverit
2953 5179 3043 5234 Dei
3083 5177 3479 5249 providentiam
3506 5218 3521 5242 ,
3544 5213 3579 5242 ρ,

1911 5296 2031 5334 cum
2060 5280 2269 5333 videret
2315 5279 2477 5332 alium
2520 5276 2574 5329 in
2617 5273 2981 5344 voluptatibus
3027 5270 3370 5326 deliciantem
3397 5311 3413 5333 ,
3461 5285 3521 5323 se

1912 5375 2132 5428 autem‘
2178 5373 2229 5427 in
2279 5380 2517 5441 egestate
2553 5370 2779 5425 versari.
2814 5368 2883 5424 Ut
2908 5366 3051 5421 enim
3090 5382 3119 5418 a
3166 5366 3331 5419 divite
3377 5363 3524 5417 elec-

1915 5480 2175 5537 mosynae,
2210 5465 2281 5518 ita
2317 5480 2345 5516 a
2381 5478 2619 5533 paupere
2669 5461 2970 5516 tolerantia:
3014 5458 3307 5527 requiritur
3338 5454 3475 5510 ratio
3504 5470 3520 5507 :

1916 5558 2024 5611 imo
2054 5572 2159 5610 non
2188 5556 2357 5610 solum
2389 5555 2685 5609 tolerantiae
2709 5594 2724 5620 ,
2752 5552 2845 5607 sed
2875 5551 3033 5605 etiam
3082 5549 3248 5619 ipsius
3288 5547 3527 5602 eleemo-

1918 5666 2065 5722 synte
2097 5670 2108 5701 :
2144 5666 2248 5704 non
2279 5649 2421 5704 enim
2449 5647 2608 5703 habet
2638 5647 3077 5717 impedimentum
3121 5633 3190 5696 ad
3219 5643 3524 5711 eleemosy-

1984 5768 1999 5797 ί
2040 5773 2180 5828 Reg,
2200 5762 2509 5815 deiicientem
2542 5777 2627 5813 nec
2660 5771 2816 5813 tamen
2861 5760 3051 5813 dititius
3075 5758 3453 5818 inminuentem,
3476 5776 3529 5815 se

1922 5834 2095 5879 autem.
