4218 6294
707 328 779 384 23
1463 338 1519 395 s.
1554 336 1834 395 tostvuts
1871 337 2342 396 ettarsosrom
2381 335 2697 394 Aacutsp.
2735 334 3278 392 CONSTANTINOP.
3927 327 3998 383 ιι

708 466 829 510 nam
856 457 1160 521 paupertas.
1186 448 1379 526 .Testis
1408 458 1489 504 est
1515 450 1672 510 vidua
1705 465 1824 529 quae
1869 450 1977 505 duo
2007 449 2209 505 minuta
2236 450 2288 503 in

710 543 1141 621 gazophylacium
1165 541 1358 610 deiecit
1380 583 1394 605 ,
1429 551 1481 597 et
1509 559 1604 602 eos
1629 545 1715 614 qui
1746 543 1970 615 plurima
1995 542 2291 608 dederant,

715 646 906 703 magno
938 630 1213 688 intervallo
1240 635 1541 703 superavit,
1572 633 1730 704 ldque
1774 646 1880 690 tam
1921 636 2120 690 minuta
2144 636 2293 690 obla-

707 726 940 780 tiuneula
969 723 1174 795 (Marc.
1201 723 1286 778 12.
1317 725 1386 780 42
1406 727 1444 794 ).
1472 726 1590 782 Non
1629 728 1802 781 solum
1829 737 2005 782 autem
2033 727 2222 781 divites
2244 734 2299 780 et

707 828 974 885 pauperes
995 857 1008 877 ,
1039 815 1130 868 sed
1162 815 1417 884 prmsides
1438 816 1712 887 ctjudices
1736 832 1855 872 cum
1882 818 2045 871 multa
2069 817 2295 887 diligen-

710 911 777 963 tia
808 909 1181 963 examinantur
1207 926 1271 963 an
1304 924 1410 964 non
1443 911 1535 978 jus
1563 912 1937 979 corruperint,
1985 926 2051 964 an
2081 923 2185 963 non
2229 907 2296 962 ad

704 1001 928 1069 gratiam
962 1001 1042 1052 vel
1080 1000 1258 1053 odium
1290 1000 1527 1054 calculos
1548 1003 1599 1054 in
1627 997 1812 1055 litibus
1839 995 2293 1070 deprOmpserint,

706 1103 773 1143 an
818 1105 921 1142 non
976 1091 1162 1144 molliti
1203 1089 1551 1156 adulatione,
1613 1099 1800 1145 contra
1848 1105 2008 1159 quam
2060 1104 2155 1160 par
2183 1096 2299 1144 erat

707 1181 1028 1234 sententiam
1057 1180 1322 1244 dederint,
1352 1197 1417 1234 an
1444 1197 1546 1235 non
1572 1195 1838 1236 memores
1858 1180 2178 1235 offensarum
2206 1194 2300 1236 eos

711 1273 1014 1325 vt-xaveriut
1039 1313 1050 1334 ,
1086 1273 1175 1340 qui
1202 1272 1331 1325 nihil
1361 1281 1670 1341 pcccarant.

786 1362 911 1426 Qua:
946 1363 1074 1413 ratio
1107 1362 1363 1414 reddenda
1403 1374 1470 1416 est
1508 1363 1852 1417 ecclesiasticis
1882 1363 2200 1432 prazsulibus.
2229 1391 2301 1402 --

707 1448 821 1505 Non
857 1454 1029 1506 solum
1059 1463 1238 1507 autem
1282 1454 1564 1508 Saeculares
1609 1456 1949 1524 magistratus
1974 1497 1988 1520 ,
2029 1456 2122 1510 sed
2149 1464 2203 1510 et
2227 1455 2300 1509 illi

706 1543 794 1611 qui
829 1544 1078 1597 Ecclesiis
1112 1555 1375 1612 pnes-unt,
1427 1560 1536 1600 suae
1584 1546 1914 1616 prmfectura:
1937 1548 2172 1603 rationes
2208 1546 2302 1602 da-

706 1633 836 1688 bunt
862 1675 875 1697 ,
908 1644 960 1687 et
987 1637 1255 1704 pl‘LIBClpue
1288 1636 1376 1689 isti
1405 1645 1526 1690 sunt
1548 1680 1561 1702 ,
1606 1637 1696 1709 qui
1736 1640 1966 1708 majores
1989 1682 2004 1706 ,
2056 1639 2301 1695 acerbio-

709 1744 800 1781 res
829 1769 843 1791 ,
877 1737 929 1780 et
951 1730 1228 1796 graviores
1261 1743 1445 1797 pinnas
1473 1732 1833 1785 sustinebunt.
1864 1732 1957 1785 Cui
1988 1732 2129 1785 enim
2154 1732 2300 1786 verbi

708 1817 1100 1870 administratio
1126 1820 1409 1872 commissa
1443 1829 1560 1883 est,
1613 1821 1895 1890 diligenter
1925 1807 1994 1876 ibi
2024 1823 2300 1876 examina-

707 1908 870 1972 bitur,
901 1924 966 1961 au
1017 1926 1119 1961 non
1169 1911 1412 1979 segnitie,
1450 1919 1533 1964 aut
1582 1912 1777 1966 invidia
1825 1913 2022 1982 aliquid
2062 1914 2304 1969 omiserit

707 2013 896 2052 eorum
923 2039 936 2063 ,
972 2016 1088 2067 qum
1117 1998 1338 2053 dicenda
1363 2011 1545 2064 erant,
1573 2009 1628 2054 et
1659 2017 1751 2069 per
1791 2017 1950 2071 opera
1976 2003 2299 2068 exhibuerit,

709 2104 776 2140 an
809 2090 984 2142 omnia
1017 2091 1356 2157 cxplieuerit,
1390 2091 1628 2160 nihilque
1649 2094 1716 2146 ab
1745 2094 1834 2147 illo
1862 2093 2181 2148 occultatum
2209 2096 2297 2161 sit,

708 2180 849 2248 quod
882 2181 1023 2233 dictu
1051 2196 1230 2250 Opera:
1264 2183 1488 2250 pretium
1516 2192 1648 2235 erat.
1684 2183 1888 2238 Rursus
1915 2184 2002 2253 qui
2027 2185 2301 2254 episcopa-

708 2279 818 2324 tum
848 2272 1069 2340 adeptus
1097 2281 1197 2334 est,
1229 2283 1428 2339 quanto
1453 2272 1515 2326 ad
1547 2272 1804 2342 majorem
1833 2275 2085 2327 verticem
2115 2289 2303 2330 ascen-

711 2359 828 2428 dit,
875 2371 1023 2415 tanto
1063 2363 1353 2432 majoribus
1392 2364 1652 2418 obnoxius
1683 2367 1783 2418 erit
1813 2366 2107 2421 ratiOuibus
2131 2407 2145 2429 ,
2196 2381 2299 2422 non

710 2451 885 2506 solum
913 2453 978 2505 de
1009 2454 1250 2506 doctrina
1281 2465 1331 2505 et
1361 2469 1651 2523 pauperum
1683 2458 1998 2524 patrocinio,
2027 2456 2119 2511 sed
2142 2455 2301 2510 etiam

712 2545 778 2598 de
824 2547 1218 2597 examinatione
1259 2544 1674 2599 ordinandorum
1701 2587 1716 2610 ,
1763 2549 1984 2615 aliisque
2014 2548 2298 2601 sexcentis.

712 2632 779 2688 Et
825 2635 938 2687 haec
986 2635 1266 2690 declarans
1311 2636 1509 2688 Paulus
1556 2635 1620 2689 ad
1667 2637 2005 2690 Timotheum
2045 2637 2299 2705 scripsit:

715 2725 903 2779 Manus
936 2728 1033 2779 cito
1062 2729 1248 2780 nemini
1277 2728 1607 2797 imposueris,
1653 2745 1807 2797 neque
1835 2729 2167 2783 communices
2190 2745 2304 2795 pec-

706 2818 838 2870 catis
878 2818 1055 2870 alienis
1087 2819 1134 2887 (l
1174 2817 1304 2872 Tim.
1340 2819 1390 2870 Si.
1418 2818 1524 2887 9:2)
1555 2837 1566 2871 :
1597 2830 1650 2873 et
1680 2820 1742 2873 ad
1784 2819 2037 2875 Hebraeos
2065 2821 2303 2877 scribens

710 2907 779 2963 de
807 2909 990 2963 iisdem
1034 2909 1319 2980 pra-fertis,
1353 2910 1451 2963 alia
1486 2912 1690 2965 ratione
1735 2912 2020 2968 terrefaeit.
2059 2912 2300 2977 Obedite,

709 3000 914 3067 inquit,
965 3001 1250 3068 praepositis
1287 3003 1461 3054 vestris
1481 3042 1494 3066 ,
1529 3011 1573 3053 et
1605 3002 1855 3072 subjaccte
1896 3006 1965 3055 eis
1997 3019 2014 3055 :
2044 3004 2142 3072 ipsi
2171 3004 2304 3056 enim

703 3093 915 3161 vigilant
956 3109 1108 3161 super
1148 3094 1410 3147 animabus
1468 3098 1640 3148 vestris
1669 3136 1684 3161 ,
1737 3105 1792 3148 ut
1840 3096 2083 3149 rationem
2134 3097 2305 3149 daturi

710 3184 904 3250 (Hebr.
938 3186 1019 3238 1³5.
1057 3188 1116 3238 17
1139 3188 1174 3254 ).
1207 3185 1338 3238 Tum
1360 3202 1484 3239 vero
1509 3201 1611 3239 non
1636 3188 2108 3253 factorumsolum,
2129 3189 2220 3242 scd
2249 3199 2303 3243 et

718 3276 1002 3329 verborum
1034 3277 1265 3330 rationes
1293 3277 1608 3330 subibimus.
1654 3279 2113 3343 Quemadmodum
2159 3281 2299 3334 enim

707 3381 807 3420 nos
829 3382 947 3420 cum
991 3373 1242 3435 pecunias
1292 3369 1461 3421 servis
1491 3369 1863 3423 conercdimus
1887 3413 1900 3433 ,
1945 3370 2180 3423 omnium
2213 3389 2300 3425 re-

708 3456 976 3524 poscimus
1008 3457 1240 3511 rationes
1265 3499 1278 3521 ,
1316 3460 1381 3510 ita
1415 3475 1625 3528 quoque
1673 3460 1812 3513 Deus
1840 3462 1906 3514 de
1945 3463 2120 3516 verbis
2150 3464 2302 3517 nobis

705 3547 1032 3600 concredilis
1067 3549 1299 3616 requiret
1325 3551 1594 3618 quomodo
1625 3552 1710 3604 illa
1738 3553 2171 3620 expenderimus.
2200 3555 2302 3610 Re-

708 3637 979 3703 poscimur
1015 3639 1157 3691 enim
1206 3648 1258 3691 et
1302 3640 1668 3694 examinantur
1701 3657 1952 3710 perquam
1996 3629 2295 3712 diligenter,

705 3742 832 3779 num
881 3734 1114 3791 temere,
1172 3745 1294 3781 num
1325 3729 1515 3793 frustra
1545 3747 1604 3784 ea
1651 3733 2089 3800 insumpserimns
2133 3753 2144 3786 :
2193 3753 2296 3789 non

701 3819 844 3871 enim
876 3835 1122 3874 nummus
1152 3831 1350 3876 temere
1378 3825 1649 3891 expositus
1682 3826 1919 3878 ll.'t-'l:X‘tlil
1946 3837 1997 3878 ttt
2027 3829 2182 3878 verba
2219 3839 2295 3881 te-

705 3923 851 3962 mere
895 3919 947 3962 et
989 3912 1182 3964 frustra
1211 3913 1345 3966 elata
1369 3952 1383 3975 ,
1415 3929 1534 3966 cum
1561 3914 1685 3966 nihil
1715 3930 1845 3982 opus
1878 3924 2008 3968 erat.
2039 3916 2297 3970 Nummus

703 4001 847 4054 enim
877 4001 1065 4054 frustra
1103 4006 1396 4072 insumptus
1427 4007 1665 4073 pecunia:
1709 4006 1995 4073 aliquando
2042 4006 2294 4060 damnum

703 4091 875 4154 affert,
909 4109 1084 4145 sermo
1117 4105 1290 4146 autem
1335 4096 1699 4160 imprudenter
1725 4096 2032 4149 enuntiatus
2063 4097 2296 4168 integras

701 4179 890 4235 domos
919 4182 1148 4247 evertit,
1197 4192 1250 4235 et
1292 4184 1522 4236 animam
1558 4187 1729 4252 perdit
1759 4206 1770 4237 :
1806 4189 2148 4254 pecuniarum
2180 4195 2295 4260 qui-

700 4272 822 4326 dem
854 4273 1103 4327 damnum
1134 4276 1387 4328 resarcire
1414 4277 1556 4341 licet,
1591 4278 1808 4332 verbum
1834 4296 1961 4333 vero
1986 4283 2128 4350 quod
2155 4283 2294 4336 exsi-

697 4362 835 4416 lierit
866 4365 1060 4428 semel,
1096 4381 1343 4419 revocare
1376 4385 1477 4419 non
1511 4367 1647 4420 licet.

783 4454 1054 4507 Verborum
1081 4458 1227 4506 etiam
1251 4459 1432 4508 litanda
1470 4475 1634 4525 pa’na.
1666 4459 1811 4512 Ratio
1835 4462 2037 4515 delendi
2061 4473 2287 4532 peccata.

700 4545 1032 4614 Intpulantur
1067 4547 1134 4598 ad
1186 4550 1374 4599 veniam
1419 4560 1740 4618 peccatorum
1772 4552 1989 4605 actiones
2020 4554 2182 4607 boum.
2220 4583 2289 4594 --

696 4637 960 4689 Caeterum
1012 4647 1064 4689 ut
1114 4639 1287 4692 discas
1324 4642 1605 4692 verborum
1652 4658 1833 4709 ptruas
1875 4643 2096 4696 luiturus
2131 4661 2283 4710 esse,

695 4727 818 4779 audi
863 4727 986 4794 quid
1033 4726 1274 4781 Christus
1304 4728 1445 4783 dicat
1477 4746 1489 4780 :
1521 4729 1648 4783 Dico
1686 4743 1851 4784 autem
1893 4735 2046 4800 t'obis,
2074 4737 2289 4805 qnodtle

694 4814 835 4867 armti
860 4817 1005 4869 verbo
1031 4819 1211 4884 otioso,
1240 4821 1583 4884 quodcumth
1611 4821 1805 4894 loquuti
1839 4826 2022 4891 fuerint
2058 4828 2285 4882 homines

692 4907 746 4959 in
775 4915 925 4971 terra,
954 4909 1161 4962 reddent
1188 4914 1430 4965 rationem
1453 4914 1514 4966 de
1533 4930 1588 4966 eo
1617 4916 1665 4966 in
1695 4916 1774 4966 die
1790 4916 1974 4984 jndicii
1997 4933 2015 4970 :
2041 4936 2101 4972 ea:
2125 4921 2282 4973 verbis

689 5001 825 5053 enim
852 5002 949 5055 tuis
987 5003 1350 5071 justi/icuberis
1370 5045 1384 5070 ,
1429 5017 1474 5058 et
1509 5023 1569 5061 ex
1598 5008 1757 5061 verbis
1788 5010 1886 5062 tuis
1915 5014 2279 5065 condemnabe-

689 5093 759 5145 ris
788 5093 1012 5161 (Matth.
1042 5094 1125 5147 12.
1163 5096 1249 5149 56.
1279 5097 1344 5149 57
1367 5098 1408 5167 ).
1456 5096 1570 5151 Non
1601 5101 1772 5151 solum
1806 5109 1976 5152 autem
2014 5102 2277 5155 dictorum

689 5183 949 5236 rationem
979 5183 1281 5251 reddemus,
1308 5188 1398 5240 sed
1431 5201 1482 5242 et
1513 5190 1814 5243 auditorum
1844 5207 2052 5259 quoque
2079 5211 2091 5256 ;
2116 5192 2276 5247 veluti

687 5273 732 5327 si
764 5273 1043 5329 admiseris
1077 5275 1260 5330 falsam
1286 5280 1709 5335 criminationem
1733 5293 1916 5346 contra
1943 5283 2154 5338 fratrem
2186 5300 2276 5338 ca-

687 5365 950 5422 lutnnio~e
995 5369 1114 5423 iusti
1145 5381 1283 5424 utam
1321 5389 1333 5424 :
1370 5373 1684 5427 Auditionem
1734 5377 1875 5429 enim
1930 5393 2141 5443 vanam,
2198 5378 2276 5431 iu-

685 5458 797 5525 quit
843 5455 1132 5528 Scriptura.
1180 5478 1244 5515 ne
1291 5464 1535 5531 receperis
1564 5465 1582 5536 (
1608 5465 1772 5517 Exod.
1803 5466 1892 5520 25.
1928 5469 1946 5518 -l
2048 5468 2197 5533 Quod
2229 5468 2273 5521 si

687 5549 784 5611 illi,
815 5550 902 5618 qui
931 5553 1192 5619 recipiunt
1224 5570 1408 5625 vanam
1439 5559 1788 5623 auditiOuem,
1816 5561 2024 5613 veniam
2054 5576 2154 5614 non
2181 5561 2272 5616 ha-

684 5642 829 5707 bent,
861 5647 947 5710 qui
979 5647 1369 5725 αριιηιμίτιηῑυῐ·
1399 5660 1448 5704 et
1478 5652 1848 5721 criminantur,
1871 5669 2150 5723 quamnam
2179 5655 2272 5710 ha-

685 5735 879 5792 bebunt
913 5741 1339 5799 excusationem?

2475 448 2528 502 5.
2573 450 2636 502 At
2666 447 2790 518 quid
2821 447 2940 502 dico
2966 447 3033 501 de
3063 446 3238 502 verbis
3269 453 3324 500 et
3349 442 3530 498 auditu
3555 483 3569 506 .
3600 441 3687 498 ubi
3719 441 3876 498 etiam
3905 458 4002 498 eo.

2401 540 2714 610 gitatiouum
2742 555 2928 610 poenas
2955 537 3321 594 sustinemus?
3349 538 3413 592 Et
3452 536 3556 591 hoc
3589 535 3760 605 ipsum
3801 535 4002 591 Paulus

2403 631 2699 694 declarans,
2717 629 2849 684 dixit
2880 649 2893 684 :
2927 629 3261 696 Quamobrem
3285 645 3345 681 ne
3374 637 3489 681 ante
3516 638 3711 693 tempus
3731 627 3999 693 jutt‘icetis,

2403 722 2563 775 donec
2590 723 2751 774 veniat
2782 721 3028 774 Dominus
3055 723 3139 791 qui
3181 718 3485 774 illuminabit
3521 718 3717 772 occulta
3762 720 4001 772 tenebra-

2403 831 2537 878 rum,
2563 809 2619 866 ‘et
2641 815 2981 883 manifestabit
3022 813 3235 867 consilia
3278 812 3503 864 cordium
3531 811 3625 882 (1.
3658 810 3777 864 Cor.
3808 810 3860 863 ι.
3895 811 3930 864 5
3958 812 4000 875 ).

2406 902 2496 957 Ille
2533 918 2744 973 quoque
2770 905 3094 974 psalmorum
3135 913 3320 956 cantor
3349 901 3454 961 ait,
3494 898 3741 970 Cogitatio
3778 899 4005 953 hominis

2404 995 2723 1062 confitebitur
2749 996 2836 1048 tibi
2863 997 2878 1064 (
2903 993 3050 1048 Psal.
3075 995 3162 1049 75.
3196 995 3250 1048 11
3280 993 3320 1063 ).
3349 992 3484 1059 Quid
3506 1001 3684 1044 autem
3715 990 3840 1044 illud
3871 999 3960 1044 est
3986 1030 4001 1053 ,

2404 1084 2654 1154 Cagitatio
2693 1088 2908 1140 hominis
2937 1085 3254 1155 conﬁtebitur
3284 1085 3371 1136 tibi
3393 1085 3419 1137 .9
3452 1082 3622 1136 Veluti
3653 1082 3697 1135 si
3722 1096 3842 1134 eum
3872 1080 4006 1134 dolo

2404 1187 2456 1232 et
2477 1178 2612 1231 mala
2641 1189 2819 1233 mente
2849 1177 3068 1232 fratrem
3097 1177 3383 1246 alloquaris
3411 1193 3422 1226 :
3448 1174 3490 1227 si
3513 1187 3607 1226 ore
3638 1172 3786 1225 illum
3817 1181 3870 1225 et
3896 1172 4008 1224 lin-

2403 1286 2504 1334 gua
2534 1272 2803 1336 celebres,
2832 1279 3008 1326 mente
3035 1280 3212 1324 autem
3243 1268 3380 1322 mala
3411 1267 3612 1336 cogites
3632 1304 3645 1329 ,
3673 1263 3830 1334 eique
3855 1263 4003 1318 invi-

2404 1362 2552 1417 dcas.
2582 1361 2714 1416 illud
2735 1363 2877 1416 enim
2903 1363 3075 1431 ipsum
3095 1360 3340 1415 Christus
3365 1356 3707 1412 subindicaus
3725 1399 3740 1422 ,
3771 1369 3869 1410 nos
3891 1370 4006 1411 non

2406 1453 2578 1507 solum
2620 1452 2877 1507 factorum
2905 1493 2921 1518 ,
2967 1451 3058 1507 sed
3099 1460 3154 1506 et
3190 1450 3570 1520 cogitationum
3602 1463 3816 1518 pcenam
3849 1446 4002 1501 luere

2405 1544 2539 1598 dixit
2562 1562 2574 1600 :
2605 1545 2704 1608 Qui
2723 1546 2994 1614 inapexerit
3023 1545 3280 1598 mulierem
3302 1544 3369 1595 ad
3387 1542 3840 1610 concupiscendum
3863 1557 4003 1604 eam,

2398 1636 2512 1706 jam
2540 1636 2812 1690 moechatus
2837 1646 2910 1688 est
2932 1653 3042 1688 eam
3063 1636 3115 1688 in
3136 1638 3288 1689 corde
3308 1651 3400 1688 suo
3426 1634 3441 1703 (
3466 1632 3655 1686 Matth.
3687 1633 3739 1687 5.
3764 1631 3884 1702 ΞΒ).
3907 1634 4008 1685 At-

2407 1726 2493 1794 qui
2522 1741 2626 1779 uoo
2658 1725 2830 1794 erupit
2857 1726 2908 1779 in
2936 1741 3072 1811 opus
3099 1726 3271 1794 ipsum
3301 1735 3597 1794 peccatum,
3622 1723 3715 1783 sed
3745 1724 4010 1777 hactenus

2408 1818 2461 1870 in
2485 1816 2599 1871 solo
2618 1818 2797 1871 animo
2817 1819 3062 1884 consistit
3091 1835 3104 1872 :
3131 1833 3310 1872 verum
3341 1832 3409 1871 ne
3433 1817 3502 1870 ita
3524 1817 3737 1886 quidem
3763 1817 4011 1886 inculpa-

2409 1916 2489 1961 tus
2521 1922 2734 1962 manere
2760 1917 2953 1977 potest,
2983 1909 3072 1979 qui
3104 1908 3222 1962 ideo
3249 1908 3642 1977 contemplatur
3669 1905 3866 1960 formas
3892 1922 4012 1960 mu-

2409 1998 2596 2053 lierttm
2627 2040 2642 2064 ,
2689 2008 2746 2053 ut
2787 1999 3033 2054 incendat
3077 1997 3446 2054 fornicationis
3488 1991 4009 2066 concupiscentiam.

2408 2088 2538 2142 Cum
2573 2089 2728 2158 igitur
2757 2090 3026 2143 audiveris
3067 2105 3187 2143 eum
3219 2090 3483 2143 rationem
3529 2103 3650 2140 eum
3693 2089 3863 2142 servis
3893 2088 4014 2143 suis

2405 2177 2652 2233 conferre
2677 2219 2691 2244 ,
2723 2194 2790 2233 ne
2816 2178 2946 2232 mihi
2975 2180 3304 2249 negligenter
3332 2188 3618 2247 praetereas
3649 2178 3791 2231 illam
3819 2177 3943 2231 dicti
3970 2199 4018 2234 δ.

2408 2285 2528 2323 nem
2561 2288 2572 2321 :
2607 2271 2701 2324 sed
2731 2272 2833 2325 hoc
2858 2272 3094 2341 intelligo
3124 2272 3188 2326 de
3211 2273 3354 2324 omni
3383 2271 3571 2324 ordine
3591 2311 3606 2334 ,
3637 2271 3781 2323 onmi
3811 2278 3992 2332 tutata,

2409 2370 2638 2432 utroque
2664 2378 2815 2427 sexu,
2844 2374 2897 2418 ct
2926 2366 3158 2417 virorum
3187 2373 3240 2418 et
3268 2364 3581 2417 feminarum
3611 2380 3623 2414 :
3652 2363 3824 2431 cogita
3851 2362 4017 2429 quale

2409 2452 2536 2508 illud
2564 2454 2820 2523 judicium
2853 2456 2940 2519 sit,
2974 2455 3189 2508 rcvolve
3213 2464 3468 2523 perpetuo
3493 2463 3576 2505 tua
3609 2462 3840 2521 peccata.
3874 2450 4006 2504 Nam

2407 2545 2507 2599 etsi
2559 2545 2672 2613 ipse
2723 2545 2922 2598 oblitus
2973 2545 3134 2599 fueris
3190 2555 3396 2598 tuorum
3450 2544 3766 2597 delictorum
3796 2583 3812 2607 ,
3867 2541 4015 2595 Deus

2409 2652 2696 2704 numquam
2727 2634 3070 2690 obliviscetur
3095 2678 3107 2699 ,
3152 2646 3204 2690 et
3234 2635 3410 2688 ornnia
3444 2645 3566 2690 ante
3594 2635 3778 2689 oculos
3809 2633 4016 2687 consti-

2410 2738 2540 2796 tuet,
2575 2730 2674 2783 nisi
2699 2730 2808 2798 jam
2839 2740 3046 2785 mature
3073 2746 3134 2785 ea
3166 2729 3583 2784 exstinxerimus
3613 2744 3706 2796 per
3738 2728 4014 2795 paeniten-

2409 2821 2533 2874 tiam
2564 2831 2616 2875 et
2645 2820 3037 2876 confessionem
3060 2863 3073 2886 ,
3103 2829 3159 2875 ct
3191 2835 3284 2889 per
3309 2819 3630 2873 oblivionem
3659 2817 4014 2873 offensarum.

2409 2909 2520 2977 Qua
2551 2927 2678 2964 vero
2717 2911 2786 2965 de
2823 2927 2980 2965 causa
3011 2912 3267 2984 rationem
3300 2910 3537 2980 repetit?
3569 2909 3682 2964 Non
3709 2909 3922 2979 quidem
3951 2917 4015 2962 ut

2410 3003 2609 3055 inscius
2634 3002 2919 3072 (quomodo
2939 3004 3077 3056 enim
3100 3003 3317 3066 inscius,
3343 3001 3426 3054 cui
3446 3001 3622 3054 omnia
3645 3000 3855 3069 cognita
3882 3009 4014 3052 sunt

2410 3101 2690 3161 antequam
2727 3093 3064 3156 fiant?(Dan.
3093 3093 3175 3146 t5.
3202 3092 3270 3145 49.
3306 3090 3349 3160 ).
3379 3092 3474 3146 sed
3504 3100 3558 3144 ut
3587 3091 3676 3145 tibi
3705 3105 3862 3144 servo
3889 3105 4018 3158 per-

2409 3186 2662 3248 suadeat,
2686 3176 2808 3252 jure
2841 3194 2890 3236 te
2916 3183 3112 3237 debere
3141 3184 3516 3253 quodcumque
3543 3182 3707 3236 debes
3735 3200 3747 3234 :
3778 3182 3882 3234 imo
3913 3196 4015 3249 po-

2410 3275 2530 3337 tius,
2565 3285 2618 3326 nt
2647 3291 2754 3327 non
2782 3274 2953 3328 solum
2987 3274 3181 3335 discas,
3212 3273 3305 3328 sed
3335 3282 3390 3326 ut
3418 3274 3692 3341 abstcrgas
3724 3291 3736 3325 :
3769 3271 4012 3341 quando-

2405 3364 2619 3432 quidem
2647 3376 2700 3418 ct
2731 3365 3004 3434 prephetae
3052 3380 3112 3418 ea
3159 3364 3226 3418 de
3271 3379 3429 3417 causa
3471 3363 3742 3417 mandavit
3787 3371 4014 3430 peccata

2406 3453 2716 3509 Jttdzeorum
2745 3472 3016 3510 enarrare.
3047 3457 3142 3508 Dic
3169 3498 3182 3520 ,
3214 3456 3383 3524 inquit
3404 3496 3418 3516 ,
3443 3455 3732 3524 iniquitates
3761 3471 3878 3508 suas
3909 3454 4014 3507 do-

2407 3549 2510 3600 mui
2531 3547 2711 3614 Jac-ob,
2735 3559 2782 3602 et
2809 3560 3011 3616 peccata
3036 3566 3126 3602 sua
3150 3548 3319 3600 domui
3349 3546 3516 3600 Israel
3546 3547 3567 3617 (
3595 3546 3734 3599 Isai.-
3756 3547 3843 3601 58.
3877 3546 3896 3598 Ι
3935 3544 3952 3614 )
3992 3563 4008 3598 :

2409 3653 2512 3693 non
2537 3650 2590 3692 ut
2612 3641 2829 3694 audiant
2849 3642 3040 3705 solum,
3066 3641 3156 3696 sed
3185 3642 3604 3709 utcorrigantur.
3625 3639 3821 3692 Exorso
3834 3649 4012 3692 autem

2405 3747 2460 3782 eo
2491 3732 2718 3798 conferre
2745 3737 2962 3785 rationes
2981 3775 2994 3791 ,
3027 3733 3272 3786 adductus
3299 3742 3371 3784 est
3397 3733 3442 3784 ei
3464 3731 3654 3784 debitor
3680 3747 3811 3782 unus
3839 3730 4010 3781 decies

2405 3821 2542 3873 mille
2571 3823 2870 3873 talentorum
2903 3821 3126 3889 (Matth.
3159 3823 3242 3876 18.
3274 3822 3342 3875 24
3436 3820 3700 3889 Quidquid
3743 3821 3884 3873 enim
3927 3819 4007 3872 illi

2405 3913 2666 3965 creditum
2697 3922 2845 3978 erat,
2896 3914 2945 3966 id
2979 3930 3140 3967 omne
3185 3915 3601 3982 absumpserat:
3647 3926 3835 3980 magna
3879 3912 4008 3964 teris

2402 4004 2560 4058 alieni
2595 4005 2759 4058 moles
2787 4023 2798 4057 :
2825 4014 2878 4059 et
2911 4022 3014 4058 non
3043 4007 3214 4058 solum
3249 4007 3299 4059 iu
3329 4005 3428 4059 hac
3458 4021 3514 4058 re
3543 4004 3833 4073 periculum
3861 4014 3999 4067 erat,

2402 4094 2494 4147 sed
2523 4095 2573 4147 iu
2603 4110 2668 4147 eo
2697 4109 2907 4163 quoque
2933 4096 3074 4165 quod
3105 4097 3307 4163 primus
3336 4095 3543 4149 oblatus
3567 4102 3646 4148 est
3670 4093 3906 4146 domino.
3943 4093 4000 4146 Si

2401 4186 2538 4238 enim
2573 4194 2690 4254 post
2733 4186 2928 4239 multos
2960 4188 3010 4240 in
3053 4187 3310 4240 solvendo
3353 4185 3620 4238 studiosos
3660 4183 3757 4237 istc
3787 4184 4003 4236 oblatus

2401 4275 2604 4344 fuisset,
2628 4291 2731 4330 non
2754 4278 2822 4330 ita
2848 4278 3040 4330 mirum
3072 4276 3277 4343 fuiSSet,
3311 4276 3354 4329 si
3375 4275 3622 4348 dominus
3648 4275 3778 4328 nihil
3805 4274 4003 4329 adre:—

2398 4381 2489 4421 sus
2517 4382 2638 4421 eum
2668 4369 3015 4423 exacerbatus
3047 4367 3232 4421 fuisset
3269 4387 3278 4420 :
3316 4369 3550 4435 priorum
3585 4367 3725 4420 enim
3759 4367 4000 4432 probitas

2399 4457 2652 4526 improbis
2668 4458 2920 4527 deinceps
2939 4459 3182 4511 erunibus
3200 4459 3540 4528 placatiorem
3565 4472 3685 4510 eum
3706 4455 3994 4510 effecisset.

2395 4547 2658 4603 Caeterum
2708 4551 2932 4617 primum
2977 4565 3095 4602 eum
3152 4551 3238 4617 qui
3289 4549 3578 4617 producaus
3631 4550 3836 4611 fuerat,
3886 4557 3996 4600 tam

2395 4645 2680 4714 malignum
2737 4644 2787 4696 in
2837 4643 3092 4696 solvendo
3139 4657 3417 4711 apparere,
3462 4651 3516 4695 et
3561 4652 3836 4710 postquam
3885 4650 3994 4694 tam

2393 4736 2656 4805 malignus
2706 4736 3076 4804 apparuiSset,
3135 4733 3408 4787 dominum
3452 4744 3788 4785 mansuetum
3836 4733 3990 4785 iuve-

2392 4829 2506 4880 nire
2536 4870 2547 4889 ,
2579 4827 2628 4880 id
2661 4827 2925 4895 pra-cipue
2968 4827 3386 4894 inexspectatum
3428 4832 3482 4876 et
3512 4824 3843 4878 admirabile.
3881 4823 3982 4876 llo-

2391 4921 2562 4972 mines
2583 4920 2722 4972 enim
2753 4919 2835 4971 ubi
2860 4918 3129 4973 debitores
3156 4918 3331 4986 adepti
3356 4927 3498 4981 sunt,
3526 4933 3632 4971 non
3651 4917 3807 4972 aliter
3828 4933 3992 4987 quam

2389 5013 2430 5063 si
2476 5011 2755 5074 venando,
2798 5018 2888 5062 aut
2918 5009 3233 5076 aucupando
3273 5007 3544 5077 quidpiam
3575 5009 3876 5076 cepissent,
3913 5008 3993 5062 ita

2387 5102 2694 5164 exsultant,
2727 5109 2779 5152 et
2806 5101 2980 5153 omnia
3025 5099 3219 5154 faciunt
3245 5140 3258 5164 ,
3294 5109 3349 5153 ut
3391 5101 3698 5153 universum
3727 5100 3941 5168 exigant
3974 5122 3985 5155 :

2387 5193 2525 5262 quod
2558 5193 2601 5246 si
2631 5192 2680 5246 id
2713 5208 2814 5245 non
2848 5190 3050 5259 poSsint
3081 5191 3150 5245 ob
3179 5201 3470 5261 egestatem
3501 5191 3822 5264 debitorum,
3849 5191 3988 5244 iram

2385 5283 2790 5337 defraudationc
2821 5283 3164 5351 peeuniarum
3212 5282 3490 5336 collectam
3529 5281 3580 5334 in
3623 5295 3989 5336 a-rumnosum

2385 5375 2700 5429 miserorum
2729 5390 2924 5442 corpus
2953 5374 3230 5428 etfunduut
3253 5416 3266 5440 ,
3300 5373 3542 5427 vexando
3562 5415 3576 5436 ,
3606 5373 3941 5427 verberando
3971 5415 3988 5439 ,

2383 5478 2541 5542 atque
2594 5471 2694 5523 alia
2750 5479 2998 5523 sexcenta
3053 5470 3188 5522 mala
3243 5465 3551 5535 infligendo.
3606 5467 3743 5520 Deus
3793 5475 3990 5519 contra

2381 5562 2558 5615 omnia
2606 5571 2822 5624 movet,
2873 5562 2922 5613 in
2972 5561 3214 5614 omnibus
3264 5561 3495 5628 satagit,
3539 5567 3594 5610 ut
3624 5573 3743 5612 eum
3787 5555 3989 5610 liberet

2379 5667 2488 5706 scre
2517 5653 2710 5707 alieno.
2746 5651 2801 5704 In
2834 5651 2988 5704 nobis
3027 5651 3169 5704 enim
3205 5650 3502 5704 debitorum
3535 5648 3743 5702 exactio
3770 5645 3987 5721 divitias

2384 5746 2507 5800 facit
2532 5762 2545 5798 :
2577 5745 2715 5799 Deus
2739 5757 2915 5798 autem
2944 5744 2993 5797 in
3025 5743 3355 5798 remitteudis
3384 5741 3615 5813 peccatis
3642 5738 3874 5794 maxime
3900 5737 3985 5793 di-
