4218 6294
178 412 261 471 25
978 412 1069 471 DE
1112 413 1345 471 DECEM
1383 414 1672 473 MiLLIUM
1710 414 2006 473 TALENT.
2045 414 2395 473 DEBITORE
2427 412 2732 475 lIOMILIA.
3416 411 3492 477 ⁸ὶῦ

178 529 329 587 tussit
345 546 363 585 :
379 534 507 585 nam
532 529 808 585 hominum
831 528 977 585 salus
992 529 1267 599 opulentia
1290 530 1380 585 Dei
1404 538 1505 596 est,
1527 529 1775 601 quemad-

175 622 393 677 modum
414 622 619 679 Paulus
640 621 767 676 dicit
789 638 802 675 :
831 620 977 675 Dives
1004 622 1054 674 in
1079 622 1310 676 omnibus
1324 630 1371 674 et
1392 636 1482 689 per
1500 624 1671 676 omnes
1692 621 1780 691 qui

173 715 411 771 invocant
438 732 557 771 eum
585 712 765 785 (Rom.
795 713 881 770 10.
914 711 1038 784 η).
1066 712 1173 768 Sed
1197 712 1394 768 dixerit
1420 713 1613 783 aliquis
1637 754 1653 777 ,
1680 726 1779 766 cur

172 825 303 881 ergo
324 852 342 877 ,
378 808 424 882 si
444 808 743 863 destinarat
780 808 1053 863 remittere
1090 815 1145 862 et
1176 805 1485 861 condonare
1510 805 1730 860 crimina
1758 845 1775 871 ,

173 901 316 956 hunc
340 898 658 956 venumdari
679 898 878 970 jussit?
900 898 1031 953 Illud
1047 907 1196 954 certe
1215 897 1480 967 imprimis
1502 897 1645 952 illius
1675 897 1778 951 hu-

173 993 490 1047 manitatem
527 991 799 1056 declarat;
832 990 924 1045 sed
957 1004 1025 1045 ne
1055 987 1369 1044 festinemus
1389 1028 1405 1055 ,
1436 997 1490 1043 at
1516 1003 1613 1059 per
1635 987 1778 1043 ordi-

174 1100 297 1141 nem
328 1084 684 1155 procedanms
710 1082 775 1137 ad
800 1081 1067 1151 parabolm
1093 1080 1505 1138 enarrationem.
1533 1078 1655 1135 Non
1682 1080 1779 1134 ha-

172 1177 319 1231 bente
337 1182 510 1230 autem
530 1190 587 1229 eo
602 1158 739 1245 quod
752 1175 997 1229 redderet.
1016 1173 1154 1241 Quid
1176 1182 1353 1229 autem
1379 1182 1462 1230 est
1484 1172 1613 1228 iilttd
1637 1170 1777 1243 quod

173 1266 326 1330 dicit,
346 1265 469 1320 Non
485 1266 695 1319 habente
710 1281 766 1320 eo
780 1265 917 1338 quod
926 1265 1182 1320 redderet?
1203 1265 1406 1320 Rursus
1416 1262 1571 1320 rides
1591 1264 1783 1335 impro-

175 1359 363 1415 bitatis
392 1359 755 1414 accessionem
784 1375 940 1415 :cutn
971 1360 1113 1414 enim
1144 1358 1309 1425 dicit,
1340 1356 1463 1413 Non
1489 1357 1698 1412 habente
1725 1360 1784 1413 eo

174 1452 310 1521 quod
326 1451 561 1528 mitteret,
582 1450 712 1505 nihil
730 1450 873 1506 aliud
892 1451 1021 1505 dicit
1041 1466 1203 1521 quam
1220 1466 1343 1506 eum
1360 1445 1600 1507 omnium
1621 1449 1787 1505 virtu-

180 1552 294 1598 tum
325 1542 543 1613 inopem
562 1540 749 1609 fuisse,
774 1557 875 1597 nec
895 1542 1059 1596 ullum
1079 1542 1277 1597 bonum
1302 1556 1437 1612 opus
1459 1540 1783 1611 possedisse,

176 1636 321 1708 quod
364 1636 619 1707 imputari
650 1647 832 1707 posset
868 1635 937 1691 ad
980 1636 1351 1692 remissionem
1394 1642 1733 1707 peccatorum
1767 1651 1781 1686 :

182 1729 516 1799 imputantur
527 1730 673 1785 enim
689 1729 910 1783 omnino
938 1729 1093 1784 nobis
1121 1728 1187 1783 ad
1206 1738 1547 1800 peccatorum
1576 1728 1784 1784 veniam

179 1832 328 1877 recte
359 1821 497 1875 facta
525 1860 542 1885 ,
572 1820 1022 1891 quemadmodum
1052 1824 1107 1876 et
1149 1820 1283 1877 ﬁdes
1313 1819 1379 1876 ad
1404 1820 1687 1891 justitiam.
1720 1813 1787 1874 Ei

180 1914 313 1968 aius
332 1954 347 1978 ,
371 1913 461 1983 qui
486 1929 588 1967 non
616 1922 877 1984 operatur,
908 1912 1064 1968 credit
1088 1914 1256 1967 autem
1281 1913 1335 1967 in
1364 1930 1477 1966 eum
1505 1913 1593 1981 qui
1622 1912 1789 1983 justi-

181 2006 299 2073 ﬁcat
326 2005 543 2076 impium
563 2047 579 2071 ,
610 2004 894 2075 imputatur
921 2004 1049 2074 ﬁdes
1077 2006 1190 2074 ejus
1213 2005 1282 2059 ad
1301 2006 1556 2076 justitiam
1586 2005 1605 2074 (
1635 2003 1787 2058 Rom.

180 2098 232 2153 ι.
265 2097 359 2168 5).
389 2096 657 2152 Caeterum
687 2095 813 2168 quid
841 2097 1014 2167 allego
1040 2096 1197 2152 ﬁdem
1228 2105 1282 2152 et
1312 2106 1457 2153 recte
1484 2096 1639 2162 facta,
1666 2112 1788 2152 cum

184 2188 558 2244 tribulationes
582 2197 797 2259 quoque
827 2189 1156 2258 imputentnr
1182 2187 1339 2244 nobis
1360 2187 1425 2243 ad
1451 2193 1788 2257 peccatorum

184 2278 685 2347 condonationem?
726 2280 796 2335 Et
839 2279 943 2335 hoc
967 2280 1203 2336 declarat
1232 2279 1479 2335 Christus
1508 2280 1607 2350 per
1632 2294 1789 2349 para-

186 2364 363 2428 boiam
396 2371 983 2439 Lazari,_introduceus
1009 2371 1278 2427 Abraham
1308 2371 1576 2426 dicentem
1608 2366 1675 2425 ad
1705 2370 1790 2425 di-

187 2464 371 2530 iitem,
402 2462 659 2517 Lazarum
682 2463 925 2532 accipere
953 2462 1378 2517 consolationem
1406 2504 1420 2528 ,
1449 2461 1570 2533 quia
1602 2461 1655 2516 in
1687 2462 1793 2516 vita

188 2566 278 2611 sua
313 2555 455 2610 mala
477 2564 759 2625 acceperat
788 2555 947 2626 (Las.
973 2556 1059 2610 l6.
1083 2555 1155 2611 25
1176 2555 1214 2625 ).
1246 2555 1490 2611 Declarat
1517 2564 1572 2611 et
1595 2554 1794 2609 Paulus

190 2648 255 2702 ad
298 2646 612 2701 Corinthios
646 2646 715 2702 de
755 2644 1078 2701 fornicatore
1118 2646 1398 2701 scribens:
1426 2643 1637 2699 Tradite
1662 2646 1796 2698 hunc

191 2736 445 2793 hominem
475 2749 668 2793 satam?
696 2739 747 2791 in
772 2739 983 2793 exitium
1008 2739 1176 2793 carnis
1196 2778 1212 2803 ,
1243 2746 1300 2790 ut
1328 2736 1536 2807 spiritus
1572 2737 1795 2790 sertietar

192 2830 280 2899 (l.
315 2829 436 2885 Cor.
470 2818 521 2886 5.
553 2820 587 2886 5
612 2831 654 2900 ).
691 2830 759 2885 Et
788 2832 921 2884 alios
949 2831 1039 2900 qui
1072 2837 1426 2901 peccaverant
1467 2829 1754 2884 consolans
1778 2869 1793 2890 ,

192 2923 257 2978 ad
289 2923 435 2977 hunc
464 2921 682 2976 modum
711 2921 873 2977 verba
905 2919 1031 2976 facit
1064 2939 1074 2973 :
1110 2920 1238 2974 Ideo
1275 2920 1328 2973 in
1365 2918 1502 2973 vobis
1537 2919 1684 2973 multi
1713 2919 1797 2972 in-

194 3014 332 3081 ﬁniti
356 3024 404 3068 et
433 3014 614 3084 a'groli
637 3055 653 3082 ,
685 3025 732 3068 et
760 3014 1019 3067 dormiunt
1059 3014 1206 3067 malli
1234 3029 1253 3067 :
1290 3013 1335 3068 si
1359 3013 1491 3066 enim
1532 3027 1624 3066 nos
1662 3012 1798 3081 ipsas

190 3106 560 3178 iudicaremus,
591 3121 692 3160 non
722 3106 891 3177 utique
907 3106 1279 3178 judicarcmur.
1307 3103 1435 3159 Cum
1462 3114 1628 3157 autem
1646 3104 1796 3174 judi-

196 3212 373 3251 ramur
398 3214 430 3250 a
469 3196 691 3251 Domino
715 3239 730 3263 ,
772 3199 1096 3267 castigamur,
1126 3204 1179 3249 ut
1217 3212 1318 3250 non
1344 3211 1458 3248 cum
1487 3194 1582 3247 hoc
1611 3194 1802 3246 muttth

196 3290 501 3343 damnentur
522 3292 538 3361 (
562 3290 612 3344 1.
639 3290 758 3344 Cor.
787 3290 875 3344 ll.
900 3288 1083 3344 50—32
1104 3287 1143 3360 ).
1170 3286 1224 3342 Si
1254 3299 1432 3342 autem
1457 3287 1799 3351 tentationcs,

199 3386 392 3451 morbi,
425 3384 794 3449 inﬁrmitates,
829 3391 881 3437 ct
906 3383 1085 3436 carnis
1114 3382 1334 3436 exitium
1355 3422 1371 3447 ,
1400 3394 1521 3450 qua:
1557 3394 1657 3434 nec
1684 3387 1800 3433 stu-

197 3475 308 3541 dio,
332 3490 433 3531 nec
462 3475 732 3529 voluntate
762 3475 1011 3543 patimur,
1042 3474 1370 3541 imputantur
1398 3470 1550 3526 nobis
1578 3469 1645 3524 au
1675 3481 1803 3539 pee-

197 3578 442 3623 catorum
485 3567 831 3621 abolitionem
851 3609 865 3630 ,
902 3566 1070 3620 multo
1101 3564 1268 3634 magis
1294 3573 1441 3619 recte
1471 3562 1609 3617 facta
1636 3604 1650 3627 ,
1684 3576 1805 3631 qua:

200 3658 477 3712 voluntate
497 3666 553 3712 et
581 3657 758 3711 studio
781 3657 1169 3727 persequimur.
1195 3655 1331 3710 lluie
1356 3664 1535 3711 autem
1563 3654 1803 3732 monium

204 3740 467 3804 bonorum
496 3750 673 3817 inopia
700 3755 815 3802 erat
835 3787 849 3812 ,
884 3762 1018 3801 onus
1045 3756 1231 3802 contra
1258 3758 1600 3816 peccatorum
1630 3744 1805 3799 maxi-

204 3855 350 3895 mum
382 3882 396 3905 ,
419 3850 475 3895 et
498 3840 708 3895 sarcina
732 3837 1101 3909 impo‘rtabilis.
1134 3838 1337 3893 Idcirco
1362 3839 1491 3894 dicit
1514 3880 1529 3905 ,
1568 3836 1687 3892 Non
1709 3838 1809 3891 has

204 3934 347 3986 bente
372 3932 462 3985 illo
485 3932 618 3984 unde
640 3931 869 3984 redderet
887 3970 901 3992 ,
924 3930 1079 4000 jussit
1108 3946 1221 3983 eum
1252 3931 1548 3984 venumdari
1574 3931 1591 3999 (
1618 3929 1803 3982 Matth.

207 4024 292 4079 18.
326 4023 462 4096 25).
512 4024 585 4078 Es
640 4022 743 4075 hoc
786 4021 1116 4091 potissimhm
1161 4018 1285 4075 licet
1313 4020 1514 4075 domini
1560 4020 1807 4074 humani-

206 4126 367 4171 tatem
409 4115 753 4184 perdiscere,
802 4111 945 4183 quod
974 4124 1027 4167 et
1054 4113 1315 4167 rationem
1347 4112 1606 4178 instituit,
1637 4114 1691 4166 et
1721 4128 1808 4165 vc-

206 4204 451 4260 numdari
478 4206 637 4274 jussit
670 4223 684 4258 :
717 4205 877 4258 ambo
918 4204 1060 4259 enim
1103 4198 1385 4257 itaiacta
1427 4206 1551 4256 sunt
1593 4203 1645 4256 in
1685 4217 1807 4257 eum

208 4297 405 4359 ﬁnem,
454 4304 511 4348 ut
546 4308 651 4349 non
693 4294 1038 4349 ve‘nderctur.
1072 4293 1222 4350 [inde
1253 4293 1302 4347 id
1337 4294 1542 4363 liquet?
1568 4307 1597 4347 a
1628 4308 1808 4347 rerum

206 4392 350 4443 exitu
381 4406 395 4442 :
427 4388 479 4459 si_
505 4388 648 4441 enim
683 4386 974 4452 voluisset,
1002 4388 1124 4457 quis
1154 4387 1360 4441 obicem
1386 4426 1400 4450 ,
1429 4386 1549 4455 quis
1581 4384 1808 4454 impedi-

207 4493 448 4536 mentum
480 4479 748 4535 attulisset
769 4478 794 4532 ?

279 4572 332 4627 6.
375 4572 642 4638 Quorsum
674 4571 835 4641 igitur
863 4566 1222 4625 venditionem
1246 4568 1548 4639 imperavit,
1577 4582 1697 4624 cum
1728 4569 1810 4621 ni—

210 4664 281 4719 hil
313 4666 420 4720 tale
450 4663 628 4720 facere
654 4662 969 4717 statuisset?
1001 4661 1066 4717 Ut
1094 4671 1315 4733 augeret
1342 4673 1575 4726 metum;
1610 4671 1811 4716 metum

213 4770 342 4811 vero
365 4756 517 4810 ausit
544 4770 638 4823 per
665 4754 857 4819 minas,
882 4763 939 4807 ut
962 4768 1083 4807 eum
1108 4753 1173 4807 ad
1196 4752 1636 4822 supplicationem
1664 4768 1813 4807 coan—

212 4847 435 4916 polleret
462 4862 478 4908 ;
512 4844 579 4899 ad
600 4844 1040 4913 supplicationem
1066 4842 1361 4913 compulit,
1396 4850 1451 4896 ut
1476 4843 1812 4897 occasionem

212 4935 476 4991 donanda:
503 4936 675 4989 venia:
712 4922 951 4989 haberet.
986 4934 1204 4989 Poterat
1240 4942 1293 4987 et
1323 4941 1447 4989 ante
1476 4933 1815 5003 deprecatio-

215 5042 333 5081 nem
356 5041 480 5082 eum
506 5026 733 5079 liberum
760 5026 827 5077 ab
850 5040 957 5079 tere
981 5025 1157 5079 alieno
1178 5022 1472 5088 dimittere,
1492 5023 1669 5081 sedne
1694 5023 1816 5078 inde

215 5120 357 5171 illum
395 5117 722 5171 deteriorem
751 5115 948 5171 faceret
972 5158 987 5183 ,
1028 5116 1097 5169 ita
1136 5130 1196 5170 se
1223 5117 1411 5186 gessit.
1448 5116 1663 5171 Poterat
1690 5126 1816 5171 ante

214 5209 476 5262 rationem
512 5208 699 5261 initam
726 5207 931 5260 veniam
962 5205 1297 5270 euttcedere,
1331 5205 1423 5261 sed
1456 5221 1522 5260 ne
1567 5208 1817 5276 ignorans

214 5300 409 5353 molem
457 5298 724 5353 scelerum
768 5308 984 5351 suorum
1010 5338 1027 5363 ,
1070 5297 1411 5352 inhumanior
1454 5302 1507 5353 c't
1549 5298 1817 5354 crudelior

214 5407 337 5462 erga
369 5392 645 5461 proximos
676 5400 839 5453 esset,
869 5391 990 5444 ideo
1018 5389 1091 5445 illi
1122 5392 1268 5461 prius
1297 5391 1591 5447 declaravit
1614 5394 1694 5447 sui
1723 5394 1818 5448 de-

217 5484 311 5537 biti
340 5482 762 5552 magnitudinem
789 5524 802 5543 .
836 5492 898 5538 ac
924 5492 1034 5537 tum
1063 5484 1279 5538 demum
1305 5485 1354 5538 ei
1384 5485 1589 5544 remisit
1614 5488 1814 5542 omnia.

216 5574 346 5628 Nam
374 5577 419 5629 si
452 5574 631 5628 habita
676 5574 883 5629 ratione
912 5589 975 5630 ac
1010 5590 1118 5629 mre
1141 5577 1317 5631 alieno
1347 5588 1769 5631 commonstrato
1798 5622 1813 5643 ,

215 5668 483 5737 minisque
516 5668 675 5721 illatis
699 5710 714 5731 .
748 5678 800 5723 ct
830 5670 1278 5724 condemuatioue
1310 5675 1579 5739 proposita
1608 5713 1621 5733 ,
1658 5688 1815 5741 quant

214 5757 485 5812 mstinere
511 5758 841 5822 merebatur,
875 5758 1009 5812 adeo
1037 5757 1179 5815 ferus
1218 5769 1273 5814 et
1315 5760 1548 5816 crudelis
1590 5760 1685 5815 fuit
1717 5760 1815 5815 ad-

220 5862 403 5906 versus
430 5836 586 5905 Suum
614 5863 964 5912 Conservam;
998 5850 1041 5903 si
1081 5850 1211 5903 nihil
1257 5850 1477 5907 istorum
1516 5853 1815 5909 adhibitam

547 5961 821 6022 PATBOL.
863 5956 977 6018 Gn.
1027 5956 1124 6017 Li.

1889 530 2113 599 fuisset,
2152 546 2261 603 quo
2303 545 2410 587 non
2456 533 2801 589 immanitatis
2845 526 3217 606 prorupisset?
3264 523 3375 592 ilae
3418 535 3491 592 de

1883 636 2045 679 causa
2076 622 2194 679 hzce
2218 624 2394 680 omnia
2428 624 2566 682 Deus
2606 624 2731 681 fecit
2766 635 2820 681 et
2860 628 3127 697 instituit,
3152 639 3209 691 ut
3254 630 3489 687 hominis

1886 715 2275 771 immanitatem
2309 716 2453 770 illam
2488 717 2854 787 prmmolliret.
2898 718 2953 774 Si
2998 719 3131 775 nihil
3176 721 3291 775 istis
3331 722 3492 777 rebus

1885 806 2201 863 emendatus
2231 809 2326 863 fuit
2350 834 2367 873 δ
2399 824 2504 862 non
2537 823 2702 879 penes
2728 811 3039 881 magistrum
3061 852 3076 875 ,
3104 812 3198 866 Sed
3233 818 3397 881 penes
3426 815 3491 865 il-

1887 897 1997 952 lum
2029 898 2119 967 qui
2145 888 2576 955 emendationem
2617 915 2723 955 non
2758 902 2984 971 recipit,
3017 903 3173 971 culpa
3210 904 3493 957 statuenda

1887 996 1989 1044 est.
2014 988 2399 1045 Verumtamen
2428 988 2703 1046 videamus
2724 1006 2830 1061 quo
2860 1001 3015 1061 pacto
3040 994 3157 1062 ejus
3188 993 3341 1047 ulcus
3366 994 3493 1046 abs-

1888 1082 2080 1151 tergat.
2134 1081 2334 1137 Cadens
2356 1084 2512 1153 igitur
2531 1085 2600 1137 ad
2626 1083 2778 1154 pedes
2803 1086 2934 1155 ejus,
2960 1084 3249 1139 obsecrabat
3279 1086 3451 1140 dicens
3472 1100 3492 1139 :

1888 1169 2200 1227 Patientiam
2230 1172 2357 1228 habe
2384 1174 2437 1227 in
2464 1190 2579 1240 me,
2612 1184 2659 1229 et
2687 1175 2859 1229 omnia
2886 1174 3099 1228 reddam
3129 1175 3219 1228 tibi
3247 1174 3267 1243 (
3300 1174 3491 1229 Matth.

1890 1265 1975 1320 18.
2004 1264 2134 1336 26).
2166 1263 2283 1320 Non
2324 1264 2497 1321 fassus
2526 1276 2607 1322 est
2640 1278 2700 1321 se
2729 1264 2863 1321 nihil
2895 1265 3094 1323 habere
3120 1266 3265 1337 quod
3298 1265 3496 1321 redde-'-

1890 1363 1972 1411 r‘et
2001 1374 2014 1410 :
2043 1356 2137 1411 sed
2171 1356 2259 1410 hic
2286 1361 2405 1412 mos
2426 1365 2507 1411 est
2537 1355 2841 1412 debitorum
2868 1398 2883 1423 ,
2914 1365 2970 1411 ut
2997 1357 3050 1411 in
3082 1371 3290 1410 summa
3317 1355 3495 1425 inopia

1892 1450 2206 1520 promittant
2261 1458 2439 1505 tamen
2470 1492 2485 1516 ,
2538 1452 2647 1521 quo
2700 1455 2939 1521 'prtcscns
2985 1448 3283 1520 periculum
3329 1448 3499 1503 vitare

1891 1538 2121 1613 possint.

1944 1632 2263 1690 Putationis
2276 1634 2370 1689 bis.
2388 1631 2617 1689 "adimo
2630 1626 2819 1705 fiducia
2830 1651 3081 1706 quanam.
3102 1622 3271 1688 Venite
3287 1624 3491 1686 donata'i

1893 1729 2093 1785 rn'odas.
2118 1762 2187 1774 ν-
2202 1718 2497 1785 Audiamus
2515 1739 2771 1800 quotquot
2796 1730 2967 1801 ignavi
2985 1736 3172 1784 sumus
3188 1727 3254 1783 ad
3275 1740 3500 1797 precatio

1893 1821 2045 1890 dum,
2095 1823 2293 1894 quanta
2342 1823 2413 1878 sit
2453 1822 2886 1878 obsecrationum
2917 1821 3019 1876 vis.
3071 1820 3187 1876 Non
3235 1813 3500 1890 jejunith

1894 1916 2204 1981 ostentavit,
2252 1929 2358 1970 non
2389 1916 2686 1971 ultroneam
2737 1922 3145 1985 paupertatem,
3181 1923 3272 1967 aut
3292 1898 3497 1981 aiiqttid

1896 2006 2219 2073 istiusmodi,
2254 2007 2349 2061 sed
2384 2006 2654 2071 desertas,
2684 2006 2777 2062 sed
2807 2005 2978 2061 nudus
3002 2005 3148 2060 omni
3167 2003 3383 2067 virtute,
3410 2000 3504 2057 ubi

1896 2113 1955 2155 sc
1976 2099 2041 2153 ad
2057 2098 2446 2155 obsecrandum
2476 2093 2765 2164 convertit,
2791 2112 2856 2153 eo
2872 2098 2989 2152 solo
3028 2094 3197 2166 potuit
3224 2094 3504 2150 dominum

1896 2192 1963 2245 ad
1989 2191 2413 2247 misericbrdiam
2442 2190 2773 2261 pertrahere.
2814 2189 2891 2244 Ne
2920 2190 3078 2261 igitur
3107 2188 3419 2244 deficiamus
3450 2187 3504 2249 in

1897 2280 2180 2339 fundendis
2210 2283 2476 2353 precibus.
2506 2281 2638 2350 Quis
2668 2284 2811 2337 enim
2840 2282 2943 2337 hoc
2971 2280 3306 2345 sceleratior,
3334 2278 3425 2349 qui
3451 2280 3507 2333 et

1901 2380 1980 2429 tot
2009 2374 2323 2449 criminibus
2349 2373 2616 2428 obnoxius
2637 2382 2779 2437 erat,
2814 2381 2869 2427 et
2895 2372 3100 2428 hullum
3130 2380 3278 2426 recte
3305 2370 3504 2424 facttun

1900 2466 2252 2537 possidebat?
2279 2462 2396 2521 Non
2426 2467 2605 2521 tamen
2650 2480 2833 2520 secum
2864 2465 2931 2518 ad
2976 2465 3139 2518 istum
3175 2462 3395 2516 modum
3426 2461 3507 2514 lo-

1898 2558 2095 2629 quutus
2122 2566 2224 2621 est,
2253 2557 2368 2611 Nan
2400 2555 2572 2611 audeo
2599 2555 2764 2625 idqui,
2796 2554 3000 2626 pudore
3029 2555 3218 2624 plenus
3245 2565 3386 2618 sum,
3415 2551 3506 2622 qui

1902 2656 2089 2721 potero
2110 2648 2405 2704 accedere?
2421 2648 2511 2717 qui
2538 2648 2727 2717 po:ero
2748 2661 2904 2701 orare
2921 2645 3103 2714 ’ἔρυὸά
3128 2645 3365 2716 plerique
3388 2651 3512 2713 pce;

1900 2747 2140 2794 catnrum
2164 2738 2385 2805 dicunt,
2414 2737 2674 2791 diabolica
2706 2736 3015 2791 laborantes
3044 2734 3349 2791 timiditate.
3383 2733 3500 2788 Non

1901 2830 2054 2885 adest
2085 2830 2177 2884 tibi
2206 2829 2397 2884 ﬁducia
2426 2821 2679 2899 loquendi
2700 2827 2724 2880 ?
2748 2828 3036 2899 Propterea
3058 2826 3274 2891 accede,
3309 2836 3367 2880 ut
3394 2834 3509 2880 mas

1898 2922 2073 2991 jorem
2104 2921 2349 2977 fiduciam
2370 2927 2546 2991 pares.
2574 2918 2713 2975 Num
2734 2920 2877 2975 enim
2900 2919 3065 2974 homo
3087 2928 3189 2984 est,
3219 2932 3377 2989 quem
3405 2916 3512 2995 pias

1902 3026 2025 3068 care
2051 3014 2201 3082 cupis
2221 3052 2237 3076 ,
2267 3021 2325 3066 ut
2356 3012 2559 3081 pudore
2589 3020 2643 3066 et
2669 3010 2990 3066 verecundia
3018 3008 3369 3065 laborandum
3398 3002 3513 3062 sit?

1906 3102 2045 3159 Dens
2071 3113 2155 3159 est
2180 3104 2267 3172 qui
2310 3104 2477 3173 magis
2500 3145 2516 3169 ,
2545 3114 2703 3173 quam
2748 3111 2802 3157 tu
2837 3104 2950 3173 ipse
2976 3146 2988 3165 .
3020 3110 3239 3173 exaptat
3267 3110 3317 3155 te
3344 3116 3374 3155 a
3402 3102 3477 3154 cri
3498 3128 3512 3139 ο

1907 3197 2142 3253 minibus
2170 3197 2387 3253 liberari
2414 3214 2428 3257 ;
2462 3212 2567 3251 non
2596 3200 2653 3251 tu
2680 3204 2959 3266 tantopere
2992 3204 3135 3249 tuam
3167 3196 3511 3249 securitateu’t

1905 3290 2242 3361 concupiscis
2272 3330 2285 3355 ,
2328 3282 2660 3359 quanIOpere
2706 3288 2795 3342 ille
2835 3297 2978 3342 tuam
3010 3288 3235 3341 salutem
3263 3284 3467 3355 e'xpetit
3498 3303 3511 3339 :

1909 3384 2068 3454 idque
2107 3381 2269 3437 rebus
2318 3381 2447 3451 ipsis
2488 3380 2691 3435 docuit.
2742 3379 2857 3434 Non
2900 3379 3068 3433 habes
3117 3372 3411 3431 ﬁduciam?
3440 3364 3517 3430 Eo

1910 3475 2027 3543 ipso
2060 3464 2221 3543 potes
2261 3470 2508 3527 ﬁduciam
2551 3470 2785 3537 habere,
2819 3470 2961 3542 quod
3011 3471 3082 3526 ita
3124 3468 3348 3526 aﬁ'ectus
3395 3470 3469 3523 sis
3501 3486 3515 3522 :

1911 3567 2139 3620 titaxima
2164 3566 2306 3619 enim
2341 3565 2529 3619 ﬁducia
2547 3571 2650 3630 est,
2675 3579 2799 3618 cum
2825 3564 2945 3633 quis
2971 3576 3031 3617 se
3058 3562 3330 3617 existimat
3353 3550 3518 3615 ﬁdere

1913 3665 2018 3713 non
2046 3658 2266 3713 debere.
2291 3658 2423 3713 Nam
2452 3666 2512 3712 ut
2542 3664 2888 3727 summOpcrc
2918 3657 3162 3726 pudenda
3192 3672 3280 3711 res
3303 3652 3406 3719 esi,
3428 3656 3518 3722 ju-

1912 3749 2143 3805 Stiﬁcare
2171 3751 2411 3819 seipsum
2442 3764 2623 3804 coram
2654 3748 2883 3802 D‘omino
2918 3766 2931 3802 :
2964 3749 3052 3802 ille
3086 3748 3233 3803 enim
3278 3747 3522 3816 impurus

1911 3849 1995 3895 est
2022 3840 2342 3910 quicumque
2391 3835 2444 3895 id
2496 3839 2619 3893 facit
2644 3881 2658 3903 ,
2688 3841 2900 3894 etiamsi
2932 3838 3183 3892 omnibus
3214 3836 3523 3891 hominibus

1912 3932 2152 3987 sanctior
2192 3930 2352 3987 fuerit
2384 3950 2398 3985 :
2433 3934 2502 3987 ita
2543 3946 2756 4002 quoque
2794 3930 2969 4001 justus
3001 3932 3097 3995 ﬁt,
3132 3934 3219 4001 qui
3266 3946 3322 3985 sc
3350 3931 3524 3985 credit

1913 4023 2154 4078 omnium
2204 4023 2480 4079 hominum
2526 4034 2827 4077 extremum
2869 4037 3009 4077 esse.
3043 4022 3207 4090 Cujus
3246 4022 3325 4075 rei
3358 4032 3524 4074 tostos

1914 4121 2039 4168 sunt
2070 4099 2372 4167 Pharistcus
2398 4123 2451 4168 et
2480 4113 2817 4185 publicanus.
2862 4114 2939 4168 Ne
2981 4114 3140 4183 igitur
3181 4096 3520 4183 despondea-

1915 4218 2034 4259 mus
2077 4204 2313 4259 animum
2357 4206 2427 4259 bb
2462 4215 2680 4276 peccata
2706 4248 2722 4274 ,
2766 4217 2940 4275 neque
2985 4206 3334 4275 desperemus
3361 4247 3375 4269 ,
3427 4207 3521 4257 sed

1916 4296 2172 4352 adeamus
2198 4297 2385 4361 Deum,
2407 4298 2768 4367 procidamus,
2792 4296 3161 4362 Obsecremus,
3181 4295 3524 4375 qtteniatltttti.

1916 4389 2043 4444 dum
2077 4389 2176 4443 iste
2206 4387 2332 4443 fecit
2355 4435 2369 4449 ,
2402 4388 2662 4443 hactenus
2689 4388 2830 4443 bona
2872 4397 3054 4443 mente
3094 4403 3241 4441 usus.
3284 4388 3399 4441 Non
3427 4386 3521 4441 de-

1918 4480 2185 4551 spondere
2212 4480 2449 4533 anin‘uun
2469 4521 2482 4543 ,
2514 4495 2621 4533 non
2652 4479 2963 4549 desperare,
2992 4478 3236 4534 conﬁteri
3268 4488 3481 4549 peccata
3509 4520 3523 4541 ,
3562 4476 3565 4483 ’

1918 4572 2190 4643 postulare
2232 4570 2545 4625 dilationem
2589 4569 2822 4640 aliquam
2867 4566 2921 4624 ei
2963 4585 3169 4623 moram
3196 4608 3211 4635 ,
3253 4575 3307 4623 et
3349 4572 3525 4622 omnia

1921 4664 2017 4716 ista
2048 4663 2183 4716 bona
2212 4670 2337 4715 sunt
2364 4671 2419 4715 et
2449 4660 2644 4716 mentis
2681 4660 2931 4715 contrita:
2954 4701 2969 4723 ,
3011 4665 3067 4715 et
3103 4660 3297 4714 animae
3347 4658 3526 4713 humi-

1922 4754 2079 4805 iiatte.
2111 4752 2241 4819 Qua:
2267 4752 2377 4819 jam
2423 4758 2741 4819 sequuntur,
2782 4760 3119 4821 nequaquam
3161 4749 3355 4804 similia
3403 4760 3529 4803 sunt

1920 4846 2285 4915 superioribus
2316 4862 2328 4897 :
2357 4858 2477 4913 qua:
2515 4844 2659 4897 enim
2688 4850 2782 4912 per
2820 4838 3265 4913 supplicationem
3296 4856 3529 4911 congre-

1920 4944 2138 5005 gavch
2166 4976 2179 4997 ,
2224 4934 2337 4988 h:ce
2367 4933 2547 4987 omnia
2586 4934 2637 4986 in
2669 4934 2976 4987 universum
3008 4932 3193 4987 eﬁ‘udit
3223 4940 3319 5002 per
3349 4932 3481 4986 iram
3506 4974 3521 4998 ,

1921 5034 2079 5095 qttam
2114 5026 2164 5079 iu
2200 5027 2501 5095 proximum
2533 5024 2792 5080 exercuit.
2825 5024 2931 5079 Sed
2953 5025 3064 5095 jam
3092 5024 3157 5079 ad
3183 5025 3400 5079 modum
3435 5024 3531 5078 do—

1923 5127 2062 5171 natm
2088 5116 2257 5170 venia:
2290 5116 2661 5185 procedamus.
2696 5114 2984 5170 Videamus
3026 5106 3335 5185 qualitatem
3378 5117 3530 5169 istius

1924 5207 2257 5263 remissionis
2285 5250 2297 5271 ,
2328 5218 2381 5262 ct
2402 5207 2595 5278 quibus
2623 5208 2781 5261 rebus
2808 5207 2873 5261 ad
2904 5206 2953 5261 id
2987 5207 3237 5261 dominas
3264 5207 3528 5261 adductus

1924 5300 2106 5357 fuerit.
2160 5300 2399 5355 Misenus
2442 5293 2579 5355 illius
2624 5301 2898 5367 dominas,
2948 5302 3119 5369 inquit
3158 5300 3484 5371 evangelista
3514 5341 3527 5361 ,

1923 5392 2131 5446 absolrit
2162 5409 2277 5445 eum
2298 5434 2311 5453 .
2336 5403 2382 5447 et
2407 5392 2629 5447 debitum
2658 5394 2845 5447 remisit
2874 5391 3095 5465 (Matth.
3133 5392 3220 5448 18.
3257 5393 3326 5445 97
3348 5390 3388 5461 ).
3437 5391 3532 5445 Illo

1924 5484 2236 5538 dilationem
2268 5485 2439 5554 petiit,
2472 5486 2571 5542 iste
2598 5487 2807 5541 veniam
2831 5487 3098 5541 concessit
3120 5529 3133 5551 ,
3167 5486 3301 5540 adeo
3325 5494 3381 5539 ut
3415 5486 3533 5554 plus

1923 5580 2127 5649 ἐερυθιοίι
2152 5621 2165 5645 ,
2198 5593 2354 5650 qnam
2393 5582 2693 5650 postularit.
2724 5582 3061 5651 QUaprOptcr
3092 5580 3287 5635 Paulus
3320 5580 3529 5649 inquit,

1930 5671 1993 5724 Εἰ
2009 5713 2021 5732 ,
2050 5673 2137 5738 qui
2163 5682 2321 5743 potest
2346 5675 2516 5727 omnia
2544 5678 2709 5744 facere
2737 5660 3232 5741 suprrahtmdantius
3258 5680 3406 5743 quam
3437 5690 3528 5739 pc—

1919 5761 2078 5816 tiznas
2103 5804 2117 5826 ,
2148 5774 2231 5817 aut
2259 5766 2539 5832 cogitamus
2566 5764 2784 5835 (Ep/tes.
2815 5765 2869 5818 5.
2897 5759 3013 5833 ‘20).
3049 5764 3162 5817 Non
3206 5766 3346 5817 enim
3381 5774 3536 5833 pssies

1926 5856 2160 5928 Cogitarc
2192 5867 2334 5909 tanta
2362 5898 2374 5922 ,
2406 5870 2604 5925 qttztn'a
2647 5857 2732 5909 ille
2778 5857 3005 5909 instituit
3047 5855 3252 5907 donare
3294 5855 3407 5909 tibi.
3455 5854 3534 5906 Μ

3107 5964 3148 6021 2
