4218 6294
755 367 822 419 '2‘]
1456 368 1508 424 S.
1547 367 1822 424 JOANNIS
1859 368 2324 425 CHRYSOSTOMI
2365 369 2682 425 AHCIIIEP.
2722 367 3252 424 CONSTANTINOP.
3945 357 4015 409 23

757 481 916 546 igitur
947 482 1183 551 pudelias
1202 524 1216 546 ,
1247 497 1375 557 neve
1407 483 1710 546 erubescas,
1742 484 1849 536 imo
1878 486 2047 551 potius
2073 485 2327 553 pudorem

756 569 824 623 de
853 569 1083 639 peccatis
1103 571 1290 639 collige
1311 612 1324 634 ,
1351 585 1414 625 ne
1441 571 1719 640 desperes,
1749 588 1879 626 neve
1906 572 2132 626 absistas
2157 588 2184 624 a
2212 587 2333 640 pre-

759 663 988 726 catione,
1017 660 1108 714 sed
1133 661 1323 715 accede
1343 703 1356 726 ,
1384 661 1507 715 licet
1533 672 1778 732 peccator
1803 664 1875 717 sis
1897 704 1911 729 ,
1945 672 1999 715 ut
2024 663 2337 716 reconcilies

763 752 856 804 tibi
895 751 1169 806 Dominum
1197 792 1209 815 ,
1239 763 1294 804 ut
1323 751 1417 807 des
1446 753 1516 806 illi
1560 753 1731 807 locum
1773 769 1916 807 suam
1959 753 2337 806 humanitatem

764 841 816 893 in
845 841 1230 894 condonatione
1262 850 1467 895 tuorum
1510 843 1788 896 criminum
1819 841 2100 896 exhibendi
2132 858 2144 893 :
2176 843 2295 910 quia
2319 882 2332 903 ,

762 932 805 984 si
836 932 1020 985 timeas
1057 931 1312 985 accedere
1334 972 1351 998 ,
1386 931 1611 1001 impedis
1642 933 1780 986 illius
1815 932 2123 996 bonitatem,
2158 946 2336 984 remo-

765 1022 898 1074 raris
945 1020 1083 1075 illius
1126 1021 1464 1091 benignitatis
1512 1023 1806 1094 largitatem
1837 1064 1850 1086 ,
1900 1032 2152 1092 quantum
2191 1022 2256 1076 ad
2289 1031 2338 1077 te

767 1111 976 1164 attinet.

840 1201 960 1254 Non
987 1202 1112 1257 sola:
1142 1219 1311 1273 preces
1349 1206 1538 1258 veniam
1584 1206 1871 1275 impetrant,
1901 1204 1988 1258 scd
2017 1220 2130 1258 cum
2175 1205 2339 1273 gratia

766 1291 881 1346 Dei.
915 1293 1214 1347 Recordatio
1242 1306 1554 1363 peccatorum
1597 1298 1754 1353 utilis.
1782 1295 1978 1348 Paulus
2027 1304 2338 1364 peccatorum

769 1398 975 1435 suorum
1003 1384 1309 1437 recordatur.
1342 1415 1410 1423 —
1436 1385 1512 1439 Ne
1563 1385 1718 1455 igitur
1747 1387 1978 1438 animum
2006 1384 2338 1453 despondea—

771 1485 908 1538 mus,
935 1487 1068 1525 neve
1106 1487 1205 1526 nos
1249 1488 1440 1542 segnes
1492 1475 1805 1541 timidasque
1850 1475 1915 1528 ad
1969 1488 2152 1543 preces
2194 1472 2344 1526 exbio

769 1560 1006 1614 beamus.
1039 1561 1255 1614 Etiamsi
1296 1561 1496 1615 detrusi
1525 1563 1690 1617 simus
1725 1564 1790 1617 ad
1836 1563 2142 1617 barathrum
2185 1561 2338 1614 mali-

771 1649 877 1714 tias,
911 1649 1061 1705 facile
1085 1653 1209 1704 inde
1242 1668 1338 1706 nos
1366 1653 1644 1707 extrahere
1684 1657 1892 1723 poterit.
1942 1654 2109 1708 Nemo
2140 1662 2339 1706 tantum

767 1741 1004 1809 peccavit
1030 1752 1281 1812 quantum
1313 1744 1411 1799 iste
1439 1764 1450 1796 :
1478 1762 1596 1798 nam
1626 1750 1676 1798 in
1701 1761 1856 1799 omne
1892 1761 2058 1815 genus
2082 1745 2340 1800 scelerum

770 1843 1082 1901 proruperat
1116 1851 1128 1886 :
1162 1835 1210 1887 id
1239 1837 1378 1889 enim
1408 1837 1701 1906 significant
1748 1838 1882 1891 dena
1932 1838 2091 1891 millia
2123 1837 2344 1890 talento-

771 1935 884 1974 rum
921 1963 930 1973 .
991 1937 1147 1976 nemo
1197 1925 1264 1976 ita
1315 1926 1467 1993 inops
1497 1926 1704 1978 virtutis
1741 1937 1843 1988 est.
1873 1935 1928 1980 ut
1959 1927 2056 1980 istc
2086 1926 2178 1979 fuit
2209 1942 2220 1977 :
2248 1925 2344 1978 hoc

771 2010 912 2063 enim
951 2011 1259 2081 intelligitur
1312 2030 1378 2068 ex
1419 2030 1516 2080 eo,
1565 2016 1706 2083 quod
1756 2017 1885 2070 nihil
1940 2017 2158 2070 haberet
2205 2016 2343 2086 quod

771 2101 1109 2168 rependerat.
1159 2107 1406 2158 Attamen
1450 2106 1817 2176 undecumque
1857 2109 2121 2162 desertum
2161 2117 2213 2160 et
2261 2108 2343 2160 in-

774 2205 929 2259 opem
957 2195 1124 2261 potuit
1155 2197 1234 2247 vis
1261 2209 1474 2262 precum
1502 2196 1749 2249 liberare.
1771 2196 2015 2256 Tantum.
2049 2197 2235 2264 inquit,
2259 2213 2346 2248 va-

773 2283 845 2335 let
887 2286 1152 2352 precatio,
1182 2295 1238 2338 ut
1270 2301 1391 2340 eum
1423 2288 1512 2356 qui
1551 2287 1842 2341 innumeris
1883 2288 2041 2342 rebus
2087 2297 2139 2342 et
2191 2288 2345 2341 factis

775 2372 1051 2426 Dominum
1105 2375 1418 2442 offenderit,
1451 2391 1480 2430 a
1523 2391 1677 2446 paena
1733 2385 1786 2430 et
1836 2379 2091 2446 supplicio
2142 2378 2347 2446 eripere

776 2463 985 2527 possit?
1008 2463 1182 2516 Pote-xt
1205 2465 1340 2518 haud
1370 2467 1546 2520 dubie.
1574 2467 1686 2521 Non
1708 2469 1848 2521 enim
1873 2469 1959 2521 illa
1984 2469 2095 2521 sola
2125 2480 2206 2522 est
2231 2484 2348 2537 qua:

776 2551 951 2602 omnia
1006 2552 1247 2616 eonfieit,
1287 2554 1377 2606 sed
1421 2554 1579 2609 habet
1619 2559 1819 2610 sociam
1873 2567 1924 2610 ct
1967 2557 2346 2611 auxiliatriccm

775 2641 1054 2693 maximam
1090 2641 1464 2698 htuuauitatem
1493 2647 1585 2700 Dei
1609 2687 1622 2710 ,
1646 2648 1735 2716 qui
1758 2663 1942 2717 preces
1963 2648 2172 2716 accipit,
2196 2648 2349 2716 cujus

777 2730 976 2782 viribus
999 2732 1172 2785 omnia
1208 2733 1357 2799 fiunt,
1383 2745 1431 2788 et
1462 2752 1578 2805 qua:
1599 2739 1889 2791 orationem
1926 2739 2196 2792 etticacem
2223 2738 2348 2792 red-

779 2818 936 2874 didit.
970 2820 1020 2875 Id
1071 2822 1227 2892 igitur
1269 2826 1610 2881 subindicaus
1635 2868 1650 2893 ,
1679 2827 1828 2891 dixit,
1855 2827 2090 2882 Misenus
2120 2829 2350 2882 dominus

776 2910 883 2978 ejus
903 2912 1113 2967 absolvit
1133 2932 1267 2982 eum,
1297 2929 1342 2969 et
1361 2932 1428 2970 tes
1455 2919 1671 2971 alienum
1692 2920 1876 2970 remisit
1897 2920 1940 2973 ei
1964 2936 1982 2972 :
2004 2929 2057 2973 ut
2087 2919 2280 2984 discas,
2299 2929 2353 2973 ct

781 3010 899 3067 post
939 3016 1140 3068 preces,
1173 3013 1227 3058 et
1271 3016 1394 3060 ante
1439 3021 1622 3074 preces
1673 3008 1870 3062 domini
1926 3011 2127 3062 viscera
2183 3017 2348 3062 totum

777 3098 906 3152 illud
960 3099 1224 3166 negotium
1270 3098 1472 3152 fecisse.
1528 3098 1772 3169 Egressus
1817 3108 1979 3152 autem
2030 3101 2116 3155 ille
2168 3102 2351 3155 invenit

781 3205 936 3241 unum
976 3205 1322 3243 conservorum
1367 3207 1592 3254 suorum,
1640 3192 1725 3260 qui
1771 3192 1868 3261 ipsi
1905 3192 2104 3246 debebat
2155 3205 2352 3248 centum

778 3281 1010 3334 denarios
1031 3322 1043 3343 ,
1071 3291 1116 3333 et
1155 3292 1323 3335 tenens
1348 3281 1622 3347 su/focabat
1649 3289 1757 3336 eum
1786 3285 1956 3337 dicens
1982 3302 2000 3338 .'
2028 3286 2199 3340 Redde
2221 3290 2354 3358 quod

781 3370 924 3422 debes
953 3369 1166 3438 (Matth.
1196 3372 1278 3425 l8.
1306 3370 1419 3441 28).
1451 3371 1588 3438 Quid
1645 3373 1916 3427 scelestius
1975 3375 2082 3429 fieri
2141 3379 2354 3445 potest?

782 3460 970 3515 Adhuc
997 3461 1139 3516 enim
1165 3463 1403 3517 beneficii
1436 3479 1620 3519 vocem
1650 3465 1702 3519 in
1731 3465 1947 3520 auribus
1975 3482 2188 3538 gerens,
2215 3469 2350 3523 obli-

767 3560 863 3606 ‘tus
892 3561 971 3607 est
1011 3553 1190 3608 herilis
1218 3555 1482 3609 bonitatis.

846 3647 902 3698 .7.
947 3647 1022 3700 Ea
1061 3657 1312 3716 quantum
1366 3646 1558 3701 bonum
1613 3659 1695 3703 est
1743 3661 2078 3718 peccatorum
2136 3666 2350 3705 suorum

777 3738 1091 3792 meminisse
1121 3757 1137 3792 :
1170 3741 1212 3792 si
1242 3740 1381 3792 enim
1429 3741 1514 3795 hic
1553 3751 1807 3811 perpetuo
1836 3760 2017 3797 eorum
2045 3745 2353 3797 memoriam

786 3829 1112 3894 retinuisset,
1140 3846 1241 3883 non
1271 3839 1375 3884 tam
1396 3832 1542 3886 ferus
1592 3844 1644 3886 et
1669 3835 1917 3892 immanis
1954 3835 2121 3889 iactus
2149 3836 2349 3889 fuisset.

789 3919 1070 3987 Propterea
1090 3920 1301 3974 assidue
1321 3921 1440 3975 dico
1456 3965 1468 3986 ,
1489 3939 1588 3977 nec
1613 3926 1847 3979 omittam
1871 3926 2068 3992 dicere,
2099 3928 2248 3982 valde
2272 3935 2355 3981 est

789 4011 916 4062 utile
945 4020 997 4064 et
1037 4014 1393 4066 necessarium
1443 4025 1696 4083 perpetuo
1736 4018 1998 4071 recordari
2043 4018 2352 4072 de'ietorum

785 4101 1019 4155 omnium
1051 4119 1062 4154 :
1098 4102 1222 4156 nihil
1252 4104 1390 4156 enim
1416 4106 1484 4158 ita
1515 4117 1656 4160 recte
1686 4109 1998 4172 institutam,
2030 4122 2139 4162 trae
2164 4112 2354 4163 abilem

787 4203 840 4246 et
863 4194 1040 4246 mitem
1058 4194 1286 4247 animam
1312 4194 1484 4250 lacere
1503 4207 1854 4268 potest,quam
1873 4211 2123 4268 perpetua
2137 4201 2355 4254 delicto-

786 4298 903 4336 rum
926 4284 1240 4338 recordatio.
1260 4284 1379 4339 ldeo
1405 4296 1458 4340 ct
1485 4287 1677 4340 Paulus
1701 4305 1804 4342 non
1827 4291 1996 4342 solum
2024 4300 2355 4357 [eventorum

785 4391 987 4439 eorum,
1013 4387 1130 4446 qua:
1156 4386 1278 4432 ante
1318 4379 1605 4442 lavacrum,
1637 4381 1728 4434 sed
1772 4382 1928 4435 etiam
1959 4399 2076 4452 qua:
2119 4393 2236 4451 post
2263 4384 2355 4438 ba-

786 4469 1035 4535 ptismum
1058 4471 1341 4524 commissa
1365 4480 1535 4535 erant,
1560 4487 1762 4525 memor
1791 4474 2160 4543 fuit,qnamvis
2191 4477 2354 4530 smuel

785 4562 964 4615 omnia
1013 4571 1064 4616 et
1116 4562 1285 4617 deleta
1327 4572 1382 4617 et
1427 4566 1682 4619 exstincta
1725 4575 1922 4620 essent.
1951 4567 2003 4621 Si
2049 4578 2222 4621 autem
2269 4569 2357 4623 ille

785 4665 970 4704 eorum
1000 4690 1018 4718 ,
1046 4668 1163 4721 quae
1191 4662 1312 4707 ante
1339 4653 1656 4723 baptismum
1683 4665 1954 4725 gesserat,
1995 4672 2198 4711 memor
2237 4659 2351 4724 fuit,

788 4742 955 4796 multo
985 4743 1150 4813 magis
1180 4760 1291 4806 nos,
1322 4759 1439 4811 quae
1480 4755 1598 4814 post
1638 4746 1954 4816 baptismum
1983 4758 2098 4802 acta
2125 4759 2276 4815 sunt,
2303 4751 2353 4805 in

789 4833 1044 4886 meritoria
1098 4838 1328 4888 retinere
1375 4835 1796 4900 debemus;nou
1845 4839 1986 4890 enim
2049 4840 2217 4893 solum
2270 4841 2355 4894 illa

791 4923 1085 4976 istiusmodi
1138 4925 1502 4978 recordatione
1554 4925 1970 4996 exstinguimus,
2000 4927 2092 4982 sed
2146 4939 2197 4983 et
2237 4932 2358 4986 inde

790 5029 912 5080 erga
942 5027 1130 5067 omnes
1156 5013 1396 5068 homines
1426 5017 1664 5070 mitiores
1684 5017 1995 5080 efficiemur,
2019 5026 2073 5073 ct
2102 5019 2210 5074 Deo
2237 5038 2355 5073 cum

790 5102 975 5168 majori
1024 5102 1389 5158 benevolentia
1442 5106 1829 5172 inscrviemus,
1881 5107 2193 5162 ineffabilem
2244 5111 2354 5178 ejus

791 5192 1170 5245 humanitatem
1202 5207 1262 5247 ex
1310 5195 1607 5248 istiusmodi
1653 5197 1909 5250 memoria
1956 5200 2350 5266 perspicientes.

791 5281 941 5346 Quod
972 5282 1072 5336 istc
1102 5299 1203 5336 non
1229 5283 1347 5336 fecit
1367 5324 1380 5346 ,
1410 5285 1500 5338 sed
1532 5286 1726 5340 oblitus
1754 5289 2128 5355 magnitudinis
2151 5290 2357 5343 debito-

793 5389 907 5427 rum
940 5388 1178 5440 suorum,
1207 5375 1363 5429 etiam
1394 5376 1632 5431 beneficii
1663 5378 1862 5432 domini
1905 5393 2007 5431 non
2055 5380 2358 5435 recordatus

795 5474 915 5527 est;
947 5464 1216 5518 oblivione
1265 5481 1424 5534 porro
1471 5467 1709 5522 beneficii
1753 5468 1944 5523 factum
1971 5479 2069 5532 est,
2099 5478 2154 5523 ut
2193 5473 2357 5527 scele-

791 5564 905 5609 rate
928 5570 987 5609 se
1014 5557 1236 5625 gesserit
1278 5556 1530 5611 adversus
1559 5573 1894 5621 conservum,
1923 5571 1976 5614 et
2003 5563 2258 5617 scelerate
2299 5578 2358 5619 se

795 5643 1028 5712 gerendo
1057 5646 1230 5700 omnia
1262 5647 1565 5714 perdiderit,
1585 5665 1700 5717 qua:
1729 5665 1759 5703 a
1792 5651 1879 5705 Dei
1911 5651 2143 5707 bonitate
2174 5667 2359 5708 eonse-

789 5745 984 5805 quutus
1031 5746 1184 5807 erat,
1231 5735 1426 5792 Tenetis
1476 5742 1604 5794 enim
1647 5741 1924 5808 stt/Iocabat
1967 5761 2111 5811 eum,
2151 5745 2355 5816 dicens,

2448 485 2618 538 Redde
2641 486 2683 538 si
2705 485 2825 553 quid
2846 485 2992 537 debes
3022 501 3038 537 :
3070 499 3173 537 non
3202 483 3366 546 dixit,
3399 479 3582 536 Redde
3610 487 3822 532 centum
3849 474 4015 528 dena-

2445 580 2554 628 rios
2589 591 2603 627 :
2639 575 2911 644 puduisset
2941 576 3082 630 enim
3111 589 3234 628 eum
3262 573 3535 626 nominare
3580 569 3812 624 tantillas
3837 567 4016 619 minu-

2444 666 2562 727 tias,
2585 665 2678 718 sed
2711 664 2880 718 Redde
2903 665 2944 716 si
2965 665 3084 732 quid
3114 665 3276 716 debes.
3313 662 3411 714 Ille
3435 671 3597 713 autem
3620 660 3801 710 cadens
3829 657 3898 707 ad
3929 669 4019 723 pec

2444 756 2529 806 des
2549 757 2657 824 ejus
2679 756 2974 808 obsecrabat
3017 753 3185 806 dicens
3216 769 3232 805 :
3261 750 3565 804 Patientia»:
3593 748 3717 800 habe
3743 747 3794 800 in
3825 761 3935 808 tne,
3973 751 4019 794 et

2443 845 2611 896 onmia
2655 844 2863 896 reddam
2912 844 3000 896 tibi
3041 842 3250 908 (Matth.
3307 841 3390 895 18.
3429 839 3544 908 29).
3578 836 3794 891 Eisdem
3841 832 4024 887 verbis

2442 947 2592 985 suam
2625 932 2847 985 salutem
2878 941 3014 997 orat,
3036 933 3230 1001 quibus
3256 931 3344 985 ille
3373 929 3580 982 veniam
3606 941 3634 980 a
3662 925 3882 979 domino
3915 923 4020 974 im-

2443 1028 2760 1088 petraverat.
2811 1021 2857 1075 Is
2901 1030 3078 1075 autem
3107 1036 3214 1088 prae
3247 1020 3404 1074 nimia
3453 1016 3766 1072 crudelitate
3797 1029 3863 1067 ne
3904 1012 4023 1074 istis

2442 1109 2652 1177 quidem
2696 1111 2872 1164 verbis
2923 1109 3254 1172 ﬂectebatur,
3285 1123 3454 1176 neque
3503 1105 3772 1175 cogitavit,
3811 1117 3869 1156 se
3923 1115 4024 1169 per

2443 1198 2556 1253 ha‘c
2599 1200 2735 1253 dicta
2784 1201 3010 1254 salutem
3061 1200 3344 1254 invenisse.
3402 1197 3651 1264 Quinimo
3705 1195 3748 1248 si
3787 1193 4022 1248 debitum

2444 1291 2756 1356 remisisset,
2791 1307 2857 1346 ne
2913 1292 2982 1346 ita
3028 1292 3239 1362 quidem
3300 1306 3397 1360 pro
3450 1289 3778 1342 humanitate
3825 1284 4022 1340 factum

2445 1381 2574 1434 illttd
2628 1381 2987 1450 imputandum
3019 1382 3236 1446 fuisset,
3285 1381 3378 1437 sed
3422 1395 3516 1450 pro
3547 1379 3745 1434 debito.
3775 1377 3829 1432 Si
3869 1375 4014 1430 enim

2444 1484 2568 1526 ante
2607 1477 2865 1528 rationem
2903 1473 3114 1538 initam,
3150 1482 3204 1528 et
3234 1473 3546 1526 bent-ficium
3575 1479 3890 1538 acceptum,
3922 1465 4023 1520 hoc

2446 1562 2681 1630 fecisset,
2713 1566 2875 1633 ipsius
2918 1565 3336 1634 magnanimitati
3391 1563 3493 1616 tale
3547 1561 3740 1615 factum
3791 1556 4023 1612 adscribi

2448 1655 2748 1720 potuisset:
2777 1655 2886 1722 jam
2939 1670 3066 1709 vero
3105 1664 3209 1707 tam
3260 1654 3554 1708 clementer
3606 1651 3818 1704 habitus
3861 1657 3914 1702 et
3950 1656 4027 1700 tot

2449 1754 2789 1809 peccatorum
2845 1745 3162 1799 remissione
3212 1744 3474 1810 donatus,
3531 1742 3595 1796 ad
3665 1756 3844 1811 parem
3901 1755 4024 1808 erga

2448 1846 2766 1886 conservum
2822 1834 3158 1886 clementiam
3217 1834 3479 1902 obligatus
3529 1841 3660 1885 crat.
3710 1831 3800 1884 llle
3853 1838 4028 1882 tamen

2449 1923 2578 1976 nihil
2607 1924 2900 1977 istiusmodi
2929 1923 3051 1978 fecit
3078 1966 3092 1990 ,
3121 1933 3210 1977 aut
3237 1926 3288 1977 in
3318 1931 3548 1977 mentem
3579 1921 3789 1975 admisit
3810 1960 3822 1982 ,
3854 1929 3910 1972 ut
3932 1933 4026 1972 co—

2449 2015 2654 2082 gitaret,
2688 2024 2939 2083 quantum
2972 2015 3251 2069 interesset
3282 2017 3416 2068 inter
3440 2013 4029 2079 condonationem,qnm

2450 2105 2547 2174 ipsi
2573 2120 2601 2157 a
2629 2105 2842 2158 demino
2864 2107 3173 2174 contigerat,
3195 2115 3248 2159 ct
3274 2121 3389 2158 eam
3417 2120 3534 2172 qure
3563 2119 3683 2172 erga
3712 2118 4030 2157 conservum

2449 2193 2745 2247 exhibenda
2778 2204 2891 2247 erat.
2927 2213 2939 2247 :
2968 2211 3071 2246 non
3101 2197 3240 2249 enim
3279 2195 3446 2248 solum
3478 2195 3840 2263 magnitudine
3879 2191 4029 2247 debi-

2451 2292 2621 2336 torum
2649 2291 2740 2336 aut
2770 2284 3022 2352 dignitate
3049 2299 3415 2353 personarum,
3441 2284 3532 2338 sed
3583 2299 3648 2338 eo
3690 2287 3803 2351 ipso
3845 2282 4025 2344 modo,

2449 2384 2555 2442 quo
2596 2389 2681 2427 res
2710 2385 2823 2428 acta
2857 2384 2969 2436 est,
3002 2391 3248 2444 magnum
3281 2378 3415 2429 inter
3447 2386 3725 2443 ttlrumque
3747 2374 4035 2427 discrimen

2451 2465 2769 2532 couSpicias.
2800 2465 2928 2518 Illud
2961 2467 3100 2519 enim
3129 2466 3361 2520 debitum
3394 2465 3578 2520 decem
3601 2454 3834 2517 millium
3862 2463 4033 2518 talen-

2454 2563 2623 2609 torum
2647 2569 2780 2620 erat,
2809 2557 2909 2611 hoc
2950 2568 3162 2611 centum
3200 2558 3540 2612 denariorum
3573 2576 3585 2610 :
3617 2567 3669 2612 et
3700 2558 3785 2610 ille
3822 2556 4035 2626 quidem

2454 2647 2506 2698 in
2556 2649 2828 2702 dominum
2879 2650 3259 2704 contumeliose
3315 2657 3642 2718 peccaverat,
3670 2648 3752 2701 hic
3799 2657 4036 2700 tantum-

2454 2740 2612 2793 modo
2642 2755 2899 2794 conservo
2921 2743 3185 2810 obligatus
3214 2751 3328 2796 erat
3354 2759 3366 2793 :
3392 2741 3480 2795 ille
3509 2741 3777 2795 beneficiis
3800 2739 4037 2808 acceptis

2454 2830 2590 2885 bene
2639 2832 2831 2886 mereri
2881 2832 3112 2886 vicissim
3161 2833 3407 2897 debebat,
3438 2830 3839 2900 dominumqui
3903 2828 4037 2882 nihil

2457 2920 2578 2974 boni
2615 2931 2705 2976 aut
2742 2906 2924 2992 magni
2946 2932 3035 2977 aut
3080 2923 3229 2992 parvi
3269 2924 3334 2978 ab
3379 2923 3494 2992 ipso
3543 2923 3734 2975 factum
3786 2920 4037 2982 viuc‘iat,

2455 3013 2630 3066 omnia
2677 3014 2900 3066 remisit.
2935 3015 3181 3068 Attamen
3235 3015 3360 3067 nihil
3404 3014 3592 3067 horum
3619 3011 3908 3080 cogitavit;
3942 3009 4038 3063 sed

2456 3103 2620 3155 semel
2649 3101 2716 3155 ab
2741 3103 2814 3156 ira
2849 3115 3146 3157 escarcatus
3166 3146 3179 3168 ,
3209 3104 3498 3158 suffocabat
3529 3118 3667 3165 eum,
3693 3112 3746 3156 et
3777 3101 3826 3154 in
3854 3115 4039 3154 carce-

2459 3208 2571 3245 rem
2605 3193 2830 3260 conjeeit
2861 3191 3018 3260 (Ibid.
3045 3210 3089 3246 υ.
3124 3192 3234 3263 50).
3271 3193 3523 3246 Videntes
3572 3202 3748 3245 autem
3790 3189 4038 3243 conservi

2456 3285 2569 3353 ejus
2616 3284 2867 3354 indignati
2913 3294 3033 3337 sunt
3065 3283 3223 3352 (Ibid.
3251 3301 3295 3337 υ.
3341 3285 3464 3353 51),
3510 3292 3564 3337 ut
3608 3283 3678 3336 ait
3717 3282 4039 3349 Scriptura,

2456 3384 2509 3428 et
2539 3383 2661 3429 ante
2697 3375 2968 3428 dominum
3031 3376 3277 3427 conservi
3331 3390 3450 3427 cum
3505 3374 3892 3427 damnaverunt
3935 3412 3947 3433 ,
3982 3382 4041 3423 ut

2457 3465 2630 3520 discas
2670 3465 2867 3519 domini
2915 3465 3393 3520 mansuetudinem.
3423 3465 3556 3518 Cum
3601 3465 3835 3517 audisset
3865 3462 3915 3517 id
3943 3463 4045 3514 do-

2459 3557 2655 3622 minus,
2687 3571 2871 3610 rursus
2899 3556 3156 3610 adversus
3183 3572 3301 3609 eum
3332 3556 3557 3607 accitum
3592 3554 3846 3623 judicium
3884 3553 4042 3605 iusti-

2461 3650 2754 3718 tuit,neque
2775 3649 2857 3702 vel
2880 3656 2986 3702 tum
3007 3647 3317 3715 simpliciter
3343 3646 3835 3700 condemnationem
3859 3642 4042 3708 effert,

2459 3740 2551 3793 sed
2585 3741 2727 3808 prius
2757 3747 3018 3808 tamquam
3050 3738 3114 3791 de
3141 3738 3262 3805 jure
3292 3753 3410 3790 cum
3449 3738 3534 3788 illo
3561 3736 3836 3803 disceptat.
3861 3734 4044 3787 (latte-

2459 3845 2576 3883 rum
2610 3830 2803 3899 quibus
2830 3829 2879 3882 id
2912 3829 3086 3881 verbis
3109 3828 3275 3881 facit?
3298 3828 3702 3893 Serrenequum,
3731 3840 3874 3876 omne
3902 3825 4047 3875 debi-

2459 3931 2564 3973 tum
2593 3921 2723 3973 illud
2751 3920 2917 3972 remisi
2945 3919 3030 3971 tibi
3061 3916 3220 3987 (Ibid.
3252 3935 3298 3970 υ.
3332 3916 3446 3986 52).

2531 4009 2758 4063 Facilius
2787 4010 2880 4064 sibi
2903 4027 3052 4078 quam
3080 4011 3194 4062 aliis
3227 4009 3389 4061 debita
3418 4007 3620 4060 remittit
3654 4005 3882 4058 Deus.—
3901 4006 4048 4073 Quid

2461 4101 2648 4153 melius
2677 4116 2740 4155 eo
2770 4099 3004 4164 domino,
3037 4100 3120 4153 cui
3152 4113 3272 4152 cum
3302 4097 3625 4152 debereutur
3659 4097 3846 4151 decem
3875 4097 4047 4149 millia

2461 4193 2800 4257 talentorum,
2832 4208 2898 4245 ne
2924 4193 3088 4245 verbo
3137 4192 3348 4260 quidem
3397 4188 3762 4244 stomachatus
3789 4196 3902 4252 est,
3956 4196 4052 4239 aut.

2462 4284 2738 4340 seelestum
2765 4283 3092 4356 appellavit?
3119 4283 3210 4338 sed
3257 4298 3378 4336 eum
3427 4279 3792 4334 tantummodo
3821 4294 4050 4331 venum-

2463 4375 2576 4429 dari
2603 4374 2758 4443 jussit
2793 4392 2806 4427 :
2837 4375 2993 4443 idque
3044 4390 3108 4428 eo
3152 4375 3277 4436 line,
3312 4383 3366 4427 ut
3407 4388 3434 4425 a
3466 4371 3658 4426 debitis
3705 4369 4050 4423 liberaretur.

2464 4467 2649 4521 Eidem
2701 4482 2824 4520 eum
2873 4469 3125 4520 adversus
3169 4481 3484 4519 conservqu
3533 4463 3773 4532 improbe
3821 4464 4049 4532 egisset,

2461 4559 2822 4612 stozuacbatur
2855 4573 2868 4610 :
2901 4566 2958 4611 ut.
3003 4558 3175 4612 discas
3218 4558 3392 4625 ipsum
3441 4555 3644 4610 facilius
3689 4554 3830 4624 quod
3879 4555 3932 4607 in
3989 4570 4055 4609 se

2463 4659 2711 4717 peccetur
2731 4691 2744 4716 ,
2777 4664 2934 4718 quam
2962 4649 3101 4718 quod
3142 4648 3397 4703 adversus
3423 4646 3572 4708 alios,
3607 4646 3875 4698 remittere
3905 4643 4056 4698 sole-

2461 4758 2542 4797 re.
2577 4744 2652 4797 Ac
2697 4759 2799 4795 non
2824 4741 2960 4796 istud
2983 4746 3033 4794 in
3061 4741 3159 4794 hoc
3176 4741 3289 4794 solo
3308 4739 3424 4793 loco
3442 4737 3578 4802 facit,
3602 4751 3785 4790 verum
3813 4734 4042 4789 etalibi.

2463 4836 2525 4890 Si
2551 4838 2704 4898 enim,
2736 4835 2927 4903 inquit,
2951 4833 3101 4899 offers
3129 4849 3310 4885 manus
3348 4842 3486 4883 tuum
3521 4829 3588 4882 ad
3627 4830 3818 4891 altare,
3844 4836 3890 4880 et
3939 4827 4054 4880 illic

2461 4926 2752 4979 recordatus
2783 4926 2960 4995 fueris,
2989 4924 3122 4992 quod
3150 4923 3306 4990 frater
3337 4932 3452 4975 tuus
3481 4921 3625 4974 habet
3648 4919 3839 4987 aliquid
3862 4919 4054 4973 adver-

2460 5031 2572 5069 sum
2596 5025 2674 5079 te,
2705 5014 2785 5066 abi
2809 5015 3046 5082 primum,
3081 5023 3132 5065 ut
3162 5013 3492 5066 reconcilieris
3517 5013 3663 5081 fratri
3689 5021 3802 5074 tuo,
3836 5027 3894 5062 ac
3939 5021 4055 5064 tum

2461 5106 2658 5158 veniens
2699 5104 2831 5169 o/i'er
2879 5121 3062 5157 munus
3109 5113 3247 5156 tuum
3277 5103 3486 5172 (Matth.
3516 5103 3568 5156 5.
3601 5103 3688 5157 25.
3722 5102 3836 5174 24).
3885 5100 4056 5157 Vides

2463 5211 2618 5260 quam
2671 5195 2862 5263 ubique
2925 5194 3035 5246 suis
3086 5202 3265 5246 nostra
3313 5202 3634 5262 anteponat,
3667 5207 3958 5261 pacemque
3997 5205 4057 5248 et

2461 5289 2736 5342 caritatem
2783 5286 3143 5355 proximorum
3197 5299 3404 5339 summo
3454 5286 3568 5339 loco
3621 5284 3953 5337 constituat?
3982 5285 4056 5340 Et

2464 5393 2647 5432 rursus
2667 5378 2788 5430 alibi
2813 5399 2824 5431 :
2853 5376 3162 5442 Quicumque
3191 5375 3423 5443 repudiat
3460 5391 3666 5428 uxorem
3707 5391 3882 5437 suam,
3913 5392 4050 5442 pna-

2464 5478 2685 5538 terquam
2712 5475 2903 5521 ratione
2926 5468 3183 5530 adulterii,
3213 5483 3322 5519 eam
3352 5467 3631 5520 adulterari
3655 5468 3774 5535 facit
3804 5463 3966 5522 (Ibid.
3997 5484 4049 5522 υ.

2464 5561 2575 5632 3'2).
2602 5562 2703 5615 Per
2734 5562 2951 5614 Paulum
2982 5571 3154 5613 autem
3185 5559 3320 5612 hanc
3348 5559 3515 5628 h-gem
3543 5559 3732 5621 sancit,
3755 5557 3814 5611 Si
3833 5558 3948 5627 quis
3975 5562 4057 5612 vir

2464 5670 2668 5708 uxorem
2693 5653 2836 5706 habet
2852 5653 3127 5722 infidelem,
3147 5655 3284 5719 eique
3303 5653 3497 5722 placeat
3523 5669 3635 5704 cum
3660 5653 3768 5720 ipso
3793 5653 4053 5720 habitare,

2467 5763 2528 5800 ne
2550 5745 2765 5799 dimittat
2811 5760 2918 5800 eam
2945 5745 3016 5816 (Ι.
3043 5743 3160 5826 Cor.
3280 5743 3383 5814 l2).
3413 5742 3563 5811 Quod
3590 5743 3633 5800 si
3664 5742 3899 5800 adultera
3932 5744 4050 5812 sit,
