4218 6294
196 390 265 449 29
629 391 699 449 ω
738 391 970 457 ILLUD,
1009 388 1260 457 PATER,
1304 387 1365 447 SI
1401 387 1758 446 POSSiBILE
1794 388 1951 457 EST,
1994 388 2393 461 TRANSEAT,
2434 390 2588 449 ETC.
2618 424 2688 436 —
2713 392 3056 469 MONITUM.
3400 399 3476 458 ω

197 503 388 574 inquit,
420 505 705 576 ejiciatur;
732 508 778 563 si
818 517 996 563 autem
1049 506 1279 563 iniidelis
1314 508 1416 573 sit,
1458 522 1527 564 ne
1554 508 1790 579 expella-

196 606 277 651 tur
308 614 322 651 :
355 598 427 662 si,
456 598 650 669 inquit,
679 600 732 655 in
758 610 810 656 te
839 601 1181 672 peccaverit,
1205 601 1496 666 abscinde;
1526 603 1570 658 si
1601 603 1653 659 in
1680 619 1789 669 me,

1897 507 1968 566 de
1981 510 2171 566 alienis
2438 509 2723 566 collectam
2755 508 3009 565 facillime
3035 511 3339 581 poterimus
3351 526 3502 570 suns-

1898 615 2118 658 movere
2149 618 2165 656 :
2190 601 2237 656 si
2266 600 2410 657 enim
2430 599 2741 657 meminisse
2763 610 2977 671 oportet
3005 601 3346 670 delictorum,
3373 617 3499 676 pro-

195 686 452 744 detlncas.
486 688 561 744 Ita
599 698 656 745 et
686 690 792 757 hic,
820 706 941 748 cum
974 700 1119 747 tanta
1156 704 1375 762 peccata
1419 694 1703 749 adversum
1730 708 1791 751 se
1898 691 2136 761 priorum
2166 698 2367 747 tantum
2399 690 2709 756 meminisse
2735 699 2984 761 oportet;
3008 691 3152 763 quod
3183 693 3228 747 si
3261 693 3495 766 proprio-

193 781 479 865 eommissa
508 792 693 849 erant,
726 784 935 839 veniam
963 784 1139 850 dedit,
1171 800 1292 840 cum
1323 795 1501 842 autem
1531 785 1789 843 adversus
1896 797 2015 838 rum
2066 798 2337 839 memores
2394 781 2675 848 fuerimus,
2724 797 3015 855 numquam
3068 784 3244 840 aliene
3301 782 3513 840 delicta

189 885 551 940 conservum,
599 875 722 931 licet
770 877 975 931 minora
1028 877 1415 948 paucioraque,
1451 894 1786 950 nequaquam

187 964 415 1031 remisit,
445 965 542 1021 sed
576 966 834 1023 ultionem
860 978 1215 1039 persequutus
1234 979 1319 1025 est
1346 987 1359 1024 :
1383 982 1435 1026 et
1460 971 1545 1026 hic
1568 971 1784 1042 quidem

191 1068 304 1109 sitm
334 1056 627 1112 scelestum
655 1059 962 1129 appellavit,
988 1061 1095 1116 illic
1126 1076 1195 1116 ne
1222 1062 1389 1118 verbo
1414 1061 1629 1133 quidem
1652 1076 1784 1118 con-

190 1143 440 1200 tristavit.
471 1146 536 1201 Et
580 1147 703 1203 ideo
740 1148 838 1211 ,hic
880 1150 1010 1205 illud
1064 1166 1279 1221 quoque
1322 1152 1631 1223 adjunctum
1678 1162 1779 1219 est,

182 1236 322 1303 quod
350 1234 605 1293 dominus
635 1238 803 1294 iratus
826 1239 1107 1296 tradiderit
1135 1257 1258 1297 eum
1291 1240 1585 1299 tortoribus
1616 1262 1629 1297 :
1659 1258 1779 1299 cum

181 1334 358 1383 autem
389 1329 458 1384 ab
484 1329 574 1384 illo
602 1331 919 1402 reposcebat
940 1332 1202 1388 rationem
1229 1333 1410 1391 decies
1441 1336 1588 1391 mille
1615 1336 1783 1391 talen-

181 1428 321 1487 tum,
346 1419 480 1475 nihil
511 1422 811 1478 istiusmodi
838 1421 1077 1479 additum
1108 1423 1206 1479 fuit
1246 1443 1261 1479 :
1295 1435 1353 1480 ut
1379 1424 1644 1495 intelligas
1671 1427 1779 1482 illic
1812 1470 1817 1474 .

178 1511 393 1580 quidem
416 1512 681 1567 calculum
709 1513 1032 1571 subductum
1061 1514 1251 1585 fuisse,
1291 1531 1397 1573 non
1427 1518 1658 1585 irarum,
1683 1519 1778 1575 sed

179 1602 577 1671 sollicitudinis,
601 1619 722 1675 qua
751 1606 920 1662 veniat
949 1606 1126 1663 locum
1172 1613 1403 1679 pararet:
1438 1609 1559 1665 ‘lloc
1597 1618 1776 1665 autem

177 1700 456 1762 peccatum
482 1693 759 1750 dominum
782 1695 943 1766 plane
971 1696 1328 1753 exacerbavit.
1352 1697 1489 1767 Quid
1514 1699 1673 1770 igitur
1695 1710 1779 1756 est

175 1782 326 1855 pejus
347 1783 560 1863 injuria
580 1785 977 1853 recordatione,
993 1802 1115 1843 eum
1146 1787 1527 1860 benignitatem
1552 1790 1643 1847 Dei
1664 1791 1776 1862 jam

172 1874 547 1946 depromptam
578 1886 821 1943 revocet,
853 1887 910 1933 et
942 1894 1063 1950 qua:
1102 1894 1207 1936 non
1249 1888 1538 1951 potuerunt
1562 1874 1776 1939 efﬁcere

170 1965 270 2021 alia
317 1977 539 2036 peccata
564 2008 579 2034 ,
612 1966 730 2024 hac
767 1967 970 2025 efficiat
1012 1970 1089 2024 ira
1118 1970 1377 2025 adversus
1423 1972 1723 2041 proximum
1752 1973 1776 2026 τ

171 2057 349 2128 Atque
379 2058 641 2128 scriptum
672 2067 777 2128 est,
812 2059 906 2116 Dei
953 2060 1093 2117 dona
1138 2076 1259 2119 esse
1295 2063 1413 2119 sine
1459 2065 1773 2133 paenitentia

169 2147 348 2218 (Rom.
382 2149 475 2206 il.
498 2150 617 2222 29).
647 2148 758 2207 Cur
785 2151 946 2222 igitur
971 2152 1059 2209 hie
1102 2164 1224 2225 post
1255 2154 1509 2212 eductum
1536 2171 1731 2211 munus
1753 2198 1769 2224 ,

167 2247 287 2308 post
300 2255 643 2313 progressam
665 2242 1045 2314 benignitatem
1066 2286 1084 2313 ,
1109 2245 1367 2302 reductus
1391 2255 1473 2303 est
1492 2247 1772 2304 calculus?

120 2361 123 2363 -
168 2328 396 2400 Propter
423 2332 634 2403 injuria:
671 2335 988 2390 memoriam
1022 2352 1036 2389 :
1065 2337 1417 2407 quamobrem
1465 2354 1572 2394 non
1618 2354 1770 2395 erra-

168 2420 303 2480 verit
350 2422 495 2492 quis,
522 2423 567 2478 si
619 2416 724 2481 hoc
768 2434 1050 2495 peccatum
1093 2428 1240 2484 onmi
1293 2438 1514 2500 peccato
1557 2433 1773 2501 gravius

166 2516 481 2580 pwnnntiet
514 2533 529 2570 :
556 2516 661 2571 alia
688 2517 831 2572 enim
863 2519 1044 2575 omnia
1082 2519 1295 2576 veniam
1339 2521 1629 2592 impetrare
1662 2538 1764 2593 po-

169 2614 417 2674 tlterunt,
443 2605 584 2664 istud
614 2609 790 2664 solum
831 2611 969 2666 adeo
1014 2626 1125 2668 non
1179 2613 1352 2683 potuit
1393 2614 1602 2670 veniam
1647 2615 1765 2670 adi-

170 2698 295 2765 pisci
317 2738 333 2765 ,
366 2708 428 2754 ut
448 2700 561 2770 jam
606 2700 803 2770 deleta,
832 2711 885 2758 et
922 2703 1034 2773 jam
1060 2705 1323 2761 exstincta
1371 2706 1566 2762 iterum
1606 2722 1767 2764 reno-

168 2790 321 2844 varit.

232 2879 387 2935 Nihil
416 2882 491 2935 ita
522 2880 659 2938 Deus
684 2884 793 2938 odit
816 2892 872 2940 ut
898 2894 1115 2940 mentem
1143 2903 1413 2943 memorem
1443 2889 1668 2961 injuria.
1692 2921 1765 2934 -——

166 2972 369 3043 Duplex
416 2975 580 3045 igitur
624 2977 826 3033 malum
869 2978 1116 3048 pertinax
1144 2979 1353 3051 injuriae
1384 2982 1644 3038 memoria
1665 3025 1681 3051 ,
1710 2993 1766 3039 et

163 3065 303 3135 quod
348 3066 550 3122 nullam
590 3069 993 3141 excusationem
1030 3071 1171 3141 apud
1223 3071 1392 3128 Deum
1440 3074 1675 3141 habeat,
1708 3084 1764 3132 et

163 3153 302 3223 quod
334 3156 538 3227 reliqua
568 3166 792 3229 peccata
812 3159 924 3229 jam
953 3163 1175 3216 remissa
1206 3162 1401 3219 iterum
1431 3172 1677 3231 revocet,
1706 3175 1763 3222 et

162 3258 348 3303 contra
376 3264 480 3305 nos
505 3251 977 3320 constituat.Quod
1007 3254 1179 3325 ipsum
1209 3263 1264 3311 et
1292 3254 1382 3310 hic
1410 3254 1608 3311 factum
1637 3264 1720 3313 est
1744 3275 1757 3311 :

164 3336 295 3393 nihil
325 3340 497 3406 enim,
529 3341 664 3396 nihil
690 3342 912 3398 omnino
940 3344 1011 3397 ita
1045 3344 1188 3399 Deus
1210 3344 1343 3410 odit,
1368 3356 1424 3401 et
1444 3354 1723 3403 aversatur
1742 3388 1758 3413 ,

162 3438 219 3483 ut
236 3430 511 3487 hominem
541 3431 865 3489 offensarum
890 3448 1212 3501 memorem,
1242 3442 1299 3491 et
1328 3436 1533 3493 tenacis
1559 3438 1673 3492 irze.
1696 3437 1759 3491 Et

164 3520 287 3576 illud
316 3522 539 3592 quidem
568 3525 834 3595 pmipue
862 3541 929 3581 ex
957 3525 1059 3581 hoc
1089 3525 1210 3581 loco
1243 3526 1578 3594 declaravit,
1610 3536 1665 3582 et
1692 3542 1757 3582 ex

162 3613 400 3669 oratione
424 3654 440 3680 ,
469 3613 523 3669 in
552 3629 655 3684 qua
682 3615 843 3685 jussit
882 3629 979 3671 nos
1006 3616 1077 3670 ita
1104 3614 1286 3672 dicere
1318 3634 1333 3674 ε
1366 3615 1573 3671 Dimitte
1616 3617 1759 3671 nobis

161 3701 323 3757 debita
348 3713 525 3759 nostra
544 3746 559 3770 ,
590 3706 719 3760 sicut
744 3716 789 3761 et
810 3722 901 3761 nos
921 3707 1221 3762 dimittimus
1248 3708 1553 3764 debitoribus
1572 3710 1758 3763 nostris

165 3790 371 3857 (Matth.
402 3795 457 3850 6.
489 3794 601 3865 l2).
629 3796 755 3852 llzee
794 3798 955 3868 igitur
982 3800 1162 3853 omnia
1212 3799 1378 3867 docti,
1418 3808 1473 3855 et
1505 3801 1756 3870 parabola

166 3886 257 3941 ista
298 3888 353 3943 in
392 3887 647 3945 cordibus
690 3889 966 3961 inscripta,
1010 3905 1133 3945 cum
1180 3892 1591 3963 cogitaverimus
1637 3908 1755 3962 quae

164 3977 299 4045 passi
321 3990 508 4035 sumus
550 3994 582 4035 a
611 3982 913 4047 conservis,
945 3983 1253 4052 cogitemus
1278 3998 1399 4053 qum
1426 3981 1652 4037 fecimus
1698 3984 1753 4039 in

164 4063 327 4135 ipsum
352 4068 661 4141 Dominum,
682 4080 739 4128 et
765 4079 909 4129 metu
936 4074 1273 4144 propriorum
1301 4073 1587 4129 criminum
1619 4074 1751 4130 iram

1893 876 2305 947 supputabimus
2334 893 2347 930 :
2375 885 2567 931 contra
2607 875 2651 930 si
2698 874 2914 931 illorum
2945 876 3353 942 obliviscamur,
3392 875 3513 932 ista

1892 963 2102 1019 facilius
2131 965 2568 1020 obversabuntur
2598 966 2798 1020 nostris
2818 966 3251 1036 cogitationibus.
3279 965 3414 1021 Nam
3443 974 3495 1020 et

1890 1053 1979 1110 hic
1998 1056 2044 1110 si
2068 1054 2251 1110 decies
2272 1055 2421 1111 mille
2450 1056 2770 1111 talentorum
2816 1072 3026 1112 memor
3067 1056 3261 1113 fuisset
3283 1098 3299 1124 ,
3326 1042 3491 1112 num-

1888 1161 2049 1216 quam
2070 1155 2288 1203 centum
2320 1146 2661 1203 denariorum
2691 1147 3120 1203 recordationem
3162 1148 3492 1203 retinuisset.

1889 1236 2016 1293 ideo
2042 1248 2324 1309 postquam
2368 1238 2581 1294 illorum
2628 1238 2828 1294 oblitus
2870 1249 3025 1307 erat,
3062 1240 3258 1295 factum
3290 1248 3405 1303 cst,
3438 1250 3492 1295 ut

1887 1343 2210 1386 conservum
2231 1329 2538 1395 sull‘ocaret,
2563 1338 2619 1386 et
2640 1346 2807 1400 pauca
2834 1330 3021 1386 volens
3050 1332 3285 1401 exigere,
3319 1346 3494 1401 neque

1889 1420 1978 1475 illa
2034 1421 2250 1491 quidem
2296 1428 2616 1491 assequutus
2668 1433 2789 1487 est;
2851 1421 2949 1477 sed
2996 1432 3052 1477 et
3105 1421 3291 1478 decies
3345 1423 3494 1479 mille

1887 1513 2213 1568 talentorum
2258 1512 2458 1568 molem
2508 1514 2562 1568 in
2615 1528 2772 1569 suum
2814 1514 2982 1583 ipsius
3035 1522 3198 1584 caput
3242 1514 3488 1569 retraxit.

1883 1604 2144 1671 Quocirca
2173 1602 2429 1659 audacter
2457 1604 2648 1660 dixero
2672 1645 2687 1671 ,
2730 1605 2878 1659 omni
2925 1614 3149 1674 peccato
3184 1604 3325 1659 istud
3366 1621 3492 1676 gra-

1885 1698 2001 1751 vius
2030 1710 2151 1752 esse
2181 1713 2195 1750 :
2226 1696 2468 1767 quinimo
2498 1712 2605 1751 non
2634 1712 2737 1768 ego
2777 1696 2879 1751 hoc
2906 1696 3054 1761 dico,
3102 1697 3199 1753 sed
3244 1698 3492 1754 Christus

1886 1801 1983 1855 per
2006 1787 2316 1856 parabolam
2367 1787 2522 1842 istam
2575 1788 2716 1843 istud
2760 1787 3073 1843 declaravit.
3103 1788 3160 1843 Si
3186 1788 3330 1844 enim
3380 1804 3487 1845 non

1881 1876 2069 1932 decem
2099 1876 2336 1931 millibus
2361 1878 2649 1945 talentum,
2674 1878 2777 1933 hoc
2805 1887 2889 1934 est
2912 1919 2928 1945 ,
2960 1877 3315 1935 inell'abilibus
3359 1894 3487 1950 pee-

1880 1968 2015 2023 catis
2041 1966 2184 2022 istud
2205 1968 2424 2038 gravius
2454 1976 2620 2035 esset,
2654 1982 2990 2050 nequaquam
3017 1967 3177 2039 hujus
3203 1982 3363 2025 causa
3391 1969 3483 2025 illa

1878 2058 2060 2113 omnia
2081 2058 2191 2130 jam
2218 2058 2414 2114 donata
2448 2069 2697 2117 revocata
2728 2059 2976 2116 fuissent.
3014 2059 3158 2115 Nihil
3207 2061 3367 2132 igitur
3411 2062 3483 2117 ita

1877 2150 2214 2218 studeamus,
2245 2166 2407 2222 quam
2448 2160 2509 2213 ut
2549 2152 2651 2223 ipsi
2693 2152 2770 2206 ira
2800 2166 3090 2219 vacemus,
3120 2160 3175 2207 et
3205 2152 3361 2208 nobis
3400 2152 3484 2207 in-

1878 2242 2060 2299 fensos
2109 2244 2524 2300 reconciliemus
2558 2261 2570 2297 :
2602 2260 2726 2301 cum
2780 2244 2912 2300 illud
2957 2246 3214 2310 sciamus,
3274 2243 3477 2299 nullam

1878 2351 1978 2392 nec
2001 2336 2325 2405 orationem,
2355 2336 2455 2393 nec
2499 2340 2920 2410 eleemosynam,
2948 2353 3048 2394 nec
3071 2338 3360 2409 jejunium,
3380 2352 3483 2394 nec

1879 2429 2347 2501 participationem
2376 2433 2758 2503 mysteriorum
2779 2473 2795 2500 ,
2825 2440 2917 2487 ant
2940 2431 3088 2487 aliud
3112 2431 3411 2503 quidpiam,
3434 2433 3479 2488 si

1879 2533 2149 2576 memores
2177 2520 2507 2577 offensarum
2551 2522 2739 2587 simus,
2772 2522 2930 2577 nobis
2964 2522 3288 2592 patrocinari
3321 2536 3482 2594 posse

1879 2612 1932 2667 in
1965 2612 2053 2667 illa
2076 2612 2164 2669 die
2194 2630 2207 2667 :
2235 2622 2297 2669 ut
2342 2622 2530 2669 contra
2573 2613 2618 2670 si
2661 2612 2765 2669 hoc
2806 2623 3087 2684 peccatum
3138 2629 3481 2685 superemus.

1877 2703 2094 2758 etiamsi
2142 2704 2291 2759 mille
2341 2704 2553 2760 delictis
2605 2705 2871 2775 inquinati
2898 2706 3104 2773 simus,
3140 2704 3354 2761 veniam
3380 2706 3477 2759 ali-

1874 2811 2034 2867 quam
2066 2798 2325 2868 consequi
2360 2812 2460 2853 nos
2489 2812 2667 2867 posse.
2698 2786 2807 2853 Nec
2836 2812 2988 2852 meus
3017 2811 3198 2853 sermo
3228 2806 3311 2853 est
3336 2797 3438 2853 istc
3461 2839 3476 2863 ,

1874 2887 1970 2942 sed
2000 2888 2143 2943 illius
2169 2888 2259 2957 qui
2292 2896 2419 2942 tunc
2446 2904 2546 2943 nos
2567 2888 2906 2957 iudicaturus
2930 2894 3014 2944 est
3057 2887 3173 2944 Dei.
3202 2887 3476 2957 Quemad-

1874 2978 2092 3033 modum
2127 2978 2231 3033 hoc
2261 2978 2313 3033 in
2342 2978 2462 3035 loco
2489 2982 2854 3049 pronuntiavit
2878 2998 2891 3034 :
2918 2979 3005 3034 Ita
3029 3022 3044 3046 ,
3078 2981 3325 3051 inquiens
3346 3022 3360 3047 ,
3390 2983 3477 3054 fa-

1874 3072 1969 3125 ciet
1985 3072 2137 3130 f’utcr
2160 3088 2301 3126 meus
2318 3059 2407 3135 ,'si
2452 3088 2553 3127 non
2590 3074 2883 3127 remiseritis
2912 3074 3254 3145 unusquisque
3277 3090 3340 3128 ea:
3357 3088 3475 3127 cor-

1873 3160 2017 3215 dibus
2059 3163 2252 3216 vestris.
2286 3161 2354 3215 Et
2394 3178 2605 3217 rursum
2661 3162 2787 3217 alibi
2818 3180 2831 3215 :
2867 3164 2929 3217 Si
2976 3162 3270 3217 remiseritis
3308 3162 3473 3215 Itami-

1872 3251 2017 3306 nibus
2045 3251 2228 3305 delicta
2252 3268 2346 3305 sua
2364 3294 2379 3318 ,
2411 3254 2626 3307 remittet
2656 3261 2702 3307 et
2742 3250 2879 3307 vobis
2900 3256 3050 3313 Pater
3078 3262 3238 3307 vester
3263 3253 3476 3308 calcatis

1872 3340 2084 3412 (Matth.
2112 3342 2211 3398 '18.
2234 3344 2304 3399 55
2333 3353 2379 3398 et
2408 3342 2461 3397 ϐ.
2495 3344 2612 3415 li).
2641 3342 2713 3399 Ut
2749 3344 2908 3413 igitur
2940 3351 2995 3399 et
3024 3343 3111 3397 hic
3140 3351 3472 3399 mansuetam

1870 3443 1924 3489 et
1944 3435 2127 3489 mitem
2154 3450 2377 3505 agamus
2417 3436 2603 3503 vitam,
2626 3443 2681 3489 et
2718 3434 2826 3490 illic
2852 3436 3061 3490 veniam
3101 3444 3155 3491 et
3194 3437 3474 3494 remissio-

1870 3539 1996 3579 nem
2020 3524 2362 3581 obtineamus
2392 3542 2404 3579 :
2434 3525 2757 3582 studendum
2785 3541 2849 3583 ac
2877 3528 3229 3600 satagendum
3256 3539 3341 3587 est
3359 3572 3373 3597 ,
3416 3541 3474 3585 ut

1866 3624 2129 3687 quotquot
2156 3616 2416 3673 habemus
2436 3617 2705 3686 inimicos,
2727 3633 2823 3675 eos
2844 3619 2998 3675 nobis
3018 3621 3428 3677 reconciliemus
3455 3638 3469 3674 :

1866 3709 1938 3762 ita
1956 3708 2097 3764 enim
2123 3718 2177 3763 et
2199 3708 2481 3764 Dominum
2504 3717 2767 3774 nostrum,
2789 3710 2998 3765 etiamsi
3025 3712 3327 3766 sexcenties
3347 3727 3470 3781 pec-

1865 3801 2204 3867 caverimus,
2262 3800 2419 3856 nobis
2461 3800 2961 3866 reconciliabimus,
3008 3813 3063 3857 et
3105 3801 3279 3856 futura
3332 3802 3467 3857 bona

1865 3890 2243 3961 adipiseemur,
2266 3891 2461 3961 quibus
2508 3905 2607 3946 nos
2646 3889 2836 3961 dignos
2869 3900 2998 3963 opto
3024 3892 3139 3948 fieri
3159 3933 3175 3959 ,
3202 3890 3371 3963 gratia
3415 3901 3472 3949 et

1862 3980 2200 4036 humanitate
2229 3981 2439 4036 Domini
2466 3984 2635 4037 nostri
2665 3980 2794 4038 Iesu
2822 3982 3057 4049 Christi,
3086 3985 3170 4041 cui
3216 3984 3384 4056 gloria
3416 3994 3472 4041 ct

1860 4072 2146 4145 imperium
2176 4074 2231 4129 in
2278 4074 2477 4131 sarcula
2518 4074 2858 4133 mulorum.
2887 4075 3081 4133 Amen.

398 4661 477 4727 [Ν
516 4666 745 4729 ILLUD
768 4710 786 4742 ,
830 4669 1077 4729 PATER
1105 4715 1121 4745 ,
1167 4671 1239 4734 SI
1278 4652 1660 4737 POSSiBILE
1702 4675 1842 4738 EST
1865 4724 1881 4754 ,
1922 4679 2326 4744 TRANSEAT
2366 4683 2416 4743 Α
2457 4681 2569 4742 ME
2607 4681 2831 4744 CALIX
2870 4682 3077 4761 ISTE,
3103 4704 3238 4750 κτα.

180 4870 267 4926 bus
295 4874 661 4942 supplantare.
715 4875 871 4933 Unde
900 4878 1069 4948 liquet
1106 4880 1394 4940 hereticos
1430 4884 1553 4942 illos
1576 4925 1592 4951 ,
1632 4887 1725 4957 qui
1766 4888 1964 4947 Filium
1998 4890 2160 4949 Patre
2197 4894 2464 4951 minorem
2490 4936 2507 4963 ,
2548 4895 2763 4967 ipsique
2799 4896 3122 4954 dissimilem
3158 4897 3435 4964 dicebant,

178 5000 369 5057 nempe
394 4988 715 5057 Anomteos,
754 4989 1135 5063 Chrysostomi
1166 4998 1526 5055 coneionibus
1555 4997 2057 5061 interfulsse.lllud
2102 5015 2285 5064 autem
2334 5006 2649 5081 frequenter
2694 4986 3002 5068 Antiochiae
3041 5014 3334 5080 accidisse,
3379 5022 3436 5070 et

177 5105 467 5163 prasentes
490 5095 776 5159 hereticos
798 5098 1253 5173 Chrysostomum
1281 5108 1622 5180 confutasse,
1647 5114 1764 5185 ipse
1790 5116 1995 5174 diserte
2018 5118 2118 5185 ait,
2147 5118 2319 5177 Tomo
2352 5122 2370 5177 Ι
2403 5122 2471 5179 de
2495 5094 3045 5195 incomprehensibili
3080 5136 3271 5183 contra
3321 5129 3432 5183 An-

173 5221 383 5266 emmos
414 5226 470 5281 p.
502 5210 632 5276 450,
662 5210 1013 5288 idipsumque
1040 5228 1227 5289 postea
1252 5222 1629 5298 subindicatp.
1654 5228 1781 5297 525,
1806 5240 1936 5302 etp.
1966 5232 2092 5300 509,
2123 5234 2177 5289 in
2209 5234 2324 5293 haec
2363 5238 2712 5309 verbaqueis
2742 5236 2995 5296 Christus
3018 5238 3237 5296 Petrum
3266 5254 3429 5311 repu-

173 5322 247 5395 lit,
287 5328 439 5384 Vade
466 5340 588 5400 post
620 5332 967 5403 me,Satana,
993 5346 1127 5405 etc.,
1152 5340 1342 5397 eadem
1374 5357 1513 5413 pene
1541 5345 1659 5417 ipsa
1682 5364 1802 5419 qua:
1828 5350 1918 5407 hic
1946 5353 2111 5423 paulo
2142 5364 2266 5425 post
2296 5357 2514 5414 initium
2537 5358 2728 5428 habes,
2753 5361 3058 5434 iisdemque
3092 5362 3203 5420 fere
3245 5362 3427 5419 verbis

171 5458 586 5505 commemorat.
621 5449 991 5518 Quamobrem
1025 5459 1331 5528 putaverim
1357 5461 1499 5520 hanc
1526 5463 1807 5521 homiliam
1838 5466 2143 5527 Antiochiae
2176 5470 2419 5528 habitam
2453 5474 2656 5544 fuisse,
2695 5494 2796 5535 nec
2826 5480 2918 5537 diu
2962 5488 3086 5551 post
3129 5481 3251 5538 illas
3284 5496 3422 5537 eon-

171 5567 242 5613 tra
276 5560 582 5619 Anomtnos
611 5563 911 5635 Homilias;
950 5571 1097 5640 quod
1130 5580 1311 5629 tamen
1343 5577 1680 5647 conjectura
1709 5589 1916 5658 tantum
1956 5583 2077 5643 loco
2106 5584 2312 5643 dictum
2336 5588 2427 5645 sit.

232 5695 611 5771 interpretatio
639 5700 827 5761 Latina
862 5714 945 5765 est
978 5706 1270 5769 Frontonis
1304 5711 1503 5772 Ducaci.
