4218 6294
778 412 845 476 ξι
1473 411 1527 464 S.
1563 410 1848 469 JOANNIS
1884 409 2315 496 ειιιιγδοετοι

2430 409 2747 493 Αιιοιῃερ.
2789 408 3328 468 CONSTANTINOP.
3951 412 4020 469 ss

781 610 4015 638 ww

2131 817 2231 920 tn
2313 817 2667 922 lLLUD,
2737 833 2739 835 ί

748 1113 975 1169 parum,
1021 1114 1078 1162 st
1136 1111 1450 1162 rosststu
1494 1113 1627 1167 ss'r,
1673 1109 2000 1152 “russus
2042 1111 2079 1153 Α
2145 1110 2237 1156 κε
2278 1111 2315 1176 c

2425 1111 2464 1152 x
2511 1094 2710 1153 κη’-τ
2761 1109 3200 1154 unumunum
3247 1108 3370 1151 non
3414 1107 3597 1152 stcur
3656 1107 3780 1156 IGO
3838 1107 4023 1166 vaso,

827 1213 946 1254 seu
988 1212 1165 1256 SICUT
1206 1213 1288 1254 τυ
1336 1195 1354 1271 (
1399 1191 1634 1254 Matth.
1680 1191 1780 1250 26.
1827 1189 1954 1273 39)
1991 1210 2007 1251 :
2045 1178 2126 1251 ετ
2167 1207 2418 1252 comas
2460 1208 2943 1264 usucromsus,
2991 1209 3072 1251 nr
3115 1207 3516 1260 IANICIBOS,
3565 1209 3647 1251 In-
3689 1207 3864 1262 quon
3919 1209 4026 1257 IN?

822 1312 1076 1354 GERERE
1142 1312 1215 1354 SE
1282 1309 1607 1354 PEBICULIS
1677 1309 1801 1352 NON
1869 1309 2223 1368 OPORTEAT,

823 1413 1031 1457 renus:
1077 1393 1190 1488 (τι).

2295 1310 2412 1378 ξεί)
2478 1309 2638 1356 omn
2721 1310 3080 1357 VOLUNTATI
3142 1313 3251 1356 DEI
3325 1311 3753 1366 γοωκτλτειι
3821 1313 4024 1373 ANTE-

2190 1561 2559 1618 «male

816 1709 865 1759 1.
908 1704 1230 1763 Proluudam
1275 1704 1565 1762 sectionem
1610 1717 1780 1773 nuper
1807 1703 2093 1758 inﬂiximus
2123 1703 2186 1757 iis
2224 1701 2314 1772 qui

742 1795 1044 1864 [tradantur
1065 1801 1120 1852 et
1147 1792 1280 1848 alios
1326 1808 1420 1863 per
1443 1793 1718 1853 avaritiam
1755 1792 2002 1858 fraudare
2029 1801 2320 1858 conantur;

740 1900 846 1944 non
883 1895 942 1942 ut
970 1899 1062 1941 eos
1087 1884 1510 1950 vulneraremus,
1552 1884 1645 1938 sed
1677 1891 1735 1937 ut
1770 1897 1863 1938 eos
1887 1884 2277 1953 corrigeremus
2305 1900 2318 1935 :

740 1991 846 2034 non
881 1975 1022 2045 quod
1051 1976 1293 2042 homines
1331 1975 1456 2033 odio
1485 1989 1888 2046 prosequamur,
1928 1974 2021 2029 sed
2048 1974 2189 2045 quod
2221 1976 2322 2028 im-_-

737 2069 1052 2137 probitatem
1081 2084 1409 2124 aversemur.
1434 2067 1868 2137 Quandoquidem
1900 2067 2138 2124 medicus
2162 2068 2321 2122 etiam

737 2168 886 2214 secat
925 2161 1095 2228 ulcus,
1139 2177 1241 2216 non
1283 2160 1423 2232 quod
1467 2175 1612 2229 aegro
1653 2160 1723 2214 sit
1761 2158 2004 2224 infestus,
2046 2159 2140 2215 sed
2180 2160 2322 2230 quod

739 2250 984 2304 morbum
1026 2261 1080 2304 et
1108 2252 1298 2306 vulnus
1337 2259 1628 2320 oppugnet.
1672 2250 1784 2319 Age
1821 2250 2089 2319 paululum
2127 2251 2322 2320 quietis

737 2339 896 2398 hodie
931 2341 1125 2408 demus
1167 2341 1319 2408 ipsis,
1367 2348 1427 2394 ut
1478 2353 1506 2392 a
1557 2339 1740 2393 dolore
1783 2339 1985 2409 possint
2032 2341 2317 2409 respirare,

734 2445 908 2499 neque
937 2431 1245 2500 frequenter.
1267 2430 1356 2484 icti
1384 2447 1414 2484 a
1447 2429 1707 2484 medicina
1732 2429 1988 2484 resiliant.
2017 2428 2090 2483 lta
2124 2430 2321 2485 faciunt

735 2531 790 2582 et
831 2521 1022 2593 medici
1050 2538 1064 2574 :
1097 2523 1380 2592 emplastra
1427 2529 1544 2589 post
1588 2523 1854 2574 sectiones
1903 2521 2210 2589 imponunt.
2255 2536 2319 2575 ac

735 2610 1146 2676 medicamenta,
1176 2621 1284 2668 tum
1325 2612 1522 2678 aliquot
1549 2609 1664 2668 dies
1691 2609 1827 2668 elabi
1858 2610 2058 2676 sinunt,
2089 2609 2214 2664 dum
2253 2625 2316 2665 ea

736 2701 1060 2769 excogitant,
1083 2715 1201 2769 quae
1221 2699 1461 2757 dolorem
1491 2698 1694 2767 possint
1721 2698 1979 2768 mitigare.
2008 2700 2122 2753 Hos'
2137 2700 2318 2769 utique

731 2805 833 2850 nos
856 2791 1016 2846 etiam
1063 2790 1222 2846 hodie
1248 2789 1539 2855 imitemur,
1581 2804 1643 2850 ac
1678 2788 2043 2861 indulgeamus
2084 2790 2232 2859 ipsis,
2261 2799 2317 2844 ut

728 2893 796 2940 ex
824 2893 1071 2939 sermone
1099 2888 1284 2937 nostra
1304 2880 1581 2934 utilitatem
1607 2878 1883 2954 percipere
1911 2877 2142 2945 valeant,
2167 2892 2228 2932 ac
2248 2877 2316 2938 de

726 2967 1065 3045 dogmatibus
1113 2969 1348 3030 instituta
1392 2967 1748 3036 disputatione
1789 2981 2093 3027 sermonem
2136 2966 2203 3029 ad
2250 2981 2315 3031 ea

727 3071 849 3125 qua:
877 3056 1012 3120 lecta
1039 3065 1162 3112 sunt
1206 3057 1564 3118 traducamus.
1593 3055 1725 3109 Nam
1755 3063 1809 3122 et
1851 3055 2046 3124 multos
2073 3071 2315 3126 qttmrere

727 3147 981 3214 arbitror,
1025 3163 1129 3218 qua
1158 3149 1229 3205 de
1262 3162 1426 3210 causa,
1448 3147 1585 3210 dicta
1617 3147 1730 3218 haec
1757 3147 1862 3210 sint
1895 3162 1925 3213 θ
1955 3146 2172 3202 Christo
2207 3167 2219 3201 :
2253 3162 2316 3203 ac

727 3237 1020 3301 verisimile
1060 3247 1142 3293 est
1191 3253 1284 3299 eos
1306 3239 1393 3308 qui
1433 3238 1627 3304 adsunt
1667 3237 1946 3298 haereticos
1995 3238 2110 3292 haec
2153 3239 2314 3293 verba

732 3328 992 3398 arripere,
1028 3329 1334 3400 multosque
1363 3315 1427 3384 ex
1457 3328 1707 3383 fratribus
1749 3328 2162 3399 simplicioribus
2188 3344 2314 3400 sup-

729 3418 986 3487 plantare.

801 3508 970 3582 Lectio
1003 3510 1110 3571 sine
1130 3510 1459 3580 intelligentia
1496 3527 1598 3564 non
1629 3510 1850 3580 prodest.
1877 3540 1944 3550 —
1971 3509 2043 3570 Ut
2081 3510 2238 3578 igitur
2257 3517 2314 3575 et

730 3599 941 3658 illorum
971 3602 1340 3669 propulsemus
1383 3585 1630 3666 insultas,
1662 3609 1714 3655 et
1743 3615 1835 3655 eos
1864 3601 1952 3670 qui
1989 3601 2313 3669 qumstiones

730 3699 1054 3781 putponunt,
1078 3692 1342 3752 anxietate
1378 3707 1442 3746 ac
1472 3691 1868 3761 perturbatione
1897 3692 2203 3756 liberemus,
2234 3691 2314 3752 Ιοτ

729 3778 852 3838 cum
907 3778 1063 3840 istum
1124 3789 1508 3848 pertractantes
1560 3781 1750 3844 borum
1802 3780 2086 3844 verborum
2137 3794 2305 3847 espo-

733 3871 912 3943 sitioui
942 3869 1019 3925 sic
1044 3872 1411 3937 immorentur,
1443 3883 1497 3928 ut
1531 3874 1832 3933 reconditos
1859 3887 2097 3952 quasque
2119 3888 2312 3936 sensus

732 3962 1071 4030 attingamus.
1098 3961 1212 4024 Non
1241 3964 1384 4020 enim
1420 3965 1613 4018 sufﬁcit
1652 3964 1834 4029 lectio,
1879 3965 1979 4019 nisi
2011 3963 2228 4018 accedat
2257 3971 2312 4017 et

732 4051 964 4122 cognitio
1005 4069 1018 4104 :
1055 4067 1176 4105 nam
1223 4061 1278 4106 et
1323 4051 1594 4117 Caudaees
1635 4053 1908 4108 eunuchus
1947 4051 2175 4121 legebat,
2217 4053 2314 4107 scd

730 4156 1006 4211 quousuue
1036 4151 1227 4209 [ιι-ωειο
1269 4141 1366 4196 fuit
1392 4145 1479 4212 qui
1510 4143 1725 4198 doceret
1749 4157 1893 4208 eum,
1923 4141 2047 4212 quid
2076 4140 2204 4196 illud
2229 4156 2315 4196 es-

726 4240 811 4302 set
838 4231 978 4301 quod
1006 4231 1233 4311 legebat,
1262 4247 1364 4286 non
1397 4247 1637 4302 magnam
1668 4232 1789 4287 inde
1816 4232 2095 4286 utilitatem
2125 4246 2311 4301 perce-

739 4320 817 4396 pit
843 4319 977 4388 (Act.
1003 4318 1054 4371 8.
1078 4319 1168 4371 27.
1192 4320 1358 4399 ειη).
1372 4317 1450 4373 Ne
1474 4318 1638 4387 igitur
1661 4315 1799 4370 idem
1829 4314 1980 4368 vobis
2001 4316 2309 4395 contingat,

739 4425 799 4477 ea
824 4425 942 4481 qua;
965 4408 1223 4468 dicuntur
1240 4409 1504 4464 advertite
1521 4425 1532 4460 :
1549 4406 1812 4461 attendite
1833 4406 2094 4469 animum,
2109 4414 2162 4465 et
2183 4414 2301 4473 stu-

739 4503 949 4565 diosam
972 4501 1102 4555 mihi
1124 4509 1358 4555 mentem
1387 4500 1652 4570 praebete:
1680 4495 1789 4550 aeri
1814 4496 1883 4550 sit
1909 4496 2024 4549 acie
2042 4495 2308 4564 prteditus

724 4587 932 4655 Oculus,
961 4596 1193 4665 attentus
1228 4588 1548 4651 intellectus,
1582 4588 1758 4643 anima
1784 4588 1926 4642 curis
1966 4589 2308 4652 smcularihus

727 4680 993 4747 expedita,
1042 4696 1111 4736 ne
1157 4681 1208 4734 in
1239 4681 1437 4747 Spiuas.
1485 4695 1584 4734 nec
1631 4681 1682 4733 in
1711 4688 1906 4749 petras,
1941 4696 2116 4749 neque
2153 4696 2307 4736 secus

726 4768 865 4838 viam
896 4770 1053 4841 verba
1079 4783 1385 4841 spargamus
1415 4767 1563 4839 (Luc.
1596 4769 1648 4823 8.
1678 4770 1710 4824 5
1732 4769 1867 4838 -8);
1906 4769 1997 4823 sed
2027 4769 2306 4828 fecundum

727 4871 789 4928 ac
817 4862 1008 4928 pingue
1030 4857 1293 4928 quoddam
1321 4872 1505 4914 arvum
1536 4857 1794 4922 colentes,
1827 4858 2045 4913 uberem
2073 4869 2304 4930 segetem

726 4946 1074 5012 demetantus.
1105 4948 1161 5020 Si
1189 4949 1329 5003 enim
1359 4948 1459 5003 hoc
1490 4959 1645 5018 pacto
1685 4949 1919 5003 sermoni
1950 4957 2176 5003 attentas
2215 4965 2308 5020 au-

725 5052 814 5104 res
841 5038 1194 5108 prmbueritis,
1222 5055 1341 5119 eum
1386 5039 1639 5105 leviorem
1670 5038 1821 5093 nobis
1845 5038 2082 5092 laborem
2111 5038 2305 5117 redde-

729 5129 818 5193 tis,
849 5141 956 5184 tum
984 5129 1244 5195 efficietis,
1274 5140 1328 5183 ut
1360 5129 1563 5198 [acilius
1593 5129 1665 5192 id,
1690 5129 1828 5198 quod
1853 5130 2130 5196 qureritur,
2157 5145 2309 5197 repe-

727 5219 840 5274 rire
880 5220 1112 5288 possitis.
1145 5221 1278 5286 Quid
1317 5221 1473 5289 igitur
1503 5221 1693 5283 lectum
1719 5221 1841 5273 est?
1870 5219 2044 5286 Pater,
2080 5222 2122 5273 .ςὶ
2149 5222 2312 5290 passi:

725 5308 823 5385 bile
843 5319 932 5374 est,
962 5321 1182 5363 transeat
1209 5329 1237 5367 a
1267 5328 1340 5365 me
1366 5313 1502 5365 calix
1532 5312 1626 5381 iste
1656 5311 1864 5382 (Matth.
1899 5312 1991 5366 26.
2031 5312 2146 5383 59).
2174 5313 2311 5385 Quid

726 5399 936 5475 tandem
971 5401 1106 5453 istud
1154 5413 1235 5455 est
1274 5401 1414 5471 quod
1440 5401 1607 5456 dicit?
1635 5401 1741 5455 Nos
1769 5403 1910 5456 enim
1956 5413 2188 5474 Oportet,
2222 5403 2316 5472 ubi

732 5490 880 5561 prius
927 5491 1207 5545 verborum
1259 5489 1473 5546 sensum
1517 5494 1948 5563 exposuerimus,
1992 5494 2311 5548 solutionem

725 5576 915 5650 deinde
940 5580 1278 5652 subiungere.
1315 5582 1451 5647 Quid
1483 5582 1638 5651 igitur
1664 5582 1830 5636 dicit?
1861 5583 2034 5648 Pater,
2078 5584 2120 5636 si
2150 5583 2308 5653 possi-

787 5732 859 5791 (a)
883 5735 1066 5801 tta-illata
1086 5750 1195 5786 cum
1215 5743 1294 5785 διδ.
1319 5737 1464 5798 negio
1493 5731 1631 5796 1038,
1655 5737 1734 5799 qui
1753 5750 1900 5801 pauca
1922 5737 2126 5788 exhibet
2146 5736 2310 5785 lectio

729 5807 842 5843 nutu
865 5794 1152 5846 discrimina.

2433 1698 2541 1754 bile
2576 1708 2678 1768 est,
2725 1701 2951 1757 transfer
2985 1717 3014 1756 a
3068 1716 3155 1758 me
3199 1716 3432 1758 crucem.
3483 1702 3623 1770 Quid
3660 1703 3780 1758 ais?
3816 1705 4024 1775 ignorat

2430 1789 2569 1844 sitne
2593 1787 2696 1844 hoc
2722 1791 2994 1861 possibile,
3024 1806 3092 1846 an
3118 1807 3227 1846 non
3253 1793 3505 1863 possibile
3524 1793 3548 1847 τ
3569 1791 3700 1862 Quis
3722 1793 3824 1848 hac
3844 1794 4024 1850 dicat?

2431 1881 2545 1938 Etsi
2578 1882 2736 1937 verba
2766 1883 3061 1951 ignorantis
3081 1884 3189 1940 sint
3222 1903 3235 1938 :
3267 1899 3390 1940 nam
3422 1885 3536 1940 haec
3561 1884 3781 1950 additio,
3811 1884 3893 1950 Si,
3920 1885 4022 1941 du-

2431 1970 2647 2030 bitantis
2707 1982 2822 2037 est;
2869 1989 3075 2039 verum,
3128 1983 3186 2028 ut
3235 1974 3368 2038 dixi,
3415 1989 3521 2028 non
3579 1983 3792 2044 Oportet
3843 1977 4020 2032 verbis

2429 2063 2725 2131 adluerere,
2755 2065 2850 2119 sed
2893 2065 2961 2120 ad
3005 2078 3163 2118 sensa
3210 2064 3470 2128 converti,
3502 2074 3555 2120 et
3597 2080 3816 2135 scopum
3857 2080 4020 2123 nosse

2427 2153 2676 2222 dicentis,
2706 2162 2762 2211 et
2797 2169 3014 2212 causam
3052 2164 3108 2212 et
3135 2157 3492 2223 occasionem,
3526 2157 3877 2228 omnibusque
3901 2158 4019 2212 col-

2427 2243 2580 2299 lectis
2618 2259 2834 2307 sensum
2879 2246 2934 2304 in
2973 2246 3052 2303 eis
3098 2246 3352 2311 latentem
3406 2246 3677 2317 indagare.
3727 2248 4018 2306 lnetl‘abilis

2427 2351 2552 2406 ergo
2590 2336 2869 2406 sapientia,
2903 2337 2991 2392 ille
3019 2339 3107 2408 qui
3146 2339 3359 2394 Patrem
3404 2340 3476 2393 ita
3518 2340 3686 2407 navit,
3717 2351 3773 2396 ut
3818 2341 4014 2399 Filium

2426 2427 2572 2480 novit
2602 2427 2777 2492 Pater,
2824 2429 2917 2498 qui
2959 2429 3134 2499 potuit
3173 2428 3275 2484 hoc
3319 2431 3602 2500 ignorare?
3645 2431 3827 2502 Neque
3868 2435 4015 2490 enim

2426 2515 2596 2585 major
2647 2525 2732 2572 est
2777 2519 3011 2588 cognitio
3063 2520 3362 2590 passionis,
3417 2537 3576 2590 quam
3626 2522 3711 2578 illa
3769 2533 4014 2592 natura,

2424 2621 2583 2675 quam
2613 2607 2760 2662 salus
2807 2609 2920 2678 ipse
2968 2610 3118 2664 novit
3153 2621 3362 2665 exacte.
3405 2611 3554 2667 Sicut
3597 2614 3731 2668 enim
3771 2616 3910 2668 norit
3936 2631 4018 2670 me

2425 2696 2598 2763 Pater,
2632 2699 2821 2769 inquit,
2851 2711 2898 2754 et
2927 2717 3018 2772 ego
3055 2719 3277 2772 agnosco
3305 2701 3515 2757 Patrem
3554 2703 3736 2774 (Im.
3769 2707 3855 2762 l0.
3892 2707 4012 2778 15).

2424 2788 2490 2842 Et
2512 2788 2639 2858 quid
2690 2788 2811 2852 dico
2853 2789 2922 2847 de
2973 2793 3246 2861 unigenito
3285 2793 3375 2848 Dei
3419 2792 3600 2849 Filio?
3650 2795 3782 2849 Nam
3838 2812 4016 2867 neque

2423 2879 2698 2949 prOphctze
2738 2881 2985 2938 videntur
3022 2884 3075 2937 id
3112 2884 3408 2953 ignorasse,
3451 2884 3544 2940 sed
3589 2885 3868 2941 manifeste
3915 2904 4017 2942 no-

2421 2971 2583 3035 visse,
2615 2969 2888 3040 multaque
2908 2987 3029 3026 cum
3057 2973 3456 3028 asseveratione
3480 2974 3811 3043 prtedixisse,
3841 2991 4010 3047 opor-

2424 3071 2535 3115 tere
2559 3070 2618 3115 ut
2648 3062 2749 3116 hoc
2775 3063 2945 3130 fieret,
2976 3075 3137 3134 atque
3167 3065 3218 3118 id
3245 3066 3465 3120 omnino
3495 3065 3751 3123 futurum.

2494 3149 2678 3219 ῌαήω
2716 3153 2975 3223 integritas
3026 3170 3087 3207 ac
3137 3155 3353 3222 paritas.
3423 3153 3675 3210 Mimanta
3725 3157 3913 3213 Christi
3957 3161 4016 3216 in

2422 3249 2600 3310 marte,
2656 3240 2800 3309 Alere
2843 3244 3206 3312 prophetarum
3269 3249 3446 3316 futura
3495 3247 3896 3316 prtediceutittnt.
3939 3280 4017 3293 —

2420 3328 2558 3389 Audi
2600 3345 2733 3386 sane
2759 3346 2864 3402 quo
2901 3342 3058 3402 pacto
3097 3333 3304 3390 diversa
3339 3337 3546 3392 ratione
3588 3354 3774 3394 omnes
3794 3355 4014 3398 crucem

2417 3421 2795 3488 prmnuntient.
2826 3421 3036 3476 Primus
3068 3433 3148 3486 est
3183 3422 3348 3479 Iacob
3372 3427 3673 3496 patriarcha
3701 3446 3713 3482 :
3743 3410 4009 3500 siquidem

2417 3506 2484 3560 ad
2512 3509 2684 3577 ipsum
2709 3525 3014 3565 sermonem
3043 3512 3281 3582 dirigens
3303 3515 3378 3568 ait
3402 3532 3416 3568 :
3444 3514 3530 3570 Ex
3543 3519 3787 3586 genuine,
3809 3521 3886 3588 ﬁli
3915 3524 4010 3589 uti,

2419 3599 2688 3661 ascendisti
2713 3597 2868 3666 (Gen.
2898 3599 2987 3654 49.
3021 3600 3100 3670 9,),
3145 3617 3364 3673 germen
3392 3605 3595 3661 scilicet
3625 3609 3884 3678 virginem
3908 3626 4010 3666 vo-

2415 3702 2544 3745 cans
2568 3730 2582 3754 ,
2637 3699 2692 3757 et
2730 3690 2910 3756 Maria:
2941 3692 3298 3763 integritatem
3330 3709 3392 3756 ac
3420 3697 3704 3764 puritatem
3737 3701 3834 3755 hac
3876 3716 4012 3757 voco

2416 3780 2748 3850 significans.
2773 3781 2911 3844 Tum
2941 3798 3156 3840 crucem
3186 3784 3476 3856 designans
3503 3787 3715 3845 dicebat
3741 3809 3754 3843 :
3783 3789 4008 3847 Recum-

2418 3872 2535 3942 bens
2561 3869 2808 3936 darmt'isti
2835 3883 2890 3937 ut
2920 3874 3018 3938 lea,
3045 3883 3090 3935 et
3114 3876 3259 3946 quasi
3285 3880 3482 3937 catulus
3503 3878 3683 3946 leonis,
3707 3882 3820 3952 quis
3839 3885 4005 3938 susci-

2419 3959 2537 4025 tabit
2564 3975 2677 4025 eum
2704 3959 2872 4031 (ML)?
2900 3962 3123 4017 Mortem
3147 3965 3342 4034 quippe
3369 3966 3745 4023 dormitionem
3782 3971 3923 4026 illius
3951 3984 4006 4030 et

2415 4063 2666 4120 somnum
2687 4051 2991 4119 appellavit,
3015 4062 3067 4106 et
3095 4064 3318 4124 mortem
3341 4070 3460 4120 cum
3499 4061 3888 4122 reSurrectione
3914 4079 4011 4120 co-

2415 4140 2632 4210 pulavit,
2674 4141 2857 4212 dicens
2907 4158 2919 4194 :
2969 4142 3095 4206 Quis
3135 4145 3524 4200 suscitabiteum
3548 4147 3574 4204 ἲ
3599 4149 3750 4203 Alius
3786 4151 4004 4220 quidem

2418 4247 2594 4296 nemo,
2637 4231 2730 4286 sed
2776 4233 2893 4302 ipse
2940 4235 3194 4302 scipsum.
3229 4234 3564 4305 Quapropter
3601 4239 3810 4293 dicebat
3848 4243 4010 4298 etiam

2415 4321 2658 4378 Christus
2689 4322 3028 4394 :Potcstatem
3057 4325 3219 4395 [rubea
3267 4327 3487 4400 ponendi
3519 4329 3740 4397 animum
3763 4347 3946 4399 meam,
3963 4343 4012 4387 et

2415 4424 2706 4484 potestatem
2717 4417 3114 4492 habea'sumendi
3129 4434 3239 4470 eam
3259 4417 3433 4492 (Joan.
3457 4418 3543 4473 10.
3573 4418 3660 4489 18)
3685 4435 3698 4472 :
3721 4428 3775 4474 et
3801 4437 4010 4488 rursus,

2415 4508 2610 4563 Solvite
2648 4509 2884 4577 templum
2909 4513 3025 4574 Itoc,
3054 4520 3100 4563 et
3130 4511 3181 4563 in
3213 4511 3370 4564 tribus
3414 4509 3586 4569 diebus
3628 4513 3852 4576 excitabo
3877 4514 4013 4569 illud

2415 4599 2540 4677 (Id.
2580 4601 2770 4675 2.19).
2801 4603 2935 4677 Quid
2956 4619 3112 4676 porro
3129 4613 3209 4656 est
3225 4603 3372 4667 illud,
3393 4603 3657 4672 [incubans
3687 4605 3935 4660 dormiiin
3957 4619 4012 4663 ut

2415 4689 2677 4744 lea?Sicut
2693 4691 2774 4744 leo
2792 4693 3038 4745 nimirum
3054 4707 3158 4745 non
3178 4693 3347 4747 solum
3366 4692 3491 4746 dum
3513 4694 3716 4763 vigilat,
3738 4695 3828 4749 sed
3846 4697 4006 4751 etiam

2412 4782 2538 4835 dum
2553 4782 2768 4858 dormit,
2783 4782 3134 4838 formidabilis
3155 4793 3234 4838 est
3259 4802 3270 4837 :
3301 4784 3375 4837 sic
3395 4793 3449 4837 et
3475 4784 3720 4841 Christus
3751 4802 3854 4840 non
3881 4797 4009 4841 ante

2411 4887 2623 4928 crucem
2641 4881 2864 4937 tantum,
2879 4873 2971 4927 sed
2989 4884 3042 4927 et
3057 4874 3109 4926 in
3130 4873 3239 4942 ipsa
3257 4888 3437 4940 cruce,
3458 4883 3617 4944 atque
3640 4875 3690 4929 in
3706 4877 3815 4942 ipsa
3835 4885 4008 4933 morte

2414 4962 2761 5020 formidabilis
2784 4963 2899 5028 fuit,
2921 4979 3214 5033 magnaque
3237 4972 3347 5018 tum
3377 4964 3632 5022 miracula
3663 4964 3850 5030 edidit,
3877 4964 4004 5021 dum

2412 5057 2538 5113 solis
2593 5071 2806 5112 cursum
2853 5065 2996 5111 retro
3042 5055 3322 5121 convertit,
3364 5065 3544 5124 petras
3588 5055 3760 5126 scidit,
3811 5065 4001 5112 terram

2414 5151 2731 5227 tremefecit,
2748 5150 2921 5203 velum
2946 5150 3124 5227 templi
3146 5148 3424 5214 conscidit,
3451 5149 3601 5202 uxori
3624 5148 3776 5202 Pilali
3803 5160 4006 5205 metum

2414 5241 2612 5309 injecit,
2643 5224 2833 5295 Judam
2875 5224 3131 5310 coarguit.
3172 5241 3306 5294 Tum
3347 5240 3492 5295 enim
3541 5241 3673 5294 dixit
3732 5259 3744 5293 :
3791 5237 4009 5294 Peccavi

2430 5339 2641 5392 tradens
2666 5337 2970 5406 sanguinem
3008 5335 3329 5386 innocentem
3356 5329 3573 5400 (Matth.
3599 5329 3688 5380 27.
3714 5331 3789 5394 4).
3827 5329 4009 5396 Atque

2431 5432 2533 5486 hoc
2548 5430 2705 5485 Pilati
2728 5443 2865 5482 uxor
2892 5423 3344 5484 indicabatJt'i/Jl
3361 5422 3683 5490 tibi,etjusta
3703 5421 3818 5474 isti:
3835 5421 4008 5475 multa

2434 5522 2569 5592 enim
2592 5535 2753 5590 passa
2785 5534 2901 5570 sum
2946 5531 3033 5583 per
3071 5516 3234 5572 visum
3279 5523 3492 5583 propter
3521 5528 3640 5578 eum
3669 5509 3776 5577 (Ib.
3807 5528 3853 5564 υ.
3891 5512 4004 5582 19).

2420 5603 2550 5655 Tum
2596 5602 2780 5656 orbem
2807 5611 3064 5656 terrarum
3101 5599 3333 5652 tenebrae
3362 5607 3708 5668 occuparunt,
3741 5609 3796 5652 et
3824 5597 4008 5654 medio

2423 5701 2503 5748 .Ite
2532 5709 2637 5750 nox
2662 5693 2922 5763 apparuit,
2950 5703 3056 5745 tum
3088 5706 3232 5747 mors
3259 5692 3551 5753 contabuit.
3582 5691 3799 5760 ejusque
3835 5689 3915 5745 vis
3937 5706 4010 5748 ac

2419 5793 2654 5857 potestas
2677 5784 2941 5841 destructa
2959 5792 3038 5840 est
3059 5798 3072 5836 :
3094 5782 3258 5836 multa
3284 5791 3428 5838 certe
3450 5796 3676 5854 corpora
3698 5793 3897 5837 sattctm
3914 5795 4008 5836 tua
