4218 6294
242 372 312 428 ss
885 362 952 420 IN
988 354 1507 431 mearum.
1546 354 1607 416 Si
1645 350 1830 412 posst

1936 351 2009 445 .E
2031 352 2181 423 EST,
2217 352 2615 424 TRANSEA'I',
2654 355 2810 414 ETC.
3246 427 3250 431 ,
3474 363 3544 421 51

234 501 329 559 qut
343 482 706 547 dormierunt,
732 486 1100 535 surrexerunt.
1126 473 1253 531 [lace
1277 473 1406 529 olim
1429 471 1723 544 prxdieens
1746 484 1839 539 pa-
1888 480 1891 484 '

244 575 577 641 trisrclta,et
609 570 901 633 ostendens
944 570 1091 624 illum
1124 568 1284 623 etiam
1307 564 1624 625 cruciﬁxum
1655 561 1841 617 formi-

238 664 474 730 dabilem
494 664 639 729 fore,
666 661 916 721 dicebat:
956 659 1227 715 Recubans
1252 655 1501 713 dormiisti
1524 666 1578 711 ut
1600 655 1678 708 leo
1699 668 1719 707 :
1742 668 1840 707 nec

239 754 704 832 dixit,‘Dormies,
742 752 836 808 sed
866 750 1150 815 Dormiisti,
1199 758 1479 818 propterea
1525 743 1669 816 quod
1708 743 1835 799 illud

232 848 462 905 omnisse
489 856 607 904 erat
631 844 888 899 futurum.
919 841 1032 907 llos
1049 841 1191 899 enim
1218 839 1305 895 hic
1324 849 1405 894 est
1430 837 1837 909 prophetarum,

234 946 296 995 ut
327 936 516 992 multis
539 937 615 992 in
661 936 791 991 locis
825 943 1096 1003 tamquam
1126 932 1395 1003 prtetcrita
1424 929 1599 983 futura
1640 926 1835 998 praadi-

231 1035 383 1093 eant,
430 1025 563 1089 l‘hm
605 1020 1057 1097 quemadmodum
1099 1023 1212 1078 ﬁeri
1241 1021 1465 1091 nequit,
1497 1029 1557 1074 ut
1581 1034 1700 1089 qua:
1726 1018 1837 1089 jam

232 1127 555 1184 evenerunt,
598 1132 702 1174 non
746 1117 996 1178 eveniant
1023 1133 1037 1168 :
1068 1115 1140 1171 ita
1163 1128 1335 1189 neque
1364 1120 1420 1169 ut
1447 1110 1559 1186 bne
1578 1151 1592 1175 ,
1626 1110 1837 1165 tametsi

232 1204 476 1277 futurum
530 1216 633 1273 est,
685 1221 793 1261 non
831 1205 1063 1267 eveniat.
1106 1204 1397 1277 Propterea
1450 1201 1701 1257 nimirum
1744 1216 1838 1271 per

230 1300 476 1369 speciem
506 1299 763 1368 temporis
800 1299 908 1369 iam
944 1298 1196 1367 prmteriti
1231 1296 1406 1352 futura
1456 1295 1833 1367 pramuntiant.

232 1399 291 1445 ut
320 1389 428 1452 lue
448 1391 656 1449 ratione
680 1390 793 1451 ﬁeri
825 1406 929 1445 non
957 1404 1115 1460 posse
1131 1388 1454 1460 signiﬁcent,
1482 1387 1609 1458 quin
1635 1378 1835 1442 exitum

232 1479 473 1538 habeant
497 1495 563 1537 ac
583 1494 805 1551 prorsus
825 1479 1097 1536 eveniant.
1124 1479 1215 1535 Sic
1234 1480 1396 1535 etiam
1428 1477 1595 1532 David
1620 1491 1835 1532 crucem

228 1570 529 1642 designans
554 1571 729 1626 aiebat
754 1586 771 1635 ξ
798 1569 846 1623 F
847 1571 1059 1629 oderunt
1086 1585 1267 1626 manus
1283 1578 1503 1634 nteas,et
1524 1566 1675 1637 pedes
1700 1582 1839 1622 nicas

230 1662 412 1735 (Ραυο
438 1663 530 1722 είο
559 1664 673 1733 17).
695 1662 811 1717 Νοη
835 1663 985 1730 dixit,
1016 1661 1261 1727 Fodient,
1292 1660 1387 1715 sed
1420 1658 1702 1714 Foderunt.
1732 1656 1834 1712 Di-

228 1763 628 1808 uumeraaerunt
669 1754 841 1809 omnia
868 1770 982 1808 assa
1010 1768 1121 1807 mea
1148 1750 1256 1824 (Ib.
1286 1767 1334 1805 υ.
1368 1749 1482 1823 18).
1511 1750 1625 1806 Nec
1659 1750 1834 1804 solum

230 1846 349 1900 lucc
394 1844 554 1911 dixit,
601 1844 697 1900 sed
735 1845 894 1900 etiam
919 1860 1006 1911 ea,
1034 1859 1153 1915 qua:
1176 1860 1207 1898 a
1238 1842 1495 1897 militibus
1520 1841 1655 1897 facta
1688 1848 1832 1896 sunt.

229 1933 529 1990 Dieiserunt
554 1936 651 1989 sibi
688 1936 979 1996 vestimenta
1011 1952 1142 2000 mea,
1183 1944 1234 1989 et
1257 1951 1411 2005 super
1439 1943 1622 1990 vestem
1669 1948 1834 1987 means

227 2026 480 2081 misaunt
520 2035 705 2082 sortem
744 2024 851 2097 (Ib.
879 2041 927 2080 υ.
976 2027 1087 2097 19).
1130 2024 1313 2095 Neque
1361 2024 1461 2079 ltoc
1489 2023 1687 2091 solum,
1738 2021 1834 2077 sed

226 2117 392 2176 etiam
436 2116 583 2188 quod
632 2131 755 2175 eum
804 2115 928 2172 felle
979 2117 1247 2181 cibarttnt,
1274 2124 1508 2170 etaceto
1534 2125 1830 2183 potarum:

226 2206 495 2269 Dederunt
537 2207 704 2271 enim,
753 2208 944 2278 inquit,
974 2207 1027 2260 in
1054 2223 1220 2260 escam
1241 2222 1425 2259 'meam
1456 2205 1546 2277 fel,
1581 2212 1629 2259 et
1663 2205 1715 2259 in
1745 2203 1831 2257 siti

224 2314 339 2354 mea
381 2308 685 2371 potuerunt
724 2284 805 2352 me
827 2310 966 2352 aceto
1006 2298 1175 2369 (Psal.
1202 2298 1291 2353 68.
1324 2298 1441 2370 22).
1470 2298 1622 2352 Alius
1649 2312 1834 2353 rursus

223 2404 351 2453 eum
376 2370 588 2444 'lancea
616 2370 930 2459 percussum
976 2389 1045 2443 ab
1072 2390 1179 2443 illis
1210 2387 1373 2444 fuisse
1410 2398 1591 2442 narrat
1624 2406 1638 2441 :
1687 2388 1835 2441 Vide.

225 2481 350 2541 bunt
370 2480 539 2545 enim,
566 2480 756 2551 inquit,
780 2480 1373 2548 inquemtransﬁxerunt
1396 2478 1579 2549 (Zach.
1607 2478 1690 2537 12.
1718 2478 1832 2548 10).

224 2570 394 2626 Isaias
435 2580 614 2625 autem
665 2585 852 2626 rursus
890 2571 1045 2625 aliter
1070 2586 1281 2625 crucem
1332 2569 1696 2639 praenuntiatus
1746 2569 1830 2623 di-

224 2662 434 2719 cebat:
481 2664 629 2718 Sicut
674 2664 781 2731 ovis
818 2662 887 2717 ad
929 2663 1231 2719 occisionem
1285 2664 1465 2716 ductus
1494 2675 1584 2727 est,
1614 2670 1662 2715 et
1703 2663 1835 2715 sicut

224 2769 391 2824 agnus
451 2768 624 2806 coram
668 2754 903 2815 tondesue
943 2769 998 2807 se
1044 2762 1213 2805 mutus
1239 2793 1255 2819 ,
1306 2753 1379 2806 sic
1420 2768 1520 2807 non
1552 2754 1835 2822 aperuit“

225 2859 400 2897 suum.
428 2842 501 2897 In
536 2843 823 2909 humilitate
856 2846 965 2915 ejus
999 2843 1254 2919 judicium
1281 2845 1441 2912 ipsius
1470 2844 1726 2902 sublatum
1756 2854 1831 2899 est

225 2933 383 3004 (Isai.
410 2935 503 2991 ss.
534 2933 691 3005 7.8).

295 3026 354 3081 2.
399 3026 622 3081 Mortem
665 3025 895 3089 Christus
924 3026 1090 3086 subire
1131 3042 1232 3081 non
1273 3026 1536 3081 recusavit.
1569 3024 1832 3082 Mirabilia

222 3121 388 3175 crucis
429 3135 609 3189 opera.
661 3148 734 3159 -—
766 3118 848 3180 Tu
897 3134 1025 3174 vero
1071 3118 1200 3177 mihi
1232 3118 1480 3182 observa,
1508 3132 1618 3189 quo
1668 3126 1824 3187 pacto

224 3212 595 3281 musquisqne
640 3211 864 3265 istorum
919 3219 1189 3279 tamquam
1222 3209 1292 3265 de
1331 3210 1493 3265 rebus
1538 3209 1827 3279 praeteritis

226 3305 391 3361 verba
441 3302 621 3367 faciat,
664 3313 723 3359 ut
756 3318 818 3360 ea
865 3304 1023 3373 plane
1048 3303 1223 3358 futura
1247 3343 1262 3367 ,
1303 3311 1359 3358 et
1399 3303 1516 3357 sine
1544 3302 1820 3357 contradi—

223 3397 406 3452 ctione
430 3406 688 3451 eventura
718 3410 812 3464 per
834 3394 939 3450 hoc
966 3404 1178 3464 tempus
1211 3388 1478 3451 ostchdat.
1510 3394 1584 3450 lta
1608 3409 1824 3465 quoque

225 3485 390 3540 David
451 3485 556 3541 hoc
592 3484 849 3555 judicium
891 3484 1202 3539 describens
1238 3485 1459 3540 aiebat:
1496 3485 1665 3551 Quare
1717 3484 1825 3554 fre-
1878 3510 1879 3513 η

224 3587 462 3642 miserunt
486 3586 659 3648 gentes
676 3616 693 3642 ,
723 3584 771 3629 et
796 3576 975 3646 populi
1004 3576 1232 3637 meditati
1254 3587 1371 3632 sunt
1402 3577 1576 3629 inania
1599 3577 1624 3630 7
1651 3576 1826 3635 Adsti-

222 3679 387 3724 teruut
427 3685 573 3741 reges
614 3678 782 3735 terra,
812 3657 869 3721 et'
901 3669 1154 3739 principes
1202 3680 1539 3723 convenerunt
1576 3670 1630 3723 in
1659 3686 1819 3723 unum

220 3760 464 3815 adversm
494 3758 813 3826 (Dominum,
842 3768 889 3814 et
931 3760 1170 3817 adversus.
1200 3758 1459 3815 Christum
1504 3761 1615 3832 ejus
1646 3760 1822 3831 (Psal.

221 3851 353 3907 ιι.
385 3851 469 3926 2).
521 3850 707 3920 Neque
750 3866 881 3906 vero
909 3850 1168 3919 judicium
1220 3840 1524 3908 tantum-et
1573 3867 1817 3919 crucem,

223 3960 452 4017 qua:un
481 3945 533 3999 in
556 3938 722 3999 cruce
751 3946 1108 4014 contigerunt,
1137 3954 1549 4012 commemorat,
1576 3946 1672 4000 sed
1700 3961 1822 3999 eum

223 4051 437 4108 quoque
461 4034 552 4107 qui
583 4034 801 4089 tradidit
829 4075 845 4101 ,
869 4034 1012 4105 quod
1043 4036 1295 4099 nimirum
1320 4037 1739 4103 contubernalis,
1772 4046 1827 4091 et

224 4126 470 4198 ejusdem
500 4126 766 4197 particeps
789 4141 991 4183 mensze
1016 4127 1192 4183 luerit.
1224 4128 1324 4196 Qui
1351 4124 1495 4184 enim
1526 4128 1703 4184 edebat
1731 4146 1826 4200 pa-

223 4236 310 4275 sses
334 4236 497 4287 meos,
526 4220 867 4290 magni/icavit
892 4237 1047 4289 super
1070 4221 1625 4291 mesupplantationem
1644 4220 1821 4293 (Psal.

222 4312 311 4368 ω.
361 4311 477 4383 1ο).
509 4310 709 4368 Vocem
746 4327 959 4381 quoque
1000 4313 1079 4367 sic
1114 4311 1290 4379 ell‘ert,
1320 4328 1479 4383 quam
1525 4312 1825 4369 emissurus

222 4412 337 4458 erat
381 4404 437 4458 in
477 4392 680 4458 cruce:
724 4402 885 4467 Deus,
937 4402 1074 4459 Deus
1122 4420 1283 4475 meus,
1313 4420 1471 4473 quare
1509 4422 1588 4459 me
1638 4406 1826 4460 dereli-

222 4478 373 4567 quiin
395 4494 575 4564 (Psal.
601 4494 692 4549 2|.
717 4494 775 4565 2)
800 4494 825 4549 τ
868 4495 1003 4550 Tum
1031 4496 1334 4565 sepulcrum
1364 4512 1547 4553 rursus
1579 4515 1594 4552 :
1628 4496 1826 4551 Posue-

222 4599 341 4640 runt
373 4604 457 4640 me
480 4589 533 4640 in
561 4588 678 4641 lacu
718 4589 916 4657 infimo,
948 4588 1001 4641 in
1032 4588 1303 4643 tenebrosis
1324 4599 1371 4643 et
1399 4590 1451 4643 in
1478 4591 1655 4644 umbra
1680 4608 1823 4644 mor-

223 4679 287 4732 tis
336 4677 513 4749 (Psal.
571 4678 661 4736 87.
714 4677 791 4748 ϐ).
835 4679 900 4733 Ει
940 4680 1388 4737 resurrectionem
1439 4702 1452 4736 :
1505 4680 1627 4736 Non
1676 4683 1821 4737 enim

222 4771 546 4838 derelinques
568 4771 791 4825 animam
826 4788 987 4825 meam
1014 4773 1065 4826 in
1096 4773 1318 4842 inferno,
1346 4790 1504 4845 neque
1528 4776 1671 4828 dabis
1698 4794 1822 4832 san-

220 4874 359 4935 ctum
408 4874 552 4916 tuum
598 4863 766 4917 videre
805 4858 1177 4935 corruptionem
1228 4864 1248 4937 (
1278 4866 1422 4919 Psal.
1456 4868 1541 4922 15.
1573 4866 1711 4939 10).
1758 4869 1825 4925 Ει

219 4955 597 5011 ascensionem
624 4956 893 5031 :Ascendit
914 4956 1051 5011 Deus
1080 4959 1134 5019 in
1148 4958 1473 5029 jubilatione,
1497 4958 1744 5015 Dominus
1769 4962 1823 5015 in

216 5064 341 5101 race
368 5047 505 5101 tuba
531 5044 706 5118 (Psal.
740 5046 830 5102 ιδ.
852 5046 936 5117 β).
982 5047 1110 5103 Item
1150 5050 1335 5103 sedem
1356 5063 1385 5102 a
1414 5049 1652 5105 dextris:
1678 5052 1822 5107 Dixit

224 5135 486 5191 Dominus
511 5135 728 5191 Domino
757 5154 887 5203 meo,
918 5137 1053 5193 Sede
1080 5156 1114 5193 a
1142 5141 1329 5194 dextris
1362 5142 1503 5207 meis,
1537 5141 1698 5196 donec
1725 5160 1821 5211 po-

223 5250 343 5287 nam
372 5232 605 5287 inimicos
625 5240 739 5286 tuos
758 5233 1032 5302 scabellum
1056 5232 1239 5304 pedum
1270 5244 1473 5288 tuorum
1494 5234 1663 5307 (Psal.
1696 5236 1818 5291 109.

225 5325 301 5392 1).
360 5322 524 5378 lsaias
560 5337 688 5377 vero
741 5338 957 5378 causam
1014 5324 1173 5380 etiam
1226 5327 1493 5394 expressit
1568 5322 1753 5382 (licens
1805 5345 1817 5381 :

226 5416 487 5483 Quoniam
513 5415 578 5470 ab
602 5416 947 5485 iniquitatibus
977 5418 1155 5487 populi
1182 5418 1281 5471 mei
1301 5418 1483 5472 ductus
1509 5420 1665 5473 estad
1681 5437 1819 5472 mor-

221 5519 326 5569 ιαι
353 5509 372 5581 (
398 5505 528 5568 Isai.
561 5508 630 5563 53
670 5506 703 5562 8
721 5505 763 5576 ).
791 5516 846 5562 et
872 5508 1033 5577 quod,
1068 5508 1323 5576 Quoniam
1356 5525 1527 5564 omnes
1552 5512 1680 5565 sicut
1707 5528 1820 5565 oves

216 5608 542 5665 erraverunt,
587 5598 779 5653 ideirco
822 5608 1074 5662 mactatur
1103 5600 1268 5670 (Ibid.
1296 5613 1344 5653 ιι.
1375 5599 1431 5656 6.
1464 5599 1541 5674 7).
1570 5601 1704 5656 Tum
1726 5603 1821 5657 ad-

222 5677 368 5748 jicit,
392 5680 514 5747 quid
545 5696 609 5733 ex
646 5695 712 5733 eo
739 5683 857 5735 boui
881 5694 1269 5753 consequutnm
1297 5686 1385 5747 sit,
1409 5684 1614 5747 dicens,
1646 5684 1825 5740 Liuore

226 5767 453 5835 sinum
472 5785 647 5825 manes
675 5780 838 5826 sanati
866 5788 1038 5828 sumus
1060 5772 1077 5843 (
1103 5771 1183 5827 Ib.
1212 5791 1255 5828 ιν.
1288 5776 1358 5846 5)
1385 5815 1398 5840 ,
1428 5786 1479 5831 et
1500 5776 1658 5845 quod,
1692 5774 1823 5831 I’ec-

1949 478 2065 524 cata
2086 466 2364 525 multorum
2405 472 2520 525 tulit
2554 475 2576 544 (
2592 470 2723 527 Isei.
2751 472 2841 529 53.
2873 472 2940 529 12
2963 472 3009 545 ).
3042 468 3252 546 Ergone
3278 475 3557 547 propheta

1946 562 2162 633 quidem
2179 576 2395 618 crucem
2411 575 2745 627 noverant.et
2761 566 2935 622 crucis
2951 562 3419 641 causam,qu:eque
3435 585 3564 645 pro-

1950 662 2066 721 pter
2077 669 2289 709 crueem
2308 656 2585 709 commoda
2603 656 2955 724 obvenerunt,
2975 667 3029 712 ct
3044 661 3373 729 sepulcrum,
3391 670 3446 718 et
3463 677 3555 719 re-

1946 745 2356 811 surrectionem,
2382 754 2437 800 et
2461 748 2856 815 ascensionem,
2894 739 2947 803 et
2978 749 3357 819 proditionem,
3386 762 3442 809 et
3464 752 3553 824 in:
3614 762 3617 765 ‘

1945 833 2162 899 d'cium,
2194 845 2249 891 et
2278 838 2454 889 Omnia
2482 848 2667 892 exacte
2693 836 3095 909 descripserunt
3129 860 3143 897 :
3174 842 3262 912 Qui
3297 858 3429 896 vero
3448 842 3552 898 mi-

1946 925 2011 977 sit
2036 940 2151 989 eos,
2192 934 2249 980 et
2277 926 2392 981 lucc
2426 928 2530 992 illis
2564 927 2786 984 dicenda
2818 929 3113 998 mandavit,
3154 934 3268 1002 ipse
3297 933 3554 1005 ignorat?

1945 1014 2074 1081 Quis
2110 1032 2361 1089 umquam
2393 1017 2630 1088 prudens
2660 1017 2767 1073 hoc
2804 1019 3000 1083 dixerit
3030 1021 3054 1076 1
3082 1022 3242 1077 Vides
3274 1040 3378 1078 non
3421 1019 3546 1083 esse

1947 1105 2108 1160 verba
2134 1115 2335 1160 tantum
2356 1114 2557 1161 temere
2574 1110 2864 1176 spectanda
2887 1110 2911 1164 i
2939 1126 3044 1165 non
3068 1098 3212 1167 enim
3241 1112 3343 1168 huc
3369 1113 3547 1170 solum

1944 1205 2026 1250 est
2051 1195 2299 1265 dubium,
2330 1198 2423 1253 sed
2452 1209 2509 1254 et
2535 1200 2795 1269 majorem
2819 1201 2894 1268 id,
2927 1202 3070 1272 qttod
3098 1205 3359 1273 sequitur,
3388 1205 3549 1261 dubi-

1946 1284 2089 1341 tandi
2136 1290 2472 1344 occasionem
2518 1290 2695 1351 allert.
2748 1292 2888 1359 Quid
2927 1294 3071 1349 enim
3113 1294 3230 1351 ait?
3260 1295 3439 1363 Pater,
3501 1306 3549 1362 ,ε

1946 1381 2183 1448 possibile
2202 1389 2298 1447 est,
2341 1392 2564 1436 transeat
2589 1400 2620 1437 a
2648 1402 2727 1441 me
2746 1386 2884 1444 calix
2906 1386 3019 1442 iste.
3048 1386 3166 1442 Nan
3199 1388 3343 1443 enim
3370 1389 3547 1444 solum

1946 1470 2219 1539 ignorasse
2263 1472 2578 1540 reperietur,
2624 1475 2716 1528 Sed
2766 1477 2926 1536 etiam
2971 1491 3190 1532 erucem
3237 1464 3542 1536 recusasse.

1944 1560 2070 1618 illnc
2098 1577 2330 1631 namque
2355 1564 2639 1623 verborum
2670 1566 2895 1627 istorum
2922 1577 3003 1622 est
3038 1570 3302 1624 sententia
3334 1588 3346 1625 :
3384 1569 3439 1626 Si
3469 1572 3538 1626 li-

1942 1662 2049 1718 cet,
2072 1654 2264 1723 inquit,
2293 1669 2362 1708 ne
2402 1656 2621 1713 subeam
2653 1672 2890 1725 crucem,
2926 1675 3061 1716 neve
3104 1662 3434 1719 interliciar:
3471 1674 3549 1721 ta.

1942 1745 2098 1798 metsi
2122 1745 2336 1799 Petrum
2366 1748 2733 1815 apostolorum
2773 1751 3067 1821 principem
3102 1751 3205 1813 hoc
3236 1753 3333 1824 ipsi
3358 1754 3547 1809 dicen-

1944 1845 2072 1901 tem,
2105 1834 2373 1905 Propitius
2421 1839 2511 1891 tibi
2550 1849 2673 1904 esto,
2716 1839 2988 1901 Domine:
3028 1860 3130 1898 non
3177 1840 3269 1898 erit
3300 1844 3390 1899 tibi
3429 1846 3543 1912 hoc,

1940 1924 2076 1980 adeo
2102 1925 2449 1982 vehementer
2496 1928 2808 1999 increpavit,
2844 1941 2900 1985 ut
2943 1931 3196 1998 diceret;
3249 1934 3386 1990 Vade
3428 1928 3543 2008 post

1940 2033 2039 2083 tne,
2070 2026 2253 2073 satana
2285 2061 2299 2085 ,
2327 2020 2628 2074 scandalum
2661 2024 2783 2078 mihi
2813 2042 2863 2079 es
2910 2039 2929 2088 ξ
2968 2028 3089 2093 quia
3130 2030 3231 2080 non
3274 2030 3415 2099 sapis
3458 2048 3541 2101 ea,

1939 2123 2052 2176 qua:
2078 2107 2178 2162 Dei
2213 2121 2370 2176 sunt,
2414 2113 2505 2166 sed
2530 2130 2589 2166 ea
2628 2130 2743 2183 qua:
2788 2117 3052 2174 hominum
3081 2118 3298 2185 (Matth.
3334 2121 3419 2175 16.
3451 2120 3545 2187 22,

1938 2199 2054 2270 23):
2081 2201 2239 2270 idque
2269 2216 2389 2256 cum
2422 2203 2637 2281 beatum
2662 2207 2812 2263 illum
2840 2208 2997 2277 paulo
3017 2219 3139 2265 ante
3167 2210 3537 2284 prmdicasscl,

1941 2286 2138 2346 Verum
2174 2292 2313 2347 adeo
2342 2294 2623 2349 videbatur
2647 2298 2940 2352 absurdum
2984 2315 3111 2355 esse
3137 2316 3242 2356 non
3269 2303 3535 2376 cruciﬁgi,

1939 2388 1999 2433 ut
2039 2381 2207 2448 illum,
2241 2384 2327 2454 qui
2381 2399 2411 2438 a
2466 2385 2624 2442 Patre
2663 2389 3047 2445 revelationem
3099 2406 3404 2463 acceperat,
3452 2394 3545 2467 qui

1940 2470 2129 2528 beatus
2148 2474 2322 2532 dictus
2346 2474 2539 2540 fuerat,
2571 2481 2655 2533 cui
2690 2482 2943 2535 actorum
2971 2484 3152 2539 claves
3189 2486 3398 2541 tradita:
3430 2488 3549 2544 fne-

1937 2575 2079 2630 rant,
2113 2580 2359 2622 satanam
2386 2572 2705 2641 appellaret,
2727 2583 2781 2627 et
2809 2576 3147 2641 scandalum,
3177 2595 3239 2632 ac
3272 2591 3543 2651 tamquam

1938 2669 1999 2708 ea
2032 2672 2151 2725 qua:
2184 2657 2275 2711 Dei
2303 2662 2713 2736 sunthminime
2744 2666 3039 2733 sapientem
3086 2680 3384 2739 accusaret,
3421 2686 3547 2743 pro-

1938 2754 2119 2815 plcrea
2142 2749 2282 2818 quod
2314 2750 2542 2817 dixerat,
2576 2752 2840 2824 Propitius
2866 2758 2956 2811 tibi
2984 2768 3109 2825 esto,
3145 2758 3362 2817 Domine
3392 2779 3411 2817 :
3443 2781 3545 2824 non

1910 2854 1913 2857 ί
1939 2839 2034 2891 erit
2060 2839 2149 2892 tibi
2175 2840 2291 2908 hoc,
2322 2851 2381 2896 ut
2406 2844 2759 2915 cruciﬂgaris.
2787 2848 2926 2919 Ergo
2954 2851 3041 2920 qui
3066 2850 3389 2923 discipulum
3413 2869 3546 2912 con-

1938 2932 2172 2985 tumeliis
2208 2932 2408 3001 affecit,
2455 2936 2699 3006 adeoque
2738 2943 2982 3009 graviter
3010 2942 3061 2995 in
3102 2942 3254 2998 illum
3300 2946 3544 3002 invectus

1935 3030 2041 3089 est,
2075 3033 2133 3077 ut
2158 3032 2213 3078 et
2237 3032 2479 3079 satanam
2509 3037 2631 3099 post
2662 3038 2838 3085 tantas
2866 3032 3052 3088 laudes
3079 3035 3399 3104 appellaret,
3417 3040 3542 3108 quia

1935 3112 2163 3180 dixerat,
2196 3115 2272 3171 Ne
2302 3118 2631 3190 crucingaris
2664 3139 2677 3174 :
2707 3137 2813 3191 quo
2841 3112 2997 3193 pacto
3024 3122 3241 3182 nolebat
3269 3128 3382 3197 ipse
3403 3124 3536 3184 cru-

1935 3206 2074 3277 ciligi
2097 3208 2121 3261 ἲ
2145 3206 2429 3274 Quomodo
2455 3227 2585 3266 vero
2625 3224 2811 3283 postea
2853 3215 2979 3271 boui
3016 3221 3213 3286 pastori
3244 3220 3541 3294 depingens

1936 3296 2221 3367 imaginem
2249 3340 2261 3361 ,
2293 3300 2395 3355 hoc
2436 3304 2703 3372 praecipue
2746 3307 2954 3361 virtutis
2983 3309 3101 3378 ejus
3132 3298 3386 3367 indicium
3417 3329 3540 3371 esse

1933 3387 2087 3453 dixit,
2110 3400 2166 3443 ut
2192 3405 2286 3459 pro
2307 3392 2419 3445 suis
2441 3393 2630 3447 ovibus
2645 3394 2939 3459 occidatur,
2960 3398 3232 3455 itadicens
3255 3421 3266 3454 :
3292 3401 3543 3474 Egosum

1933 3490 2110 3548 pastor
2138 3482 2294 3534 bonus
2322 3501 2341 3537 :
2391 3482 2552 3538 bonus
2601 3496 2778 3555 pastor
2823 3488 3051 3543 animam
3100 3508 3245 3545 suam
3280 3495 3422 3566 ponit
3447 3512 3543 3566 pro

1933 3588 1992 3625 os
2016 3573 2109 3627 btts
2150 3572 2329 3644 (Joan.
2365 3576 2451 3631 10.
2484 3577 2605 3648 tl)?
2646 3577 2831 3649 NeQue
2859 3595 2987 3635 vero
3020 3581 3108 3637 hic
3154 3584 3411 3653 substitit,
3445 3588 3542 3644 sed

1931 3666 2126 3735 adjecit
2151 3684 2163 3721 :
2199 3666 2545 3723 Mcrcenarius
2574 3680 2768 3736 autem,
2796 3681 2843 3725 et
2874 3674 2959 3742 qui
2984 3689 3085 3727 non
3114 3685 3186 3727 cst
3225 3687 3423 3746 pastor.
3458 3680 3541 3732 ci-

1934 3758 2014 3811 det
2040 3759 2220 3828 lupum
2248 3761 2523 3814 venientem
2551 3803 2565 3825 ,
2594 3771 2639 3815 et
2671 3762 2878 3816 dimittit
2908 3781 3024 3818 ovcs
3047 3806 3062 3831 ,
3106 3776 3153 3820 et
3178 3767 3310 3837 fugit
3341 3767 3445 3840 (Ib.
3487 3786 3537 3825 ιι.

1933 3852 2044 3923 12).
2079 3852 2134 3906 Si
2160 3867 2292 3922 ergo
2314 3853 2438 3906 boni
2469 3856 2699 3922 pastoris
2731 3864 2813 3909 est
2837 3855 3033 3920 occidi,
3069 3860 3388 3913 mercenarii
3413 3875 3541 3915 vero

1931 3944 2073 3998 nolle
2116 3944 2217 3997 hoc
2266 3945 2396 4012 pati,
2446 3944 2719 4014 quomodo
2765 3946 2875 4012 ille,
2919 3945 3010 4015 qui
3043 3961 3101 4003 se
3131 3948 3328 4002 bonum
3360 3959 3542 4018 pasto-

1931 4048 2043 4087 rem
2094 4034 2392 4103 prdlitclur,
2442 4035 2614 4089 occidi
2646 4037 2900 4091 recusat?
2944 4038 3217 4111 quomodo
3243 4050 3423 4095 autem
3454 4041 3539 4096 di-

1929 4125 2105 4186 celtat,
2138 4124 2248 4197 Ego
2279 4142 2412 4195 pono
2439 4127 2663 4180 animant
2686 4145 2849 4181 meam
2875 4145 2906 4181 a
2946 4145 3025 4182 me
3056 4128 3167 4198 ipso
3199 4128 3304 4202 (Ib.
3340 4147 3387 4184 st.
3418 4132 3540 4204 18)?

1930 4215 2062 4271 Nam
2088 4220 2130 4271 si
2160 4233 2189 4271 a
2223 4218 2395 4287 teipso
2439 4219 2595 4287 ponis
2616 4259 2631 4284 ,
2664 4219 2753 4288 qui
2788 4218 2877 4285 ﬁt,
2909 4228 2968 4273 ut
2993 4220 3222 4275 alterum
3254 4236 3434 4292 roges,
3470 4238 3541 4279 ne

1931 4310 2138 4379 ponas?
2163 4309 2434 4380 quomodo
2456 4309 2582 4363 item
2614 4309 2714 4363 hac
2741 4310 3032 4365 occasione
3060 4311 3238 4366 laudat
3260 4328 3381 4368 eum
3405 4313 3540 4369 Pau-

1931 4401 2028 4466 lus,
2062 4404 2114 4457 in
2143 4400 2259 4457 iure
2278 4403 2437 4457 verba
2462 4422 2475 4455 :
2502 4401 2602 4469 Qui
2627 4419 2740 4457 cum
2761 4405 2815 4457 in
2843 4407 3009 4473 forma
3032 4401 3132 4457 Dei
3152 4415 3301 4471 esset,
3326 4422 3427 4463 non
3449 4424 3540 4460 ra-

1931 4495 2105 4563 pinam
2135 4494 2415 4548 arbitratus
2446 4504 2519 4548 est
2562 4511 2668 4548 esse
2692 4511 2746 4549 se
2776 4495 3023 4565 aqualem
3056 4494 3163 4549 Deo
3188 4537 3203 4563 ,
3234 4497 3323 4551 sed
3351 4476 3531 4553 exine:

1929 4587 2051 4639 nivit
2074 4588 2398 4658 semetipsum
2419 4592 2637 4657 formam
2655 4590 2785 4643 servi
2802 4589 3081 4659 accipiens,
3112 4590 3165 4643 in
3195 4591 3534 4647 similitudine
3604 4633 3606 4636 μ

1930 4680 2191 4739 hominum
2219 4685 2407 4752 factus,
2431 4690 2479 4735 et
2528 4681 2700 4735 habitu
2730 4682 2963 4736 inventus
2993 4692 3047 4735 ut
3078 4684 3253 4750 homo,
3290 4684 3538 4739 humilia-

1928 4773 1995 4827 t°it
2021 4773 2345 4842 semetipsum
2388 4775 2555 4842 factus
2594 4772 2830 4826 obediens
2853 4788 3011 4842 usque
3044 4773 3113 4825 ad
3139 4783 3369 4839 mortem,
3401 4792 3539 4829 mor.

1929 4871 2027 4915 tem
2069 4872 2235 4917 autem
2264 4863 2427 4917 crucis
2454 4861 2707 4935 (Philipp.
2741 4863 2795 4916 2.
2826 4863 2857 4918 6
2883 4893 2906 4903 -
2940 4864 3025 4934 8)?
3052 4864 3169 4933 ipse
3196 4880 3323 4919 vero
3352 4881 3536 4921 rursus

1928 4954 2006 5008 sic
2032 4953 2161 5007 dicit
2188 4970 2202 4983 ·
2238 4952 2540 5022 Propterea
2570 4971 2647 5007 me
2695 4955 2864 5025 diltgil
2899 4953 3054 5007 Pater
3077 4996 3091 5020 ,
3129 4957 3249 5026 quia
3278 4972 3371 5026 ego
3400 4974 3535 5026 pono

1927 5048 2152 5099 animam
2203 5062 2387 5112 meam,
2416 5057 2470 5101 ut
2496 5048 2676 5101 iterum
2707 5064 2904 5100 sumam
2932 5062 3043 5101 eam
3074 5046 3254 5120 (Joan.
3301 5049 3391 5103 10.
3422 5050 3530 5120 17)-

1928 5138 2146 5194 5ἰόιιίιη
2198 5153 2305 5193 non
2334 5139 2466 5205 vult,
2501 5138 2594 5193 sed
2626 5149 2857 5200 recusat,
2888 5150 2943 5193 et
2979 5138 3192 5195 Patren:
3219 5150 3358 5207 orat,
3386 5156 3530 5211 quo-

1930 5230 2090 5284 modo
2144 5238 2426 5299 propterea
2472 5229 2709 5297 diligitur
2746 5244 2775 5281 a
2802 5229 3004 5285 Patre?
3046 5229 3255 5285 Caritas
3281 5232 3425 5285 enim
3448 5242 3531 5288 est

1928 5336 2136 5387 eorum,
2182 5336 2302 5391 quae
2331 5336 2397 5373 ex
2426 5319 2588 5373 animi
2634 5320 2901 5374 sententia
2938 5320 3097 5400 tiunt.
3134 5321 3415 5388 Quomodo
3439 5337 3537 5377 au-

1929 5422 2036 5468 tem
2069 5426 2253 5467 rursus
2271 5414 2337 5466 ait
2373 5411 2568 5467 Paulus
2596 5429 2609 5466 :
2637 5410 2847 5483 Diligite
2878 5413 3113 5479 invicem,
3142 5414 3268 5467 sicut
3291 5424 3337 5467 et
3386 5414 3540 5469 Chri-

1935 5520 2042 5561 stus
2069 5507 2246 5560 dilexit
2269 5524 2380 5571 nos,
2411 5517 2457 5561 et
2483 5507 2693 5559 tradidit
2718 5508 3041 5577 semetipsum
3073 5525 3169 5577 pro
3198 5507 3340 5561 nobis
3366 5506 3531 5578 (Eph.

1929 5600 1981 5653 5.
2014 5598 2099 5667 2)?
2124 5597 2372 5653 Christus
2400 5598 2513 5667 ipse
2543 5613 2749 5662 rursus,
2780 5613 2901 5652 cum
2933 5608 3077 5651 esset
3104 5599 3521 5669 eruciligendus,

1928 5689 2174 5753 dicebat,
2223 5686 2423 5753 Pater,
2473 5689 2604 5741 venit
2652 5688 2817 5754 hora;
2860 5688 3095 5759 glori/ica
3141 5686 3337 5741 Filium
3390 5698 3535 5743 tuum

1932 5780 2115 5851 (Joan.
2146 5784 2231 5837 17.
2264 5783 2317 5853 1)
2347 5799 2357 5835 :
2391 5782 2616 5853 gloriam
2653 5796 2853 5837 vocans
2904 5794 3138 5836 erucem.
3176 5779 3242 5835 Et
3262 5768 3532 5849 quomodo
