4218 6294
641 367 712 422 55

645 483 734 538 hic
771 489 1002 542 recusat,
1033 480 1156 547 illic,
1176 474 1367 546 urget?
1396 472 1634 530 Gloriam
1664 469 1808 524 enim
1836 479 1956 523 esse
1984 475 2226 526 crucem,

606 629 608 631 ,
645 573 766 629 anili
805 571 1072 643 quomodo
1099 579 1322 625 testetur
1343 563 1691 636 evangelista,
1723 561 1905 616 dicens
1937 573 1949 611 :
1986 555 2230 610 Nondum

645 664 779 717 enim
819 671 923 715 erat
964 661 1112 713 datus
1142 658 1366 728 Spiritus
1418 664 1622 710 sanctus
1643 692 1658 717 ,
1687 653 1805 722 quia
1831 647 1981 702 Iesus
2007 645 2232 700 nondum

644 762 752 806 erat
780 751 1096 821 glori/iectus
1126 747 1144 820 (
1171 747 1264 801 .Id.
1296 749 1350 804 'I.
1400 746 1470 802 39
1500 745 1542 816 ).
1588 743 1788 799 Horum
1833 748 2011 794 autem
2041 737 2234 792 verbo-

649 856 768 894 rum
829 837 942 893 ha'c
989 846 1072 893 est
1114 838 1381 893 sententia
1416 835 1705 891 :Nondum
1747 838 1864 887 erat
1891 827 2012 883 data
2037 827 2230 898 gratia,

644 931 767 1001 quia
793 929 1027 985 n0ndum
1051 929 1362 984 restinctum
1378 937 1485 984 eral
1506 927 1598 982 Dei
1621 940 1742 994 erga
1766 923 2009 977 homines
2027 920 2230 983 odium;

646 1019 790 1090 quod
821 1021 1056 1073 nondum
1085 1018 1335 1074 Christus
1361 1017 1428 1072 ad
1449 1030 1662 1072 crucem
1694 1012 2064 1084 processisset.
2087 1009 2233 1064 Crux

646 1112 790 1166 enim
822 1112 913 1166 Dei
938 1111 988 1165 in
1013 1111 1258 1164 homines
1288 1109 1470 1164 odium
1492 1105 1755 1170 restinxit,
1793 1103 1960 1159 Deum
1991 1117 2111 1156 eum
2131 1101 2232 1156 ho-

649 1201 884 1256 minibus
913 1200 1295 1263 rewnciliavit,
1325 1207 1524 1252 terram
1545 1196 1735 1250 ca-lum
1763 1193 1960 1258 effecit,
1990 1191 2235 1246 homines

649 1307 772 1347 eum
801 1291 1002 1359 angelis
1031 1289 1264 1352 miscuit,
1297 1287 1486 1342 mortis
1512 1302 1691 1343 arcem
1721 1285 2133 1340 munitissimam
2155 1282 2238 1337 di-

651 1381 779 1446 ruit,
810 1379 1008 1434 diaboli
1047 1378 1190 1434 vires
1229 1377 1526 1442 enervavit,
1558 1377 1767 1446 peccati
1805 1375 2056 1429 virtutem
2085 1372 2234 1426 delc-

651 1473 746 1537 vit,
789 1479 987 1526 terram
1032 1469 1100 1524 ab
1144 1483 1326 1524 errore
1372 1469 1638 1532 liberavit,
1673 1468 1953 1523 veritatem
1997 1463 2234 1531 reduxit,

649 1563 924 1617 dmmones
949 1561 1172 1630 expulit,
1203 1562 1397 1629 templa
1425 1559 1710 1634 destruxit,
1741 1557 1927 1612 altaria
1954 1556 2235 1622 subvertit,

654 1650 896 1706 nidorem
957 1651 1170 1704 sustulit
1223 1649 1648 1714 sacrificiorum,
1689 1648 1936 1701 virtutem
1991 1645 2236 1711 inseruit,

654 1739 923 1795 Ecclesias
951 1739 1206 1793 fundavit.
1239 1738 1379 1792 Crux
1410 1735 1585 1792 Patris
1608 1738 1876 1801 voluntas,
1901 1735 2021 1790 Filii
2048 1737 2236 1806 gloria,
2283 1760 2290 1768 -

654 1830 883 1900 Spiritus
917 1829 1084 1884 sancti
1107 1829 1413 1892 exsultatio,
1452 1828 1602 1882 Pauli
1626 1828 1871 1898 gloriatio
1901 1845 1914 1880 :
1947 1826 2075 1880 IIihi
2097 1828 2241 1883 enim

652 1921 803 1984 absit,
836 1921 1025 1990 inquit,
1067 1919 1296 1990 gloriari,
1329 1920 1425 1972 nisi
1453 1919 1504 1972 in
1531 1935 1677 1972 cruce
1705 1917 1911 1972 Domini
1933 1921 2093 1974 nostri
2120 1920 2246 1974 Jesu

658 2004 847 2057 Christi
869 2001 1014 2071 (Gal.
1050 2002 1102 2056 6.
1138 2003 1249 2071 11).
1282 2001 1421 2056 Crux
1450 2002 1563 2056 sole
1581 2002 1794 2068 clarior,
1825 2003 1988 2057 radiis
2012 2003 2248 2072 splendi-

657 2093 779 2147 dior
806 2110 820 2146 :
847 2106 968 2146 cum
996 2091 1136 2145 enim
1165 2091 1251 2145 ille
1277 2090 1613 2155 obscuratur,
1639 2099 1748 2144 tum
1781 2092 1878 2145 ista
1902 2090 2065 2160 fulget
2094 2109 2109 2157 ;
2135 2103 2246 2147 tum

662 2199 791 2237 vero
833 2181 913 2236 sol
940 2181 1275 2245 obscuratur,
1307 2195 1413 2234 non
1446 2179 1590 2250 quod
1617 2196 1648 2235 e
1676 2179 1855 2234 medio
1881 2180 2117 2247 tollatur,
2153 2182 2248 2237 sed

661 2271 804 2342 quod
829 2272 1002 2327 crucis
1032 2270 1316 2340 splendore
1365 2280 1668 2340 superetur.
1694 2270 1836 2324 Crux
1864 2279 2105 2324 nostrum
2132 2270 2249 2324 chi-

665 2360 990 2432 rographum
1029 2359 1304 2426 laceravit,
1336 2361 1523 2413 mortis
1551 2375 1824 2414 carcerem
1856 2360 2094 2414 inutilem
2133 2363 2255 2414 red—

667 2451 820 2515 didit,
849 2465 979 2504 crux
1007 2449 1199 2502 divina:
1234 2449 1472 2503 caritatis
1521 2449 1798 2503 indicium.
1831 2448 1922 2502 Sic
1945 2450 2078 2502 enim
2120 2449 2256 2506 Deus

669 2540 845 2595 dilexit
883 2539 1149 2602 mundum,
1178 2548 1232 2590 ut
1267 2537 1457 2591 Filium
1492 2553 1638 2591 suum
1667 2539 1978 2608 unigenitum
2004 2538 2166 2603 daret,
2201 2549 2257 2594 ut

670 2629 833 2687 anmis
861 2628 947 2698 qui
973 2627 1128 2680 credit
1159 2628 1211 2680 in
1237 2628 1400 2696 ipsum
1427 2643 1526 2679 non
1557 2636 1724 2695 pereat
1755 2626 1934 2699 (Joan.
1960 2627 2013 2682 ὅ.
2049 2628 2162 2698 16).
2192 2629 2258 2683 Et

674 2735 859 2776 rursus
890 2719 1106 2786 Paulus,
1144 2719 1204 2773 Si
1235 2720 1387 2782 enim,
1417 2735 1534 2772 cum
1557 2718 1748 2772 inimici
1773 2735 2008 2785 essemus,
2033 2721 2259 2774 reconci-

675 2813 786 2874 liati
827 2828 998 2865 sumus
1043 2810 1151 2864 Deo
1183 2828 1272 2879 per
1314 2821 1520 2864 mortem
1553 2809 1678 2864 Filii
1715 2813 1826 2881 ejus
1853 2811 2027 2883 (Rom.
2057 2813 2108 2868 5.
2143 2813 2258 2884 10).

673 2903 818 2957 Crux
858 2918 1041 2956 murus
1087 2901 1528 2972 inexpugnabilis,
1556 2911 1763 2956 scutum
1797 2902 2068 2967 invictum,
2104 2919 2262 2958 secn-

677 2991 810 3047 ritas
835 2991 1076 3056 divitum,
1111 3006 1400 3061 pauperum
1427 2991 1719 3060 opulentia,
1751 3006 1934 3045 eorum
1965 2993 2155 3061 quibus
2181 2995 2264 3047 in-

677 3080 828 3136 sidia:
857 3090 1107 3150 parantur
1131 3081 1607 3152 propugnaculum,
1633 3097 1841 3146 eorum,
1875 3083 1962 3152 qui
1995 3083 2139 3138 bello
2166 3100 2258 3139 ve-

684 3179 899 3236 xantur,
927 3179 1218 3236 armatura,
1249 3169 1705 3239 perturbationum
1721 3170 2035 3236 destructio,
2057 3175 2266 3229 virtutis

683 3260 946 3327 fundatio,
973 3263 1181 3331 signum
1197 3260 1511 3318 admirabile
1540 3276 1604 3316 ac
1618 3263 1963 3333 stupendum.
1994 3263 2264 3319 Generatio

681 3352 826 3407 enim
853 3352 960 3405 hazc
983 3353 1182 3422 signum
1197 3353 1397 3424 quarit,
1425 3362 1473 3406 et
1497 3353 1699 3424 signum
1725 3371 1826 3408 non
1852 3354 2055 3408 dabitur
2080 3355 2142 3422 ei,
2170 3357 2268 3411 nisi

681 3443 881 3512 signum
900 3440 1049 3494 J0me
1073 3440 1286 3511 (Matth.
1317 3443 1402 3498 l2.
1435 3444 1549 3515 39).
1581 3445 1819 3515 itemque
1842 3444 2055 3512 Paulus,
2088 3447 2269 3513 Quan-

683 3531 951 3589 doquidem
971 3531 1142 3584 Judtei
1163 3532 1306 3603 signa
1334 3543 1531 3604 petunt,
1559 3545 1604 3588 et
1619 3533 1786 3588 σγα-ἱ
1808 3536 2109 3606 sapientiam
2129 3553 2270 3607 qua-

687 3629 827 3685 runt,
871 3636 958 3674 nos
974 3630 1142 3674 autem
1182 3622 1519 3690 prcdicamus
1558 3621 1818 3679 Christum
1860 3627 2164 3695 cruciﬁxum
2191 3628 2268 3700 (1.

687 3710 805 3765 Cor.
843 3712 894 3766 1.
930 3711 1043 3782 22).
1065 3713 1206 3768 Crux
1237 3715 1541 3783 paradisum
1586 3720 1845 3772 reseravit
1874 3717 1974 3790 (a),
2007 3718 2268 3774 latronem

689 3801 998 3868 introduxit,
1027 3817 1196 3872 genus
1225 3804 1534 3871 humanum,
1562 3809 1701 3876 quod
1728 3809 2020 3878 periturum
2045 3818 2180 3876 erat,
2208 3827 2274 3868 ac

692 3904 760 3951 ne
813 3900 950 3944 terra
997 3891 1210 3960 quidem
1255 3892 1490 3963 dignum,
1519 3895 1571 3949 in
1621 3911 1842 3967 regnum
1880 3899 2134 3953 caelorum
2179 3899 2273 3955 de-

694 3981 864 4036 duxit.
896 3981 1060 4035 Tanta
1093 3981 1246 4036 nobis
1274 3983 1532 4040 beneficio
1557 3989 1731 4040 erucis
1748 3989 1885 4042 bona
1916 3989 2273 4057 obvenerunt,

691 4081 747 4126 et
771 4073 1076 4136 obveniunt,
1104 4079 1158 4126 et
1184 4087 1289 4127 non
1313 4075 1419 4128 vult
1449 4076 1730 4147 crucifigi?
1760 4078 1892 4144 Quis
1923 4078 2045 4144 hoc,
2073 4095 2273 4148 quasso,

694 4160 926 4215 dixerit?
974 4159 1066 4214 Sin
1097 4171 1273 4216 autem
1306 4164 1540 4232 nolebat,
1564 4165 1680 4234 quis
1714 4182 1835 4220 eum
1864 4168 2089 4236 cogebat
2112 4169 2136 4220 ?
2159 4169 2278 4238 quis

698 4253 748 4305 ei
776 4252 880 4305 vim
908 4251 1204 4306 inferebat?
1229 4252 1293 4307 Ut
1321 4255 1444 4322 quid
1460 4265 1636 4310 autem
1667 4266 1720 4310 et
1740 4258 2031 4327 prOpbetas
2061 4260 2278 4328 priami-

697 4344 766 4397 sit
792 4343 1166 4398 annuntiantes
1194 4342 1325 4408 fore,
1360 4353 1415 4398 ut
1439 4347 1855 4415 crucifigeretur,
1885 4349 1929 4404 si
1958 4351 2279 4421 crucifigen-

698 4435 799 4490 dus
838 4451 942 4488 non
973 4444 1109 4500 erat,
1139 4451 1310 4506 neque
1337 4435 1438 4490 hoc
1465 4439 1571 4506 pati
1599 4437 1846 4492 volebat?
1874 4449 1930 4492 ut
1952 4441 2074 4513 quid
2104 4450 2280 4497 autem

700 4535 755 4580 et
780 4525 996 4579 calicem
1023 4539 1236 4580 crucem
1269 4536 1442 4593 vocat,
1481 4528 1529 4582 si
1559 4529 1739 4599 utique
1762 4530 1997 4602 crucifigi
2026 4532 2282 4589 nolebat?

704 4616 807 4671 hoc
833 4617 977 4670 enim
1008 4624 1092 4669 est
1119 4619 1451 4673 ostendentis
1470 4660 1484 4684 ,
1507 4631 1705 4689 quanto
1735 4620 1890 4687 hujus
1915 4623 1991 4677 rei
2019 4624 2284 4682 desiderio

705 4716 994 4760 teneretur.
1018 4706 1478 4773 Quemadmodum
1516 4710 1660 4764 enim
1685 4711 1986 4767 sitientibus
2012 4714 2146 4769 calix
2165 4729 2286 4771 sua-

704 4801 785 4855 vis
819 4808 920 4863 est,
950 4800 1026 4853 sic
1054 4810 1106 4853 et
1137 4801 1234 4870 ipsi
1265 4801 1500 4872 crucifigi
1527 4789 1555 4866 ς’
1575 4818 1735 4874 quam
1760 4804 1830 4861 ob
1869 4820 1982 4862 rem
2015 4808 2172 4864 etiam
2203 4810 2285 4865 di-

704 4890 856 4945 cebat
878 4933 891 4956 ,
923 4889 1187 4947 Desiderio
1216 4892 1494 4948 desideraui
1519 4896 1613 4949 hoc
1651 4897 1838 4966 pascha
1864 4900 2172 4955 manducare
2198 4917 2288 4956 uo-

707 4981 894 5042 biscum
921 4981 1072 5051 (Luc.
1113 4983 1202 5036 22.
1238 4983 1326 5054 15)
1353 5002 1364 5037 :
1402 5000 1504 5039 non
1533 4985 1673 5056 quod
1703 4985 1804 5041 hoc
1837 4996 2038 5044 temere
2065 4991 2287 5060 diceret,

709 5073 801 5128 sed
826 5075 895 5127 ob
921 5073 1059 5128 hanc
1097 5091 1334 5143 causam,
1366 5091 1431 5131 eo
1453 5077 1592 5147 quod
1629 5086 1750 5147 post
1777 5095 2052 5150 vesperam
2091 5083 2294 5138 subitu-

713 5179 803 5217 t'us
823 5179 1035 5218 crucem
1062 5173 1223 5218 esset.

781 5257 834 5309 5.
865 5256 1047 5310 Contra
1067 5257 1332 5312 Anomatos
1349 5268 1394 5312 et
1417 5257 1628 5313 Ariauos
1657 5260 1782 5330 agit.
1803 5259 1916 5332 Uua
1941 5263 2166 5316 voluntas
2188 5262 2296 5316 Pa-

713 5345 804 5399 tris
827 5355 870 5396 et
903 5343 1044 5398 Filii.
1066 5345 1307 5400 Doctrina
1331 5348 1393 5401 de
1410 5346 1767 5403 Iucarnatiuue
1789 5351 1994 5405 Christi.
2015 5384 2082 5392 ——
2098 5353 2147 5409 Is
2170 5369 2298 5424 ergo

717 5439 807 5504 qui
831 5437 989 5490 etiam
1019 5439 1238 5506 gloriam
1273 5457 1384 5494 rem
1416 5441 1569 5495 istam
1593 5443 1860 5511 appellat,
1891 5455 1942 5498 et
1981 5445 2296 5515 discipulum

719 5538 958 5596 increpat
983 5572 996 5594 ,
1021 5545 1086 5583 eo
1109 5531 1250 5600 quod
1279 5532 1448 5602 ipsmu
1478 5534 1788 5604 prohibeat,
1822 5547 1872 5590 ct
1904 5537 2095 5592 bonum
2125 5543 2300 5609 pasto-

723 5634 834 5673 rem
856 5635 920 5674 ex
955 5621 1052 5675 hoc
1079 5637 1136 5677 se
1166 5623 1433 5692 ostendit,
1460 5626 1600 5696 quod
1631 5644 1724 5698 pro
1745 5629 1929 5683 ovibus
1960 5631 2067 5685 suis
2092 5633 2300 5688 occida-

782 5729 857 5796 (η)
893 5732 971 5782 ttic
997 5731 1127 5784 locus
1151 5738 1322 5791 citalur
1347 5738 1393 5788 in
1412 5739 1618 5791 concilio
1641 5747 1783 5793 sexto
1809 5747 2122 5794 acumenico.

1386 361 1443 416 S.
1483 355 1762 416 JOANNIS
1797 343 2273 410 CHRYSOSTOXII
2313 340 2627 400 ARCIIIEP.
2669 338 3200 397 CONSTANTINOP.

3868 349 3937 402 56

2343 465 2448 520 tur,
2471 468 2634 525 seque
2663 452 2930 508 desiderio
2951 452 3256 506 desiderare
3283 449 3421 507 hanc
3449 465 3562 507 rem
3591 451 3721 508 dicit
3741 496 3755 521 ,
3787 463 3842 509 et
3867 459 3936 509 ad

2341 547 2443 602 hoc
2481 555 2672 616 sponte
2723 545 2885 609 venit,
2933 543 3201 614 quomodo
3245 551 3425 614 rogat,
3450 553 3506 598 ut
3531 543 3632 600 hoc
3655 561 3760 599 non
3793 548 3878 599 flat
3914 546 3936 596 τ

2340 636 2492 704 Quod
2529 637 2572 688 si
2603 635 2850 700 nolebat,
2881 650 3006 690 nmn
3033 633 3260 688 difficile.
3293 633 3391 688 fuit
3417 634 3485 688 ad
3512 633 3616 690 hoc
3657 635 3937 689 venientes

2342 725 2848 798 proltibere?Nunc
2899 733 3076 779 autem
3120 723 3301 788 vides,
3348 739 3470 778 eum
3511 724 3577 779 ad
3627 717 3764 780 hanc
3819 739 3934 777 rem

2341 818 2500 871 etiam
2527 830 2829 870 accurrere.
2861 816 3016 869 Certe
3041 828 3162 869 cum
3194 814 3246 867 in
3271 813 3442 882 ipsum
3472 814 3736 868 irruerent
3760 813 3934 876 dixit,

2346 907 2505 972 Quem
2549 906 2774 973 quaeritis
2805 906 2828 958 ρ
2858 905 2926 958 At
2956 905 3026 958 illi
3057 904 3278 971 dicunt,
3308 902 3506 957 Iesum.
3556 905 3620 959 Et
3672 904 3746 958 ait
3790 905 3936 967 illis,

2344 995 2477 1051 Ecce
2499 1012 2592 1066 ego
2619 1012 2732 1049 sum
2748 1012 2767 1061 ;
2801 1006 2847 1049 et
2874 996 3103 1049 abierunt
3132 1003 3433 1060 retrorsum,
3467 1010 3528 1046 ac
3560 995 3842 1048 ceciderunt
3882 996 3939 1046 in

2343 1097 2529 1142 terram
2558 1085 2739 1156 (Ioan.
2769 1087 2856 1141 l8.
2878 1085 2957 1154 ὃ).
2988 1084 3121 1140 Cum
3165 1085 3322 1155 igitur
3351 1099 3446 1138 eos
3486 1084 3630 1152 prius
3664 1099 3939 1140 excacas-

2344 1187 2462 1242 set,
2513 1193 2676 1248 seque
2719 1177 2972 1247 aufugerc
3028 1177 3265 1247 potuisse
3317 1176 3677 1242 ostendisset,
3716 1187 3824 1232 tum
3851 1193 3943 1233 se-

2344 1272 2518 1341 ipsum
2545 1271 2796 1335 tradidit,
2819 1279 2878 1323 ut
2901 1269 3164 1339 intelligas
3184 1284 3306 1324 eum
3335 1285 3441 1323 non
3473 1269 3818 1335 necessitate,
3846 1286 3946 1326 ne-

2343 1379 2453 1433 que
2479 1364 2564 1430 vi,
2597 1377 2769 1433 neque
2801 1376 2894 1432 rer
2923 1361 3255 1432 tyrannidem
3301 1362 3618 1416 irruentium
3648 1361 3750 1417 hoc
3771 1365 3942 1418 susti-

2347 1454 2529 1509 nuisse
2557 1454 2850 1518 nolentem,
2868 1452 2964 1507 scd
2987 1453 3126 1506 ultro
3151 1466 3215 1506 ac
3244 1452 3511 1508 volentem
3539 1462 3595 1506 et
3623 1453 3939 1522 eligentem,

2347 1562 2411 1601 ac
2451 1546 2618 1600 multo
2663 1544 2790 1599 ante
2830 1544 2908 1598 sic
2963 1543 3384 1614 dispensantem.
3433 1541 3636 1598 Idcirco
3667 1545 3947 1616 propheta:

2350 1635 2827 1709 prtemittebantur,
2856 1643 2910 1689 et
2953 1631 3268 1702 patriarcha:
3301 1632 3662 1702 przedicebant
3684 1675 3700 1700 ,
3729 1643 3784 1689 et
3813 1652 3946 1691 crux

2351 1728 2527 1784 verbis
2545 1726 2699 1782 simul
2724 1740 2787 1780 ac
2807 1725 2967 1779 rebus
2988 1724 3446 1794 prmflgnrabatur.
3471 1723 3745 1794 Siquidem
3778 1726 3944 1783 lsaaci

2353 1818 2602 1873 mactatio
2633 1830 2844 1870 crucem
2882 1814 3035 1869 nobis
3060 1813 3409 1883 designabat,
3443 1815 3583 1869 unde
3611 1824 3664 1869 et
3685 1815 3896 1872 dicebat
3930 1837 3943 1871 :

2356 1909 2611 1964 Abraham
2643 1899 2785 1978 pater
2813 1916 2971 1961 vester
2989 1905 3256 1960 exsultavit
3284 1914 3338 1957 ut
3367 1905 3551 1958 videret
3580 1905 3714 1960 diem
3737 1924 3902 1962 meum
3927 1950 3946 1976 ,

2355 2012 2409 2056 et
2430 2003 2589 2068 vidit,
2635 2009 2684 2055 et
2725 1999 2924 2071 gavisus
2965 2007 3039 2052 est
3086 2000 3107 2067 (
3139 1996 3223 2051 Id.
3249 1997 3301 2053 8.
3349 1996 3487 2069 56).
3531 1998 3675 2069 Ergo
3725 2002 3952 2070 patriar-

2354 2096 2453 2149 cha
2478 2092 2693 2163 quidem
2735 2091 3054 2159 gavisusest
3073 2130 3087 2154 ,
3117 2104 3239 2145 cum
3281 2089 3564 2158 imaginem
3596 2092 3771 2145 crucis
3801 2091 3953 2146 vide-

2359 2192 2458 2250 ret,
2494 2183 2607 2252 ipse
2634 2195 2761 2236 vero
2790 2195 2902 2234 rem
2925 2180 3094 2249 ipsam
3122 2180 3379 2233 recusat?
3403 2179 3466 2233 Et
3488 2195 3615 2234 vero
3645 2180 3854 2250 Moyses
3874 2182 3955 2236 sic

2359 2275 2580 2332 Amalec
2606 2273 2905 2342 superavit,
2953 2271 3074 2339 quia
3123 2270 3346 2339 llguram
3391 2270 3566 2325 erucis
3595 2271 3829 2326 ostendit
3859 2289 3872 2328 :
3902 2282 3958 2327 et

2361 2373 2607 2420 sexcenta
2630 2359 2890 2432 ejusmodi
2918 2360 2971 2412 in
2991 2359 3156 2413 veteri
3179 2357 3526 2414 Testamento
3550 2359 3798 2429 leguntur
3816 2361 3959 2416 acci-

2363 2455 2527 2517 disse,
2559 2467 2679 2522 qure
2703 2465 2916 2506 crucem
2965 2448 3398 2519 prazfigurabant.
3433 2449 3502 2505 Ut
3525 2449 3653 2520 quid
3686 2451 3846 2519 igitur
3884 2453 3958 2506 .ta

2365 2546 2585 2607 flebant,
2619 2543 2662 2596 si
2687 2542 2732 2595 is
2752 2541 2840 2610 qui
2871 2555 3083 2594 crucem
3106 2549 3221 2594 erat
3246 2541 3542 2605 subiturus,
3573 2542 3673 2596 hoc
3697 2541 3810 2597 fieri
3856 2558 3960 2598 no-

2366 2636 2503 2692 lebat
2533 2634 2558 2686 ?
2587 2633 2642 2688 ld
2665 2646 2794 2687 vero
2819 2630 2958 2700 quod
2986 2631 3249 2700 sequitur,
3277 2629 3452 2686 adhuc
3467 2640 3632 2687 estex
3643 2633 3836 2702 plicatu
3858 2632 3964 2688 dif—

2369 2727 2576 2783 ficilius.
2602 2729 2736 2784 Cum
2766 2731 2908 2786 enim
2936 2729 3198 2794 dixisset,
3226 2729 3471 2783 Transeat
3499 2746 3530 2782 a
3555 2746 3632 2783 me
3656 2730 3792 2783 ralia:
3828 2730 3924 2784 iste
3944 2769 3967 2799 ,

2369 2822 2608 2876 addidit:
2643 2808 2997 2875 Verumtamen
3039 2838 3138 2875 non
3184 2821 3312 2876 sicut
3338 2837 3428 2892 ego
3455 2821 3596 2885 uolo,
3629 2822 3719 2875 sed
3747 2823 3877 2875 sicut
3907 2831 3968 2877 tu

2373 2911 2581 2986 (Matth.
2608 2911 2700 2966 26.
2724 2912 2926 2981 59).Ex
2952 2910 3052 2966 hoc
3076 2912 3240 2971 enim,
3257 2920 3412 2979 prout
3428 2913 3586 2966 verba
3611 2921 3825 2978 sonant,
3845 2912 3968 2968 dua:

2373 3003 2682 3056 voluntates
2729 3001 2828 3055 sibi
2879 3001 3102 3055 invicem
3149 3001 3432 3055 contraria:
3480 3000 3967 3057 demonstrantur:

2374 3096 2636 3164 siquidem
2679 3095 2834 3148 Pater
2862 3109 2980 3148 eum
3011 3093 3120 3146 vult
3149 3093 3384 3163 crucifigi
3405 3135 3418 3158 ,
3451 3102 3504 3146 at
3532 3094 3646 3161 ipse
3674 3109 3778 3148 non
3811 3095 3926 3149 vult
3952 3111 3967 3148 :

2377 3186 2586 3240 tametsi
2606 3185 2799 3254 ubique
2817 3184 3056 3238 videmus
3077 3183 3263 3239 eadem
3297 3187 3467 3253 ipsum
3491 3200 3613 3238 cutn
3633 3184 3791 3239 Patre
3806 3186 3970 3252 velle,

2374 3289 2534 3348 atque
2553 3276 2740 3332 eadem
2768 3277 2986 3365 eliggre.
3032 3275 3257 3343 Quando
3283 3277 3424 3330 enim
3451 3276 3616 3341 dicit,
3643 3276 3725 3331 Da
3759 3277 3830 3331 eis
3853 3318 3869 3342 ,
3917 3287 3975 3330 ut

2296 3415 2299 3417 _
2374 3369 2796 3440 quemadmodum
2825 3384 2914 3438 ego
2943 3377 2989 3421 et
3012 3377 3065 3420 tu
3094 3383 3249 3419 unum
3279 3383 3480 3432 sumus,
3512 3377 3558 3419 et
3583 3368 3684 3436 ipsi
3722 3370 3774 3420 in
3825 3367 3972 3421 nobis

2377 3476 2536 3513 unum
2560 3460 2658 3512 sint
2693 3457 2872 3529 (Joan.
2899 3458 2984 3511 17.
3017 3458 3126 3522 11),
3170 3455 3300 3510 nihil
3326 3455 3466 3510 aliud
3498 3457 3649 3524 dicit,
3669 3457 3770 3511 nisi
3805 3474 3970 3516 unam

2378 3565 2499 3608 esse
2546 3548 2719 3604 Patris
2755 3556 2810 3602 et
2859 3547 2976 3601 Filii
3034 3546 3385 3600 voluntatem.
3436 3545 3504 3600 Et
3545 3547 3759 3614 quando
3809 3547 3973 3616 dicit,

2390 3641 2549 3696 Verba
2575 3656 2692 3711 quia
2711 3657 2801 3710 ego
2830 3639 3026 3709 loquor,
3056 3656 3155 3692 non
3176 3655 3266 3708 ego
3292 3638 3472 3708 loquor
3498 3653 3516 3690 :
3549 3635 3702 3690 Pater
3725 3650 3895 3693 autem
3921 3641 3978 3694 in

2378 3748 2456 3784 me
2477 3746 2683 3783 manens
2713 3730 2820 3797 ipse
2844 3729 2966 3797 facit
2996 3727 3103 3779 lucc
3137 3743 3288 3796 opera
3342 3727 3360 3795 (
3389 3726 3472 3779 Id.
3510 3728 3594 3781 14.
3629 3729 3694 3781 10
3724 3726 3775 3799 ),
3833 3730 3978 3785 istud

2381 3821 2552 3889 ipsum
2593 3813 2914 3872 ostenditur.
2959 3817 3090 3871 Cum
3122 3831 3251 3886 ergo
3277 3817 3436 3881 dicit,
3464 3818 3504 3869 A
3528 3834 3605 3870 me
3632 3819 3743 3886 ipso
3780 3837 3880 3873 non
3909 3821 3981 3874 lo-

2380 3927 2527 3980 quor,
2554 3921 2598 3963 et
2623 3926 2654 3962 a
2675 3925 2751 3962 me
2769 3908 2879 3978 ipso
2899 3924 2997 3960 non
3021 3907 3129 3960 veni
3174 3907 3192 3976 (
3224 3905 3308 3960 Id.
3339 3909 3391 3960 7.
3411 3907 3480 3961 28
3513 3908 3555 3977 ),
3580 3918 3653 3974 et,
3688 3909 3731 3962 Α
3753 3926 3832 3964 me
3864 3911 3981 3980 ipsa

2384 4019 2483 4055 non
2519 4019 2725 4072 possum
2764 4001 3035 4071 quidquam
3075 4004 3240 4071 facere
3291 3999 3310 4071 (
3342 3999 3427 4051 Id.
3458 4001 3509 4055 5.
3541 4001 3609 4055 30
3634 4001 3678 4070 ),
3737 4017 3843 4056 non
3878 4003 3984 4058 hoc

2385 4092 2548 4157 dicit,
2578 4102 2634 4147 ut
2662 4091 2910 4147 ostendat
2957 4108 3015 4146 se
3053 4092 3134 4145 vel
3179 4092 3429 4158 loquendi
3478 4091 3560 4145 vel
3607 4093 3831 4146 faciendi
3859 4109 3983 4150 esse

2386 4193 2647 4253 potestate
2689 4184 2950 4254 privatum
2979 4224 2993 4248 ,
3040 4183 3214 4246 absit;
3263 4183 3355 4237 sed
3379 4194 3566 4238 exacte
3587 4183 3771 4239 volens
3799 4196 3984 4241 osten4-

2387 4274 2516 4329 dere
2544 4275 2859 4330 concordem
2890 4290 3039 4329 suam
3068 4289 3188 4329 esse
3214 4290 3333 4327 cum
3357 4274 3514 4328 Patre
3534 4276 3851 4329 sententiam
3872 4287 3983 4332 tam

2390 4367 2444 4422 in
2474 4367 2671 4431 verbis,
2693 4383 2850 4438 quam
2879 4367 2932 4420 in
2965 4368 3159 4430 rebus;
3183 4375 3238 4421 et
3261 4367 3311 4420 in
3345 4367 3591 4421 onmibus
3619 4367 3986 4437 dispensatio-

2390 4459 2549 4513 nibus
2579 4473 2739 4511 unam
2768 4456 3118 4526 eamdemque
3135 4472 3275 4522 esse,
3302 4457 3437 4511 sicut
3454 4457 3566 4526 jam
3587 4471 3731 4530 saepe
3759 4457 3987 4516 demon-

2391 4549 2698 4604 stravimus.
2728 4547 2856 4601 lllud
2881 4547 3122 4614 enim,A
3170 4564 3247 4602 me
3296 4549 3407 4620 ipso
3459 4566 3560 4603 non
3607 4549 3784 4620 loquor
3839 4553 3864 4622 (
3895 4551 3985 4608 Id.

2393 4640 2482 4694 14.
2532 4639 2625 4708 10)
2648 4679 2661 4703 ,
2693 4653 2801 4693 non
2857 4639 3136 4709 potestatis
3168 4640 3428 4708 priVatio,
3462 4640 3556 4695 sed
3585 4656 3879 4696 consensus
3905 4653 3992 4698 est

2393 4729 2660 4802 probatio.
2710 4729 2812 4798 Qui
2864 4729 2922 4784 fit
2967 4730 3144 4800 igitur,
3180 4740 3234 4783 ut
3279 4729 3365 4785 hic
3415 4732 3585 4794 dicat,
3630 4730 3992 4788 Verumtamen

2395 4840 2496 4877 non
2521 4825 2649 4876 sicut
2674 4839 2763 4893 ego
2786 4823 2917 4886 volo,
2941 4823 3030 4876 sed
3050 4824 3179 4876 sicut
3208 4831 3259 4874 tu
3302 4823 3512 4891 (Matth.
3538 4822 3627 4878 26.
3654 4825 3744 4894 59)
3764 4826 3786 4876 ?
3810 4825 3991 4880 Forsi-

2397 4924 2485 4969 tan
2515 4916 2565 4968 in
2593 4914 2810 4969 multam
2839 4916 3158 4969 anxietatem
3186 4930 3280 4968 vos
3301 4914 3630 4980 conjecimns
3649 4956 3666 4980 ,
3697 4915 3790 4969 sed
3812 4924 3990 4970 atten-

2396 5007 2507 5061 dite
2533 5005 2769 5059 animum
2799 5021 2812 5055 :
2848 5004 2971 5058 licet
3011 5005 3153 5059 enim
3183 5006 3437 5074 prolixior
3481 5005 3642 5058 fuerit
3685 5018 3863 5060 sermo
3895 5021 3994 5060 no-

2399 5106 2531 5161 ster,
2560 5096 2740 5164 vigere
2759 5104 2937 5149 tamen
2967 5105 3124 5163 atque
3145 5094 3454 5148 adolescere
3481 5105 3778 5148 vestrorum
3801 5095 3996 5149 alacri-

2403 5195 2562 5241 tatem
2589 5188 2889 5241 animorum
2922 5186 3084 5255 probe
3113 5187 3234 5239 novi
3267 5201 3420 5239 :nam
3449 5185 3514 5238 ad
3545 5186 3713 5254 ipsam
3735 5187 3996 5254 quastio-

2403 5279 2486 5333 nis
2513 5278 2836 5332 solutionem
2869 5287 3048 5330 nostra
3080 5277 3330 5344 deinceps
3362 5275 3577 5330 festinat
3603 5276 3792 5329 oratio.
3820 5274 3996 5340 Quam

2405 5373 2562 5440 igitur
2581 5373 2650 5427 ob
2671 5385 2884 5427 causam
2913 5371 2982 5424 ita
3009 5347 3206 5424 dictum
3226 5381 3310 5424 est
3335 5366 3360 5422 ’ρ
3393 5368 3682 5437 Diligenter
3707 5366 3996 5422 advertite.

2408 5464 2701 5519 Difficulter
2726 5461 3013 5516 admodum
3061 5462 3440 5517 admittebatur
3467 5475 3644 5515 sermo
3673 5459 4002 5514 incarnatio-

2408 5557 2508 5610 nis.
2539 5555 2812 5625 Siquidem
2837 5553 3104 5608 excellens
3131 5554 3244 5622 ejus
3272 5553 3358 5606 illa
3391 5551 3671 5605 clementia
3703 5561 3753 5604 et
3797 5558 3996 5604 attem-

2408 5647 2697 5714 perationis
2726 5646 2842 5714 ejus
2878 5643 3185 5714 magnitudo
3218 5659 3302 5696 res
3331 5653 3483 5697 erant
3514 5642 3864 5695 admiratione
3911 5640 4000 5692 di-

2412 5738 2680 5809 gnissimae
2703 5779 2716 5806 ,
2752 5738 3021 5806 multaque
3055 5736 3437 5805 pra'purutione
3458 5773 3471 5800 ,
3502 5743 3557 5787 ut
3602 5734 3994 5801 reciperentur,
