4218 6294
269 408 332 465 '51
968 387 1035 446 IN
1077 382 1305 447 ILLUD,
1347 374 1602 443 PATER,
1641 372 1703 435 Si
1741 362 2092 425 POSSIBILE
2136 360 2289 428 EST,
2332 354 2730 418 TRANSEAT.
2778 328 2944 408 ETC.‘
3522 347 3594 403 38

262 516 593 589 indigebant.
640 509 828 582 Cogita
857 517 1088 573 namque
1111 496 1269 571 quale
1318 491 1461 549 illud
1496 487 1655 544 fuerit
1690 482 1878 540 audire

264 575 328 667 se
366 575 582 665 Eat-we
632 575 800 673 uelim
849 593 1214 658 ineffabilem,
1247 579 1752 653 ineorruptibilem,
1783 575 1878 646 qui

260 715 440 771 neque
509 694 711 769 percipi
739 666 755 673 ’ν
784 696 967 746 mente
1011 689 1187 755 potest
1227 720 1245 743 ,
1300 690 1401 731 nec
1441 670 1613 728 oculis
1685 666 1875 730 cerni,

260 764 528 847 nee’ullo'
551 785 715 842 modo
763 772 1146 849 comprehendi
1180 811 1196 838 ,
1241 766 1403 837 Cujus
1453 764 1506 817 in
1547 775 1705 842 manu
1760 764 1877 837 sunt

260 887 395 955 ﬂues
451 892 599 937 terra
665 875 857 949 (Psal.
915 872 1007 928 οι.
1058 866 1178 938 4),
1230 862 1330 932 Qui
1376 858 1581 931 respicit
1635 864 1874 928 terram,

259 944 310 1032 et
375 991 492 1031 eam
533 944 814 1040 tremefecit
848 1007 862 1031 ,
920 963 1006 1034 qui
1046 959 1207 1030 tangit
1252 962 1448 1008 montes
1478 988 1495 1017 ,
1524 957 1572 1004 et
1619 944 1875 1019 fumigant

267 1064 458 1139 (Psal.
500 1063 625 1119 105.
673 1057 805 1132 32),
853 1054 1008 1126 cujus
1048 1041 1513 1118 attemperationis
1540 1044 1875 1094 momentum

264 1124 369 1217 nec
389 1157 508 1229 ipsa
527 1124 817 1213 Gbcrubiin
845 1124 988 1203 ferre
1018 1145 1326 1214 potuerunt,
1365 1133 1462 1203 sed
1486 1127 1757 1204 oppansis
1775 1124 1878 1179 alis

266 1253 433 1325 iacies
449 1249 826 1310 occultarum;
856 1241 999 1297 hunc
1023 1236 1115 1310 qui
1144 1242 1383 1290 mentem
1396 1239 1622 1282 omnem
1648 1232 1879 1289 exsupe-

264 1324 385 1412 rat,
438 1352 768 1410 omnemque
811 1307 980 1390 vineit
1025 1307 1438 1399 cogitationem,
1498 1307 1881 1388 praetermissis

265 1400 480 1508 angelis
496 1474 515 1501 ,
547 1400 883 1500 archangelis
912 1420 1271 1501 omnibusque
1294 1408 1601 1470 exlestibus
1624 1418 1690 1459 ae
1714 1400 1879 1490 spiri-
1949 1467 1952 1470 ἢ

271 1490 511 1593 tu:libus
534 1522 642 1579 illis
672 1490 980 1582 viriutibns,
1001 1490 1273 1567 hominem
1302 1503 1415 1560 ﬂeri
1438 1498 1714 1569 dignatum
1735 1505 1877 1566 esse,

265 1591 599 1686 carnemque
637 1611 707 1667 de
737 1619 878 1665 terra
912 1612 987 1675 et,
1007 1603 1119 1657 luto
1164 1597 1451 1654 formatam
1480 1584 1838 1656 assumpsisse
1860 1616 1877 1644 ,

268 1720 434 1782 atque
462 1708 516 1763 in
541 1704 841 1776 virgineum
870 1695 1087 1753 venisse
1115 1701 1325 1746 uterum
1348 1728 1364 1751 ,
1404 1691 1461 1740 et
1498 1693 1701 1737 novem
1720 1689 1880 1731 men.

268 1766 410 1856 sitim
436 1766 693 1868 spatioin
722 1800 911 1845 ventre
932 1786 1095 1841 fuisse
1118 1786 1408 1853 gestatum,
1425 1774 1564 1828 lacte
1594 1766 1879 1827 nutritum,

268 1901 326 1950 et
348 1853 587 1946 humana
608 1892 801 1942 cuncta
828 1881 1108 1936 tolerasse.
1136 1870 1400 1942 Quoniam
1431 1865 1595 1936 igitur
1622 1858 1760 1914 adeo
1781 1853 1882 1910 fuit

271 1982 526 2042 mirabile
551 1977 697 2051 quod
730 1976 967 2032 futurum
1007 1975 1155 2033 crat,
1204 1973 1263 2019 ut
1312 1960 1475 2017 etiam
1504 1956 1632 2011 dum
1673 1952 1827 2007 ﬁeret
1851 1960 1881 2001 ι

271 2079 459 2136 multis
486 2043 710 2132 minime
737 2060 1330 2134 credereturhprimum
1350 2050 1567 2125 quidem
1595 2043 1884 2116 prophetas

273 2132 503 2228 ad—‘boc
548 2168 723 2238 ipsum
768 2132 1191 2217 annuntiandum
1237 2144 1534 2219 prmmisit,
1582 2146 1744 2208 atque
1781 2132 1886 2238 hec

272 2220 461 2335 ipsum
477 2220 806 2330 wpairiarcba
846 2242 1172 2322 praedicebat
1209 2239 1296 2294 his
1338 2234 1519 2291 verbis
1566 2238 1725 2331 utens
1758 2242 1773 2278 :
1809 2220 1888 2335 'De
1928 2258 1943 2265 ι

274 2312 527 2427 gremtinelr
544 2312 866 2407 ascendisti;
904 2337 985 2410 fili
1029 2335 1131 2397 mi;
1162 2328 1408 2385 recubans
1434 2317 1669 2378 dormisti
1714 2324 1769 2369 ut
1808 2312 1887 2367 leo

1217 2421 1253 2427 __
1401 2416 1414 2427 .
1552 2413 1564 2425 ,
1632 2417 1762 2427 ΑΜ
1801 2404 1861 2427 ,__

588 2438 670 2508 9).
700 2404 921 2490 llesaias
951 2437 1132 2481 autem
1161 2441 1173 2477 :
1205 2421 1341 2475 Ecce
1364 2416 1509 2487 uirgo
1548 2413 1600 2465 in
1625 2417 1766 2462 utero
1796 2404 1891 2457 Ita-

276 2492 429 2596 ‘bebit,
455 2540 506 2586 et
523 2492 684 2599 pariet
703 2525 891 2593 lilium,
912 2530 957 2573 et
982 2514 1227 2571 uocabunt
1245 2523 1429 2565 nomen
1450 2505 1561 2577 ejus
1583 2492 1890 2554 Emmanuel

276 2591 489 2696 (Huni.
602 2591 716 2687 il).
743 2614 809 2669 Et
829 2609 953 2666 alibi
973 2619 1161 2662 rursus
1183 2619 1197 2655 :
1223 2599 1456 2657 Vidimus
1479 2609 1596 2649 eum
1615 2591 1886 2696 infantem,

277 2676 535 2785 iamun
558 2676 781 2764 radicem
804 2706 859 2758 tn
887 2709 1024 2754 terra
1063 2692 1251 2750 sitienti
1296 2686 1500 2761 (Hesai.
1523 2684 1613 2739 53.
1641 2678 1723 2752 Ξ).
1751 2676 1892 2785 Ter:

277 2763 553 2862 ramjvero
578 2786 850 2853 sitientem
876 2800 1089 2846 uterum
1130 2783 1260 2839 dicit
1280 2778 1581 2849 virgineum
1606 2814 1623 2840 ,
1652 2784 1718 2826 eo
1748 2763 1891 2839 quod

279 2893 518 2952 hominis
545 2905 729 2948 semen
759 2901 867 2942 non
889 2876 1218 2949 susceperit,
1248 2886 1423 2943 neque
1463 2866 1666 2925 coitum
1694 2861 1765 2918 sit
1793 2873 1892 2914 ex-

281 2995 499 3059 pertus,
526 2980 619 3037 sed
653 2979 856 3048 absque
884 2970 1138 3041 coniugio
1168 2967 1320 3021 illum
1352 2956 1645 3034 pepererit.
1671 2953 1739 3008 Et
1769 2963 1895 3021 rur:

281 3040 411 3141 sus,
461 3040 604 3130 1"":
653 3040 801 3124 natus
846 3074 920 3121 est
963 3040 1138 3123 nobis,
1193 3056 1332 3127 ﬁlius
1364 3060 1415 3107 et
1459 3049 1611 3103 datus
1640 3054 1711 3099 est
1752 3040 1895 3097 nobis

285 3136 492 3240 (Hesai.
523 3164 579 3222 9.
606 3162 689 3233 6),
742 3166 801 3216 ct
819 3198 835 3226 ,
864 3154 1168 3229 Egredietur
1187 3149 1329 3219 uirga
1356 3144 1419 3199 de
1443 3139 1617 3197 radice
1645 3136 1791 3191 Jesse
1808 3174 1822 3198 ,
1848 3142 1896 3187 et

282 3224 380 3333 λοι
413 3258 479 3313 de
514 3224 686 3310 radice
714 3224 828 3318 eius
869 3224 1105 3303 ascendet
1133 3239 1285 3315 (Hes.
1318 3237 1406 3293 ll.
1442 3232 1510 3303 Ι).
1562 3231 1631 3286 Et
1683 3224 1894 3283 Barueb

283 3318 424 3424 apud
442 3348 732 3406 Jeremiam
755 3362 769 3399 :
798 3341 898 3397 Hic
919 3338 1058 3394 Deus
1076 3342 1268 3400 noster,
1286 3345 1389 3384 non
1404 3321 1741 3382 cstimabitur
1759 3318 1894 3372 alius

284 3408 474 3516 picter
501 3456 635 3495 eum.
668 3436 872 3491 Invenit
908 3445 1108 3488 omnem
1132 3427 1270 3482 uiam
1296 3418 1620 3490 disciplina,
1671 3422 1717 3467 et
1760 3408 1899 3465 dedit

284 3501 396 3591 eam
417 3531 584 3588 Iacob
610 3544 768 3601 puero
788 3541 905 3591 suo,
935 3531 983 3577 et
1004 3517 1170 3575 Israel
1191 3516 1374 3570 dilecto
1400 3525 1513 3563 suo.
1542 3505 1668 3560 Post
1710 3504 1817 3557 lucc
1845 3501 1896 3554 in

286 3628 434 3683 terris
460 3593 693 3679 visus'est
709 3662 725 3688 ,
750 3627 801 3674 et
826 3634 941 3671 cum
968 3609 1255 3667 hominibus
1276 3610 1600 3660 conversatus
1633 3605 1705 3651 est
1747 3593 1896 3668 (Bar.

287 3721 343 3777 ὅ.
374 3716 597 3787 36-38).
646 3711 811 3768 David
837 3709 1002 3765 etiam
1026 3706 1315 3759 adventum
1346 3696 1463 3766 ejus
1486 3694 1539 3748 in
1569 3703 1734 3747 carne
1755 3702 1899 3758 prsc-

288 3814 478 3869 dieans
501 3779 578 3863 ait
608 3826 623 3862 :
653 3801 932 3860 Descendet
972 3799 1101 3852 sicut
1150 3791 1321 3866 pluuia
1362 3789 1416 3841 in
1457 3783 1636 3846 vellus,
1683 3788 1728 3834 et
1771 3779 1900 3833 sicut

289 3898 612 3958 stillicidium
644 3892 848 3950 stillans
877 3903 1029 3956 super
1069 3894 1255 3938 terram
1296 3876 1471 3950 (Psal.
1518 3874 1608 3928 Ἠ.
1648 3869 1739 3941 6),
1768 3882 1902 3938 quo-

292 3997 434 4051 niam
462 3992 665 4062 absque
685 3985 912 4055 strepitu
940 3982 991 4034 in
1024 3976 1321 4047 virgineum
1349 3980 1560 4051 uterum
1591 3962 1765 4020 venit.

363 4110 418 4165 ι.
453 4104 711 4166 Marcion,
738 4094 1058 4157 Valentinus,
1102 4097 1148 4143 et
1181 4083 1497 4141 Manicltwus
1525 4072 1901 4132 lncarnationis

294 4189 1021 4272 oppugnatoresrefelluntur;
1058 4181 1221 4235 altera
1256 4174 1389 4231 ratio
1428 4186 1518 4226 cur
1565 4166 1824 4239 passiones
1858 4168 1907 4214 et

295 4256 507 4361 siccius
532 4256 765 4344 Christus
791 4281 842 4335 in
872 4294 927 4333 se
953 4265 1413 4344 sust.eperit.—At
1440 4276 1547 4318 non
1578 4256 1906 4313 sulfecernnt

298 4356 414 4442 haec
440 4375 781 4439 solummodo
811 4371 891 4447 (a)
912 4413 929 4438 ,
964 4367 1058 4425 sed
1086 4373 1142 4421 et
1167 4378 1293 4431 cum
1317 4356 1646 4415 advenisset,
1681 4364 1749 4404 ne
1798 4363 1900 4431 pu-

299 4486 505 4533 taretur
528 4484 651 4529 esse
680 4428 994 4539 phantasma
1018 4454 1161 4529 quod
1186 4430 1367 4517 flebat,
1400 4462 1508 4502 non
1538 4451 1759 4513 aspectu
1789 4428 1904 4492 solo

298 4583 412 4624 rem
439 4537 755 4621 credibilem
786 4553 998 4617 reddit,
1032 4543 1385 4603 verumetiam
1421 4537 1592 4593 multo
1623 4544 1866 4601 tempore
1888 4570 1901 4592 ,

299 4656 552 4728 quodque
588 4667 685 4725 per
707 4650 940 4705 humana
972 4648 1162 4709 cuncta
1191 4632 1523 4691 transiverit.
1551 4628 1735 4697 Neque
1758 4623 1902 4678 enim

299 4760 519 4821 quoque
544 4713 704 4799 m-odo
744 4741 794 4794 itt
823 4736 1097 4792 hominem
1130 4727 1425 4800 perfectum
1453 4732 1615 4790 atque
1659 4713 1905 4784 complc-

302 4804 615 4899 tium-venit,
644 4830 738 4888 sed
767 4830 820 4884 in
849 4836 1074 4882 uterum.
1109 4815 1329 4889 virginis
1358 4813 1473 4867 :sic
1525 4816 1584 4863 ttt
1632 4807 1793 4862 etiam
1853 4804 1904 4856 in

302 4930 459 4986 vulva
486 4895 812 4999 gestantur,
859 4926 913 4973 et
943 4922 1157 4987 partum
1199 4907 1509 4965 sustineret,
1543 4908 1599 4955 et
1626 4896 1780 4953 laetis
1805 4895 1907 4947 ali-

307 4989 572 5085 mentum,
604 5027 659 5072 et
685 5016 1098 5071 incrementum,
1128 5019 1193 5058 ac
1224 5016 1319 5073 per
1347 4995 1605 5066 temporis
1630 4989 1905 5062 prolixita-

306 5124 435 5181 tem,
459 5079 808 5176 omniumque
833 5098 1200 5158 diversitatem
1230 5100 1471 5153 aetatum,
1513 5083 1655 5155 quod
1682 5079 1908 5152 gereba-

308 5216 395 5265 tur
413 5172 674 5261 credibile
694 5172 962 5254 redderet.
988 5189 1125 5259 Quin
1149 5202 1215 5241 ne
1238 5184 1340 5238 hac
1360 5178 1573 5251 quidem
1596 5172 1911 5244 probatione

310 5304 596 5356 contentus
627 5289 748 5352 fuit,
774 5285 871 5342 sed
896 5292 952 5339 et
993 5294 1211 5337 carnem
1235 5271 1641 5331 circumferens,
1670 5280 1788 5321 eam
1820 5278 1912 5317 na-

312 5401 443 5446 tura:
473 5383 679 5458 perpeti
701 5377 1021 5435 detrimenta
1053 5368 1339 5443 permittit,
1363 5374 1417 5421 et
1446 5362 1652 5419 esurire
1679 5366 1735 5413 et
1761 5356 1914 5410 sitire

311 5492 365 5536 et
389 5451 628 5536 dormire
665 5481 724 5529 et
762 5467 966 5540 fatigari
998 5484 1013 5520 :
1040 5474 1312 5536 postremo
1368 5457 1530 5513 etiam
1576 5451 1642 5507 ad
1699 5464 1913 5505 crucem

318 5573 541 5629 veniens
574 5565 704 5623 sinit
745 5577 864 5617 eam
894 5574 1015 5630 quae
1053 5553 1234 5612 carnis
1289 5557 1415 5605 sunt
1462 5545 1592 5617 pati.
1624 5544 1917 5611 Propterea

320 5675 551 5734 rumque
576 5667 633 5715 et
653 5663 815 5728 gutta‘
838 5649 1051 5708 sudoris
1074 5662 1138 5702 ex
1170 5643 1261 5699 illa
1290 5638 1573 5704 cadebant,
1605 5643 1662 5691 et
1694 5630 1919 5702 angelus

380 5843 453 5908 (a)
498 5838 708 5893 Alertur
730 5836 811 5887 hic
830 5833 968 5887 locus
992 5833 1041 5881 in
1066 5827 1245 5879 eodem
1265 5821 1476 5875 concilio
1510 5827 1565 5870 vt
1596 5814 1919 5870 aecumcolco.

1988 492 2108 535 eam
2136 472 2473 532 confortasse
2499 466 2788 541 reperitur,
2836 474 2891 521 et
2939 464 3201 528 tristatur,
3256 470 3312 517 et
3368 467 3598 515 mmstus

1985 578 2091 626 est.
2114 569 2269 625 Prius
2291 566 2459 629 enim,
2491 577 2653 634 quam
2690 560 2807 617 haec
2855 559 3082 622 diceret,
3112 556 3228 611 ait:
3269 554 3457 609 Anima
3484 568 3598 607 mea

1986 661 2189 716 turbata
2208 668 2302 724 est,
2333 666 2380 712 et
2409 656 2566 710 tristis
2592 662 2663 709 cst
2696 668 2856 724 usque
2889 651 2958 705 ad
2988 661 3201 704 mortem
3231 651 3250 716 (
3279 645 3466 701 Matth.
3497 643 3594 701 16.

1987 752 2116 824 38).
2164 751 2219 807 Si
2249 751 2392 807 enim
2424 748 2511 804 his
2535 746 2787 802 omnibus
2826 745 3013 815 gestis,
3060 740 3355 810 malignum
3383 752 3447 793 os
3472 736 3593 792 dia-

1986 844 2095 903 boli
2146 858 2244 915 per
2294 840 2621 897 Marcionem
2659 836 2963 900 Ponticum,
3017 841 3074 888 et
3120 825 3487 892 Valentinum,
3540 834 3595 897 et

1985 926 2341 993 Maniehteum
2360 932 2602 997 Persam,
2624 936 2679 984 et
2698 927 2833 982 alios
2846 924 3024 996 plures
3052 922 3324 977 btet-esum
3344 894 3597 974 auctores

1987 1040 2294 1085 sermonem
2308 1023 2377 1081 de
2395 992 2797 1094 dispensatione
2812 992 2888 1090 (a)
2905 1015 3096 1087 potuit,
3112 1020 3375 1085 quantum
3394 1007 3446 1065 in
3466 992 3597 1080 ipsis

1989 1124 2128 1191 erat,
2147 1114 2485 1178 subvertere,
2501 1121 2557 1168 et
2573 1110 2866 1167 satanieam
2884 1121 3070 1162 vocem
3081 1102 3281 1186 emisit,
3299 1108 3358 1175 ut
3371 1101 3597 1163 diceret,

1989 1224 2115 1264 eum
2149 1221 2325 1278 neque
2349 1206 2680 1262 incsrnatum
2710 1216 2853 1268 esse,
2884 1215 3058 1270 neque
3085 1179 3595 1261 carnem‘induisse,

1987 1299 2086 1357 sed
2116 1300 2350 1371 speciem
2383 1298 2435 1353 id
2465 1296 2751 1370 quamdam
2776 1291 2968 1360 fuisse,
2998 1290 3341 1362 phantasma,
3371 1287 3599 1343 simula—

1992 1392 2190 1449 tionem
2236 1407 2301 1448 ac
2330 1391 2553 1447 mimum
2586 1406 2599 1444 :
2630 1386 2841 1443 tametsi
2887 1384 3189 1456 passiones,
3235 1388 3291 1437 et
3338 1381 3508 1443 mers,
3542 1386 3600 1433 et

1982 1482 2317 1557 Sepulcrum,
2353 1493 2408 1540 ct
2456 1483 2625 1538 fames
2668 1482 3029 1537 reclamarent
3073 1494 3091 1535 :
3143 1477 3187 1531 si
3241 1475 3602 1547 nihilhorum

1990 1570 2325 1649 contigisset,
2345 1590 2525 1631 nonne
2548 1574 2718 1630 multo
2743 1572 2975 1643 amplius
2994 1570 3242 1628 diabolus
3270 1568 3386 1622 haec
3413 1566 3603 1636 itnpie-

1993 1673 2115 1723 tatis
2166 1667 2396 1737 pessima
2446 1666 2695 1736 dogmata
2743 1660 3188 1720 disseminasset?
3236 1657 3602 1728 Quamobrem

1990 1758 2393 1835 sicutesnrivit,
2416 1760 2557 1816 sicut
2587 1757 2836 1827 fatigatus
2863 1763 2965 1820 est,
2999 1755 3140 1810 sicut
3164 1750 3441 1819 dormivit,
3464 1748 3604 1804 sicut

1992 1849 2356 1917 manducavit,
2389 1851 2527 1905 sicut
2568 1849 2720 1913 bibit,
2752 1848 2831 1913 sic
2878 1856 2932 1902 et
2977 1853 3207 1902 mortem
3261 1850 3495 1909 recusat,
3548 1838 3602 1899 id

1991 1942 2141 2013 quod
2177 1952 2260 1997 est
2313 1942 2604 1996 humanum
2656 1924 2984 2004 ostendens,
3014 1946 3069 1993 et
3110 1935 3474 1992 inﬁrmitatem
3502 1947 3605 1985 na-

1992 2042 2149 2098 turtr,
2173 2049 2293 2104 quae
2321 2033 2478 2087 avelli
2507 2047 2568 2088 se
2603 2046 2633 2086 a
2664 2031 2914 2101 praesenti
2946 2029 3052 2083 vita
3100 2027 3219 2083 sine
3268 2024 3457 2081 dolore
3496 2036 3605 2078 non

1994 2126 2219 2197 patitur.
2247 2124 2381 2180 Nam
2407 2124 2452 2179 si
2476 2123 2609 2180 nihil
2627 2124 2816 2179 horum
2838 2121 3087 2186 dixisset,
3107 2116 3604 2190 potuissetdicere:

1993 2218 2048 2274 Si
2082 2218 2245 2272 homo
2269 2225 2405 2283 erat,
2427 2216 2722 2287 "oportebat
2744 2228 2868 2270 eum
2898 2212 3007 2282 pati
3037 2226 3159 2283 qua:
3184 2209 3419 2264 hominis
3457 2216 3603 2262 sunt.

1995 2308 2254 2377 Quzenam
2279 2316 2458 2362 autem
2490 2306 2578 2361 illa
2605 2305 2767 2361 sunt?
2802 2303 2872 2359 Ut
2896 2302 3149 2357 nimirum
3170 2298 3261 2370 qui
3288 2296 3607 2368 cruciﬁgen-

1996 2397 2097 2453 dus
2124 2405 2266 2458 erat.
2297 2395 2617 2452 formidaret
2646 2404 2701 2450 et
2719 2394 2913 2449 attxius
2938 2398 3115 2458 esset,
3144 2405 3245 2446 nec
3274 2389 3392 2445 sine
3420 2387 3613 2443 dolore

1996 2503 2026 2542 a
2057 2487 2312 2559 praesenti
2345 2488 2455 2542 vita
2495 2485 2847 2557 avelleretur;
2879 2481 3142 2553 siquidem
3186 2479 3377 2535 insitus
3403 2486 3488 2534 est
3509 2491 3607 2532 na-

2000 2590 2134 2636 tum
2164 2594 2319 2635 amor
2366 2578 2712 2651 prmsentium
2741 2592 2760 2632 :
2792 2584 3073 2647 propterea
3099 2586 3221 2627 cum
3253 2586 3441 2627 verum
3485 2584 3609 2626 esse

1999 2672 2177 2726 carnis
2229 2670 2601 2725 indumentum
2632 2645 2802 2723 vellet:
2827 2659 3227 2730 ostenderent:
3246 2645 3609 2734 dispensatio-

2000 2780 2122 2819 nem
2148 2761 2461 2818 credibilem
2495 2759 2743 2824 reddere,
2774 2757 2939 2811 multa
2969 2770 3091 2811 cum
3138 2751 3605 2810 demonstratione

2002 2854 2285 2925 passiones
2326 2853 2471 2922 ipsas
2497 2848 2669 2907 nudas
2695 2840 2993 2921 proposuit.
3016 2847 3085 2902 Et
3110 2851 3226 2901 lure
3264 2845 3481 2917 quidem
3508 2857 3611 2903 una

2001 2957 2084 3002 est
2111 2945 2247 3001 ratio
2274 2963 2288 2998 :
2320 2943 2417 3000 sed
2446 2952 2502 3000 et
2521 2943 2688 2997 altera
2705 2939 2950 3012 qumdam
2979 2949 3062 2995 est
3085 2938 3257 2994 nihilo
3279 2937 3380 2993 ista
3408 2936 3605 2991 minor.

2003 3037 2133 3094 llrec
2157 3051 2403 3107 quaenam
2450 3034 2572 3091 est?
2624 3032 2933 3089 Adveniens
2959 3031 3210 3087 Christus
3242 3028 3459 3085 omnem
3498 3028 3612 3084 vir-

2002 3135 2172 3191 ,tntem
2221 3126 2469 3181 homines
2518 3123 2716 3180 docere
2744 3122 2995 3178 volebat:
3025 3130 3079 3176 at
3100 3121 3145 3176 is
3173 3121 3264 3192 qui
3314 3118 3475 3175 docet
3507 3127 3615 3175 non

2005 3217 2172 3273 verbo
2202 3216 2375 3271 solum
2430 3214 2524 3271 sed
2553 3215 2715 3270 etiam
2762 3226 2932 3284 opere
2984 3211 3199 3266 instruit
3230 3228 3243 3264 :
3273 3212 3390 3266 lure
3417 3210 3615 3280 quippe

2006 3308 2244 3366 ductoris
2273 3308 2475 3379 optima
2502 3317 2587 3388 est
2621 3306 2889 3361 doctrina.
2943 3303 3389 3375 Quandoquidem
3419 3303 3612 3375 guber‘

2009 3412 2163 3457 nator
2209 3415 2423 3491 quoque
2465 3399 2593 3456 dum
2638 3398 2958 3469 discipulum
2995 3388 3243 3461 collocat,
3302 3411 3410 3467 quo
3462 3405 3621 3466 pacto

2008 3488 2233 3550 clavum
2256 3502 2468 3561 tractet,
2509 3493 2767 3558 ostendit,
2822 3502 2871 3546 et
2898 3490 3056 3546 simul
3086 3488 3238 3559 operi
3269 3487 3494 3543 verbum
3522 3488 3608 3543 ad-

2004 3585 2199 3657 jnngit,
2238 3594 2291 3640 et
2335 3601 2507 3655 neque
2536 3584 2771 3654 loquitur
2828 3580 3223 3645 tantummodo,
3278 3594 3451 3651 neque
3501 3588 3627 3633 tuna

2011 3678 2288 3733 tummodo
2312 3688 2567 3748 operatur
2600 3694 2615 3730 :
2648 3676 2760 3747 pari
2782 3675 2991 3729 ratione
3029 3687 3152 3727 cum
3184 3670 3615 3730 mediumaddu-

2008 3773 2081 3826 cit
2123 3788 2269 3837 eum,
2296 3767 2459 3841 quem
2490 3769 2558 3825 ad
2589 3766 2972 3825 exstrue-udum
3013 3756 3225 3820 murum
3256 3764 3618 3818 instructurus

2011 3873 2095 3918 est
2148 3862 2494 3927 architectus,
2522 3860 2680 3915 docet
2730 3859 2878 3914 illum
2910 3871 3096 3927 opere,
3130 3854 3288 3911 docet
3328 3863 3381 3909 et
3410 3853 3614 3908 verbo:

2012 3955 2260 4011 similiter
2280 3964 2334 4009 et
2364 3961 2541 4020 textor
2569 3960 2626 4008 et
2656 3950 2882 4022 plnygio
2925 3959 2980 4003 ct
3008 3947 3124 4001 auri
3176 3946 3343 4011 lusor,
3367 3952 3422 4000 et
3467 3943 3619 4000 faber

2011 4050 2234 4103 aerarius
2263 4055 2319 4102 et
2339 4046 2515 4100 omnis
2541 4043 2757 4105 artifex,
2780 4057 2900 4097 eum
2930 4040 3112 4095 verbis
3135 4037 3313 4103 docet,
3330 4046 3459 4113 Otum
3482 4050 3619 4107 epe-

2013 4142 2185 4197 ribus.
2211 4138 2438 4209 Quando
2467 4138 2629 4209 igitur
2654 4146 2708 4190 et
2736 4134 2852 4205 ipse
2878 4146 2977 4188 nos
3001 4130 3069 4187 ad
3114 4144 3332 4185 omnem
3366 4129 3619 4183 virtutem

2014 4235 2371 4290 instructurus
2396 4228 2639 4297 advenit,
2690 4234 2970 4299 propterea
2997 4233 3053 4280 et
3079 4237 3199 4293 qua:
3227 4220 3467 4276 facienda
3496 4227 3621 4275 sunt

2013 4329 2163 4394 dicit,
2193 4338 2247 4384 et
2272 4328 2386 4397 ipse
2414 4322 2636 4395 peragit.
2671 4320 2772 4386 Qui
2811 4320 2945 4373 enim
2974 4317 3169 4386 fecerit,
3209 4314 3401 4385 inquit,
3454 4323 3501 4368 et
3528 4314 3622 4367 do-

2015 4423 2193 4488 cuerit,
2227 4422 2306 4475 In'c
2330 4432 2545 4489 magnus
2574 4412 2833 4469 vocabitur
2856 4410 2910 4465 in
2938 4424 3095 4481 regno
3124 4408 3366 4463 caelorum
3392 4405 3621 4477 (Matth.

2014 4515 2164 4579 5.19
2185 4513 2335 4584 ).Sic
2377 4519 2558 4565 autem
2588 4520 2704 4563 rem
2727 4502 2971 4575 expende
3003 4518 3017 4555 :
3042 4500 3272 4555 humiles
3298 4507 3353 4553 ut
3378 4513 3623 4554 essemus

2016 4622 2079 4662 ac
2108 4606 2266 4661 mites
2298 4602 2572 4673 praecepit,
2606 4606 2663 4655 et
2700 4595 2885 4652 verbis
2907 4593 3089 4650 docuit
3121 4610 3136 4647 :
3172 4590 3294 4647 vide
3335 4605 3444 4662 quo
3466 4601 3625 4659 pacto

2017 4706 2072 4754 et
2098 4696 2259 4752 rebus
2290 4694 2419 4766 ipsis
2446 4692 2534 4747 illa
2582 4686 2846 4746 docuerit.
2874 4685 3010 4741 Cum
3037 4684 3178 4739 enim
3208 4682 3451 4746 dixisset,
3482 4680 3625 4735 Beati

2029 4801 2285 4857 pauperes
2311 4794 2527 4853 sptrttu,
2562 4773 3316 4845 beatimites(Mattlt.5.5.4).
3338 4791 3448 4846 quo
3470 4786 3629 4845 pnt'ttt

2030 4874 2124 4933 illa
2164 4876 2475 4948 praestanda
2520 4876 2653 4939 sint,
2706 4871 2941 4929 indicat.
2982 4868 3234 4937 Quonam
3278 4883 3410 4937 ergo
3466 4878 3628 4937 pacto

2030 4968 2264 5026 docuit?
2295 4969 2433 5023 Cum
2471 4968 2778 5037 accepisset
2826 4967 3083 5024 linteum,
3121 4960 3411 5031 przncinxit
3451 4975 3535 5026 se,
3571 4966 3627 5014 et

2033 5060 2168 5115 lavit
2192 5057 2357 5131 pedes
2387 5058 2787 5128 discipulorum
2812 5053 2999 5122 (Joan.
3022 5052 3109 5106 l3.
3136 5049 3193 5105 4.
3222 5048 3298 5119 5).
3322 5048 3467 5114 Quid
3494 5064 3623 5104 cum

2021 5158 2121 5214 hac
2147 5152 2450 5211 humilitate
2492 5145 2723 5204 conferri
2753 5139 2968 5214 potest?
2993 5138 3108 5192 Non
3136 5136 3280 5191 enim
3303 5134 3413 5203 jam
3449 5133 3628 5187 verbis

2022 5258 2228 5305 tantum
2255 5244 2397 5301 illam
2422 5241 2600 5305 docet,
2622 5249 2808 5291 verum
2840 5232 3001 5287 etiam
3026 5226 3299 5297 operibus.
3323 5225 3632 5279 Mansuetu-

2023 5345 2203 5401 dinem
2227 5351 2417 5395 rursus
2443 5343 2499 5390 et
2532 5328 2843 5403 patientiam
2888 5322 3045 5379 docet
3076 5319 3350 5390 operibus.
3376 5298 3626 5386 Quonam

2023 5434 2219 5510 pacto?
2245 5433 2410 5501 Alapa
2436 5434 2725 5500 percussus
2748 5429 2830 5475 est
2857 5433 2886 5472 a
2918 5428 3075 5472 servo
3121 5410 3412 5483 pontificis,
3434 5418 3487 5461 et
3515 5409 3623 5461 ait:

2029 5500 2091 5589 -Si
2113 5528 2316 5603 quidem
2352 5500 2494 5578 fatale
2522 5521 2757 5589 loquutus
2788 5527 2919 5576 sum,
2963 5504 3304 5561 testimonium
3336 5500 3541 5573 perhibe
3570 5500 3631 5552 de

2027 5590 2163 5682 maio
2191 5639 2209 5677 :
2237 5622 2281 5678 si
2329 5628 2497 5673 autem
2524 5616 2664 5676 bene,
2692 5608 2814 5680 quid
2850 5620 2928 5658 me
2953 5601 3106 5657 cordis
3139 5596 3327 5671 (Joan.
3366 5594 3447 5650 18.
3482 5590 3631 5661 23)?

2094 5741 2168 5804 (a)
2200 5745 2271 5788 De
2292 5727 2683 5804 tlispeusaticne.
2705 5724 2799 5773 hoc
2818 5724 2912 5804 est,
2931 5716 2997 5804 de
3020 5708 3532 5804 itliqartia't'i‘o‘titeﬁquam
3562 5708 3640 5757 vel

2527 5795 2540 5804 -
2603 5796 2631 5804 μ.
2760 5798 2833 5804 -_.
2876 5793 2944 5804 ...η
2984 5791 3040 5804 η..
3107 5786 3164 5804 ,ω
3381 5780 3412 5804 L

2030 5767 2840 5869 ηρξξιῖκᾶἓίίῖή
2858 5767 3065 5830 licabaut
3089 5769 3308 5823 haeretici
3325 5767 3412 5818 illi.
