4218 6294
700 347 770 406 81
1415 343 1470 399 8.
1511 339 1790 399 JOANNIS
1826 339 2302 398 CllRYSOSTOMI
2342 339 2667 399 ARClllEP.
2708 343 3244 404 CONSTANTINOP.
3925 354 3994 410 ιο

697 465 805 521 Pro
843 463 1075 518 inimicis
1103 474 1258 516 orare
1302 458 1588 528 prmeepit:
1622 471 1806 511 rursus
1836 455 1936 509 hoe
1963 455 2122 510 etiam
2160 469 2288 525 epe-

697 556 844 609 ribus
870 554 1028 609 docet
1058 571 1072 607 :
1100 541 1231 606 cum
1249 551 1389 604 enim
1431 552 1484 603 in
1511 561 1724 603 crucem
1755 547 2104 613 ascendisset,
2127 547 2282 609 dixit,

699 645 876 712 Pater,
907 645 1098 700 dimitte
1119 645 1376 707 illis;nou
1399 642 1531 695 enim
1552 643 1717 696 sciunt
1751 642 1875 712 quid
1903 638 2140 712 {aciunt(
2155 639 2282 693 Luc.

693 735 784 789 25.
808 736 876 789 54
898 736 934 802 ).
961 733 1030 789 Ut
1059 732 1217 802 igitur
1247 731 1496 801 prmcepit
1533 740 1592 785 ut
1610 745 1906 796 oraremus,
1954 731 2034 784 sic
2069 735 2125 784 et
2166 735 2288 784 orat

694 829 830 895 ipse,
874 834 1032 894 teque
1059 823 1218 879 docet
1242 837 1420 888 orare,
1458 838 1580 877 cum
1618 838 1716 877 nec
1748 822 1860 892 ipse
1886 820 2187 876 dimittendi
2218 822 2288 876 sit

694 925 956 985 potestate
993 915 1300 970 deSIitutus.
1334 915 1596 984 Prmcepit
1635 930 1839 981 rursus,
1868 924 1926 968 nt
1963 915 2027 969 iis
2070 914 2159 985 qui
2189 927 2287 968 nos

690 1009 920 1064 oderunt
961 1006 1419 1073 benefaceremus,
1469 1022 1533 1060 ac
1570 1006 1640 1062 de
1685 1006 1789 1060 illis
1825 1005 1915 1076 qui
1945 1021 2042 1062 nos
2079 1005 2286 1061 calum-

691 1099 908 1154 niantur
942 1099 1079 1152 bene
1114 1111 1446 1152 mereremur
1478 1094 1702 1167 (Matth.
1723 1096 1775 1150 5.
1802 1097 1868 1150 4t
1889 1096 1908 1165 )
1933 1111 1948 1148 :
1977 1094 2079 1150 hoc
2104 1102 2283 1150 autem

690 1201 856 1257 opere
883 1188 1000 1258 ipso
1029 1186 1316 1257 complevit
1343 1203 1356 1238 :
1385 1186 1648 1256 siquidem
1675 1201 1740 1241 ex
1762 1185 1963 1241 ιυάωίε
2009 1186 2284 1241 dremones

688 1278 914 1347 expulit,
945 1294 975 1332 a
1008 1278 1199 1348 quibus
1225 1286 1506 1348 correptus
1536 1293 1564 1331 a
1597 1277 1843 1332 daemone
1885 1278 2280 1348 appellabatur,

692 1378 1074 1438 persequentes
1119 1381 1179 1422 se
1226 1367 1506 1422 beneficiis
1567 1367 1907 1435 cumulabat,
1967 1368 2284 1424 insidiantes
2323 1389 2340 1410 ν

687 1457 881 1522 alebat,
915 1457 1226 1528 cruciﬁgere
1254 1458 1497 1513 volentes
1538 1457 1605 1512 ad
1658 1474 1881 1528 regnum
1915 1473 2077 1513 manu
2113 1458 2278 1514 duce-

687 1551 797 1605 bat.
835 1550 1042 1604 Rursus
1085 1549 1152 1605 ad
1198 1550 1491 1621 discipulos
1530 1549 1781 1606 dicebat:
1814 1549 1991 1605 Nolite
2028 1550 2284 1619 possidere

684 1655 890 1704 aurum,
946 1655 1104 1710 neque
1159 1650 1442 1711 argentum,
1511 1649 1669 1713 neque
1721 1641 1984 1713 pecuniam
2033 1641 2087 1701 in
2136 1640 2280 1694 sonis

684 1731 1103 1802 uestris(Matth.
1131 1734 1219 1788 10.
1249 1733 1360 1802 9),
1394 1743 1452 1787 ut
1492 1734 1557 1787 ad
1588 1744 1955 1804 paupertatem
1989 1734 2234 1788 incitaret
2262 1751 2277 1790 :

686 1821 789 1876 hoc
839 1839 1025 1878 rursus
1069 1823 1320 1894 operibus
1368 1824 1613 1888 docebat,
1662 1840 1784 1878 eum
1826 1825 1896 1878 ita
1928 1825 2279 1895 loqueretur:

698 1914 883 1985 Vulpes
911 1920 1081 1988 foveas
1120 1916 1342 1982 habent,
1382 1927 1428 1969 et
1464 1916 1686 1969 volucres
1729 1915 2037 1970 Ctltli‘x’tidOS
2063 1931 2082 1970 :
2113 1915 2280 1969 Filius

681 2018 850 2060 autem
888 2008 1107 2060 hominis
1135 2024 1235 2060 non
1287 2006 1432 2060 habet
1472 2008 1556 2059 ubi
1597 2016 1748 2076 caput
1799 2006 2005 2080 reclinet
2050 2005 2277 2078 (Matth.

683 2099 735 2152 8.
765 2097 874 2167 ΞΟ)
911 2115 923 2150 :
949 2111 1121 2167 neque
1145 2108 1328 2151 mensa
1358 2096 1430 2150 illi
1454 2107 1592 2162 erat,
1623 2111 1728 2150 non
1752 2096 1965 2162 domus,
1998 2112 2104 2150 non
2135 2095 2279 2152 aliud

683 2188 971 2257 quidpiam
1016 2189 1327 2258 ejusmodi:
1374 2202 1481 2241 non
1537 2187 1678 2258 quod
1727 2202 1927 2257 egenus
1980 2198 2143 2253 esset,
2184 2188 2279 2242 sed

681 2283 822 2348 quod
874 2281 1117 2335 homines
1164 2281 1230 2335 ad
1275 2280 1414 2334 hanc
1457 2279 1806 2334 iusistendam
1849 2280 1989 2333 viam
2019 2279 2273 2334 erudiret.

682 2374 792 2428 llac
845 2373 1091 2427 nimirum
1142 2373 1349 2427 ratione
1391 2370 1619 2426 docebat
1663 2371 1782 2426 illos
1813 2386 1988 2425 orare.
2023 2370 2280 2424 Dicebant

685 2465 847 2533 igitur
893 2464 1013 2518 illi:
1062 2462 1206 2516 Doce
1254 2478 1344 2514 nos
1393 2476 1539 2514 orare
1575 2459 1739 2531 (Luc.
1790 2462 1877 2516 ll.
1936 2458 2026 2532 ι).
2076 2461 2278 2516 Idcirco

683 2560 842 2609 etiam
892 2563 1029 2618 orat,
1063 2562 1119 2607 ut
1144 2559 1199 2608 et
1243 2547 1319 2606 illi
1359 2551 1566 2606 discant
1592 2567 1766 2607 orare.
1797 2549 1905 2607 Sed
1938 2566 2043 2606 non
2072 2558 2276 2606 tantum

680 2661 858 2710 orare,
886 2644 1257 2708 verumctiam,
1287 2657 1392 2713 quo
1415 2653 1569 2712 pacto
1589 2641 1850 2697 deberent
1868 2659 2045 2706 orare,
2070 2643 2279 2698 discere

682 2740 800 2793 illos
833 2736 1105 2807 Opm‘luit:
1133 2744 1413 2805 propterea
1459 2747 1653 2804 nempe
1680 2732 1895 2787 tradidit
1918 2743 1972 2787 et
2025 2734 2129 2788 illis
2158 2748 2277 2788 ora-

681 2829 880 2881 tionem
913 2826 963 2879 itt
994 2824 1107 2879 lure
1136 2825 1295 2878 Verba
1325 2831 1635 2893 eottceptam
1665 2840 1677 2876 :
1714 2823 1869 2876 Pater
1892 2833 2080 2888 noster,
2103 2823 2188 2893 qui
2223 2839 2276 2876 es

679 2924 732 2975 in
771 2919 926 2982 aclis,
978 2917 1317 2986 sanetiﬁcetur
1360 2931 1543 2969 nomen
1571 2923 1732 2968 tuum.
1780 2915 2023 2968 Adveniet
2065 2931 2276 2986 regnum

679 3026 841 3068 tuum.
872 3012 987 3065 Fiat
1009 3011 1237 3065 uoluntas
1269 3019 1382 3074 tua,
1407 3010 1535 3062 sicut
1569 3008 1621 3060 in
1649 3007 1774 3061 cwlo
1795 3017 1840 3060 et
1869 3007 1920 3060 in
1966 3017 2119 3060 terra.
2163 3005 2274 3059 Pa-

679 3123 792 3160 nem
814 3114 1042 3158 nostrum
1077 3100 1426 3172 quotidianum
1469 3099 1537 3152 da
1572 3098 1714 3152 nobis
1745 3097 1912 3155 hodie.
1964 3098 2029 3151 Et
2078 3097 2275 3156 dimitte

677 3197 819 3251 nobis
858 3195 1025 3268 debita
1062 3204 1255 3258 nostra,
1279 3194 1406 3245 sicut
1437 3199 1481 3245 et
1515 3208 1606 3244 nos
1644 3188 1943 3244 dimittimus
1965 3189 2275 3249 debitoribus

679 3289 888 3343 nostris.
917 3286 982 3340 Et
1010 3302 1070 3339 ne
1101 3303 1191 3338 nos
1212 3284 1422 3337 inducas
1448 3284 1498 3337 in
1522 3279 1885 3352 tentationem(
1918 3273 1998 3336 Ib.
2024 3299 2076 3342 υ.
2107 3287 2213 3342 2.4
2229 3288 2270 3358 ),

676 3383 779 3437 hoc
833 3391 954 3446 e~t,
1010 3382 1061 3435 in
1118 3380 1430 3450 periculum,
1486 3379 1539 3433 in
1591 3372 1830 3434 insidias.
1859 3378 2084 3449 Quando
2115 3381 2274 3450 igitur

674 3487 833 3526 orare
872 3472 1062 3541 jussit,
1107 3469 1192 3524 Ne
1234 3487 1324 3523 nos
1364 3470 1575 3524 inducas
1625 3470 1676 3522 in
1735 3474 2079 3536 tentationetn,
2130 3472 2269 3526 istttd

677 3565 850 3634 ipsum
881 3564 1055 3633 reipsa
1084 3563 1243 3616 docet
1282 3562 1402 3616 illos
1423 3603 1436 3627 ,
1467 3562 1593 3616 dum
1624 3561 1719 3630 ait,
1750 3557 1928 3630 Pater,
1967 3565 2009 3618 si
2034 3565 2272 3635 possibile

671 3665 764 3719 est,
793 3663 1012 3708 transeat
1030 3671 1061 3706 a
1090 3670 1169 3708 me
1193 3653 1329 3707 calix
1356 3655 1468 3717 iste,
1498 3653 1626 3710 dum
1648 3670 1835 3709 omnes
1853 3665 2068 3709 sanctos
2087 3657 2266 3722 docet,

674 3761 742 3800 ne
763 3745 1013 3813 periculis
1031 3759 1149 3798 sese
1174 3744 1447 3813 objieiant,
1473 3760 1648 3814 neque
1675 3760 1734 3800 se
1756 3745 2059 3814 prrecipites
2085 3757 2264 3814 agant,

672 3837 766 3890 sed
795 3835 1045 3890 insultum
1085 3836 1512 3893 adversariorum
1560 3844 1890 3906 exspectent,
1947 3851 2268 3908 omnemque

672 3927 1038 3983 fortitudinem
1069 3942 1180 3998 pne
1229 3943 1288 3984 se
1340 3927 1513 3983 lerant
1541 3945 1556 3980 :
1589 3942 1694 3982 non
1725 3938 1900 3982 tamen
1931 3937 1986 3982 ut
2013 3927 2112 3997 ipsi
2146 3945 2267 3998 pro-

670 4019 870 4085 siliant,
919 4032 1084 4090 seque
1136 4022 1342 4088 priores
1390 4019 1542 4072 malis
1587 4018 1859 4087 oltjiciant.
1892 4018 2028 4084 Quid
2063 4020 2166 4072 ita?
2201 4019 2267 4075 Ut

673 4109 924 4167 nimirum
946 4110 1297 4165 humilitatem
1322 4111 1532 4178 doceat,
1580 4120 1633 4166 et
1659 4127 1807 4165 vana:
1832 4110 2016 4182 gloria:
2039 4113 2265 4168 crimine

669 4199 881 4258 liberet.
914 4202 1083 4268 Quam
1114 4201 1275 4256 etiam
1303 4201 1370 4254 ob
1391 4215 1602 4255 causam
1627 4202 1711 4255 hic
1735 4217 1968 4271 quoque,
1994 4202 2118 4256 dum
2150 4204 2264 4258 haec

673 4293 901 4359 diceret,
952 4292 1156 4357 Abiens,
1213 4291 1568 4362 inquit,oravit
1620 4290 1838 4362 (Matth.
1889 4291 1980 4346 26.
2039 4293 2163 4361 39),
2211 4303 2265 4348 et

672 4391 954 4454 postquam
1003 4394 1227 4448 orasset,
1259 4385 1329 4438 ita
1359 4383 1493 4437 dixit
1542 4383 1834 4453 discipulis,
1885 4381 2005 4438 Non
2034 4387 2265 4454 potuistis

667 4491 772 4529 una
794 4477 919 4529 hora
940 4476 1146 4546 uigilare
1175 4477 1404 4528 mecum?
1443 4473 1675 4545 Vigilate,
1705 4487 1750 4529 et
1780 4485 1938 4542 orate,
1971 4492 2032 4531 ne
2067 4479 2265 4532 intretis

2397 454 2450 508 in
2485 455 2808 512 tentationem
2838 457 2955 529 (Ib.
2987 476 3033 513 υ.
3059 461 3148 514 40.
3191 463 3250 515 Η
3280 461 3319 530 ).
3356 461 3516 520 Vides
3552 473 3610 519 ut
3661 478 3768 519 non
3810 465 3988 522 solum

2397 556 2536 612 oret,
2585 549 2677 602 sed
2704 549 2863 603 etiam
2916 543 3238 606 admoneat"!
3284 553 3512 624 Spiritus
3551 558 3688 612 enim
3727 569 3992 627 promptus

2395 647 2489 702 est,
2537 639 2726 707 inquit,
2775 657 2895 694 caro
2942 653 3109 696 autem
3145 643 3348 713 inﬁrma
3379 638 3558 715 (Ibid.
3621 655 3668 700 tv.
3726 644 3852 719 41).
3880 651 3990 704 lloc

2393 733 2572 780 autent
2614 728 2845 795 dicebat,
2898 740 2953 784 ut
2983 745 3048 786 ex
3090 747 3274 787 eorum
3315 734 3490 789 anima
3541 735 3732 790 fastum
3776 753 3991 794 omnem

2393 818 2704 890 depelleret,
2738 831 2794 876 ut
2817 838 2912 878 eos
2941 827 3188 894 superbia
3221 826 3493 895 liberaret,
3542 828 3774 885 humiles
3803 831 3994 886 redde-

2391 921 2495 976 ret,
2529 927 2591 966 ac
2637 913 2910 973 modestos
2947 914 3202 971 efﬁceret.
3244 918 3400 985 Quod
3441 919 3604 989 igitur
3638 936 3732 976 eos
3787 924 3992 992 precari

2390 1003 2587 1061 docere
2617 1006 2849 1074 volebat,
2903 1009 3006 1064 hoc
3036 1019 3090 1064 et
3140 1010 3253 1079 ipse
3302 1011 3620 1081 precabatur
3661 1013 3991 1080 humanitus,

2390 1111 2495 1150 non
2529 1098 2820 1154 secundum
2848 1100 3181 1158 divinitatem
3215 1103 3337 1173 (est
3361 1105 3504 1160 enim
3526 1108 3700 1170 omnis
3726 1111 3995 1177 passionis

2389 1204 2580 1260 expers
2624 1192 2832 1247 Numen
2852 1195 2891 1264 ),
2923 1195 3020 1250 sed
3050 1197 3338 1252 secundum
3382 1199 3788 1257 humanitatem.
3821 1203 3994 1260 Porro

2390 1292 2447 1335 ut
2470 1297 2572 1337 nos
2598 1299 2755 1339 orare
2776 1285 3012 1353 doceret,
3045 1289 3250 1354 orabat,
3279 1300 3331 1344 et
3357 1305 3570 1362 semper
3585 1301 3829 1364 quaerere
3859 1295 3993 1352 libe-

2389 1373 2496 1425 rari
2551 1388 2581 1427 a
2628 1375 2779 1429 malis
2807 1392 2821 1429 :
2849 1379 2989 1446 quod
3023 1378 3066 1432 si
3121 1379 3234 1433 lleri
3266 1390 3530 1450 nequeat,
3560 1397 3661 1449 eo,
3694 1383 3834 1454 quod
3882 1385 3992 1441 Deo

2361 1452 2560 1518 ‘visum
2633 1465 2811 1532 fuerit,
2870 1478 3151 1525 contentos
3202 1486 3343 1526 esse.
3406 1452 3988 1545 Propterea-dicebat,

2401 1551 2754 1612 Verumtamen
2789 1576 2885 1612 non
2938 1562 3064 1614 sicut
3102 1579 3193 1632 ego
3231 1564 3364 1630 volo,
3406 1565 3495 1618 sed
3535 1567 3663 1620 sicut
3689 1573 3740 1620 tu
3767 1566 3987 1638 (Matth.

2385 1644 2477 1698 26.
2507 1646 2610 1716 59)
2641 1665 2653 1700 :
2684 1663 2789 1701 non
2813 1650 2954 1719 quod
2986 1651 3085 1705 alia
3129 1652 3373 1707 voluntas
3421 1653 3538 1724 ejus
3578 1664 3743 1722 esset,
3791 1668 3845 1712 et
3887 1650 3988 1717 alia

2389 1736 2594 1802 Putris;
2626 1739 2718 1794 scd
2752 1750 2808 1794 ut
2864 1741 3106 1797 homines
3154 1743 3397 1811 doceret,
3440 1749 3686 1816 quamvis
3740 1759 3987 1815 a'stuent,

2385 1833 2627 1901 quamvis
2697 1841 2968 1900 tremant,
3040 1839 3283 1905 quamvis
3340 1838 3576 1906 pericula
3633 1840 3988 1908 immineant,

2385 1920 2630 1991 quamvis
2680 1923 2750 1978 ab
2795 1925 2895 1979 hac
2943 1924 3045 1979 vita
3091 1928 3256 1981 nolint
3306 1929 3486 1996 avelli,
3541 1931 3770 2001 propria:
3812 1942 3989 1990 tamen

2386 2013 2642 2068 voluntati
2698 2013 2789 2070 Dei
2861 2019 3112 2087 prasierre
3173 2020 3500 2074 voluntatem
3550 2037 3564 2073 :
3613 2022 3756 2093 quod
3810 2027 3991 2096 utique

2387 2105 2582 2162 Paulus
2640 2107 2862 2162 edoctus
2909 2125 3089 2179 agere,
3145 2119 3429 2181 utrumque
3477 2128 3643 2182 opere
3695 2119 3988 2186 prmstitit:

2388 2211 2508 2248 nam
2541 2205 2594 2251 et
2641 2200 2958 2254 tentationes
2984 2216 3011 2252 a
3039 2217 3096 2255 se
3129 2203 3414 2269 postulavit
3462 2209 3720 2272 amoveri,
3753 2214 3873 2263 c’nm
3920 2206 3989 2267 ita

2383 2283 2590 2340 diceret
2621 2305 2632 2340 :
2661 2285 2880 2358 Propter
2921 2291 3059 2362 quod
3105 2303 3176 2345 ter
3206 2290 3487 2350 Dominum
3515 2301 3690 2369 rogavi
3735 2299 3822 2370 (ἓ.
3869 2301 3988 2355 Cor.

2386 2374 2470 2427 l2.
2497 2375 2566 2446 8)
2595 2392 2609 2428 :
2638 2386 2692 2431 et
2733 2380 2985 2446 quoniam
3037 2381 3148 2436 Deo
3177 2383 3349 2440 visum
3399 2402 3505 2441 non
3537 2393 3640 2454 est,
3675 2389 3865 2459 inquit,
3898 2379 3990 2444 Id-

2381 2471 2516 2524 circo
2542 2469 2742 2540 placide
2769 2476 3030 2544 acquiesco
3055 2478 3108 2534 in
3134 2478 3540 2549 inﬁrmitattbus,
3569 2484 3620 2536 in
3645 2481 3986 2552 contumeliis,

2382 2560 2434 2612 in
2480 2566 2946 2632 pcrseqnuttonibus
2983 2565 3100 2640 (Ib.
3129 2587 3177 2624 υ.
3209 2571 3332 2643 l0).
3367 2571 3527 2626 Forte
3552 2590 3681 2630 vero
3723 2578 3830 2631 non
3856 2580 3988 2633 satis

2383 2661 2625 2718 apertum
2647 2661 2749 2717 est,
2778 2658 2924 2727 quod
2943 2659 3137 2715 dicitur
3163 2679 3175 2714 :
3210 2662 3387 2732 itaque
3414 2665 3746 2720 manifestius
3779 2684 3807 2721 a
3832 2666 3990 2724 nobis

2382 2738 2657 2795 reddetur.
2711 2736 2892 2802 Multis
2945 2749 3291 2813 obsidebatur
3340 2756 3592 2822 periculis
3638 2755 3877 2819 Paulus.
3934 2772 3988 2816 et

2380 2830 2589 2919 orabat,
2608 2845 2677 2890 ne
2694 2837 2943 2905 periculis
2960 2839 3302 2910 objiceretur.
3325 2843 3542 2898 Audivit
3569 2862 3695 2919 ergo
3712 2847 3986 2906 Christum

2378 2918 2644 2978 dicentem
2675 2944 2687 2979 :
2722 2925 2917 2997 Suﬂicit
2948 2930 3036 2982 tibi
3061 2933 3225 3000 gratia
3247 2949 3356 2986 mea
3379 2949 3398 2988 :
3434 2935 3589 2989 virtus
3615 2918 3750 2993 enim
3797 2957 3908 2994 mea
3935 2942 3987 2996 iu

2380 3009 2674 3082 inﬁrmitate
2724 3020 2987 3086 perﬁcitur
3035 3020 3153 3090 (Ib.
3205 3028 3249 3075 it.
3298 3024 3392 3094 9).
3449 3025 3739 3098 Postquam
3789 3031 3984 3101 igitur,

2381 3121 2627 3177 quamam
2660 3118 2804 3164 esset
2834 3110 2927 3165 Dei
2957 3114 3218 3180 voluntas,
3246 3119 3482 3187 agnovit,
3512 3130 3622 3175 tum
3647 3124 3981 3183 voluntatem

2379 3211 2531 3253 suam
2548 3199 2802 3270 deinceps
2825 3202 2916 3257 Dei
2937 3205 3196 3261 voluntati
3213 3208 3460 3278 subjecit.
3494 3196 3618 3268 Ha-c
3643 3213 3803 3285 igitur
3833 3227 3981 3272 utra-

2378 3303 2482 3359 que
2500 3305 2594 3360 per
2612 3293 2908 3348 orationem
2935 3294 3091 3351 istam
3113 3297 3288 3353 docuil
3301 3342 3315 3366 ,
3346 3309 3402 3353 ut
3430 3318 3601 3372 neque
3614 3305 3866 3373 periculis
3885 3325 3980 3364 nos

2377 3379 2710 3449 objiciamus,
2737 3383 2830 3438 sed
2875 3393 2928 3440 et
2957 3401 3174 3442 oremus
3202 3405 3269 3443 ne
3307 3391 3358 3444 in
3404 3407 3466 3446 ea
3520 3394 3817 3450 incidamus
3852 3416 3863 3451 :
3897 3398 3979 3454 sin

2375 3481 2554 3524 autem
2604 3480 2705 3526 nas
2731 3472 3044 3542 invaserint,
3095 3492 3156 3533 ea
3195 3481 3459 3549 patienter
3487 3482 3739 3549 feramus,
3765 3503 3826 3541 ac
3859 3504 3979 3558 pro-

2376 3564 2508 3634 pria:
2532 3566 2794 3621 voluntati
2825 3568 2917 3624 Dei
2942 3571 3270 3628 voluntatem
3303 3571 3670 3643 prrit-ianuis.
3701 3579 3834 3646 Qum
3855 3597 3976 3638 cum

2375 3655 2444 3708 ita
2498 3657 2652 3711 nobis
2701 3654 2972 3728 explorata
3029 3662 3155 3726 sint,
3197 3679 3431 3732 oremus,
3485 3679 3538 3722 ut
3594 3686 3884 3741 numquam
3925 3677 3976 3730 in

2377 3749 2723 3803 tentationem
2759 3752 3017 3807 intremus
3045 3773 3057 3808 :
3089 3757 3232 3826 quod
3286 3760 3330 3812 si
3386 3761 3708 3833 quandoque
3739 3765 3975 3822 intrave-

2374 3839 2562 3905 riutus,
2599 3841 2762 3895 Deum
2786 3859 3084 3911 precemur,
3117 3855 3177 3900 nt
3207 3844 3362 3904 nobis
3384 3853 3691 3918 patientiam
3728 3864 3782 3909 et
3826 3856 3975 3912 forti-

2375 3929 2611 3984 tudinem
2649 3932 2923 4001 largiatur,
2949 3927 3221 4005 ipsiusqnc
3250 3939 3574 3996 voluntatem
3605 3947 3749 3999 omni
3779 3957 3975 4002 nostra:

2373 4021 2630 4076 voluntati
2663 4026 3029 4092 praeferamus.
3074 4024 3162 4084 Sic
3206 4029 3350 4084 enim
3384 4030 3494 4098 lict,
3529 4034 3586 4088 ut
3626 4035 3788 4090 vitam
3836 4055 3974 4108 υττε-

2370 4122 2578 4168 scntem
2603 4129 2725 4169 cum
2767 4119 3052 4174 securitate
3080 4122 3457 4192 trausigamus,
3512 4133 3568 4179 et
3619 4125 3793 4181 futura
3836 4130 3973 4185 bona

2370 4215 2799 4276 consequamur:
2827 4225 3054 4278 quorum
3096 4227 3193 4266 nos
3213 4225 3490 4283 compotes
3522 4217 3635 4272 fieri
3676 4221 3970 4291 contingat,

2370 4296 2536 4366 gratia
2567 4309 2620 4352 et
2653 4299 2977 4369 benignitate
3007 4302 3214 4357 Domini
3256 4306 3421 4360 nostri
3448 4307 3571 4361 Jesu
3599 4307 3818 4375 Christi,
3848 4326 3970 4367 cunt

2369 4403 2475 4456 quo
2494 4389 2658 4456 Patri,
2677 4407 2776 4445 una
2795 4408 2916 4447 cum
2931 4393 3128 4463 Spiritu
3147 4405 3332 4451 saneto
3348 4399 3538 4467 gloria,
3556 4401 3860 4470 imperium,
3881 4404 3973 4457 ho-

2373 4491 2493 4544 nor,
2519 4494 2658 4535 nunc
2689 4491 2740 4535 et
2766 4499 2996 4554 semper,
3017 4495 3070 4541 et
3101 4485 3150 4540 in
3184 4490 3378 4543 saecula
3399 4492 3740 4547 saeculorum.
3773 4494 3968 4549 Amen.

1789 4965 1866 5023 IN
1908 4968 2332 5032 CONCIONEM
2380 4961 2834 5048 SEQUENTEM

766 5163 998 5219 Homilia
1030 5165 1095 5250 de
1133 5163 1372 5242 Angusta
1409 5178 1562 5242 porta
1611 5179 1664 5228 et
1705 5169 1771 5229 de
1806 5169 2063 5233 Oratione
2104 5173 2378 5236 Dontihica
2425 5179 2626 5238 nullam
2676 5199 2785 5256 prie
2826 5199 2884 5243 se
2923 5183 3032 5243 fcit
3073 5195 3280 5257 nolam,-
3310 5202 3372 5249 επ
3412 5206 3518 5264 qua
3556 5193 3635 5252 vel
3671 5203 3934 5270 lcmpons

694 5276 984 5349 catulum,
1021 5287 1099 5340 vel
1136 5287 1237 5341 loci
1272 5289 1324 5342 itt
1355 5305 1464 5358 quo
1497 5291 1676 5344 habita
1722 5302 1804 5345 est
1847 5306 2225 5363 argumentum
2252 5297 2453 5354 ducere
2503 5305 2797 5370 possimus.
2851 5304 2962 5361 Iloc
3010 5323 3177 5362 unum
3215 5321 3365 5364 certo
3415 5313 3594 5368 dicere
3635 5316 3784 5379 licet,
3808 5334 3933 5374 eam

691 5393 1083 5464 Chrysostomo
1119 5400 1331 5467 dignam
1361 5416 1500 5463 esse.
1541 5404 1769 5474 ejusque
1796 5407 1918 5476 styli
1951 5416 2183 5464 tesseras
2225 5412 2276 5463 in
2309 5425 2371 5465 ea
2404 5430 2509 5466 non
2547 5418 2741 5471 dubias
2770 5420 3118 5488 deprehendi,
3145 5432 3302 5480 sec‘us
3337 5443 3500 5497 quam
3532 5433 3792 5499 epinatur
3828 5432 3936 5486 lla-

694 5506 860 5562 lesius
889 5511 941 5563 in
969 5513 1107 5566 notis
1133 5512 1420 5569 Savilianis
1453 5533 1503 5585 p.
1537 5518 1661 5581 725,
1693 5521 1784 5588 qui
1832 5524 2181 5587 pronuntiare
2221 5533 2386 5583 ausus
2425 5539 2510 5582 est
2533 5574 2546 5596 ,
2583 5541 2770 5586 contra
2813 5536 3062 5602 opusculi
3100 5540 3428 5610 γνησεότητα
3463 5557 3525 5596 ex
3566 5544 3688 5614 styli
3732 5561 3935 5615 genere

689 5625 979 5692 scrupulos
1005 5626 1158 5680 oriri.
1194 5626 1298 5681 Nos
1327 5641 1512 5683 contra
1547 5647 1654 5685 non
1699 5634 1896 5704 stylum
1935 5638 2094 5690 modo
2128 5640 2523 5711 Chrysostouti,
2558 5657 2743 5714 tropos
2767 5659 2819 5702 et
2851 5651 3046 5704 orandi
3083 5654 3303 5709 modum
3349 5656 3435 5712 hic
3473 5657 3802 5726 invenimus,
3835 5664 3934 5719 sed

689 5737 850 5794 etiam
883 5740 1000 5795 loca
1034 5741 1153 5796 aliis
1181 5742 1552 5812 Chrysostomi
1588 5748 1746 5805 dictis
1774 5767 2035 5822 perquam
2068 5757 2305 5824 similia;
2337 5769 2395 5814 ut
2427 5770 2507 5815 est
2534 5762 2662 5817 illud
2693 5780 2840 5820 num.
2867 5766 2921 5836 2,
2953 5767 3043 5824 ubi
3079 5771 3146 5826 de
3181 5775 3429 5844 corporis
3465 5779 3686 5835 humani
3713 5783 3927 5841 consti-
