4218 6294
236 392 295 448 ιι
950 398 1037 456 οε
1081 394 1406 455 ANGUSTA
1442 392 1694 460 roma,
1736 392 1821 447 ιίτ
1866 393 1932 449 lN
1968 389 2371 448 "RATIONEM
2415 386 2816 444 DOMINICAM.
3448 378 3517 434 te

216 912 291 953 υΕ
335 907 782 953 ιπετιτυεκω
826 906 1167 967 ξΕΟΟΝῡυὶΙ
1212 906 1391 949 ΒιζοΜ
1463 904 1631 956 νιτΑ,
1680 901 1759 944 Εἰ·

1937 893 2154 947 ιιιυι),
2211 891 2496 936 sucus“
2556 893 2672 937 εει·
2742 892 2944 937 PORTA
3015 877 3283 959 (Matth.
3313 880 3377 941 ’1.
3413 877 3544 961 ll),

953 1007 1119 1050 ενι-ω
1168 1006 1326 1049 ιτειι
1361 999 1744 1048 κιηιοηιο
1787 992 2152 1047 onntouts,
2198 990 2405 1035 PATER
2446 991 2689 1037 nosne
2734 974 2847 1057 (α).

283 1227 335 1283 l.
367 1226 564 1283 Omnis
590 1226 885 1298 Scriptura:
909 1225 1165 1281 divinitus
1200 1222 1471 1293 inspirata:
1508 1218 1666 1276 lectio
1702 1213 1820 1271 ani-

214 1334 362 1373 mum
396 1318 779 1374 adhibentibus
805 1317 905 1388 piae
934 1315 1210 1386 religionis
1242 1313 1485 1367 netitiam
1506 1308 1663 1365 all'ert
1692 1322 1820 1361 :ve-

214 1410 457 1466 neranda
492 1421 676 1466 autem
703 1409 1101 1480 evangeliorum
1124 1404 1401 1475 Scriptura
1430 1398 1819 1474 praestantiori-

212 1500 315 1556 bos
349 1500 695 1556 documentis
727 1499 943 1556 excellit
965 1515 978 1552 :
1002 1513 1123 1569 qua:
1164 1497 1309 1553 enim
1350 1496 1403 1550 in
1437 1508 1502 1549 ea
1527 1492 1822 1548 ell'eruntur

211 1589 384 1657 dicta,
412 1592 652 1660 supremi
696 1591 859 1661 Regis
894 1598 1021 1645 sunt
1061 1588 1297 1644 oracula.
1340 1583 1701 1654 Quamobrem
1728 1581 1817 1648 iis,

208 1682 298 1752 qui
324 1681 475 1736 dicta
503 1681 621 1751 ejus
644 1688 891 1737 accurate
912 1696 1017 1735 non
1040 1678 1395 1741 observarint,
1426 1674 1685 1731 horribile
1713 1672 1817 1727 im-

212 1771 419 1842 pendet
446 1771 851 1843 supplieinm.Si
878 1771 1023 1825 enim
1050 1770 1116 1835 is,
1139 1769 1232 1840 qui
1250 1780 1585 1824 terrenorum
1618 1762 1816 1834 princi-

212 1881 339 1934 pum
418 1863 566 1936 leges
632 1863 1043 1934 transgreditur,
1108 1860 1534 1931 indeprecabiles
1597 1857 1820 1915 omnino

209 1972 407 2027 pinnas
444 1957 555 2011 luet
588 1974 600 2009 :
630 1964 833 2026 quanto
856 1955 1027 2026 magis
1052 1954 1142 2025 qui
1170 1954 1403 2009 ca-lestis
1429 1950 1644 2007 Domini
1668 1950 1818 2020 jussa

209 2048 520 2114 detrectat,
569 2047 922 2102 intolerandis
962 2046 1287 2101 cruciatibus
1337 2042 1636 2101 aflleietur?
1683 2040 1817 2110 Quia

209 2139 376 2208 igitur
418 2154 672 2209 magnum
710 2146 795 2194 est
839 2138 1057 2193 incuriae
1104 2137 1423 2207 periculum,
1456 2150 1664 2190 summa
1694 2148 1817 2188 eum

207 2229 490 2299 diligentia
516 2228 735 2299 jamjam
764 2228 916 2284 lectis
946 2226 1305 2282 attendamus.
1332 2226 1464 2292 Quae
1489 2233 1613 2279 sunt
1636 2233 1817 2278 autem

210 2318 335 2373 illa?
370 2321 602 2391 Angusta
628 2327 721 2383 est,
753 2317 945 2389 inquit,
979 2326 1148 2389 porta,
1173 2328 1219 2372 et
1237 2327 1380 2371 arcta
1405 2318 1511 2382 via,
1540 2332 1656 2388 qua
1679 2315 1820 2370 ducit

208 2410 276 2464 ad
314 2411 475 2464 vitam
509 2425 528 2464 :
554 2418 602 2464 et
644 2409 797 2480 pauci
841 2409 1101 2463 inveniunt
1144 2425 1257 2463 eam
1283 2406 1497 2481 (Matth.
1519 2408 1573 2474 7,
1609 2407 1722 2477 Η.)
1752 2406 1819 2461 Et

210 2516 403 2557 rursus
433 2500 606 2556 :Lata
640 2510 711 2556 est
756 2510 923 2572 porta,
953 2509 999 2555 et
1042 2500 1269 2570 spatiosa
1308 2499 1408 2564 via,
1431 2514 1547 2571 qua
1583 2498 1723 2552 ducit
1750 2500 1818 2552 ad

211 2591 551 2659 perditionem
572 2632 588 2656 ,
616 2598 665 2643 et
686 2587 834 2643 multi
854 2597 973 2643 sunt
996 2588 1083 2657 qui
1105 2595 1365 2642 transeunt
1404 2602 1494 2658 per
1526 2601 1657 2641 eam.
1705 2582 1814 2655 (Ib.

209 2696 255 2735 υ.
294 2682 413 2751 is.)

279 2772 530 2843 Corporis
580 2788 703 2827 cura
738 2771 898 2826 animi
943 2786 1081 2827 cum
1119 2770 1489 2842 postponenda.
1512 2798 1585 2811 -—
1612 2768 1816 2826 Horum

210 2882 309 2937 ego
339 2864 598 2935 frequens
623 2864 836 2920 auditor
868 2864 1182 2928 verborum,
1206 2863 1592 2934 hominumque
1642 2861 1817 2918 studia

208 2970 442 3012 cernens
469 2955 719 3011 inanibus
746 2956 801 3010 in
828 2955 990 3010 rebus
1017 2954 1210 3024 posita,
1241 2954 1504 3009 dictorum
1534 2954 1814 3010 veritatem

207 3048 563 3103 vehementer
588 3046 848 3102 admiror.
877 3044 1079 3102 Omnes
1106 3046 1308 3115 quippe
1336 3045 1387 3099 in
1414 3044 1520 3099 lata
1564 3044 1815 3115 gradiun-

211 3150 297 3192 tur
314 3138 424 3201 via,
447 3152 640 3193 omnes
660 3136 824 3192 rebus
847 3132 1053 3191 inhiant
1083 3136 1457 3205 praesentibus,
1488 3134 1817 3190 futurorum-

208 3245 311 3300 que
341 3228 728 3299 cogitationem
752 3242 1041 3298 numquam
1060 3226 1386 3295 suscipiunt;
1411 3227 1505 3281 sed
1530 3226 1597 3281 ad
1620 3240 1814 3297 corpo-

209 3335 329 3375 reas
370 3321 674 3388 voluptates
719 3334 842 3373 cum
900 3319 1102 3387 impetu
1166 3315 1488 3387 assidueque
1548 3316 1812 3381 feruntur,

209 3411 422 3467 animas
450 3425 578 3465 vero
599 3424 725 3463 suas
753 3410 937 3464 sinunt
966 3408 1109 3463 fame
1138 3408 1557 3474 contabescere;
1583 3423 1817 3479 cumque

210 3502 510 3559 innumeris
559 3501 797 3571 quotidie
832 3500 1143 3556 vulneribus
1183 3500 1579 3565 confodiantur,
1623 3517 1812 3555 eorum

210 3593 260 3648 in
289 3594 488 3664 quibus
509 3602 794 3648 versantur
814 3592 1075 3646 malorum
1107 3592 1310 3647 nullum
1340 3592 1538 3647 habent
1561 3607 1810 3649 sensum:

211 3700 271 3739 ac
293 3686 387 3755 qui
422 3684 472 3738 in
503 3684 778 3754 corporeis
795 3684 1201 3754 aegritudinibus
1227 3684 1294 3738 ad
1325 3684 1564 3739 medicos
1592 3685 1810 3751 adeunt,

211 3777 351 3845 ipsos
391 3775 614 3830 domum
652 3783 909 3840 evocant,
936 3775 1431 3845 amplissimamque
1473 3777 1580 3830 illis
1604 3792 1813 3831 merce-

209 3869 326 3922 dem
355 3867 685 3932 retribuuut,
713 3866 1051 3921 tolerantiam
1082 3882 1211 3922 vero
1238 3882 1501 3922 summam
1530 3867 1808 3931 exhibent,

212 3973 263 4016 et
290 3962 629 4016 curationem
651 3960 917 4015 sustinent
945 3960 1296 4026 laboriosam,
1316 3976 1425 4031 quo
1451 3959 1810 4015 valetudinem

211 4060 614 4123 consequantur
651 4051 933 4120 corporis;
967 4051 1041 4106 illi
1069 4094 1084 4118 ,
1116 4052 1363 4121 inquam,
1394 4052 1537 4107 male
1565 4052 1809 4107 allectum

211 4148 443 4201 animam
491 4160 715 4216 prorsus
762 4144 1058 4214 negligunt,
1092 4145 1557 4215 expetendamque
1584 4145 1699 4215 ejus
1725 4159 1810 4198 sa-

212 4238 428 4292 nitatem
468 4244 842 4299 coutemnuut,
867 4236 990 4291 licet
1034 4237 1199 4306 probe
1238 4237 1408 4291 sciant
1437 4252 1633 4307 corpus
1663 4224 1810 4291 mer-

212 4330 307 4384 tale
329 4339 387 4385 et
417 4328 752 4396 eorruptioni
782 4327 1074 4383 obnoxium
1104 4344 1245 4395 esse,
1272 4328 1561 4399 vernisque
1588 4328 1812 4384 floribus

210 4419 489 4475 consimile
513 4434 525 4470 :
549 4417 769 4487 perinde
789 4418 931 4472 enim
955 4419 1256 4484 marcescit,
1283 4420 1659 4489 exsﬂnguitur,
1690 4435 1813 4474 cor-

213 4511 474 4578 rumpitur
502 4511 770 4571 ;animam
813 4524 944 4563 vero
994 4509 1393 4565 immortalitate
1420 4511 1720 4580 pneditam,
1755 4519 1810 4566 et

211 4603 270 4658 ad
297 4603 586 4673 imaginem
623 4602 718 4656 Dei
750 4601 973 4668 factum,
1004 4602 1089 4656 cui
1117 4604 1424 4657 concredita
1450 4613 1578 4658 sunt
1604 4605 1809 4657 animu-

210 4695 271 4751 lis
298 4695 545 4764 corporis
574 4693 952 4763 gubernacula.
985 4693 1139 4759 Quod
1174 4694 1317 4748 enim
1348 4704 1431 4748 est
1471 4696 1655 4764 auriga
1686 4711 1808 4748 cur-

213 4787 313 4849 rui,
341 4786 675 4856 gubernator
721 4784 873 4849 navi,
899 4785 1137 4839 musicus
1165 4784 1546 4850 instrumento,
1576 4785 1807 4854 idipsum

211 4878 329 4933 huic
364 4888 587 4933 terreno
629 4875 844 4930 vasculo
887 4890 1008 4930 esse
1056 4876 1287 4931 animam
1334 4877 1587 4946 praecepit
1615 4876 1807 4946 Opifex

213 4970 316 5026 ille.
346 4970 475 5025 Haec
502 4969 739 5022 habenas
768 4976 933 5031 tenet,
964 4971 1171 5021 clavum
1204 4968 1532 5032 moderatur,
1566 4981 1621 5023 et
1642 4969 1805 5024 chor-

209 5061 300 5115 das
349 5058 726 5130 pulsatzquod
766 5073 887 5112 cum
937 5058 1169 5112 scienter
1216 5058 1371 5123 facit,
1424 5062 1804 5115 suaviSsimum

212 5153 414 5209 virtutis
433 5149 612 5213 reddit
638 5161 957 5205 concentum
988 5168 1000 5205 :
1033 5165 1155 5205 cum
1184 5160 1361 5205 autem
1404 5152 1489 5207 vel
1539 5155 1809 5209 remiserit

213 5242 505 5311 sonos,.vel
549 5242 839 5297 intenderit
867 5242 983 5311 plus
1037 5258 1196 5313 quam
1237 5253 1505 5313 oporteat,
1539 5258 1591 5300 et
1634 5257 1805 5301 artem

214 5345 259 5389 et
298 5336 633 5390 harmoniam
677 5332 977 5388 labefactat.
1010 5333 1177 5404 Hujus
1217 5350 1348 5406 ergo
1388 5338 1581 5391 anima:
1622 5352 1805 5393 curam

213 5427 462 5498 abjiciunt
506 5428 658 5482 multi
694 5428 979 5495 mortales,
1010 5443 1108 5482 nec
1138 5429 1357 5483 minima
1400 5430 1616 5499 quidem
1662 5432 1803 5487 illam

214 5535 330 5575 cura
360 5520 687 5591 dignantur;
719 5522 812 5575 sed
846 5528 1014 5576 totum
1044 5522 1164 5576 vitte
1192 5532 1402 5593 tempus
1433 5524 1485 5578 in
1514 5540 1806 5594 corporeus

215 5610 594 5666 sollicitudines
622 5610 958 5681 impendunt.
986 5612 1161 5683 Atque
1192 5612 1245 5667 hi
1273 5615 1487 5683 quidem
1529 5615 1805 5673 nauticum

222 5724 342 5837 ‘qu1).
374 5722 550 5776 collata
589 5737 701 5774 eum
736 5730 843 5775 uss.
872 5726 1033 5789 Regiis
1060 5726 1177 5778 1964
1202 5734 1255 5778 et
1277 5727 1416 5790 2m,
1445 5736 1496 5781 et
1528 5732 1806 5785 Colbertino

543 5887 818 5950 Psrnos.
868 5890 983 5951 Gn.
1040 5892 1133 5953 l.l.

1688 1124 2090 1144 ____.——-

1924 1208 2048 1263 vitm
2078 1221 2251 1277 genus
2279 1203 2699 1275 amplectuntur,
2731 1220 2796 1261 ac
2822 1222 2944 1263 cum
2983 1206 3231 1265 ﬂuctibus
3266 1204 3325 1267 et
3362 1214 3540 1268 ventis

1925 1304 2242 1354 cencertant
2277 1311 2293 1350 ;
2330 1297 2492 1351 vitam
2542 1306 2880 1367 mortemque
2924 1313 3108 1354 secum
3162 1315 3381 1373 semper
3433 1316 3539 1358 una

1924 1388 2401 1454 circumferentes,
2431 1402 2693 1458 spemque
2720 1388 2909 1446 salutis
2944 1398 3110 1446 totam
3146 1394 3355 1464 exiguis
3393 1410 3545 1451 eom-

1935 1480 2213 1534 mittcntes
2237 1474 2430 1533 tabulis
2453 1494 2469 1531 :
2491 1475 2564 1533 illi
2585 1478 2928 1551 agricultura:
2954 1482 3185 1539 sudores
3218 1485 3542 1557 suscipiunt,

1925 1570 2094 1627 boves
2121 1577 2302 1624 aratro
2342 1568 2609 1640 jungunt,
2642 1578 2841 1626 terram
2878 1571 3110 1639 sulcant,
3145 1590 3287 1631 nunc
3322 1591 3540 1633 semen-

1924 1669 2034 1716 tem
2078 1661 2308 1731 jaeiunt,
2363 1675 2509 1717 nunc
2560 1662 2995 1719 metuntzmodo
3048 1666 3315 1736 plantant,
3378 1670 3544 1726 modo

1925 1756 2210 1812 vindemia:
2226 1753 2359 1811 dant
2377 1770 2633 1825 operam;
2662 1765 2717 1812 et
2745 1756 2847 1812 hac
2872 1757 2926 1812 in
2959 1759 3175 1816 miseria
3199 1770 3368 1818 totum
3401 1774 3543 1821 tem-

1923 1862 2023 1918 pus
2051 1846 2398 1902 emetiuntur.
2443 1846 2550 1902 Alii
2605 1857 2963 1904 mercaturam
3013 1850 3247 1918 adeunt,
3283 1863 3339 1909 et
3378 1870 3440 1911 ea
3472 1856 3541 1911 de

1921 1952 2083 1993 causa
2135 1946 2281 1991 terra
2329 1938 2571 2009 marique
2620 1940 3049 2009 peregrinantur,
3080 1943 3315 2000 alienum
3363 1947 3539 2002 solum

1923 2041 2023 2082 suo
2070 2027 2433 2084 anteferentes
2454 2070 2469 2095 ,
2502 2029 2753 2099 patriam,
2782 2044 2972 2100 genus,
3004 2033 3227 2098 amicos,
3258 2035 3538 2109 conjuges,

1925 2117 2124 2173 liberos
2144 2118 2474 2188 relinquunt,
2500 2119 2787 2190 exiguique
2806 2120 2940 2176 lucri
2966 2135 3127 2177 causa
3155 2124 3387 2181 libenter
3414 2143 3541 2198 per-

1925 2218 2134 2280 agrant.
2182 2207 2290 2265 Sed
2343 2209 2471 2280 quid
2519 2210 2713 2265 attinet
2764 2220 2909 2267 artes
2948 2227 3141 2269 omnes
3190 2231 3537 2284 enumerare,

1928 2314 2062 2369 quas
2105 2300 2160 2354 in
2192 2314 2347 2369 usum
2389 2299 2635 2371 corporis
2674 2302 2968 2357 commenti
3010 2313 3138 2359 sunt
3183 2304 3454 2378 homines,
3484 2310 3537 2364 iu

1921 2391 2118 2463 quibus
2155 2391 2243 2448 die
2288 2401 2560 2464 noctuque
2597 2402 2899 2461 versantes,
2935 2410 3124 2452 curam
3154 2400 3401 2468 corporis
3433 2402 3537 2456 sibi

1920 2481 2243 2553 suscipiunt,
2272 2483 2509 2538 animam
2540 2498 2670 2539 vero
2719 2483 3025 2554 despiciunt
3072 2490 3422 2559 esurientem,
3459 2494 3537 2547 si-

1922 2573 2166 2639 tientem,
2187 2563 2548 2645 squalentem,
2573 2574 2826 2631 sordibus
2848 2576 3124 2647 fmdatam,
3156 2584 3536 2656 sexcentisque

1919 2668 2172 2739 agitatam
2198 2669 2495 2725 aerumnis?
2515 2667 2784 2726 Caeterum
2812 2681 2934 2741 post
2958 2680 3137 2729 tantos
3164 2673 3287 2731 illos
3310 2676 3539 2733 sudores

1922 2760 2244 2833 laboresque
2294 2762 2530 2818 mortale
2559 2777 2756 2833 corpus
2795 2779 2827 2817 a
2870 2775 3047 2822 morte
3095 2782 3202 2823 non
3240 2768 3535 2836 vindicant,

1920 2854 2268 2926 animamque
2297 2855 2658 2912 immortalem
2689 2871 2812 2912 cum
2830 2858 3045 2915 mortali
3071 2875 3303 2934 corpore
3319 2867 3539 2921 aeternis

1920 2948 2201 3017 suppliciis
2229 2948 2541 3020 subjiciunt.

1990 3038 2045 3091 2.
2079 3036 2304 3094 Tantam
2333 3056 2433 3110 ego
2462 3040 2772 3096 mortalium
2796 3042 2993 3099 animis
3022 3044 3249 3102 oll'usam
3272 3047 3529 3119 ignoran-

1921 3126 2070 3196 tiam,
2101 3129 2549 3201 ingruentemque
2576 3132 2708 3202 ipsis
2729 3133 2951 3189 densam
2984 3136 3267 3208 caliginem
3296 3139 3530 3209 deﬂens,

1920 3217 2111 3275 vellem
2140 3220 2325 3291 utique
2344 3222 2630 3277 sublimem
2648 3224 2937 3292 quamdam
2966 3228 3207 3304 reperire
3234 3232 3532 3300 speculam,

1918 3326 2039 3381 quas
2069 3312 2319 3367 universa
2350 3314 2481 3368 mihi
2516 3314 2797 3369 hominum
2840 3332 3035 3388 genera
3082 3321 3255 3375 oculis
3295 3323 3531 3395 subjice-

1920 3412 2001 3457 ret
2022 3419 2035 3457 :
2056 3418 2352 3475 vocemque
2369 3405 2485 3459 dari
2504 3403 2656 3472 mihi,
2679 3423 2799 3477 qua:
2814 3418 2993 3478 posset
3011 3410 3080 3464 ab
3096 3412 3362 3469 universis
3378 3424 3538 3473 terrm

1920 3493 2116 3550 finibus
2135 3485 2402 3564 exaudiri,
2438 3505 2496 3550 ut
2525 3497 2835 3553 Davidicum
2865 3500 3015 3555 illum
3048 3516 3239 3558 sonum
3268 3504 3485 3561 ederem
3519 3526 3534 3561 :

1921 3584 2048 3641 Filii
2074 3589 2337 3642 hominum
2354 3631 2367 3653 ,
2394 3606 2648 3661 usquequo
2678 3592 2820 3661 gravi
2862 3592 3016 3647 corde
3037 3594 3063 3647 .9
3088 3606 3142 3648 ut
3162 3598 3287 3667 quid
3311 3599 3527 3670 diligitis

1917 3679 2225 3745 vanitatem,
2276 3691 2323 3734 et
2366 3682 2592 3750 queritis
2637 3682 2957 3736 mendacium
2989 3683 3161 3755 (Psal.
3192 3686 3247 3753 4,
3279 3689 3372 3758 3)?
3392 3689 3521 3745 dum

1917 3779 2131 3825 terrena
2153 3770 2476 3838 caelesubus,
2506 3780 2611 3827 tem
2623 3787 2855 3843 poranea
2883 3775 3122 3841 teternis,
3154 3779 3524 3848 corruptibilis

1918 3861 2417 3931 incorruptibilibus
2454 3863 2801 3933 anteponitis.
2831 3863 3123 3937 Usquequo
3151 3869 3340 3922 oculos
3378 3871 3531 3925 clau-

1915 3954 2063 4019 ditis,
2091 3969 2251 4009 aures
2282 3954 2565 4018 obturatis,
2596 3954 2946 4026 divinamque
2976 3956 3118 4011 illam
3144 3973 3332 4014 vocem
3350 3963 3531 4031 quoti~
3595 3969 3603 3974 '

1914 4044 2002 4101 die
2027 4047 2350 4101 clamantem
2382 4063 2487 4100 non
2529 4046 2725 4101 auditis
2760 4063 2774 4099 :
2822 4047 3005 4115 Petite,
3030 4058 3079 4103 et
3116 4050 3323 4106 dabitur
3368 4055 3525 4121 vobis,

1914 4140 2143 4208 qnazrite,
2163 4149 2209 4191 et
2236 4138 2534 4205 invenietis;
2553 4139 2773 4210 pulsate,
2790 4150 2839 4193 et
2857 4141 3119 4210 aperietur
3140 4143 3277 4197 vobis
3300 4144 3521 4213 (Matth.

1916 4230 1968 4294 7,
2002 4230 2095 4299 7)?
2130 4228 2309 4283 Omnis
2331 4231 2463 4282 enim
2491 4232 2579 4294 qui
2610 4230 2750 4298 petit.
2780 4230 2967 4300 accipit
2988 4245 3006 4294 ,‘
3029 4240 3075 4284 et
3096 4233 3184 4301 qui
3209 4236 3413 4302 quierit,
3445 4236 3527 4289 in-

1914 4322 2067 4385 t'ettit,
2091 4329 2135 4372 et
2158 4320 2383 4390 pulsanti
2403 4321 2658 4389 aperietur
2679 4318 2785 4392 (Ib.
2817 4336 2865 4374 tt.
2938 4321 3020 4392 8).
3053 4321 3187 4389 Quia
3215 4339 3345 4379 vero
3389 4343 3527 4382 non-

1916 4413 2047 4466 nulli
2081 4412 2511 4481 imperfectiores
2537 4422 2683 4477 sunt,
2712 4422 2765 4467 et
2787 4412 2852 4465 ad
2879 4413 3161 4469 saecularia
3194 4419 3379 4487 proni,
3406 4435 3523 4474 car-

1916 4502 2234 4572 nalibusque
2290 4502 2704 4571 cogitationibus
2758 4502 3075 4573 indulgent,
3128 4523 3233 4562 nou
3302 4526 3366 4565 ea
3415 4528 3520 4583 qua

1914 4600 2191 4662 Oporterct
2249 4592 2459 4647 ratione
2509 4607 2697 4663 preces
2746 4593 3185 4654 adhibent:ideo
3224 4608 3527 4658 communis

1914 4684 2154 4738 omnium
2180 4684 2437 4738 Dominus
2466 4685 2718 4754 precandi
2755 4686 2909 4741 nobis
2933 4686 3159 4744 formam
3194 4696 3526 4765 prrescripsit

1914 4774 2100 4829 dicens
2143 4792 2155 4827 :
2207 4774 2422 4829 Orontes
2461 4785 2654 4845 autem,
2702 4776 2862 4833 nolite
2904 4782 3120 4833 multum
3170 4785 3346 4851 loqui,
3394 4789 3525 4841 sicut
3564 4850 3567 4853 η

1913 4869 2101 4923 ethnici
2126 4885 2143 4923 :
2168 4879 2348 4937 putant
2374 4870 2530 4933 enim,
2558 4870 2696 4940 quod
2731 4872 2784 4925 in
2831 4871 3153 4945 multiloquio
3187 4879 3526 4933 exaudientur

1915 4960 2129 5033 (Matth.
2159 4961 2211 5017 6.
2243 4962 2300 5031 7)
2329 4981 2341 5016 :
2368 4964 2761 5033 multiloquium
2786 4980 2983 5020 vocans
3017 4946 3346 5037 futilitatet’u,
3377 4977 3514 5029 mul-

1913 5054 2140 5109 titudine
2188 5056 2473 5111 verborum
2517 5056 2925 5122 redundantem,
2964 5059 3299 5134 utilitateque
3326 5080 3519 5121 caren-

1915 5161 2045 5207 tem.

1990 5241 2331 5298 Pulchritudo
2374 5246 2636 5315 corporis,
2685 5264 2865 5318 resque
2912 5259 3126 5305 terrena
3170 5271 3321 5321 quam
3369 5259 3529 5324 ﬂuxa-

1913 5335 2033 5389 sint.
2059 5336 2297 5389 Omnium
2326 5337 2640 5407 dispensatio
2678 5338 2788 5394 Deo
2824 5344 3205 5398 committenda.
3234 5376 3303 5387 —
3326 5348 3526 5407 Subin-

1913 5426 2057 5482 dicat
2105 5429 2266 5498 igitur
2316 5428 2608 5495 Dominus,
2656 5430 2783 5487 dum
2832 5435 3207 5506 mutiloquium
3253 5442 3525 5509 prohibet,

1920 5532 2026 5573 non
2057 5527 2307 5589 oportere
2336 5535 2453 5585 eos,
2488 5523 2576 5591 qui
2607 5534 2914 5592 precantur,
2948 5524 3089 5580 fluxa
3122 5538 3176 5582 et
3199 5535 3517 5603 corruptibi-

1920 5609 1985 5662 lia
2047 5609 2317 5679 postulare
2367 5626 2379 5663 :
2439 5627 2543 5664 non
2595 5614 2839 5682 corporis
2894 5614 3371 5685 pulchritudinem,
3407 5640 3528 5693 quae

1919 5709 2161 5767 tempore
2202 5701 2515 5767 marcescit,
2547 5711 2601 5757 et
2644 5704 2837 5759 morbo
2884 5706 3255 5774 labefactatur,
3282 5713 3518 5768 demum-

1921 5807 2023 5862 que
2057 5802 2228 5847 morte
2262 5790 2487 5848 deletur.
2522 5794 2666 5849 Talis
2716 5811 2947 5867 namque
2995 5809 3080 5854 est
3123 5802 3364 5872 corporis
3412 5807 3529 5875 pul-

3107 5919 3143 5976 3
