4218 6294
745 367 805 420 t5
1503 367 1558 424 S.
1600 365 1878 424 JOANN'S
1913 363 2304 424 CllRYSOSTG

2428 366 2748 425 ARCHIEP.
2789 368 3326 429 CONSTANTINUP.
3972 379 4039 431 α

738 482 1009 546 clnitudo,
1062 483 1162 538 llos
1216 483 1433 538 minimc
1484 481 1782 546 diuturnus,
1814 481 1904 550 qui
1941 478 2232 566 pauxillum
2265 477 2318 532 in

738 575 1036 644 juvutitutis
1069 589 1193 630 vere
1232 571 1405 637 ﬂoret,
1438 571 1533 628 sed
1585 571 1734 628 brevi
1787 571 2042 642 temporis
2095 569 2324 626 decursu

738 667 1115 735 corrumpitur.
1147 665 1201 722 Si
1229 665 1346 736 quis
1373 679 1501 720 vero
1530 663 1881 719 substantiam
1904 663 2018 734 ejus
2045 661 2326 731 explorare

738 757 888 821 velit,
919 766 1046 812 tunc
1077 755 1226 811 illum
1259 755 1425 828 magis
1453 753 1718 825 despuere
1755 755 1976 825 poterit.
2005 752 2148 807 Nihil
2179 753 2326 806 enim

734 843 882 904 aliud
927 857 1031 914 est,
1057 861 1214 915 quam
1255 847 1472 917 pituita,
1511 847 1729 916 sanguis
1769 853 1823 901 et
1875 845 2086 910 humor,
2115 844 2326 913 cibique

735 940 907 995 mansi
928 937 1136 1009 chylus.
1156 936 1291 993 Hinc
1318 937 1460 992 enim
1489 936 1652 1001 oculi,
1683 948 1857 1006 gente,
1881 949 2058 997 nares,
2081 933 2323 1003 superci-

737 1029 830 1093 lia,
858 1028 1022 1095 labia,
1053 1037 1331 1099 totumque
1359 1041 1556 1100 corpus
1582 1027 1831 1098 irrigatur
1860 1042 1874 1079 :
1903 1039 2023 1096 quae
2047 1024 2090 1080 si
2117 1023 2326 1079 desinat

734 1117 993 1189 irrigatio,
1029 1120 1114 1189 illa
1161 1117 1351 1174 forma:
1386 1128 1637 1173 venustas
1684 1130 1905 1188 prorsus
1948 1116 2175 1170 desinet.
2207 1114 2261 1170 Ν
2289 1131 2322 1170 n

734 1208 1079 1281 pecuniarum
1124 1211 1422 1276 facultates,
1451 1226 1570 1282 qua:
1613 1224 1868 1282 aquarum
1915 1209 2086 1264 instar
2133 1207 2321 1262 ﬂuvia-

733 1303 860 1359 lium
905 1301 1133 1359 inlinunt
1161 1314 1216 1359 et
1247 1303 1509 1369 deﬂuunt,
1541 1311 1594 1358 et
1615 1317 1756 1358 nunc
1785 1301 1851 1356 ad
1880 1301 2058 1370 illum,
2088 1316 2231 1357 nunc
2255 1300 2322 1356 ad

737 1395 892 1450 slium
923 1395 1257 1451 transiliunt:
1280 1411 1400 1467 quae
1440 1409 1804 1466 possessorem
1847 1392 2080 1468 fugiunt,
2101 1403 2156 1449 et
2181 1392 2320 1463 apud

732 1486 790 1542 se
815 1485 1093 1558 diligentes
1111 1500 1328 1541 manere
1354 1493 1604 1540 recusant
1634 1501 1648 1537 :
1676 1482 2015 1540 insidiatores
2036 1497 2166 1537 vero
2187 1482 2322 1537 mul-

732 1588 815 1633 tos
843 1576 1063 1640 habent,
1095 1577 1285 1642 tineas,
1316 1576 1481 1640 fures,
1505 1575 1882 1646 schphantas,
1914 1573 2179 1641 incendia,
2199 1589 2323 1629 nau-

731 1669 917 1740 fragia,
945 1669 1206 1727 bellorum
1235 1671 1505 1734 incursus,
1535 1668 1848 1738 populorum
1881 1667 2189 1733 seditiones,
2223 1665 2320 1721 do-

728 1761 1071 1815 mesticorum
1113 1759 1377 1831 nequitias
1401 1801 1415 1824 ,
1447 1758 1930 1830 chirographorum
1977 1759 2316 1821 amissiones,

727 1850 810 1905 vel
858 1849 1192 1916 additiones,
1227 1850 1629 1906 imminutiones
1661 1865 1677 1902 :
1705 1849 1914 1921 aliaque
1961 1850 2127 1905 multa
2149 1892 2164 1917 ,
2199 1866 2320 1923 quae

727 1945 1069 2014 pecuniarum
1122 1951 1363 1997 amantes
1404 1942 1660 1997 invadunt
1701 1940 2048 1997 detrimenta.
2075 1940 2193 1998 Non
2233 1942 2320 1997 di-

723 2037 977 2106 gnitatum
1007 2037 1318 2106 potentiam,
1351 2050 1472 2107 qua:
1499 2043 1554 2090 et
1579 2035 1692 2105 ipsa
1719 2034 1883 2090 multa
1931 2035 2074 2106 parit
2105 2036 2313 2090 incom-

725 2127 912 2191 moda,
963 2126 1378 2182 sollicitudinum
1429 2126 1628 2192 tabem,
1681 2125 1942 2180 insomnia
1990 2127 2312 2196 frequentia,

723 2217 1019 2272 invidorum
1055 2217 1296 2284 insidias,
1330 2217 1666 2271 inimicorum
1706 2217 2160 2283 machinamenta,
2187 2217 2314 2271 sul)-

721 2311 897 2365 dolam
949 2310 1220 2366 rhetorum
1267 2311 1549 2381 argutiam,
1601 2325 1721 2380 quae
1772 2310 2089 2382 compositis
2133 2313 2312 2370 verbis

721 2404 1000 2460 veritatem
1047 2403 1429 2468 circumvenit,
1467 2402 1839 2473 judicibusque
1890 2401 2020 2472 ipsis
2060 2418 2308 2474 magnum

721 2495 1014 2564 periculum
1056 2503 1223 2549 creat.
1271 2493 1406 2550 Sunt
1451 2495 1615 2560 enim,
1639 2501 1765 2546 sunt
1796 2508 1979 2547 revera
2011 2493 2309 2564 multiloqui

722 2585 821 2638 viri
866 2582 1044 2648 multi,
1079 2572 1414 2638 et'fntilibus
1462 2584 1705 2638 instructi
1754 2583 1966 2649 verbis,
1993 2584 2083 2655 qui
2114 2586 2229 2640 haec
2256 2596 2309 2641 ct

717 2661 964 2728 similia’a
997 2671 1106 2727 Deo
1128 2673 1494 2727 universorum
1526 2673 1814 2742 postulant,
1845 2687 2160 2744 eorumque,
2187 2691 2306 2744 qua:

716 2780 842 2820 vere
871 2773 993 2820 sunt
1023 2764 1182 2828 bona,
1215 2764 1413 2818 nullam
1454 2764 1710 2818 rationem
1741 2763 1958 2818 habent.
1988 2765 2149 2835 Atqui
2186 2780 2303 2820 me-

717 2858 894 2913 dicunt
941 2855 1456 2912 medicamentorum
1508 2869 1660 2909 usum
1701 2870 1806 2909 non
1848 2857 2031 2925 πετοιί
2082 2855 2302 2923 docent,

711 2948 808 3004 sed
851 2948 927 3014 hi,
959 2947 1304 3018 quantumvis
1321 2946 1489 3000 durus
1536 2945 1898 3016 molestusque
1923 2947 1991 3002 sit
2011 2948 2303 3003 curationis

713 3039 925 3104 modus,
965 3054 1084 3110 qu:e
1127 3037 1194 3092 ab
1246 3037 1339 3092 illo
1383 3036 1678 3091 offeruntur
1724 3040 2011 3093 sustinent.
2062 3038 2301 3110 itemque

712 3129 1122 3201 gubernatorem
1155 3143 1263 3182 non
1289 3139 1530 3184 vectores
1575 3128 1766 3199 jubent
1810 3128 1911 3184 hoc
1950 3127 2110 3185 iilove
2140 3131 2301 3186 modo

714 3224 924 3278 clavum
957 3233 1178 3288 tenere,
1216 3231 1270 3276 et
1313 3224 1487 3277 navim
1526 3223 1794 3293 dirigere;
1819 3222 1912 3278 sed
1963 3222 2015 3278 in
2051 3225 2299 3281 tabulatis

712 3316 995 3380 sedentes,
1030 3315 1171 3370 illius
1221 3314 1460 3386 peritiae,
1501 3330 1605 3369 non
1663 3313 1825 3370 modo
1871 3317 2121 3372 secundis
2163 3333 2296 3374 ven-

716 3408 822 3474 tis,
878 3405 975 3460 sed
1037 3405 1198 3461 etiam
1263 3414 1509 3460 extremo
1571 3406 1850 3476 ingruente
1902 3407 2139 3478 periculo
2178 3424 2298 3466 sese

707 3499 1069 3554 committunt.
1145 3497 1244 3553 Uni
1308 3507 1510 3551 tantum
1585 3497 1727 3564 Deo,
1779 3497 1871 3568 qui
1944 3513 2064 3569 qua:
2141 3501 2297 3558 nobis

709 3592 856 3648 utilia
903 3599 1306 3662 opportunaque
1349 3600 1475 3644 sunt
1524 3597 1768 3643 accurate
1804 3591 1972 3654 novit,
2028 3590 2103 3646 illi
2158 3579 2314 3648 male-

709 3681 882 3737 feriati
940 3680 1184 3734 homines
1238 3679 1433 3734 cedere
1498 3680 1785 3744 nesciunt,
1845 3678 1937 3734 sed
1994 3681 2294 3750 perniciosa

712 3775 862 3846 quasi
895 3772 1045 3838 utilia
1074 3771 1370 3843 postulant,
1397 3770 1618 3840 perinde
1660 3781 1818 3842 atque
1861 3783 2121 3843 mgrotus,
2144 3775 2233 3845 qui
2264 3791 2292 3830 a

686 3861 924 3922 medico
950 3866 1110 3935 petit,
1141 3880 1246 3919 non
1302 3879 1363 3918 ea
1408 3879 1530 3935 qua:
1584 3865 1829 3933 morbum
1881 3865 2168 3936 depellant,
2197 3868 2292 3923 sed

710 3972 827 4025 qui:
877 3955 1152 4011 materiam
1205 3954 1347 4008 illam
1397 3953 1570 4008 morbi
1627 3941 2071 4011 matrem‘alant.
2095 3955 2291 4013 Verum

709 4048 947 4103 medicus
984 4045 1179 4100 inlirmi
1209 4061 1395 4115 preces
1428 4062 1530 4101 non
1557 4045 1807 4102 admittit.
1838 4047 1931 4104 sed
1963 4052 2171 4106 etiamsi
2219 4051 2295 4106 la-

707 4146 1034 4209 erymantem
1073 4137 1538 4206 ingementemque
1591 4137 1790 4205 videat,
1827 4140 1958 4193 artis
2011 4142 2290 4212 prteceptis

707 4230 1098 4300 obtemperabit
1121 4229 1321 4301 potius,
1349 4244 1508 4300 quam
1540 4230 1684 4286 illius
1713 4231 1955 4286 ﬂectatur
1995 4233 2245 4305 laerymis
2277 4252 2289 4287 :

707 4330 929 4389 tumque
958 4319 1152 4375 medici
1179 4319 1665 4390 lnobsequentiam,
1695 4336 1798 4374 ι·οη
1826 4320 2290 4389 inhumanitatem,

708 4411 802 4468 ted
859 4409 1244 4466 humanitatem
1290 4424 1565 4465 vocamus.
1599 4410 1798 4466 Contra
1847 4427 1977 4467 vero
2016 4413 2059 4466 si
2091 4424 2294 4484 aegroto

707 4517 911 4558 morem
942 4509 1114 4571 gerat,
1130 4499 1352 4571 ejusque
1374 4499 1628 4570 voluptati
1660 4501 2006 4572 obsequatur,
2029 4503 2294 4561 hostiliter

705 4609 827 4650 cum
865 4593 958 4649 illo
995 4593 1134 4664 agit;
1157 4591 1240 4647 sin
1268 4592 1552 4658 renitatur,
1576 4593 1799 4662 ejusque
1819 4594 2160 4662 cupiditatem
2191 4612 2290 4667 op~

707 4693 932 4755 pugnet,
967 4681 1330 4737 misericordia
1352 4692 1509 4752 atque
1534 4680 1818 4736 clementia
1849 4684 2031 4738 utitur.
2063 4685 2150 4740 Sic
2177 4689 2290 4742 ani-

705 4793 912 4833 marum
954 4788 1252 4831 nostrarum
1283 4774 1556 4843 Medicus,
1583 4791 1699 4844 qum
1753 4776 1914 4829 noxia
1955 4776 2126 4833 futura
2167 4789 2291 4834 sunt

706 4867 1010 4938 petentibus
1034 4881 1322 4936 numquam
1347 4865 1578 4922 dederit.
1600 4866 1781 4937 Neque
1803 4869 1943 4921 enim
1965 4879 2145 4938 patres
2169 4883 2291 4938 pro-

708 4962 772 5018 lis
816 4969 1060 5016 amantes
1090 4958 1211 5014 filiis
1248 4957 1423 5014 adhuc
1475 4959 1681 5014 tenellis
1725 4959 1931 5028 gladios
1972 4970 2063 5014 aut
2099 4959 2288 5030 ignitus

700 5052 964 5108 carbones
1005 5051 1340 5121 petentibus,
1374 5065 1621 5120 umquam
1663 5052 2000 5119 porrexerint
2045 5069 2057 5104 :
2093 5061 2289 5106 norunt

700 5148 844 5202 enim
900 5146 1014 5200 lucc
1065 5143 1262 5199 damno
1309 5141 1486 5198 futura
1541 5156 1662 5198 esse
1711 5143 1755 5196 si
1785 5143 2014 5197 dentur:
2048 5144 2288 5198 nonnulli

626 5281 634 5289 .
699 5256 827 5294 vero
874 5241 926 5292 in
982 5246 1275 5292 extremm
1321 5235 1558 5306 prolapsi
1606 5232 1950 5295 dementiam,
1987 5248 2090 5289 non
2130 5235 2290 5291 modo

698 5319 941 5400 corporis
970 5326 1439 5397 pulchritudinem,
1467 5324 1699 5389 divitias,
1732 5313 2023 5395 poténtiam
2055 5335 2282 5381 ctetera-

698 5435 800 5491 qne
838 5419 892 5474 id
938 5434 1107 5492 genus
1147 5418 1216 5472 ab
1263 5416 1637 5490 universorum
1688 5417 1794 5472 Deo
1850 5418 2150 5487 postulant;
2192 5420 2286 5475 sed

699 5512 866 5566 etiam
883 5509 1112 5564 inimicis
1141 5509 1252 5565 suis
1279 5509 1661 5579 imprecantur,
1693 5510 1940 5580 ipsosque
1964 5497 2136 5580 poenis
2159 5526 2286 5579 snp-

701 5598 970 5670 piieioque
995 5598 1134 5656 affici
1162 5609 1348 5670 rogant
1372 5615 1385 5652 :
1413 5611 1464 5655 et
1493 5614 1650 5671 quem
1689 5599 1787 5651 sibi
1824 5601 2110 5668 propitium
2139 5601 2287 5655 beni-

698 5707 970 5763 gnumque
1001 5707 1120 5748 esse
1163 5701 1466 5764 precantur,
1500 5692 1730 5746 inimicis
1753 5691 2009 5746 immitem
2040 5691 2284 5748 inhuma-

703 5803 935 5857 numque
965 5801 1085 5842 esse
1125 5794 1426 5856 peraptant.
1456 5785 1587 5850 Quae
1612 5785 1790 5840 omnia
1820 5783 2078 5841 Dominus
2115 5787 2286 5859 repri-

2443 495 2590 536 mere
2635 495 3049 552 przcoccupans,
3104 483 3497 556 multiloquium
3543 492 3725 548 vetat,
3771 484 4036 556 docetque

2439 571 2566 641 quid
2595 573 2666 627 sit
2711 571 2762 627 in
2803 573 3047 628 oratione
3087 571 3373 628 dicendum
3410 592 3423 629 :
3453 588 3518 628 ac
3543 576 3728 645 paucis
3753 576 3933 633 verbis
3961 576 4031 631 ad

2433 677 2648 718 munem
2703 663 2950 719 virtutem
2999 663 3280 720 instituit:
3324 667 3412 721 illa
3453 667 3650 738 quippe
3703 667 3870 724 verba
3921 685 4030 725 non

2434 753 2596 808 modo
2651 753 2894 810 doctrina
2949 755 3014 809 ad
3066 756 3394 825 precandum
3436 767 3581 823 sunt,
3614 758 3708 815 sed
3753 759 3916 815 etiam
3964 761 4032 817 ad

2433 845 2723 914 perlectam
2749 846 2910 900 vitam
2934 845 3219 901 institutio.

2503 937 2556 992 3.
2590 935 2768 992 Oratio
2803 936 3058 991 dominica
3081 938 3288 1008 ejusque
3313 939 3627 1010 explanatio.
3659 972 3731 982 —
3767 940 4029 1010 Qumnatn

2430 1036 2607 1082 autem
2636 1027 2720 1082 illa
2753 1029 2880 1094 sint,
2912 1037 2967 1084 et
2996 1027 3117 1099 quis
3145 1044 3335 1085 eorum
3367 1045 3582 1099 sensus,
3611 1031 4028 1104 diligentissime

2430 1119 2798 1189 exquiramus,
2825 1133 2996 1190 eaque
3023 1127 3295 1190 tamquam
3322 1120 3535 1178 divinas
3561 1122 3708 1194 leges
3732 1139 3840 1180 non
3866 1125 4029 1181 dubi-

2431 1215 2609 1263 tanter
2654 1208 3008 1264 observemus
3047 1227 3059 1263 :
3097 1203 3258 1265 Pater
3301 1224 3490 1280 noster,
3549 1214 3638 1282 qui
3687 1231 3742 1269 es
3790 1217 3844 1270 in
3888 1218 4029 1272 culis

2429 1297 2644 1369 (Matth.
2675 1299 2728 1355 6.
2761 1301 2814 1356 9.
2847 1300 3004 1372 καφ).
3040 1300 3086 1356 0
3114 1310 3366 1372 quantam
3408 1317 3534 1373 erga
3583 1303 3832 1362 homines
3869 1307 4030 1362 beni-

2426 1393 2682 1463 gnitatem
2705 1393 2717 1446 l
2749 1408 2784 1450 o
2807 1402 3059 1465 quantam
3080 1393 3357 1465 dignitatis
3377 1395 3784 1454 excellentiam!
3817 1400 4018 1471 Ecquis

2427 1497 2606 1538 sermo
2645 1484 2748 1539 erit
2791 1483 2857 1539 ad
2906 1484 3106 1556 gratias
3151 1492 3422 1541 tantorum
3475 1485 3740 1543 bonorum
3785 1489 4022 1562 largitori

2426 1573 2663 1644 agendas
2701 1575 2873 1630 satis?
2902 1575 3183 1645 Perpende
3203 1617 3218 1642 ,
3251 1577 3480 1643 dilecte,
3510 1586 3616 1634 tum
3651 1595 3895 1652 meaeque
3932 1598 4026 1638 na-

2429 1675 2558 1721 tura:
2584 1667 2837 1722 vilitatem
2869 1684 2883 1720 :
2915 1677 3155 1723 scrutare
3189 1671 3565 1740 cognationem
3589 1713 3606 1737 ,
3638 1680 3870 1739 terram,
3908 1676 4020 1744 pain

2427 1773 2605 1812 verem
2627 1797 2640 1822 ,
2670 1757 2840 1812 lutum
2863 1800 2877 1822 ,
2921 1757 3145 1812 laterem
3169 1798 3183 1824 ,
3221 1758 3459 1814 cinerem
3485 1775 3499 1813 :
3531 1777 3562 1816 e
3606 1770 3747 1817 terra
3791 1779 4022 1834 namque

2423 1848 2605 1912 efficti,
2638 1847 2691 1902 in
2722 1856 2920 1902 terram
2967 1848 3182 1903 demum
3214 1849 3551 1906 resolvimur.
3584 1851 3678 1907 liis
3718 1857 4020 1924 perpensis,

2423 1941 2794 1997 inscrutabiles
2814 1940 3007 1995 divina:
3025 1957 3150 2012 erga
3173 1957 3269 1997 nos
3297 1943 3637 2014 benignitatis
3657 1944 3873 2000 divitias
3895 1961 4018 2002 cum

2421 2041 2640 2100 stupore
2663 2029 2943 2085 considera
2978 2049 2990 2084 :
3025 2031 3165 2101 quod
3197 2031 3407 2088 Patrem
3433 2033 3584 2088 illum
3617 2049 3810 2089 vocare
3835 2035 4018 2104 jussus

2419 2125 2514 2191 sis,
2551 2133 2799 2179 terrenus
2843 2123 3148 2189 erelestcm,
3182 2124 3424 2178 mortalis
3474 2125 3857 2194 immortalem,
3900 2142 4018 2183 cor-

2419 2213 2682 2284 ruptibilis
2729 2213 3230 2283 incorruptibilem,
3291 2223 3673 2284 tomporauens
3728 2226 4014 2283 azternum,

2415 2305 2504 2374 qui
2537 2304 2651 2361 heri
2674 2313 2765 2358 aut
2800 2320 2970 2373 nuper
2999 2305 3167 2359 lutum
3209 2320 3352 2372 cras,
3385 2321 3507 2360 eum
3548 2307 3637 2376 qui
3669 2316 3793 2362 ante
3817 2308 4017 2365 smcula

2419 2394 2562 2450 Deus
2587 2403 2722 2448 erat.
2755 2394 3003 2449 Profecto
3025 2409 3131 2448 non
3165 2394 3231 2448 ad
3265 2395 3410 2449 illam
3439 2395 3634 2451 frustra
3661 2399 4013 2454 cmittendam

2415 2501 2598 2542 vocem
2627 2487 2849 2542 edoctus
2869 2502 2929 2542 es
2963 2502 2976 2552 ;
3015 2487 3110 2542 sed
3145 2497 3200 2542 ut
3222 2488 3289 2542 ad
3322 2487 3490 2555 illam,
3519 2505 3681 2559 quam
3712 2490 3893 2562 lingua
3926 2503 4013 2547 tua

2416 2578 2658 2648 protulit,
2689 2578 2862 2634 Patris
2885 2580 3324 2650 appellationem,
3357 2584 3655 2636 reverentia
3686 2593 4012 2648 commotus,

2412 2672 2528 2741 ejus
2554 2673 2936 2742 benignitatem
2977 2672 3717 2742 imiteriszqucmadinodum
3764 2675 3893 2729 alibi
3926 2675 4013 2729 di-

2410 2762 2481 2816 cit
2509 2779 2522 2814 :
2555 2761 2728 2817 Estote
2768 2763 2957 2816 similes
3004 2760 3181 2817 Patris
3223 2764 3375 2817 vestri
3391 2803 3404 2827 ,
3433 2763 3519 2832 qui
3560 2765 3612 2816 in
3642 2768 3777 2818 cretis
3804 2775 3897 2828 est,
3925 2768 4018 2834 qui

2409 2851 2565 2904 solem
2587 2868 2731 2905 suum
2758 2853 2882 2906 orin’
2903 2853 3027 2924 facit
3053 2870 3203 2921 super
3224 2853 3384 2907 malos
3410 2863 3457 2907 et
3480 2852 3659 2920 bonos,
3688 2864 3734 2910 et
3761 2855 3893 2925 pluit
3921 2873 4013 2910 su-

2408 2961 2498 3014 per
2511 2945 2681 3011 justas
2722 2953 2767 2998 et
2807 2946 3026 3015 injustas
3080 2945 3291 3016 (Matth.
3325 2947 3379 3001 5.
3411 2946 3528 3013 45).
3564 2946 3678 3000 Non
3707 2957 3884 3016 potest
3913 2949 4012 3003 be-

2409 3036 2628 3104 nignum
2682 3035 2847 3090 Deum
2887 3037 3099 3092 Patrem
3139 3038 3411 3106 appellare
3450 3038 3694 3109 quisquis
3732 3048 3816 3094 est
3840 3040 4012 3097 feroci

2406 3125 2702 3196 immitique
2723 3127 2902 3182 animo
2923 3144 2934 3178 :
2956 3141 3130 3196 neque
3146 3127 3288 3181 enim
3305 3136 3488 3182 servat
3505 3126 3623 3183 illas
3639 3129 4008 3199 benignitatis,

2405 3233 2523 3288 quae
2549 3219 2600 3272 in
2631 3217 2826 3274 caelesti
2856 3219 3014 3274 Patre
3040 3227 3145 3286 est,
3179 3229 3430 3287 tesseras,
3459 3220 3556 3276 sed
3589 3222 3642 3276 in
3677 3220 3902 3277 ferinam
3936 3237 4002 3280 se

2405 3311 2636 3379 speciem
2682 3311 3084 3378 transmutavit,
3111 3321 3274 3382 atque
3318 3328 3347 3365 a
3383 3313 3559 3368 divina
3607 3313 3697 3369 illa
3727 3315 4010 3372 nobilitate

2403 3400 2620 3466 excidit,
2647 3401 2942 3458 secundum
2962 3401 3092 3456 illud
3118 3401 3286 3456 David
3313 3401 3514 3458 dictum
3552 3420 3564 3457 :
3602 3403 3773 3459 Homo
3810 3421 3928 3460 cuni
3947 3406 4005 3460 in

2403 3492 2598 3547 honore
2633 3501 2777 3558 esset,
2809 3511 2909 3548 non
2953 3494 3202 3548 intellexit
3230 3511 3248 3549 :
3278 3505 3600 3565 comparatus
3650 3505 3722 3550 est
3753 3497 4008 3567 jumeutis

2401 3583 2755 3654 insipientibus
2775 3625 2791 3649 ,
2821 3593 2866 3636 et
2913 3583 3094 3639 similis
3135 3583 3302 3652 [actus
3333 3595 3404 3638 est
3443 3584 3548 3638 illis
3573 3584 3744 3656 (Psal.
3769 3586 3859 3651 48,
3881 3588 4003 3657 il).

2404 3672 2614 3728 Etenim
2645 3673 2732 3744 qui
2765 3682 2821 3727 ut
2845 3683 3028 3729 taurus
3059 3673 3223 3728 insilit
3251 3683 3304 3727 et
3327 3675 3547 3736 invadit,
3575 3677 3830 3730 utasinus
3852 3677 4007 3734 calce

2403 3764 2542 3828 ferit,
2580 3773 2637 3818 ut
2661 3765 2897 3820 camelos
2930 3764 3137 3835 injuria:
3166 3766 3429 3832 meminit,
3460 3774 3517 3820 ut
3553 3780 3711 3822 ursus
3742 3777 3919 3834 vorat,
3943 3779 4006 3824 ut

2404 3857 2560 3926 lupus
2595 3858 2772 3925 rapit,
2801 3867 2857 3913 ut
2886 3857 3132 3927 scorpius
3169 3857 3375 3927 pungit,
3399 3857 3634 3913 subdole
3657 3859 3767 3928 agit
3789 3868 3845 3913 ut
3874 3859 4002 3913 vul-

2401 3961 2514 4016 pes,
2549 3948 2721 4002 hinnit
2745 3947 2810 4001 ad
2833 3947 3060 4002 feminas
3083 3947 3252 4002 instar
3288 3949 3407 4017 equi
3435 3949 3721 4014 emissarii,
3751 3950 3842 4020 qui
3871 3964 3999 4020 pos-

2399 4040 2470 4093 sit
2515 4040 2728 4110 dignam
2774 4039 2883 4095 lilio
2925 4055 3111 4094 vocem
3156 4041 3438 4107 emittere,
3469 4041 3788 4111 Patremque
3826 4045 4000 4100 Deum

2401 4133 2762 4202 compellare?
2789 4134 2956 4202 Quem
2994 4135 3134 4188 hunc
3179 4135 3337 4206 igitur
3366 4137 3660 4192 vocemus?
3693 4137 4000 4193 Feramuei

2403 4223 2621 4280 Alfene
2653 4240 2761 4282 uno
2811 4243 2875 4280 ex
2917 4228 3248 4281 enumeratis
3281 4227 3412 4280 vitio
3454 4227 3724 4296 laborant,
3749 4228 3837 4284 hic
3866 4246 4001 4286 vero

2401 4319 2577 4370 omnia
2610 4318 2768 4372 simul
2795 4311 3156 4386 complectens
3177 4361 3190 4383 ,
3222 4317 3434 4374 feritate
3465 4320 3700 4389 ipsarum
3725 4320 4001 4377 efferatior

2401 4416 2502 4461 est.
2533 4409 2731 4477 Ecquid
2755 4410 2875 4464 dico
2906 4409 3118 4464 feram?
3148 4409 3258 4464 fera
3292 4412 3481 4480 quavis
3505 4411 3743 4466 deterior
3770 4413 3859 4468 ille
3888 4424 3999 4470 est.

2402 4499 2611 4554 Etenim
2650 4500 2774 4555 fera:
2809 4501 2932 4556 licet
2966 4512 3154 4557 natura
3195 4517 3289 4556 sua
3331 4503 3566 4559 immites
3597 4505 3725 4573 sint,
3755 4505 3998 4562 humana

2401 4600 2577 4647 tamen
2616 4603 2734 4647 arte
2773 4592 2980 4648 cicures
3029 4595 3164 4650 fiunt
3207 4605 3259 4650 et
3305 4607 3723 4652 mansucscunt:
3755 4599 3842 4654 hic
3865 4616 3999 4656 vero

2401 4683 2584 4749 homo,
2612 4685 2701 4754 qui
2731 4685 2942 4740 insitam
2968 4686 3072 4741 illis
3097 4703 3126 4741 a
3154 4697 3342 4743 natura
3371 4688 3635 4745 feritatem
3666 4692 3719 4745 in
3753 4707 3999 4750 mansue-

2398 4779 2658 4843 tudinem,
2685 4794 2804 4849 quae
2829 4789 3014 4833 contra
3041 4780 3250 4835 illarum
3281 4793 3527 4838 naturam
3552 4796 3656 4850 est,
3675 4798 3997 4855 commutat,

2396 4886 2554 4939 quam
2578 4873 2975 4928 excusationem
3001 4873 3236 4941 habebit,
3258 4876 3348 4946 qui
3367 4875 3589 4931 inditam
3614 4878 3714 4932 sibi
3739 4895 3768 4933 a
3801 4890 3996 4937 natura

2398 4963 2862 5018 mansuetudinem
2889 4965 2943 5019 in
2973 4964 3237 5019 feritatem
3272 4977 3477 5023 naturzc
3519 4985 3628 5024 suze
3656 4973 3991 5029 contrariam

2397 5057 2684 5123 convertit,
2717 5067 2769 5110 et
2797 5055 2940 5128 quod
2969 5067 3084 5112 erat
3115 5069 3305 5114 natura
3341 5058 3544 5123 ferum.
3575 5063 3706 5117 mite
3735 5063 3996 5131 reddidit,

2398 5161 2456 5200 se
2494 5160 2622 5201 vero
2658 5157 2844 5200 natura
2887 5147 3092 5214 mitem,
3125 5147 3294 5203 ferum
3325 5149 3542 5205 eii‘ecit?
3573 5161 3627 5205 et
3655 5153 3747 5224 qui
3780 5153 3998 5212 leonem

2399 5237 2605 5307 mitigat
2634 5237 3080 5307 tractabilcmqne
3107 5238 3254 5306 facit,
3296 5241 3428 5295 iram
3453 5257 3604 5296 suam
3637 5245 3796 5300 leone
3821 5248 3999 5302 reddit

2399 5329 2871 5384 intractabilioreui
2891 5332 3006 5384 irit
3032 5335 3084 5384 in
3109 5333 3263 5387 leone
3292 5334 3397 5387 duo
3427 5346 3552 5389 sunt
3585 5337 3995 5407 impedimenta,

2398 5422 2536 5488 quod
2585 5422 2628 5474 is
2676 5422 2880 5476 ratione
2906 5433 3112 5486 careat,
3140 5434 3193 5476 et
3219 5423 3361 5493 quod
3399 5435 3721 5480 czcterorum
3753 5430 3997 5484 omnium

2399 5512 2465 5563 sit
2499 5511 2861 5568 ferocissimus
2892 5531 2903 5566 :
2937 5525 2992 5568 ct
3019 5525 3196 5571 tamen
3235 5533 3329 5586 per
3359 5517 3618 5573 divinitus
3650 5517 3874 5573 inditam
3907 5535 3996 5574 sa-

2401 5604 2652 5673 pientiam
2688 5604 2912 5662 ferinam
2951 5607 3094 5663 illam
3130 5619 3347 5680 superat
3389 5619 3672 5678 naturam;
3705 5628 3897 5669 verum
3929 5616 3998 5682 is,

2397 5697 2486 5767 qui
2538 5698 2590 5752 in
2629 5698 2755 5755 feris
2806 5709 3048 5756 naturam
3097 5703 3297 5770 vincit,
3329 5704 3382 5758 in
3423 5705 3601 5776 seipse
3628 5718 3677 5760 et
3714 5718 3924 5763 uatum
3951 5725 3997 5762 et

2401 5793 2655 5862 prepositi
2709 5792 2988 5848 voltmtarii
3034 5796 3227 5849 bonum
3265 5796 3438 5865 perdit
3473 5814 3483 5849 :
3515 5798 3747 5870 dumque
3782 5805 3924 5859 leone
3947 5820 4000 5858 m
