4218 6294
741 383 808 440 65
1407 380 1464 437 S.
1495 377 1780 437 JOANNIS
1812 370 2300 436 CHRYSOSTOM]

2405 371 2672 434 RCHIEP.
2702 375 3254 440 CONSTANTINOP.
3927 377 4000 435 55

741 507 840 579 μὲν
874 502 1016 556 ποιεῖ
1047 501 1350 573 ἄνθρωπον,
1379 497 1570 579 ἑαυτὸν
1590 496 1646 551 δέ
1674 497 1906 579 περιορᾷ
1933 494 1994 560 ἐξ
2021 490 2309 579 ἀνθρώπου

736 574 1020 659 γινόμενον
1054 579 1385 637 λέοντα·’καὶ
1408 578 1600 652 ἐκείνῳ
1637 579 1737 650 μέν
1767 578 1837 632 τὰ
1865 579 2004 650 ὐπέρ
2031 574 2315 659 φύσινὶχα-

739 655 966 743 ρίζεται,
998 665 1171 737 ἑαυτῷ
1200 665 1257 718 δὲ
1286 663 1406 718 οὐδὲ
1423 663 1490 717 τά
1510 663 1652 718 κατὰ
1680 662 1840 732 φύσιν
1872 655 2313 743 πορίζεταιΖΠῶς

735 739 916 807 τοίνυν
947 754 977 805 6
1008 748 1246 810 τοιοῦτος
1265 748 1552 817 δυνήσεται
1581 745 1802 816 Πατέρα
1838 743 2024 799 καλεῖν
2041 741 2132 795 τὸν
2147 739 2312 805 Θεόν;

749 837 810 890 Ὀ
845 836 1026 906 μέντοι
1055 831 1184 903 περὶ
1225 830 1353 894 τοὺς
1389 829 1617 900 πλησίον
1646 830 1853 902 ἥμερος
1877 825 1975 881 καὶ
2009 823 2316 896 φιλάνθρω-

740 934 858 983 πος,
889 917 981 971 καὶ
1009 915 1136 977 τούς
1158 915 1239 976 είς
1272 911 1436 968 αὐτὸν
1472 911 1928 984 πλημμελοῦντας
1975 909 2077 964 οὐκ
2104 906 2310 979 ἀμυνό-

741 1016 918 1072 μενος,
943 997 1057 1052 ἀλλ’
1085 994 1426 1067 εὐεργεσίαις
1460 996 1560 1060 τὰς
1587 994 1799 1060 ἀδικίας
1841 992 2224 1064 ἀμειϐόμενος,
2250 989 2312 1044 οὐ

737 1080 1124 1153 κατακρίνεται
1153 1082 1371 1151 Πατέρα
1394 1079 1575 1135 καλῶν
1596 1079 1686 1132 τὸν
1713 1078 1867 1132 Θεόν.
1896 1077 2135 1149 Πρόσεχε
2161 1075 2217 1128 δέ
2245 1077 2310 1145 τῇ

735 1164 992 1235 ἀκριϐείᾳ
1022 1161 1116 1216 τοῦ
1142 1162 1324 1234 λόγου,
1355 1162 1470 1226 πῶς
1505 1163 1638 1232 ήμῖν
1667 1161 1945 1230 νομοθετεῖ
1969 1158 2031 1212 τὸ
2054 1157 2312 1227 φιλάλλη-

732 1248 844 1314 λον,
879 1247 973 1301 καὶ
998 1248 1079 1310 είς
1112 1247 1460 1317 ἀγαπητικὴν
1485 1244 1730 1307 ἃπαντας
1763 1240 2023 1297 συνάπτει
2047 1240 2307 1295 διάθεσιν.

733 1335 810 1387 Οὐ
835 1334 944 1404 γὰρ
964 1331 1180 1386 ἐκέλευε
1209 1331 1404 1397 λέγειν,
1429 1329 1612 1399 Πάτερ
1634 1345 1758 1398 μου,
1786 1329 1814 1382 6
1829 1331 1886 1381 ἐν
1909 1328 2021 1392 τοῖς
2039 1327 2306 1397 οὐρανοῖς,

731 1415 887 1480 ἀλλὰ,
912 1414 1103 1482 Πάτερ
1131 1411 1317 1482 ἡμῶν,
1342 1415 1375 1466 ό
1415 1412 1485 1465 ἐν
1527 1409 1651 1476 τοῖς
1676 1411 1974 1480 οὐρανοῖς,
2019 1409 2112 1465 ῖνα
2134 1405 2310 1461 κοινὸν

734 1498 952 1566 Πατέρα
974 1495 1116 1566 ἔχειν
1144 1493 1500 1564 διδαχθέντες,
1538 1492 1830 1562 ἀδελφικὴν
1874 1490 2013 1563 πρὸς
2045 1490 2311 1560 ἀλλήλους

729 1580 1065 1652 δεικνύωμεν
1091 1577 1322 1632 εὔνοιαν.
1358 1573 1492 1632 Εἶτα
1515 1576 1783 1631 διδάσκων
1813 1576 1958 1646 ἡμᾶς
1991 1573 2310 1628 καταλιπεῖν

730 1664 830 1736 τὴν
859 1664 961 1734 γῆν
992 1661 1089 1716 καὶ
1109 1661 1178 1715 τά
1204 1660 1335 1732 περὶ
1361 1660 1466 1732 γῆν
1496 1673 1546 1726 ι,
1582 1659 1678 1713 καὶ
1711 1659 1785 1730 μὴ
1820 1656 2106 1728 κεχηνέναι
2136 1655 2307 1720 κάτω,

730 1746 868 1800 ἀλλά
898 1745 1000 1816 τῆς
1056 1745 1291 1808 πίστεως
1321 1742 1506 1797 λασεῖν
1563 1741 1633 1796 τὰ
1669 1740 1845 1811 πτερὰ
1875 1741 1968 1793 καὶ
1995 1736 2310 1809 ἀναπτῆναι

729 1829 821 1883 τὸν
847 1830 1005 1899 ἀέρα,
1041 1828 1136 1882 καὶ
1181 1827 1428 1897 διαὸἦναι
1475 1826 1565 1880 τὸν
1595 1825 1789 1896 αἰθέρα
1821 1823 1913 1876 καὶ
1951 1821 2187 1894 ζητῆσαι
2215 1822 2310 1876 τὸν

729 1913 1064 1984 καλούμενον
1088 1909 1329 1982 Πατέρα,
1358 1906 1662 1981 προσέταξε
1687 1907 1885 1976 λέγειν·
1913 1904 2104 1974 Πάτερ
2117 1904 2309 1974 ἡμῶν,

728 1998 762 2049 ὁ
786 1996 857 2050 ἐν
881 1995 1008 2060 τοῖς
1030 1992 1328 2062 οὐρανοῖςο
1373 1993 1472 2046 οὐκ
1502 1991 1688 2062 ἐπειδὴ
1712 1992 1771 2044 ὲν
1805 1991 1916 2054 τοῖς
1943 1990 2196 2062 οὐρανοῖς
2212 1989 2312 2060 μό-

728 2095 818 2134 νον
849 2077 998 2132 ἐστὶν
1024 2079 1053 2131 6
1084 2076 1239 2140 Θεὸς,
1279 2074 1395 2130 ἀλλ’
1426 2075 1513 2131 Eva
1543 2075 1693 2147 ἡμᾶς
1722 2074 1877 2129 κάτω
1909 2073 2039 2144 περὶ
2072 2073 2178 2143 γῆν
2207 2089 2310 2126 κα-

726 2161 1103 2232 λινδουμένους
1144 2157 1436 2213 ἀνανεῦσαι
1475 2160 1556 2222 είς
1587 2158 1850 2229 οὐρανοὺς
1886 2154 2308 2228 παρασκευάσῃ,

726 2245 821 2297 καὶ
850 2243 928 2314 τῷ
955 2242 1142 2297 κάλλει
1169 2240 1279 2294 τῶν
1308 2242 1648 2310 ἐπουρανίων
1681 2239 1903 2308 ἀγαθῶν
1937 2236 2307 2310 περιλάμψας,

723 2325 822 2398 τὴν
854 2325 1145 2397 ἐπιθυμίαν
1170 2323 1326 2396 ήμῶν
1355 2325 1534 2378 πᾶσαν
1568 2325 1684 2377 ἐκεῖ
1709 2323 2035 2395 μετενέγκῃ.

793 2408 862 2464 δ’.
896 2405 1026 2462 Εἶτα
1051 2407 1306 2479 δευτέραν
1333 2405 1638 2478 προσέθηκε
1668 2406 1848 2477 ῥῆσιν,
1877 2406 2065 2460 εἰπών’
2126 2405 2308 2475 Ἅγια-

721 2491 931 2559 σθήτω
950 2491 1016 2546 τὸ
1045 2490 1230 2560 ὄνομα
1262 2503 1399 2544 σου.
1437 2489 1546 2543 Καί
1576 2506 1664 2559 μοι
1691 2489 1879 2560 μηδεὶς
1907 2491 2147 2560 ἀνοήτως
2177 2490 2310 2542 ὑπο-

722 2578 1043 2651 λαμϐανέτω
1070 2576 1343 2648 ἀγιασμοῦ
1378 2575 1695 2647 προσθήκην
1731 2576 2049 2646 χαρίζεσθαι
2080 2575 2159 2647 τῷ
2189 2576 2309 2648 Θεῷ

719 2664 779 2714 ὲν
833 2659 912 2732 τῷ
968 2660 1165 2730 λέγειν·
1203 2658 1559 2729 Ἁγιασθήτω
1595 2659 1670 2735 Δτὸ
1721 2657 1908 2728 ὄνομά
1962 2675 2108 2712 σου·
2153 2659 2308 2728 ἃγιος

717 2743 827 2815 γάρ
858 2746 997 2808 ἐστι,
1031 2745 1127 2797 καὶ
1159 2743 1444 2811 πανάγιος,
1491 2739 1587 2796 καὶ
1627 2741 1796 2810 ἁγίων
1838 2741 2158 2809 ἀγιὼτατος.
2196 2741 2305 2794 Kal

719 2827 922 2899 ταύτην
949 2826 1099 2898 αὐτῷ
1131 2827 1232 2900 τὴν
1265 2826 1537 2897 ὑμνῳδίαν
1578 2825 1877 2900 προσφέρει
1915 2825 1984 2879 τά
2025 2825 2304 2896 Σεραφεὶμ

715 2895 998 2983 ἀσιγήντοις
1049 2895 1256 2982 βοῶντα
1306 2895 1595 2980 κραυγαῖς,
1625 2895 1851 2978 -Ἅγιὸς,
1907 2895 2106 2977 ἅγιος,
2137 2895 2303 2979 ἅγιος

714 2995 932 3063 Κύριος
954 2993 1214 3057 σαὸαὶῦθ,
1258 2992 1495 3062 πλήρης
1529 2995 1562 3066 ό
1590 2992 1848 3060 οὐρανὸς
1885 2993 1981 3045 καὶ
2009 2993 2049 3059 ἠ
2085 2991 2157 3062 γῆ
2192 2991 2303 3058 τῆς

713 3079 900 3148 δόξης
943 3080 1151 3134 αὐτοῦ.
1205 3079 1342 3133 Ἀλλ’
1388 3078 1576 3150 ῶσπερ
1623 3080 1673 3132 οί
1715 3081 1827 3144 τοῖς
1880 3079 2156 3149 βασιλεῦσι
2203 3079 2302 3144 τὰς

712 3164 988 3235 εὐφημίας
1023 3163 1437 3235 προσφέροντες,
1479 3164 1573 3217 καὶ
1602 3162 1857 3234 βασιλέας
1893 3163 2179 3227 καλοῦντες
2207 3163 2302 3217 καὶ

711 3247 1137 3319 αὐτοκράτορας,
1170 3247 1268 3316 οὐχ
1295 3245 1324 3298 ὃ
1356 3246 1433 3317 μὴ
1457 3245 1639 3316 ἔχουσι
1668 3245 1999 3316 χαρίζονται,
2029 3245 2141 3299 ἀλλ’
2167 3247 2302 3317 ὅπερ

704 3329 924 3400 ἐχουστν
959 3329 1295 3400 εὐφημοῦσιν
1315 3347 1327 3360 ο
1365 3327 1509 3383 οῦτω
1538 3329 1631 3382 καὶ
1660 3330 1819 3399 ἡμεῖς
1859 3329 1918 3381 οὐ
1951 3328 2047 3399 τὴν
2080 3328 2179 3380 οὐκ
2215 3324 2302 3381 οῦ-

711 3429 812 3466 σαν
872 3411 1178 3482 ἁγιωσύνην
1245 3411 1626 3482 προσφέρομεν
1684 3411 1761 3481 τῷ
1809 3410 1968 3480 Θεῷ,
2025 3410 2296 3479 λέγοντες,

721 3490 1081 3560 Ἁγιασθήτω
1125 3490 1194 3544 τὸ
1243 3489 1432 3558 ὄνομά
1468 3505 1605 3556 σου,
1641 3489 1778 3542 ἀλλά
1810 3490 1909 3561 τὴν
1947 3485 2111 3544 οὖσαν
2143 3491 2300 3558 δοξά-

708 3572 904 3644 ξομεν⁶
953 3573 1014 3625 τὸ
1067 3573 1175 3644 γὰρ
1243 3571 1616 3641 ἁγιασθήτω,
1666 3572 1789 3625 ἀντὶ
1825 3571 1920 3626 τοῦ
1965 3573 2296 3645 δοξασθήτω,

708 3659 941 3729 εἴρηται.
985 3656 1354 3727 Διδασκόμεθα
1393 3657 1572 3711 τοίνυν
1609 3657 1696 3711 διά
1743 3656 1843 3727 τῆς
1873 3660 2057 3729 φωνῆς
2094 3660 2299 3727 ταύτης

708 3740 799 3793 τὸν
847 3739 967 3794 κατ’
1013 3741 1212 3810 ἀρετὴν
1254 3740 1503 3812 μετιέναι
1549 3739 1692 3809 βίον,
1725 3741 1814 3794 ῖνα
1851 3740 2036 3793 τοῦτον
2065 3741 2300 3809 ὁρῶντες

705 3824 757 3875 οι
781 3823 1076 3893 ἂνθρωποι,
1106 3825 1198 3876 τὸν
1227 3824 1483 3894 οὐράνιον
1515 3823 1672 3894 ήμῶν
1701 3823 1921 3894 Πατέρα
1965 3823 2260 3888 δοξάζωσιν
2282 3843 2294 3856 '

705 3906 735 3958 ὃ
783 3904 878 3958 καὶ
923 3904 1156 3974 ἀλλαχοῦ
1203 3923 1368 3976 φησι·
1406 3905 1708 3975 Λαμψάτω
1747 3907 1810 3960 τῦ
1844 3905 1971 3975 φῶς
2003 3907 2171 3977 ὑμῶν
2197 3909 2298 3979 ἔμ-

705 3991 974 4055 προσθεν
1018 3986 1137 4041 τῶν
1186 3988 1533 4056 ἀνθρώπων,
1584 3990 1744 4055 ὅπως
1793 3990 1963 4044 ῑδωσι
2013 3992 2085 4045 τὰ
2142 3994 2296 4047 καλὰ

706 4072 851 4139 ἔργα
878 4072 1069 4141 ὑμῶν,
1097 4073 1194 4124 καὶ
1230 4072 1533 4135 δοξάσωσι
1575 4072 1681 4126 τὸν
1719 4073 1950 4141 Πατέρα
1997 4075 2163 4144 ὑμῶν
2190 4077 2298 4132 τὸν

707 4154 777 4206 ἑνι-
806 4154 929 4218 τοῖς
962 4154 1255 4222 οὐρανοῖς.
1304 4154 1460 4208 Μετά
1503 4154 1659 4208 τοῦτο
1699 4155 1879 4223 λέγειν
1917 4158 2293 4231 ἐδιδάχθημεν·

723 4236 966 4290 Ἐλθέτω
999 4239 1037 4304 ἡ
1083 4238 1374 4300 ,βασιλεία
1409 4253 1525 4291 σου
1546 4254 1558 4266 ⁸
1591 4236 2012 4309 τυραννούμενοι
2051 4240 2160 4310 γὰρ
2195 4243 2298 4296 ὑπὸ

707 4319 814 4372 τῶν
838 4319 931 4373 τοῦ
964 4320 1214 4390 σώματος
1243 4317 1603 4390 παθημάτων,
1625 4321 1718 4371 καὶ
1751 4319 1950 4391 μυρίας
1977 4325 2297 4393 πειρασμῶν

706 4401 823 4473 βο]
868 4402 1148 4472 δεχόμενοι
1195 4401 1520 4474 προσϐολὰς,
1560 4402 1658 4473 τῆς
1706 4403 1800 4456 τοῦ
1841 4403 1976 4457 Θεοῦ
2027 4405 2299 4477 χρῄζομεν

709 4481 1005 4553 βασιλείας,
1037 4483 1120 4536 ῖνα
1151 4484 1227 4556 μὴ
1257 4484 1548 4558 βασιλεύσῃ
1579 4488 1612 4558 ἡ
1640 4488 1885 4558 ἁμαρτία
1923 4489 1980 4541 ἐν
2018 4489 2095 4558 τῷ
2121 4489 2300 4561 θνητῷ

708 4566 921 4637 σώματι
961 4566 1116 4637 ήμῶν
1148 4569 1227 4630 είς
1263 4569 1324 4621 τὸ
1347 4568 1646 4622 ὑπακούειν
1671 4572 1810 4641 αὐτῇ
1847 4571 1904 4622 ιν
1946 4572 2066 4633 ταῖς
2105 4571 2296 4625 ἐπιθυ-

711 4649 862 4720 μίαις
906 4648 1103 4715 αὐτοῦ,
1164 4650 1300 4722 μηδέ
1357 4652 1779 4723 παριστάνωμεν
1827 4653 1897 4706 τά
1948 4654 2081 4726 μέλη
2140 4656 2297 4727 ήμῶν

704 4732 848 4786 ὅπλα
883 4732 1096 4796 ἀδικίας
1135 4737 1202 4806 τῇ
1250 4734 1514 4806 ἁμαρτίᾳ,
1568 4735 1683 4788 ἀλλ’
1729 4736 1815 4790 ἵνα
1859 4739 2298 4810 παραστήσωμεν

706 4813 846 4867 ὅπλα
874 4814 1216 4886 δικαιοσύνης
1243 4816 1319 4888 τῷ
1347 4817 1486 4887 Θεῷ,
1517 4818 1612 4873 καὶ
1641 4817 2068 4890 στρατευὼμεθα
2098 4820 2173 4891 τῷ
2204 4821 2299 4892 βα-

709 4898 847 4962 σιλεῖ
882 4899 989 4951 τῶν
1031 4897 1262 4954 αἰώνων.
1307 4899 1677 4970 Διδασκόμεθα
1715 4901 1771 4955 δὲ
1797 4902 1934 4973 πρὸς
1961 4902 2190 4967 τούτοις,
2224 4907 2297 4978 μὴ

709 4981 915 5052 σφόδρα
945 4980 1023 5053 τῷ
1062 4983 1292 5054 παρόντι
1341 4982 1439 5054 βίῳ
1481 4986 1925 5056 προστετηκέναι,
1953 4988 2088 5043 ἀλλὰ
2131 5006 2296 5044 κατα-

708 5067 924 5134 φρονεῖν
973 5065 1069 5134 μὲν
1107 5066 1215 5119 τῶν
1258 5066 1561 5137 παρόντων,
1612 5067 1898 5140 ἐπιθυμεῖν
1942 5070 1998 5124 δὲ
2029 5071 2136 5124 τῶν
2174 5073 2301 5140 μελέ

706 5150 908 5203 λόντων
944 5149 1018 5212 ὡς
1057 5150 1344 5220 μενόντων,
1381 5151 1474 5204 καὶ
1523 5150 1620 5222 τὴν
1656 5151 1924 5222 βασιλείαν
1957 5155 2171 5224 ἐκείνην
2199 5154 2297 5226 ζη-

706 5237 818 5287 τεῖν
845 5234 943 5304 τὴν
968 5235 1216 5305 οὐράνιον
1257 5235 1349 5288 καὶ
1377 5236 1613 5300 αἰώνιον,
1652 5238 1744 5289 καὶ
1773 5240 1883 5301 τοῖς
1916 5238 2146 5292 ἐνταῦθα
2174 5257 2300 5310 τερ-

707 5320 860 5381 πνοῖς
913 5318 988 5390 μὴ
1040 5319 1386 5389 κατέχεσθαι,
1443 5319 1518 5390 μὴ
1563 5321 1830 5390 σωμάτων
1877 5323 2171 5396 εὐμορφίᾳ,
2223 5327 2296 5396 μὴ

709 5401 1006 5471 χρημάτων
1044 5401 1295 5473 εὐπορίᾳ,
1353 5403 1426 5474 μὴ
1477 5404 1772 5474 κτημάτων
1822 5405 2064 5478 εὐθηνίᾳ,
2114 5409 2187 5478 μὴ
2229 5409 2299 5460 λί-

706 5479 818 5536 θων
843 5483 1231 5546 πολυτελείαις,
1270 5486 1344 5556 μὴ
1371 5487 1533 5539 οἴκων
1575 5487 2017 5559 μεγαλουργίαις,
2049 5491 2123 5562 μὴ
2166 5494 2295 5562 ἠγε-

770 5664 904 5732 ‘_Sic
940 5677 1113 5732 opmgs
1137 5679 1249 5714 mss.
1278 5667 1413 5732 Edili»
1453 5681 1569 5732 νει-ο
1603 5667 1707 5732 hare
1749 5682 1843 5716 nnn
1889 5668 2092 5732 hahenl,
2137 5674 2216 5720 καὶ
2237 5675 2296 5722 τὰ

706 5727 814 5794 περὶ
833 5733 933 5794 γῆν..
963 5726 1113 5775 Paulo
1147 5736 1254 5788 post
1279 5731 1325 5777 in
1357 5729 1503 5793 editis
1529 5731 1608 5777 τὸν
1637 5731 1759 5794 ἀέρα
1785 5732 1947 5791 docsl,
1971 5735 2058 5781 sed
2080 5726 2294 5784 habolur

715 5787 765 5835 iu
785 5788 1008 5836 omnibus
1025 5802 1139 5837 mss.

2422 493 2634 561 μονίαις
2662 494 2756 548 καὶ
2784 499 3154 567 στρατηγίαις,
3181 498 3256 571 μὴ
3279 496 3555 570 ἀλουργίδι
3579 496 3672 552 καὶ
3691 497 4012 570 διαδήματι,

2419 585 2494 656 μή
2534 585 2835 656 ὀψοποιίαις
2871 591 2965 642 καὶ
3013 591 3336 659 καρυκείαις
3365 591 3460 645 καὶ
3497 589 3864 654 παντοδαπαῖς
3895 591 4015 661 χλι-

2413 669 2551 734 δαῖς,
2597 672 2672 743 μὴ
2715 671 2858 743 ἀλλῳ
2902 674 3008 727 τινὶ
3037 673 3145 727 τῶν
3187 675 3283 738 τὰς
3328 673 3601 744 ήμετέρας
3650 671 4016 736 δελεαζόντων

2413 753 2718 824 αἰσθήσεις,
2763 754 2894 809 ἀλλά
2935 757 3069 810 πᾶσι
3108 757 3319 822 τούτοις
3365 757 3639 828 ἐρρῶσθαι
3678 756 4011 828 φράσαντες,

2410 835 2513 904 τῆς
2540 834 2635 889 τοῦ
2673 836 2808 890 Θεοῦ
2845 836 3123 907 βασιλείας
3168 838 3528 902 ἀδιαλείπτως
3569 838 3876 910 ὀρέγεσθαι.
3906 837 4007 892 οὗ·

2409 935 2520 982 τως
2558 919 2705 990 ἡμᾶς
2739 919 2834 973 καὶ
2861 919 3066 992 ταύτην
3111 921 3327 989 διδάξας
3366 922 3464 992 τὴν
3495 923 3718 994 ἀρετὴν,
3758 922 4011 978 ἐκέλευσε

2411 1000 2620 1070 λέγειν·
2656 1005 2982 1071 Γενηθήτω
3018 1006 3086 1059 τὸ
3127 1005 3358 1074 θέλημά
3388 1021 3526 1068 σου,
3560 1006 3642 1072 ὡς
3669 1006 3742 1060 έν
3773 1002 4012 1075 οὐρανῷ

2411 1083 2512 1138 και
2538 1083 2636 1139 ἐπί
2668 1085 2780 1154 τῆς
2801 1085 3280 1157 γῆς’ἐντεθεικὼς
3323 1088 3433 1158 γὰρ
3467 1089 3599 1158 ήμῖν
3633 1088 3744 1141 τῶν
3785 1087 4012 1158 μελλόν-

2410 1184 2522 1220 των
2563 1167 2656 1221 τὺν
2687 1168 2888 1240 ἔρωτα,
2921 1168 3016 1222 καὶ
3063 1170 3165 1240 τῆς
3205 1169 3530 1241 ἐπουρανίου
3588 1169 3864 1239 βασιλείας
3908 1171 4013 1242 τὴν

2401 1251 2731 1322 ἐπιθυμίαν,
2765 1253 2858 1306 καὶ
2887 1252 3102 1324 τρώσας
3128 1255 3275 1324 ἡμᾶς
3305 1253 3498 1324 ἐκείνῳ
3522 1253 3602 1325 τῷ
3635 1255 3803 1325 πόθῳ,
3830 1271 4011 1326 παρα·

2414 1332 2669 1398 σκευάζει
2711 1334 2912 1402 λέγειν·
2947 1334 3268 1402 Γενηθήτω
3305 1335 3372 1388 τὸ
3405 1335 3634 1405 θέλημά
3665 1352 3802 1400 σου,
3831 1337 3912 1404 ὡς
3940 1338 4010 1391 ἐν

2411 1415 2666 1487 οὐρανῷ,
2698 1417 2795 1471 καί
2821 1417 2916 1472 ἐπι
2947 1416 3052 1484 τῆς
3077 1417 3212 1488 γῆς.
3244 1417 3344 1482 Δὸς
3378 1420 3530 1488 ἡμῖν,
3562 1420 3716 1489 φησὶ,
3740 1420 4010 1485 Δέσποτα,

2410 1499 2510 1570 τὴν
2543 1501 2602 1553 ἐν
2629 1499 2844 1571 οὐρανῷ
2875 1499 3159 1571 μιμεῖσθαι
3203 1499 3497 1564 πολιτείαν,
3539 1502 3604 1555 ἵν’
3629 1501 3666 1555 ἀ
3697 1500 3870 1564 θέλεις
3907 1501 4012 1556 αὐ-

2409 1581 2522 1648 τὸς,
2550 1583 2646 1636 καὶ
2667 1585 2831 1654 ἡμεῖς
2861 1582 3126 1654 θέλωμεν.
3166 1583 3509 1654 Ἐπάρκεσον
3535 1583 3714 1637 τοίνυν
3749 1584 4011 1656 προαιρέο

2413 1680 2496 1718 σει
2529 1664 2834 1739 καμνούσῃ,
2861 1665 2956 1718 καὶ
2988 1667 3163 1718 ποιεῖν
3191 1665 3289 1735 μὲν
3318 1666 3658 1738 ἐπιθυμούσῃ
3681 1665 3750 1720 τὰ
3783 1665 3875 1730 σά,
3901 1667 4012 1720 ὐπὸ

2409 1746 2467 1801 δὲ
2507 1747 2605 1818 τῆς
2645 1746 2741 1801 τοῦ
2789 1745 3040 1817 σώματος
3082 1747 3370 1812 ἀσθενείας
3419 1746 3769 1820 κωλυομένῃ·
3819 1747 4012 1820 θρεξον

2411 1831 2568 1901 χεῖρα
2615 1831 2728 1894 τοῖς
2777 1829 2995 1900 τρέχειν
3044 1830 3145 1900 μὲν
3199 1830 3598 1900 ἐπειγομένοις,
3650 1829 3911 1900 χωλεύειν
3951 1831 4011 1885 δι

2412 1911 2870 1984 ἠναγκασμένοις.
2910 1911 3249 1984 Ὑπόπτερος
3299 1915 3331 1983 ή
3378 1912 3546 1984 ψυχὴ,
3595 1912 3732 1967 ἀλλά
3785 1914 4012 1986 βαρύνει

2412 1995 2615 2066 ταύτην
2646 1996 2680 2065 ή
2716 1993 2884 2066 σάρξ*
2913 1994 3061 2059 ὀξεῖα
3098 1994 3282 2063 ἐκείνη
3315 1995 3452 2066 πρὸς
3484 1995 3562 2048 τά
3586 1990 3835 2067 οὐράνια,
3873 1997 4012 2051 ἀλλά

2414 2077 2635 2150 βραδεῖα
2663 2077 2801 2149 αῦτη
2834 2076 2970 2149 πρὸς
3002 2076 3073 2130 τά
3117 2077 3372 2145 ἐπίγειαῖ
3404 2079 3503 2147 τῆς
3539 2076 3600 2131 δέ
3627 2079 3725 2149 σῆς
3756 2077 4012 2149 βοηθείας

2413 2161 2715 2232 παρούσης,
2746 2159 2899 2214 ἔσται
2930 2159 3131 2213 δυνατά
3157 2159 3252 2213 καὶ
3287 2160 3355 2214 τά
3379 2159 3500 2214 λίαν
3522 2158 3784 2216 ἀδύνατα.
3815 2164 4013 2229 Γενη-

2411 2242 2568 2309 θήτω
2604 2243 2785 2296 τοίνυν
2833 2240 2901 2295 τὸ
2934 2239 3163 2311 θέλημὰ
3206 2258 3344 2310 σου,
3397 2241 3481 2310 ὡς
3513 2242 3584 2296 ἐν
3617 2243 3881 2312 οὐρανῷ,
3907 2245 4010 2300 καί

2409 2325 2507 2380 ἐπὶ
2539 2325 2651 2394 τῆς
2680 2323 2814 2395 τῆς.
3629 2332 3639 2339 ’

2480 2409 2541 2465 ε’.
2570 2411 2682 2464 Kal
2707 2410 2894 2480 ἐπειδὴ
2909 2409 3012 2480 τῆς
3039 2408 3145 2480 γῆς
3161 2409 3555 2482 ἐμνημόνευσε,
3573 2411 3732 2486 χρεία
3747 2412 3929 2477 δὲτοῖς
3952 2412 4012 2479 ἐξ

2409 2493 2580 2563 αὐτῆς
2623 2494 3013 2564 γεγενημένοις
3058 2493 3152 2546 καὶ
3193 2495 3253 2546 ἐν
3303 2492 3438 2566 αὐτῇ
3475 2494 3874 2565 διαιτωμένοις,
3914 2497 4012 2548 καὶ

2408 2576 2638 2647 γηγενὲς
2689 2575 2849 2646 σῶμα
2911 2575 3336 2646 περικειμένοις,
3371 2577 3467 2630 καὶ⁸
3520 2577 3621 2649 τῆς
3665 2577 4010 2650 καταλλήλου

2407 2658 2633 2729 τροφῆς,
2669 2658 2981 2726 ἀναγκαίως
3018 2660 3290 2728 ἐπήγαγε’
3330 2659 3443 2713 Τὸν
3473 2659 3660 2730 ἄρτον
3690 2660 3864 2731 ήμῶν
3902 2663 4014 2716 τὸν

2405 2739 2720 2794 ἐπιούσιον
2746 2739 2854 2804 δὸς
2885 2740 3031 2809 ἡμῖν
3052 2741 3342 2809 σήμερον.
3373 2743 3573 2814 Ἄρτον
3603 2744 3890 2799 ἐκέλευσεν
3925 2747 4012 2798 al-

2403 2824 2518 2875 τεῖν
2550 2823 2846 2887 ἐπιούσιον,
2880 2823 2942 2876 οὐ
2979 2821 3210 2896 τρυφὴν,
3246 2823 3384 2879 ἀλλά
3419 2826 3646 2896 τροφὴν,
3681 2826 3779 2897 τὴν
3816 2827 3880 2880 τὸ
3917 2829 4011 2880 ἐλ-

2405 2904 2586 2958 λεῖπον
2609 2904 3030 2976 ἀναπληροῦσαν
3064 2906 3158 2959 τοῦ
3193 2905 3466 2978 σώματος,
3497 2908 3595 2962 καὶ
3631 2909 3723 2963 τὸν
3749 2912 3816 2962 ἐκ
3843 2909 4012 2982 λιμοῦ

2404 2987 2720 3042 κωλύουσαν
2763 2987 3022 3042 θάνατον·
3057 2989 3113 3041 οὐ
3160 2988 3440 3060 τραπέζας
3482 2989 3920 3062 φλεγμαινούσας
3957 2993 4010 3056 1³,

2403 3069 2524 3123 οὐδέ
2561 3069 2708 3139 θψων
2744 3071 3038 3135 ποικιλίας,
3070 3071 3164 3130 καὶ
3204 3071 3477 3141 ὀψοποιῶν
3512 3075 3874 3144 μαγγανείας,
3911 3077 4011 3129 καὶ

2402 3151 2710 3224 ἀρτοποιῶν
2741 3153 3003 3218 ἐπινοίας,
3035 3153 3129 3205 καὶ
3158 3152 3336 3218 οἴνους
3368 3155 3686 3227 ἀνθοσμίας,
3713 3158 3808 3211 καὶ
3839 3158 4012 3212 τᾶλλα

2401 3233 2504 3288 ὅσα
2533 3235 2625 3288 τὸν
2660 3235 2758 3306 μὲν
2791 3234 2986 3307 λαιμὸν
3012 3234 3213 3305 ήδύνει,
3243 3235 3343 3308 τὴν
3369 3237 3426 3291 δέ
3457 3239 3701 3310 γαστέρα
3736 3240 4010 3312 φορτίζει,

2399 3317 2502 3388 τὴν
2527 3317 2582 3370 δέ
2606 3317 2848 3372 διάνοιαν
2884 3316 3142 3382 σκοτίζει,
3182 3319 3277 3373 καὶ
3315 3323 3544 3391 σκιρτᾷν
3574 3321 3635 3375 τὺ
3673 3323 3833 3392 σῶμα
3863 3324 4014 3377 κατὰ

2400 3399 2500 3468 τῆς
2539 3399 2722 3470 ψυχῆς
2771 3400 3206 3471 παρασκευάζει,
3252 3401 3348 3454 καὶ
3392 3402 3644 3474 δυσήνιον
3683 3403 3762 3476 τῷ
3803 3406 4016 3477 ἡνιόχῳ

2397 3482 2489 3535 τὸν
2519 3481 2698 3535 πῶλον
2733 3481 3044 3554 ἐργάζεται.
3080 3484 3158 3535 Οὐ
3197 3483 3371 3539 ταῦτα
3399 3487 3547 3557 ἡμᾶς
3579 3489 3748 3540 αἰτεῖν
3777 3489 3807 3541 6
3847 3487 4015 3556 λόγος

2399 3563 2658 3630 ἐδίδαξεν,
2705 3565 2820 3617 ἀλλ’
2859 3566 3069 3634 Ἄρτον
3116 3566 3455 3633 ἐπιούσιον,
3501 3567 3650 3621 τοῦτ’
3693 3568 3860 3636 ἔστιν,
3913 3574 4016 3626 ἐπὶ

2397 3646 2497 3717 τὴν
2526 3646 2715 3699 οὐσίαν
2743 3645 2837 3698 τοῦ
2873 3646 3125 3718 σώματος
3160 3648 3525 3715 διαϐαίνοντα,
3568 3652 3663 3705 καὶ
3696 3655 4013 3726 συγκροτῆ-

2402 3747 2491 3784 σαι
2527 3730 2732 3800 ταύτην
2770 3730 3089 3800 δυνάμενον.
3122 3731 3232 3785 Καὶ
3261 3731 3451 3786 τοῦτον
3483 3733 3541 3786 δέ
3585 3735 3686 3787 οὐκ
3725 3737 3805 3799 είς
3838 3737 4015 3791 πολὺν

2398 3813 2536 3865 ἐτῶν
2563 3812 2798 3883 ἀριθμὸν
2824 3815 2994 3866 αίτεῖν
3022 3814 3447 3885 έκελεύσθημεν,
3476 3816 3613 3869 ἀλλά
3643 3817 3736 3871 τὸν
3764 3819 4016 3891 σήμερον

2398 3896 2530 3965 ἡμῖν
2558 3894 2836 3965 ἀρκοῦντα
2872 3895 3031 3963 μόνον
3051 3913 3062 3922 ·
3093 3896 3190 3963 Μὴ
3217 3896 3628 3966 μεριμνήσητε
3654 3899 3784 3971 γὰρ,
3818 3902 4015 3971 φησὶν,

2397 3979 2482 4042 είς
2505 3976 2621 4043 τὴν
2645 3975 2759 4048 [51]
2786 3977 3014 4044 αὔριον.
3047 3979 3111 4031 Τί
3143 3978 3343 4049 δήποτε
3379 3979 3488 4051 γὰρ
3523 3981 3652 4052 περὶ
3679 3983 3777 4052 τῆς
3815 3983 4017 4055 αὔριον

2398 4060 2674 4132 φροντίζει
2723 4077 2827 4125 τις,
2880 4062 2909 4112 6
2957 4058 3058 4130 τὴν
3109 4059 3298 4132 αὔριον
3341 4062 3402 4115 οὐ
3452 4063 3668 4128 πάντως
3716 4064 4013 4142 ὀψόμενος,

2397 4142 2532 4197 ἀλλά
2561 4142 2652 4196 τὸν
2685 4142 2785 4213 μὲν
2815 4143 2974 4195 πόνον
2999 4143 3304 4221 δεχόμενος,
3339 4145 3430 4199 τὸν
3462 4146 3518 4201 δέ
3551 4148 3765 4218 καρπὸν
3795 4149 3855 4201 οὐ
3885 4149 4013 4221 δρεο

2399 4226 2670 4295 πόμενος;
2719 4225 3007 4296 Θάρῤησον
3058 4219 3136 4296 τῷ
3180 4226 3298 4296 Θεῷ
3350 4225 3431 4292 τῷ
3484 4228 3712 4282 διδόντι
3774 4219 4018 4300 τροφὴν

2398 4309 2566 4379 πάσῃ
2605 4311 2806 4379 σαρκί.
2853 4312 2910 4363 ⁸0
2940 4313 2999 4365 τὸ
3040 4313 3201 4382 σῶμά
3235 4331 3315 4368 σοι
3339 4314 3611 4379 δεδωκὼς,
3640 4318 3736 4370 καὶ
3772 4320 3870 4390 τὴν
3899 4319 4016 4390 ψυο

2400 4391 2501 4464 χὴν
2533 4394 2874 4464 ἐμφυσήσας,
2902 4397 2997 4449 καὶ
3036 4394 3174 4460 ζῶόν
3206 4414 3266 4450 σε
3301 4397 3519 4466 λογικὸν
3562 4403 4014 4472 κατασκευάσας,

2402 4479 2496 4531 καὶ
2529 4478 2707 4532 πάντα
2738 4495 2821 4532 σοι
2858 4479 2925 4532 τά
2958 4480 3138 4547 ἀγαθά
3170 4481 3276 4551 πρὸ
3308 4480 3655 4545 διαπλάσεως
3686 4486 4012 4556 ἑτοιμάσας,

2403 4562 2520 4625 πῶς
2550 4579 2609 4615 σε
2638 4562 3036 4616 διαπλασθέντα
3062 4563 3386 4635 παρόψεται,
3425 4567 3523 4632 Ὃς
3553 4567 3872 4622 ἀνατέλλει
3896 4571 4018 4625 τὸν

2401 4645 2582 4712 ἥλιον
2606 4645 2792 4699 αὐτοῦ
2820 4645 2917 4699 ἐπὶ
2951 4646 3259 4714 πονηροὺς
3284 4647 3382 4701 καί
3422 4650 3706 4717 ἀγαθοὺς,
3739 4653 3837 4705 καί
3861 4654 4018 4720 ,Βρέ-

2400 4744 2490 4795 χει
2527 4727 2940 4806 ἐπλδικαίους
2975 4728 3074 4781 καὶ
3113 4729 3394 4795 ἀδίκους;
3436 4731 3622 4802 Τούτῳ
3652 4734 3832 4787 τοίνυν
3866 4735 4013 4806 θαῤ-

2403 4811 2532 4883 ρῶν,
2562 4812 2660 4881 τὴν
2702 4812 2981 4882 ἐφήμερον
3029 4811 3195 4881 μόνην
3235 4814 3373 4864 αῖτει
3422 4815 3648 4886 τροφὴν,
3677 4817 3775 4886 τῆς
3807 4818 3865 4872 δὲ
3904 4818 4017 4871 αὖ-

2404 4912 2516 4969 ριον
2551 4893 2700 4964 αὐτῷ
2731 4894 2997 4948 κατάλιπε
3030 4893 3126 4963 τὴν
3159 4896 3439 4965 φροντίδα,
3489 4897 3565 4959 ὼς
3615 4898 3708 4951 καὶ
3749 4901 3777 4952 6
3825 4901 4016 4970 μακά-
4047 4923 4051 4926 ·

2404 4996 2516 5051 ριος
2543 4977 2695 5046 έλεγε
2722 4976 2918 5030 Δαυῖδο
2963 4977 3313 5045 Ἐπίρῤιψον
3347 4979 3447 5032 ἐπὶ
3493 4981 3716 5049 Κύριον
3751 4981 3866 5050 τὴν
3897 4985 4017 5053 μέ,

2393 5061 2617 5130 ριμνάν
2638 5078 2774 5126 σου,
2803 5060 2900 5113 καί
2932 5061 3116 5124 αὐτός
3134 5075 3208 5113 σε
3232 5061 3555 5132 διιιθρέψει.
3597 5065 3754 5118 Οὐτω
3779 5065 3864 5119 διὰ
3891 5069 4015 5125 τῶν

2401 5143 2703 5216 εἰρημένων
2731 5143 2831 5214 τὴν
2863 5143 3040 5213 ἀκραν
3076 5144 3439 5208 ἐκπαιδεύσας
3484 5146 3822 5217 φιλοσοφίαν,
3848 5149 4012 5215 εἰδὼς

2401 5229 2481 5281 ὅτι
2505 5227 2613 5280 τῶν
2636 5227 2912 5280 ἀδυνάτων
2946 5228 3111 5290 ἐστὶν,
3137 5226 3456 5297 ἀνθρώπους
3490 5229 3651 5293 ὄντας
3679 5235 3772 5284 καὶ
3807 5231 4010 5304 θνητὸν

2404 5310 2562 5381 σῶμα
2587 5309 3000 5380 περικειμένους
3028 5310 3101 5379 μὴ
3131 5310 3361 5376 πταίειν,
3415 5312 3618 5378 ἐδίδαξε
3655 5313 3854 5381 λέγειν·
3891 5318 4007 5369 Καὶ

2402 5394 2548 5462 ἄφες
2582 5393 2729 5462 ἡμῖν
2785 5391 2856 5443 τὰ
2906 5391 3277 5461 ὀφειλήματα
3309 5392 3502 5462 ήμῶν,
3547 5395 3628 5458 ὡς
3674 5395 3774 5447 καί
3829 5397 4008 5465 ἡμεῖς

2400 5479 2651 5547 ἀφίεμεν
2689 5476 2812 5541 τοῖς
2861 5476 3194 5544 ὀφειλέταις
3248 5476 3434 5546 ἡμῶν.
3488 5477 3626 5547 Τρία
3667 5483 3788 5532 κατ’
3835 5481 4010 5535 αὐτὸν

2401 5561 2579 5630 ἀγαθά
2616 5559 2702 5614 διὰ
2731 5558 2880 5612 τοῦδε
2919 5557 3013 5611 τοῦ
3043 5559 3201 5623 λόγου
3232 5562 3679 5631 πραγματεύεται
3698 5579 3711 5593 ⁸
3737 5564 3863 5628 τοὺς
3895 5570 4001 5634 μὲν

2466 5785 2492 5823 h
2517 5786 2622 5836 Duo
2644 5797 2757 5833 mss.
2788 5784 3174 5847 φλεγμαινούσας,
3199 5783 3274 5831 καὶ
3301 5785 3362 5842 εἷς
3383 5786 3552 5842 ἡδονὰς
3591 5789 3924 5848 ἐκμαινούσας,
