4218 6294
231 331 295 389 ts
943 335 1033 393 os
1072 334 1392 393 sscusn
1435 326 1687 408 PORTA,
1730 336 1829 395 ar

1965 335 2368 395 ORA‘TIONEM
2410 334 2733 394 DORINICA
2740 334 2812 392 Π.
3486 331 3555 385 48

229 448 356 504 facit
376 448 682 517 hominem,
707 463 766 505 se
788 463 853 504 ex
881 446 1101 506 homine
1121 448 1321 506 factum
1346 465 1467 506 esse
1498 451 1711 508 leonem
1739 464 1838 521 pro

232 540 405 597 nihilo
434 541 584 599 ducit
616 560 631 597 :
663 542 737 597 illi
765 558 884 614 qute
928 558 1092 614 supra
1137 551 1384 598 naturam
1426 553 1552 599 sunt
1577 544 1835 614 impertit,

232 632 337 690 sibi
387 649 510 706 qua
550 646 741 690 contra
795 643 1038 690 naturam
1084 643 1210 690 sunt
1255 634 1526 691 adsciscit.
1560 634 1841 703 Quomodo

235 727 399 803 igitur
437 725 561 782 talis
585 739 712 782 cum
736 728 827 794 sil,
861 726 1033 782 Deum
1068 725 1264 797 poterit
1290 726 1563 798 appellare
1588 725 1841 783 Patrem?

232 816 490 887 Quisquis
512 817 674 889 igitur
697 834 821 890 erga
846 817 1152 887 proximum
1175 819 1321 874 mitis
1344 818 1718 890 humanosque
1732 829 1837 886 est,

233 907 440 979 quique
482 908 537 964 in
575 923 635 965 se
664 918 950 981 peccantes
979 924 1088 965 non
1120 909 1418 975 ulciscitur,
1443 908 1539 966 sed
1564 908 1843 966 beneﬁciis

234 999 466 1069 injurias
504 1000 607 1056 sibi
653 1002 828 1056 illatas
865 1010 1210 1069 remunerat,
1244 1001 1293 1057 is
1327 1002 1374 1057 si
1402 1002 1571 1058 Deum
1608 1001 1844 1072 appellet

233 1091 479 1159 Patrem,
502 1108 609 1148 non
665 1108 792 1148 reus
836 1093 1033 1164 agitur.
1082 1092 1356 1151 Orationis
1401 1095 1507 1150 vim
1559 1094 1843 1166 diligenter

226 1183 486 1251 adverte,
513 1183 785 1254 quomodo
814 1184 970 1241 nobis
1000 1188 1245 1241 mutuum
1276 1194 1518 1242 amorem
1546 1186 1841 1257 przecipiat,

226 1286 401 1347 atque
435 1277 674 1331 caritatis
703 1276 897 1333 amictu
916 1293 1106 1334 omnes
1133 1278 1451 1351 coniungat.
1484 1278 1673 1351 Neque
1698 1280 1842 1334 enim

226 1369 423 1424 dicere
444 1368 621 1440 jussit,
653 1369 812 1425 Pater
841 1368 936 1437 mi,
968 1370 1060 1440 qui
1114 1386 1174 1426 es
1222 1369 1276 1426 in
1334 1372 1519 1439 caelis;
1566 1371 1659 1427 sed
1690 1370 1846 1425 Pater

228 1471 433 1527 uoster,
458 1462 545 1531 qui
566 1478 623 1517 es
647 1462 701 1517 in
725 1463 865 1519 catis
889 1476 910 1527 ;
936 1474 994 1519 ut
1020 1463 1199 1520 edocti
1229 1479 1331 1521 nos
1364 1480 1707 1521 communem
1748 1464 1847 1521 ba-

230 1552 372 1610 bere
401 1552 651 1619 Patrem,
687 1551 1199 1618 fraternammutuo
1225 1554 1661 1614 benevolentiam
1691 1556 1848 1613 exhi-

231 1643 484 1699 beamus.
513 1643 718 1701 Deinde
765 1660 864 1701 nos
913 1646 1142 1701 instituit
1165 1655 1223 1702 ut
1259 1657 1458 1703 terram
1492 1649 1841 1720 terrenaque‘

232 1733 633 1805 relinquamus,
686 1750 789 1791 nec
827 1736 1055 1791 terrenis
1096 1736 1386 1803 inhiemus,
1417 1737 1511 1794 sed
1553 1739 1847 1810 assumptis

232 1824 367 1879 ﬁdei
396 1825 517 1890 alis,
544 1841 644 1897 per
665 1840 851 1881 aerem
887 1826 1133 1883 volemus
1167 1829 1481 1901 aetheraque
1504 1830 1847 1886 transcenda~

231 1930 394 1983 mus,
424 1926 481 1972 et
509 1932 668 1989 quem
700 1933 959 1973 vocamus
986 1918 1201 1976 Patrem
1230 1936 1561 1991 quaeramus,
1587 1921 1847 1993 jubetque

229 2006 445 2074 dicere,
478 2005 636 2062 Pater
679 2018 866 2073 noster,
902 2010 992 2080 qui
1032 2027 1084 2065 es
1119 2011 1171 2066 in
1200 2012 1358 2077 uelis,
1392 2028 1501 2068 non
1531 2013 1675 2084 quod
1706 2014 1848 2070 Deus

232 2098 291 2153 in
323 2099 472 2155 caelis
498 2106 707 2157 tantum
742 2103 833 2167 sit,
866 2102 961 2157 sed
996 2112 1053 2158 ut
1096 2119 1197 2158 nos
1228 2105 1281 2159 in
1308 2114 1451 2161 terra
1480 2106 1748 2162 volutatos
1779 2106 1845 2162 ad

229 2190 435 2245 caelum
483 2192 877 2262 respiciendum
924 2193 1175 2261 inducat,
1224 2197 1486 2268 nobisque
1536 2198 1833 2254 ctelestium

228 2279 509 2336 bonorum
538 2281 936 2351 pulchritudine
959 2284 1239 2341 illustratis
1268 2286 1318 2341 id
1340 2286 1603 2356 conferat,
1637 2296 1696 2343 ut
1719 2303 1849 2344 con-

233 2374 575 2443 cupiscentia
605 2383 788 2430 nostra
816 2385 926 2432 tota
953 2393 1021 2433 eo
1052 2378 1380 2435 traducatur.

312 2464 369 2518 4.
397 2462 700 2520 Secundam
739 2466 934 2524 deinde
960 2468 1254 2524 clausulam
1283 2470 1468 2540 adjicit
1498 2489 1512 2526 :
1546 2472 1851 2544 Sanctiﬁca-

234 2564 325 2608 ειυ-
368 2572 552 2610 nomen
599 2566 759 2610 tuum.
806 2558 883 2614 Ne
904 2560 1030 2634 quis
1069 2576 1198 2615 vero
1239 2561 1554 2632 insipienter
1581 2564 1851 2620 existimet

233 2646 683 2702 sanctificationis
720 2650 1085 2706 accessionem
1127 2652 1237 2708 Deo
1282 2653 1524 2721 attribui,
1556 2653 1683 2710 dum
1713 2656 1851 2713 dici-

235 2744 353 2803 tur,
386 2736 754 2807 Sanctiﬁcetur
794 2756 978 2795 nomen
1025 2751 1165 2796 tuum
1197 2758 1217 2797 :
1243 2754 1463 2800 sanctus
1498 2746 1642 2800 enim
1673 2756 1776 2815 est,
1800 2756 1854 2804 et

233 2829 468 2884 omnino
515 2842 755 2898 sanctus,
808 2842 861 2887 et
906 2845 1214 2890 sanctorum
1266 2838 1654 2893 sanctissimus.
1704 2839 1854 2896 Hanc

236 2931 424 2975 autem
456 2922 556 2992 ipsi
587 2923 800 2979 laudem
845 2924 1079 2982 oli‘erunt
1106 2928 1410 2998 Seraphim,
1443 2931 1521 2986 sic
1550 2930 1854 2989 incessabili

238 3027 379 3067 voce
407 3014 745 3071 clamantes:
777 3017 1024 3086 Sanctus,
1084 3031 1319 3088 sanctus,
1359 3032 1564 3079 sanctus
1603 3024 1855 3083 Dominus

240 3105 477 3160 Sabaoth
511 3126 529 3164 :
559 3109 764 3180 plenum
784 3121 857 3167 cst
878 3114 1059 3168 cwlum
1089 3125 1134 3169 et
1158 3127 1292 3170 terra
1320 3118 1483 3188 gloria
1510 3120 1619 3189 ejus
1644 3118 1853 3190 (Πρωὶ.

238 3197 297 3252 6.
331 3200 413 3271 5).
439 3201 545 3257 Sed
572 3204 1026 3273 quemadmodum
1058 3209 1114 3276 ii,
1156 3211 1244 3280 qui
1274 3226 1429 3283 reges
1459 3214 1857 3271 acclamationi-

240 3290 343 3346 bus
372 3295 675 3364 excipiuut,
714 3313 777 3352 ac
805 3298 979 3369 Reges
1005 3301 1469 3376 imperatoresque
1498 3318 1708 3374 vocant,
1748 3326 1854 3367 non

242 3383 351 3439 illis
382 3386 438 3440 id
468 3387 771 3443 attribuunt
796 3390 940 3460 quod
970 3406 1075 3447 non
1118 3393 1334 3461 habent,
1366 3396 1459 3452 sed
1484 3399 1627 3468 quod
1659 3400 1858 3457 habent

241 3475 493 3532 laudibus
535 3479 810 3534 celebrant
836 3500 847 3534 :
876 3482 947 3536 ita
996 3492 1051 3538 et
1082 3499 1180 3540 nos
1211 3501 1316 3541 non
1364 3502 1505 3554 eam,
1533 3505 1652 3560 qua:
1680 3491 1855 3561 absit,

243 3568 585 3624 sanctitatem
618 3571 727 3627 Deo
753 3572 1031 3630 oﬂ‘crimus
1057 3591 1179 3631 cum
1207 3578 1460 3645 dicimus,
1496 3582 1858 3654 Sanctiﬁcelur

246 3676 428 3715 nomen
459 3671 624 3730 tuum,
668 3665 762 3720 sed
804 3681 947 3734 eam,
990 3684 1109 3739 quae
1140 3671 1300 3738 inest,
1344 3672 1588 3730 laudibus
1614 3677 1859 3734 celebra-

245 3770 365 3809 mus
399 3774 412 3807 :
443 3772 571 3810 nam
618 3758 767 3825 illud,
819 3758 1217 3831 Sanctiﬁcatur,
1264 3764 1496 3837 idipsum
1545 3779 1628 3823 est
1674 3772 1814 3841 quod
1841 3814 1856 3838 ,

242 3846 597 3912 gloriﬁcetur.
632 3848 742 3905 liae
771 3851 951 3922 itaque
986 3868 1118 3911 voce
1147 3854 1425 3925 docemur,
1461 3868 1519 3914 ut
1545 3862 1705 3915 vitam
1736 3879 1858 3918 cum

244 3937 444 3993 virtute
472 3938 756 4005 ducamus,
789 3953 844 3999 ut
870 3960 988 3999 eam
1019 3946 1262 4003 videntes
1292 3948 1559 4014 homines,
1589 3953 1857 4010 caelestem

244 4027 463 4085 Patrem
494 4042 743 4089 nostrum
788 4036 1111 4105 gloriﬁcent,
1141 4050 1200 4106 ut
1227 4041 1353 4097 alibi
1394 4044 1590 4100 dicitur
1620 4065 1631 4101 :
1667 4047 1859 4104 Luceat

241 4118 336 4173 lux
380 4130 550 4176 uestra
587 4140 761 4179 coram
798 4127 1105 4199 hominibus,
1148 4114 1204 4186 ut
1250 4134 1452 4189 videant
1496 4154 1649 4208 opera
1695 4152 1859 4196 vestra

243 4214 394 4277 bona,
422 4224 476 4270 et
518 4216 801 4286 gloriﬁcent
844 4220 1055 4277 Patrem
1101 4236 1339 4293 vestrum,
1390 4230 1478 4299 qui
1519 4232 1572 4285 in
1609 4234 1747 4288 cwlis
1786 4247 1858 4292 est

241 4303 461 4374 (iam;
494 4307 549 4362 5.
584 4309 697 4381 16).
726 4310 919 4368 Postea
949 4316 1242 4375 edocemur
1269 4320 1470 4390 dicere,
1506 4325 1752 4381 Adveniat
1772 4346 1854 4384 re-

238 4415 398 4469 gnum
441 4412 589 4456 tuum
619 4422 638 4458 :
669 4408 1132 4474 perturbationum
1190 4416 1555 4485 corporalium
1612 4424 1855 4491 oppressi

240 4493 549 4564 tyrannide,
582 4506 637 4552 et
666 4502 936 4556 sexcentis
966 4505 1320 4561 teutationum
1358 4509 1642 4567 insultibus
1682 4514 1854 4586 impe-

235 4588 344 4655 titi,
376 4589 475 4644 Dei
506 4606 677 4662 regno
722 4609 968 4665 egemus,
1007 4607 1062 4652 ut
1102 4610 1382 4668 peccatum
1432 4621 1537 4659 non
1582 4618 1769 4679 regnet
1800 4610 1852 4666 in

233 4681 455 4737 mortali
499 4698 729 4754 corpore
776 4699 963 4745 nostro
1005 4689 1185 4761 (Rom.
1222 4694 1275 4749 6.
1310 4695 1432 4768 l2),
1468 4697 1537 4752 ita
1580 4708 1639 4754 ut
1684 4701 1755 4756 illi
1800 4702 1851 4757 in

229 4770 626 4840 cupiditatibus
677 4776 1071 4851 obsequamur,
1126 4792 1290 4854 utque
1342 4803 1449 4843 non
1504 4791 1854 4848 exhibeamus

223 4861 485 4919 membra
519 4875 709 4923 nostra
754 4883 902 4923 arma
950 4872 1249 4944 iniquitatis
1292 4889 1532 4948 peccato,
1578 4882 1671 4936 sed
1700 4883 1853 4939 exhi-

228 4952 463 5012 beamus
491 4971 645 5013 arma
685 4959 912 5030 justitia:
942 4964 1073 5033 Deo,
1101 4976 1157 5021 et
1186 4968 1318 5040 Regi
1348 4972 1671 5029 seculorum
1714 4977 1852 5031 mili-

230 5056 431 5104 tentus.
465 5050 550 5105 Ad
582 5051 697 5109 haec
724 5055 884 5110 etiam
926 5059 1207 5126 docemur,
1240 5077 1308 5117 ne
1338 5076 1659 5133 prmsentem
1686 5070 1848 5124 vitam

226 5141 411 5211 magni
444 5140 728 5211 iaciamus,
788 5148 883 5203 sed
926 5154 1209 5220 praesentia
1249 5154 1628 5227 despiciamus,
1672 5160 1849 5217 futura

228 5251 388 5301 vero,
440 5245 631 5307 utpote
670 5242 938 5297 manentia
996 5248 1462 5318 concupiscamus,
1512 5262 1567 5307 et
1620 5268 1847 5327 regnum

224 5327 367 5382 illud
392 5345 704 5398 quseramus
744 5333 982 5403 caeleste,
1012 5350 1407 5420 aeternumque,
1438 5360 1538 5399 nec
1570 5349 1848 5415 praesenti-

222 5419 335 5473 bus
370 5422 736 5492 voluptatibus
766 5424 1105 5496 haereamus;
1150 5447 1256 5486 non
1289 5434 1475 5491 forma:
1518 5451 1805 5507 corporum
1828 5480 1844 5505 ,

222 5525 345 5567 non
374 5515 617 5583 pecunia:
644 5517 719 5583 vi,
768 5534 872 5573 non
902 5524 1300 5590 posscssionum
1334 5526 1696 5593 abundantirc,
1740 5547 1846 5587 non

219 5619 564 5674 gemmarum
596 5610 1024 5680 magnificentia.
1058 5630 1163 5670 non
1193 5616 1386 5671 mdium
1414 5621 1709 5689 splendori,
1740 5638 1847 5679 non

218 5695 474 5765 iuniperiis
504 5707 560 5753 et
586 5700 911 5779 miliuuibus
929 5704 1284 5774 pru'fecturis,
1310 5724 1417 5764 non
1443 5728 1713 5783 purpurae,
1736 5730 1845 5773 non

294 5785 314 5818 ⁸
352 5788 422 5839 sic
445 5802 619 5842 omnes
645 5800 752 5843 uss.
780 5793 897 5845 Editi
917 5808 1035 5847 vero
1058 5811 1154 5848 non
1179 5798 1380 5860 habent.
1405 5811 1708 5868 terrenaque.

1953 449 2266 520 diademati,
2296 466 2402 508 non
2429 450 2669 523 opsoniis
2699 457 2752 505 et
2795 447 2955 504 lautis
2999 447 3193 517 epulis,
3220 444 3560 516 neque-aliis

1946 542 2280 613 quibuslibet
2307 557 2520 608 eorum,
2561 558 2682 613 qua:
2708 555 2904 598 sensus
2951 546 3169 595 nostros
3198 538 3442 594 inescare
3467 552 3557 591 θος

1948 633 2097 698 lent;
2125 631 2221 689 sed
2258 632 2324 687 iis
2352 632 2604 689 omnibus
2629 632 2809 688 valere
2828 630 3017 703 jussis,
3049 644 3276 701 regnum
3302 628 3559 684 cteloruin

1948 723 2316 780 indesinenter
2331 735 2670 795 appetamus.
2692 723 2843 779 lianc
2858 738 2989 779 vero
3008 725 3257 779 virtutem
3274 730 3585 798 postquam.

1948 833 2047 872 nos
2085 817 2290 883 docuit,
2335 817 2517 873 dicere
2552 816 2707 889 jubet
2738 833 2755 869 :
2785 815 2906 870 Fiat
2943 814 3175 870 voluntas
3220 822 3309 867 tua
3336 812 3465 868 sicut
3506 810 3589 864 in}.

1948 910 2071 964 ca'lo
2094 919 2141 964 et
2171 910 2223 963 in
2252 921 2408 968 terra.
2434 910 2721 980 Postquam
2740 909 2885 965 enim
2910 906 3067 963 nobis
3086 907 3389 962 futurorum
3411 919 3561 960 amo-

1948 1016 2063 1056 rem
2091 1000 2303 1068 indidit,
2332 1017 2542 1057 necnon
2579 1001 2728 1071 regni
2765 1000 3001 1079 caelestis
3025 998 3515 1069 concupiscentiam
3542 1038 3557 1063 ,

1951 1092 2055 1147 hoc
2089 1092 2402 1148 vulneratos
2428 1092 2702 1149 desiderio
2729 1092 2797 1147 ad
2831 1093 2945 1147 haec
2970 1091 3197 1148 dicenda
3241 1099 3559 1161 comparat,

1952 1183 2076 1239 Fiat
2100 1185 2336 1241 uoluntas
2364 1194 2472 1255 tua,
2502 1186 2633 1240 sicut
2678 1186 2731 1239 in
2755 1186 2881 1241 cado
2907 1194 2955 1239 et
2981 1186 3035 1239 in
3066 1193 3218 1239 terra.
3254 1183 3327 1239 Da
3348 1183 3515 1239 nobis
3544 1223 3559 1248 ,

1951 1276 2143 1347 inquit,
2194 1275 2463 1343 Domine,
2513 1277 2888 1335 utcarlestem
2937 1275 3085 1331 illam
3132 1274 3254 1329 vita:
3297 1274 3560 1329 rationem

1951 1384 2262 1441 sequamur,
2291 1378 2350 1424 ut
2376 1385 2462 1437 ea,
2486 1385 2605 1441 qua:
2637 1373 2692 1424 tu
2724 1370 2826 1435 vis,
2853 1384 2953 1425 nos
2976 1369 3137 1425 etiam
3158 1368 3406 1423 velimus.
3436 1365 3565 1437 Opi-

1952 1461 2124 1516 tulare
2151 1461 2315 1533 igitur
2335 1460 2497 1517 debili
2522 1460 2819 1517 voluntatis
2849 1460 3147 1532 proposito,
3178 1457 3323 1533 quod
3352 1473 3415 1514 ea
3443 1473 3566 1528 qua:

1946 1552 2105 1623 jubes
2130 1552 2353 1625 exsequi
2383 1553 2551 1625 cupit,
2601 1551 2698 1609 sed
2724 1551 2970 1623 corporis
3010 1550 3324 1606 inﬁmitate
3354 1563 3564 1620 praepo-

1951 1645 2098 1702 ditur
2130 1666 2142 1701 :
2177 1647 2391 1718 porrige
2419 1661 2636 1702 manum
2678 1660 2898 1701 currere
2944 1643 3163 1716 quidem
3211 1641 3517 1698 volentibus
3546 1683 3571 1708 ι

1952 1738 2049 1794 sed
2077 1738 2144 1793 ad
2177 1737 2588 1795 claudieandum
2628 1737 2848 1794 coactis.
2884 1736 2997 1792 Alis
3025 1737 3284 1791 instructa
3330 1743 3415 1789 est
3440 1732 3575 1789 επὶ-ι

1954 1846 2065 1897 ma,
2094 1830 2191 1886 sed
2234 1830 2377 1887 illam
2423 1845 2551 1886 caro
2588 1844 2805 1903 gravem
2836 1827 3000 1885 ellicit
3030 1844 3044 1894 ;
3079 1827 3196 1884 haec
3219 1825 3288 1884 ad
3325 1826 3573 1883 cmlestia.

1953 1924 2112 1980 velox
2139 1933 2243 1992 est,
2296 1924 2385 1979 illa
2422 1940 2552 1980 vero
2596 1923 2773 1994 gravis
2820 1931 2874 1978 et
2915 1922 2983 1978 ad
3032 1931 3242 1978 terrena
3288 1920 3561 1991 proclivis.

1956 2018 2110 2073 Adsit
2133 2016 2294 2073 modo
2314 2018 2572 2072 auxilium
2598 2027 2768 2081 tuum,
2796 2026 2851 2073 et
2876 2032 2959 2083 ea,
2988 2030 3109 2086 qua:
3134 2013 3252 2070 ﬂeri
3276 2029 3381 2069 non
3406 2028 3565 2084 posse

1954 2110 2225 2176 videntur,
2261 2108 2435 2165 facilia
2464 2108 2712 2165 evadent.
2744 2107 2865 2164 Fiat
2893 2108 3054 2180 igitur
3074 2107 3307 2162 voluntas
3326 2115 3415 2160 tua
3432 2105 3564 2161 sicut

1954 2205 2007 2259 in
2039 2204 2162 2258 cwlo
2189 2214 2234 2258 et
2263 2204 2316 2265 in
2342 2213 2495 2258 terra.

2028 2295 2081 2351 5.
2114 2296 2253 2364 Quia
2284 2310 2413 2350 vero
2459 2305 2659 2351 terram
2696 2301 3104 2361 commemorat,
3152 2299 3313 2364 atque
3356 2290 3442 2358 iis,
3472 2291 3564 2362 qui

1956 2405 2021 2443 ex
2048 2396 2191 2443 terra
2238 2388 2499 2457 procreati
2528 2397 2689 2453 sunt,.
2718 2387 2770 2442 in
2802 2386 2997 2457 illaque
3035 2394 3320 2441 versantur
3348 2391 3565 2439 terreno

1955 2478 2134 2536 amicti
2178 2496 2428 2552 corpore,
2467 2480 2784 2552 congruenti
2811 2479 2934 2535 cibo
2960 2488 3046 2535 est
3069 2494 3225 2550 opus,
3258 2477 3566 2532 necessario

1956 2572 2231 2645 subjunxit
2259 2592 2271 2627 :
2304 2573 2501 2628 Panem
2529 2584 2759 2628 nostrum
2778 2572 3314 2643 supersubstantialcm
3335 2570 3404 2624 du
3424 2570 3566 2624 nobis

1959 2668 2127 2723 hodie.
2161 2668 2362 2723 Panem
2407 2667 2978 2738 supersubstantialem
3020 2676 3205 2737 petere
3244 2666 3425 2737 jussit,
3458 2681 3588 2721 non.

1959 2760 2010 2814 in
2037 2759 2485 2816 delectamentum
2520 2802 2535 2828 ,
2568 2758 2663 2815 sed
2707 2761 2759 2815 in
2787 2758 3125 2824 alimentum,
3166 2758 3309 2829 quod
3357 2758 3585 2814 decedit

1958 2851 2025 2905 de
2043 2866 2269 2921 corpore
2294 2854 2572 2923 suppleas,
2593 2861 2646 2908 et
2668 2853 2937 2909 interitum
2966 2868 3029 2907 ex
3053 2851 3192 2908 fame
3220 2852 3454 2931 futurum
3477 2852 3577 2908 dem

1962 2942 2187 3011 pellens.
2229 2942 2342 2997 Non
2376 2943 2663 2999 instructas
2693 2944 2917 3013 dapibus
2947 2960 3163 2999 mensas
3196 2946 3237 3011 ‘,
3266 2960 3372 2999 non
3409 2960 3557 3015 ops“

1963 3034 2048 3088 uia
2076 3034 2246 3102 varia,
2291 3049 2398 3089 non
2443 3034 2703 3091 delicatos
2755 3033 3079 3090 ferculorum
3110 3046 3418 3105 apparatus,
3462 3053 3573 3092 non

1962 3127 2224 3198 pistorum
2269 3128 2516 3192 artiﬁcia,
2565 3145 2672 3185 non
2718 3128 2841 3185 vina
2886 3128 3054 3185 odore
3103 3129 3485 3197 demulceutia,
3516 3141 3572 3186 ct

1962 3236 2081 3291 quae
2122 3221 2226 3275 alia
2266 3222 2500 3291 palatum
2530 3221 2822 3289 delectant,
2855 3231 3098 3277 ventrem
3128 3235 3378 3290 onerant,
3414 3240 3573 3279 men-

1967 3323 2073 3369 tem
2102 3314 2413 3381 obscurant,
2462 3322 2516 3369 ct
2560 3315 2773 3385 corpori
2821 3316 2963 3371 vires
3006 3314 3209 3371 addunt
3255 3325 3313 3370 ut
3354 3317 3572 3372 insultet

1963 3406 2177 3469 animae,
2219 3420 2280 3471 ac
2313 3405 2515 3475 pullum
2568 3406 2768 3477 auriga:
2811 3405 3044 3463 reddunt
3100 3406 3409 3463 indocilem.
3454 3408 3572 3464 Non

1964 3496 2079 3553 haec
2109 3505 2168 3551 ut
2207 3511 2492 3567 poscamus
2520 3501 2693 3553 oratio
2736 3496 2937 3563 docuit,
2968 3498 3063 3554 sed
3096 3498 3579 3570 Supersubstautia-

1965 3592 2062 3646 leni
2085 3607 2288 3660 panem,
2318 3588 2371 3644 id
2388 3598 2491 3658 est,
2520 3590 2611 3662 qui
2640 3591 2691 3645 in
2718 3590 3073 3646 substantiam
3090 3592 3335 3661 corporis
3359 3593 3572 3650 tmusit.

1964 3698 2191 3753 eamque
2220 3682 2541 3738 conﬁrmare
2570 3690 2766 3755 potest.
2804 3683 2956 3738 llunc
2985 3698 3113 3738 vero
3143 3697 3337 3753 panem
3368 3698 3475 3739 non
3503 3683 3569 3738 ad

1966 3777 2188 3831 multum
2219 3792 2481 3832 annorum
2512 3792 2795 3832 numerum
2841 3787 3025 3847 petere
3060 3776 3327 3847 jubemur,
3358 3776 3453 3832 sed
3481 3777 3584 3847 qui

1964 3868 2028 3923 ad
2062 3868 2378 3923 hodiernum
2406 3877 2611 3924 tantum
2643 3868 2785 3924 diem
2814 3869 2944 3925 satis
2972 3868 3043 3924 sit
3072 3886 3086 3923 :
3117 3867 3296 3924 Nolite
3324 3910 3341 3937 ,
3375 3869 3579 3941 inquit,

1963 3962 2165 4017 solliciti
2192 3978 2298 4016 esse
2325 3962 2379 4015 in
2404 3963 2680 4017 crastinum
2715 3961 2928 4034 (Matth.
2967 3961 3024 4017 6.
3055 3962 3172 4033 54).
3199 3961 3309 4018 Cur
3328 3962 3472 4018 enim
3503 3962 3573 4019 de

1963 4056 2201 4111 crastino
2226 4055 2346 4124 Quis
2375 4054 2635 4110 sollicitus
2664 4055 2772 4120 sit,
2798 4055 2889 4126 qui
2931 4070 3038 4111 non
3068 4055 3241 4123 ipsum
3282 4055 3425 4111 diem
3452 4071 3572 4111 cra-

1963 4147 2162 4203 stinum
2194 4156 2343 4203 certo
2384 4149 2598 4204 visurus
2624 4148 2733 4212 sit;
2765 4147 2861 4204 sed
2902 4148 2996 4220 qui
3038 4148 3279 4207 laborem
3303 4151 3568 4221 suscipit,

1964 4238 2193 4295 fructum
2216 4255 2324 4295 non
2344 4240 2628 4310 decerpit?
2659 4240 2713 4295 ln
2738 4240 2848 4297 Deo
2875 4241 3037 4311 igitur
3063 4239 3311 4297 ﬁduciam
3339 4243 3567 4311 colloca,

1966 4331 2064 4399 Qui
2090 4334 2180 4387 dat
2224 4350 2389 4388 escam
2430 4334 2568 4389 omni
2616 4333 2760 4389 carni
2806 4333 2979 4405 (Psal.
3014 4334 3136 4390 £55.
3181 4333 3299 4405 25).
3345 4334 3448 4404 Qui
3476 4336 3574 4393 tibi

1962 4439 2160 4496 corpus
2202 4423 2387 4492 dedit,
2428 4425 2771 4495 animamque
2818 4425 3117 4496 inspiravit,
3165 4435 3325 4498 teque
3371 4427 3575 4483 animai

1963 4518 2223 4574 rationale
2266 4518 2566 4587 constituit,
2595 4528 2756 4588 atque
2781 4520 2961 4573 omnia
3010 4519 3102 4574 tibi
3130 4518 3270 4575 bona
3299 4527 3425 4575 ante
3455 4519 3569 4575 lor-

1961 4613 2252 4667 mationem
2295 4612 2635 4682 prmparavit,
2667 4611 2940 4682 quomodo
2973 4621 3025 4666 te
3062 4611 3352 4667 formatum
3379 4626 3568 4683 asper-

1960 4704 2192 4771 nabitur,
2239 4705 2342 4771 Qui
2387 4704 2546 4759 solem
2587 4721 2738 4759 suum
2780 4704 2906 4758 oriri
2951 4704 3073 4775 facit
3117 4721 3273 4777 super
3312 4706 3476 4760 malos
3522 4713 3570 4759 et

1958 4793 2135 4862 bonos,
2170 4804 2214 4861 et
2245 4796 2375 4864 pluit
2400 4812 2554 4866 super
2573 4797 2743 4867 justas
2773 4805 2819 4849 et
2848 4797 3065 4867 injustas
3096 4795 3309 4869 (Matth.
3342 4798 3395 4853 5.
3427 4797 3520 4868 45)
3546 4800 3569 4852 Υ

1959 4887 2096 4942 Huic
2121 4887 2285 4957 igitur
2327 4887 2373 4943 si
2414 4886 2582 4955 ﬁdas,
2624 4888 2998 4958 quotidianum
3045 4897 3247 4944 tantum
3278 4886 3443 4959 posce
3471 4891 3567 4945 ali-

1959 4989 2221 5047 mentum,
2252 4980 2328 5035 illi
2359 4982 2580 5035 crastini
2609 4996 2790 5037 curam
2822 4983 3084 5053 relinque,
3113 4984 3567 5055 quemadmodum

1956 5082 2013 5127 et
2038 5071 2225 5127 beatus
2268 5071 2435 5127 David
2476 5071 2613 5127 dixit
2641 5091 2655 5127 :
2681 5072 2836 5127 Iacto
2876 5091 3030 5145 super
3073 5074 3350 5130 Dominum
3391 5093 3565 5133 curam

1956 5173 2119 5231 tuam,
2147 5174 2193 5219 ct
2222 5164 2333 5233 ipss
2362 5174 2411 5221 te
2432 5166 2647 5221 cnutriet
2675 5165 2852 5236 (Psal.
2881 5168 2972 5223 54.
3000 5167 3116 5239 23).
3150 5168 3223 5224 Ita
3250 5184 3373 5225 cum
3404 5186 3568 5241 supe-

1957 5258 2188 5317 rioribus
2235 5258 2417 5315 verbis
2457 5275 2763 5331 supremam
2811 5260 3204 5333 philosophiam
3247 5262 3570 5331 docuisset,

1952 5368 2153 5424 gnarus
2186 5352 2299 5408 neri
2341 5369 2448 5409 non
2477 5368 2661 5425 posse,
2693 5362 2751 5409 ut
2780 5371 2879 5411 nos
2923 5354 3173 5411 homines
3202 5357 3414 5412 mortali
3444 5371 3565 5412 cor-

1956 5460 2087 5515 pore
2124 5444 2440 5502 circumdati
2469 5461 2575 5501 non
2615 5446 2892 5514 cadamus,
2924 5448 3087 5503 etiam
3125 5446 3227 5504 hoc
3256 5447 3437 5505 dicere
3462 5450 3575 5503 don

1954 5539 2065 5593 cuit
2092 5553 2108 5593 :
2139 5535 2210 5590 Et
2234 5538 2427 5592 dimitte
2453 5537 2597 5593 nobis
2626 5538 2794 5594 debita
2820 5548 3015 5607 nostra,
3046 5540 3175 5594 sicut
3201 5549 3247 5595 et
3271 5556 3363 5594 nos
3391 5540 3562 5600 dimit-

1956 5630 2109 5686 timus
2135 5631 2443 5686 debitoribus
2465 5632 2669 5687 nostris.
2696 5632 2820 5687 Tria
2851 5632 3012 5687 simul
3038 5633 3175 5688 bona
3207 5632 3356 5688 hisce
3386 5636 3571 5693 verbis

2025 5745 2039 5776 ²
2078 5750 2179 5794 nuo
2202 5751 2331 5805 3158.,
2362 5758 2454 5796 non
2479 5756 2667 5798 mensas
2688 5744 2993 5798 luxuriimtcs
3017 5750 3063 5795 ct
3086 5745 3151 5797 ad
3174 5744 3460 5808 voluptatem
3483 5748 3562 5811 {u-

1957 5831 2064 5868 rere
2082 5818 2326 5882 ﬂicieittcs.
3168 5818 3173 5824 4
