4218 6294
697 330 768 385 47
1418 325 1474 382 8.
1516 321 1799 381 ιοΑΝΝιε
1835 322 2316 381 CHRYSOSTOII
2354 323 2679 382 ARCHIEP.
2724 323 3272 381 CONSTANTINOP.
3935 326 4001 378 £8

698 454 952 511 operatur
984 462 998 500 :
1026 458 1119 499 eos
1151 442 1252 514 qui
1268 440 1333 497 ad
1371 455 1638 497 summum
1679 439 1890 495 virtutis
1916 437 2137 509 gradum
2171 452 2297 508 per—

696 544 957 592 Venerunt
1002 537 1068 591 de
1098 551 1157 591 se
1195 533 1537 590 mediocriter
1582 533 1783 589 sentire
1820 533 2005 598 docet,
2032 530 2292 601 jubetque

698 637 843 681 recte
872 626 1024 681 factis
1070 640 1175 680 non
1207 624 1499 690 conlidere,
1543 623 1639 680 sed
1668 621 1953 679 formidare
1999 630 2158 691 atque
2186 630 2292 675 tre-

699 734 850 773 mere
896 720 1286 789 prteteritorum
1333 732 1598 773 memores
1635 726 1977 788 peccatorum
2012 732 2023 766 :
2058 713 2200 783 quod
2238 722 2293 769 et

696 812 907 865 divinus
956 810 1157 866 Paulus
1184 809 1330 876 facit,
1364 818 1486 879 post
1532 820 1791 863 sexcenta
1842 807 2097 875 praeclare
2143 814 2289 876 gesta

694 902 881 957 dicens
907 920 920 955 :
951 901 1204 968 Quoniam
1246 900 1474 955 Christus
1501 898 1654 955 haus
1690 899 1822 954 venit
1849 899 1903 952 in
1934 897 2180 950 mundum
2223 896 2292 949 ad

692 994 993 1047 saluandam
1019 1001 1317 1063 peccatores,
1344 1006 1557 1061 quorum
1578 991 1769 1060 primus
1793 1004 1881 1061 ego
1906 1005 2017 1043 sum
2048 987 2123 1059 (1.
2156 985 2287 1041 Tim.

693 1086 745 1139 ‘I.
781 1084 893 1155 l5).
924 1084 1038 1139 Non
1092 1083 1245 1149 dixit,
1280 1082 1436 1137 Eram
1464 1122 1479 1145 ,
1506 1080 1625 1159 sed,
1650 1080 1781 1136 Sum
1808 1122 1824 1145 ,
1856 1090 2175 1149 praesentem
2230 1094 2290 1135 se

692 1192 907 1247 semper
950 1176 1244 1230 facinorum
1278 1180 1589 1229 memoriam
1640 1174 1839 1229 habere
1868 1173 2191 1243 signiﬁcans.
2224 1171 2291 1225 lis

694 1270 853 1339 igitur
878 1267 970 1337 qui
1000 1266 1048 1321 in
1078 1281 1329 1337 supremo
1358 1265 1569 1321 virtutis
1602 1264 1768 1335 gradu
1798 1272 1945 1328 sunt,
1978 1278 2043 1318 ex
2074 1261 2290 1317 humili-

698 1366 804 1413 tate
833 1358 1049 1413 tutelam
1084 1356 1325 1428 per‘haec
1368 1356 1530 1411 verba
1560 1354 1817 1426 paravit?
1848 1368 1941 1407 eos
1967 1360 2169 1418 autem,
2200 1351 2288 1422 qui

694 1458 817 1521 post
843 1449 1095 1520 baptismi
1121 1449 1343 1519 gratiam
1370 1448 1502 1517 lapsi
1532 1455 1677 1513 sunt,
1710 1445 1776 1500 de
1801 1445 1971 1500 salute
2005 1444 2291 1513 desperare

691 1555 788 1597 sua
814 1556 920 1595 non
950 1540 1095 1602 sinit,
1128 1538 1220 1594 sed
1252 1534 1410 1594 docet
1450 1536 1518 1591 ab
1546 1537 1844 1592 animarum
1872 1533 2082 1589 medico
2108 1542 2290 1603 petere

690 1633 862 1689 venia:
892 1631 1147 1688 remedia.
1178 1631 1261 1687 Ad
1292 1632 1407 1685 haec
1445 1643 1575 1684 vero
1617 1627 1964 1683 humanitatis
1992 1624 2288 1681 doctrinam

692 1726 947 1795 suggerit.
974 1724 1097 1779 Vult
1119 1723 1263 1780 enim
1280 1737 1380 1779 nos
1400 1722 1558 1787 mites
1577 1735 1702 1791 erga
1730 1734 1824 1776 eos
1843 1734 1984 1784 esse,
2002 1718 2090 1789 qui
2121 1718 2292 1788 culpte

692 1824 817 1872 sunt
841 1815 1078 1879 obnoxii,
1102 1822 1158 1870 et
1185 1813 1499 1884 injuriarum
1529 1812 1684 1867 nobis
1710 1812 1975 1866 illatarum
2014 1810 2293 1865 immemo-

692 1922 804 1975 res,
836 1915 893 1963 ut
920 1922 1015 1978 per
1042 1908 1251 1961 veniam
1283 1906 1413 1975 ipsis
1439 1906 1619 1960 datam
1649 1912 1705 1959 et
1732 1918 1829 1959 nos
1856 1904 2065 1959 veniam
2096 1917 2290 1959 conse-

696 2013 923 2069 quamur
951 2015 963 2051 :
996 2006 1052 2053 et
1102 1998 1198 2067 ipsi
1224 2005 1523 2067 praeeuntes
1576 1995 1917 2069 benignitatis
1968 1996 2183 2052 modum
2236 2003 2292 2051 et

700 2105 1005 2150 mensuram
1056 2089 1344 2148 sﬁ‘eramus
1377 2111 1390 2148 :
1424 2102 1627 2147 tantum
1670 2092 1813 2147 enim
1834 2090 2073 2160 recipere
2112 2099 2293 2160 postu-

696 2188 887 2249 lamus,
918 2195 1173 2255 quantum
1223 2185 1469 2256 proximo
1515 2186 1690 2257 largiti
1735 2198 1921 2240 sumus
1950 2202 1964 2238 :
1993 2192 2047 2238 et
2090 2190 2289 2239 tantam

696 2276 909 2331 veniam
954 2291 1224 2347 rogamus,
1265 2272 1519 2347 quantam
1550 2276 1884 2334 debitoribus
1922 2276 2287 2333 concedimus.

697 2368 1024 2441 lnsuperque
1051 2369 1230 2425 dicere
1258 2370 1533 2439 docemur,
1567 2371 1634 2426 Et
1665 2389 1727 2427 ne
1747 2389 1839 2427 nos
1868 2372 2079 2426 inducas
2104 2372 2158 2425 in
2182 2380 2292 2425 ten-

698 2460 957 2525 tatioimn,
984 2460 1074 2515 sed
1093 2460 1250 2515 libera
1278 2478 1369 2516 nos
1395 2478 1427 2515 a
1446 2460 1601 2517 malo.
1620 2462 1780 2517 Multa
1795 2477 2023 2533 namque
2047 2462 2200 2518 nobis
2226 2478 2290 2518 ex

690 2548 889 2605 diaboli
904 2564 1065 2622 opera
1079 2546 1343 2605 accedunt
1359 2549 1526 2628 tristia
1542 2567 1555 2605 :
1573 2550 1872 2609 multaitem
1888 2569 1951 2608 ex
1966 2552 2290 2622 hominibus,

694 2643 778 2697 vel
820 2644 995 2713 palam
1015 2643 1234 2708 intestis,
1252 2642 1328 2697 rel
1349 2643 1480 2698 clam
1497 2643 1885 2701 insidiantibus.
1908 2646 2112 2714 Corpus
2129 2645 2286 2701 etiam

2405 437 2565 493 modo
2585 448 2769 495 contra
2791 438 3023 491 animam
3049 437 3509 509 insurgensgrave
3529 439 3785 497 damnum
3814 441 3997 509 infert;

2400 527 2561 584 modo
2589 529 2752 585 variis
2792 528 3123 585 debilitatum
3154 528 3375 598 morbis,
3405 530 3619 587 dolores
3654 532 3809 587 nobis
3837 543 3998 602 atque

2400 622 2684 691 languores
2728 622 2885 691 parit.
2918 620 3099 692 Itaque
3140 636 3261 677 cum
3302 622 3464 676 multa
3510 634 3565 679 et
3595 625 3741 679 varia
3774 637 3871 680 nos
3904 640 3999 679 un.

2398 714 2561 785 dique
2588 714 2758 769 tristia
2785 714 3120 781 adoriantur,
3149 714 3217 769 ab
3239 714 3302 769 iis
3329 715 3575 770 omnibus
3597 726 3655 770 ut
3684 716 4004 792 liberemur,

2399 820 2426 858 a
2463 805 2570 859 Deo
2598 804 2969 860 universorum
3012 816 3197 876 petere
3242 804 3586 859 instituimnr.
3622 804 3741 875 Ipso
3761 819 4001 876 namque

2398 896 2607 952 vindice
2636 896 2853 951 sedatur
2876 898 3053 952 omnis
3084 905 3395 966 tempestas,
3425 894 3614 950 ﬂuctus
3654 898 3705 950 in
3735 896 3998 966 tranquil-

2399 989 2600 1045 litatem
2628 989 2859 1053 cedunt;
2893 990 3265 1060 malignusque
3292 989 3381 1044 ille
3412 989 3725 1058 pudefactus
3744 989 3997 1057 discedit,

2397 1079 2845 1149 quemadmodum
2888 1081 3015 1135 olim
3061 1080 3261 1134 relictis
3312 1079 3637 1144 hominibus,
3688 1078 3755 1134 ad
3804 1096 3998 1149 porcos

2396 1174 2644 1229 discessit
2672 1191 2683 1227 :
2720 1188 2894 1244 neque
2922 1182 3098 1228 tamen
3132 1172 3261 1228 illud
3304 1172 3536 1243 iniussus
3581 1172 3758 1228 facere
3787 1184 3874 1229 est
3900 1191 3997 1228 au-

2395 1282 2506 1323 sus.
2536 1267 2636 1335 Qui
2665 1283 2791 1323 vero
2815 1282 2883 1323 ne
2914 1267 2966 1321 in
2999 1280 3194 1338 porcos
3215 1265 3431 1337 quidem
3458 1276 3779 1337 poteStatem
3809 1266 3996 1333 liabet,

2395 1373 2501 1429 quo
2530 1366 2685 1429 pacto
2715 1359 2957 1413 homines
2984 1357 3267 1428 pervigiles
3297 1358 3585 1427 animoque
3606 1365 3993 1427 temperantes,

2397 1449 2492 1504 Dei
2520 1461 2700 1519 septos
2740 1449 3008 1519 przesidio,
3036 1448 3128 1519 qui
3164 1463 3287 1503 eum
3320 1447 3520 1519 Regem
3547 1462 3669 1505 esse
3710 1463 3867 1503 suum
3896 1464 3995 1518 pu-

2397 1542 2790 1606 taut,’vincere
2840 1540 3052 1610 possit?
3097 1540 3437 1611 Quapropter
3483 1539 3536 1594 in
3584 1538 3691 1594 line
3737 1542 3996 1596 orationis

2398 1633 2490 1688 Dei
2522 1648 2767 1704 regnum,
2812 1632 3065 1688 virtutem
3094 1641 3148 1688 et
3176 1632 3466 1702 potentiam
3506 1632 3743 1688 ostendit
3766 1632 3952 1689 dicens
3982 1652 3995 1689 :

2398 1724 2652 1790 Quoniam
2686 1736 2827 1779 tuum
2866 1735 2939 1779 est
2968 1742 3178 1797 regnum
3222 1736 3268 1781 et
3295 1736 3514 1795 potestas
3541 1734 3587 1780 et
3625 1725 3790 1797 gloria
3818 1726 3872 1780 in
3903 1741 3996 1780 sa-

2396 1816 2534 1882 cuta,
2566 1833 2715 1872 amen
2743 1816 2843 1888 (α).
2890 1816 3023 1884 Hoc,
3067 1818 3259 1888 inquit,
3290 1817 3389 1872 abs
3420 1825 3471 1873 te
3494 1810 3638 1887 peto.
3670 1816 3762 1887 qui
3791 1826 3842 1871 te
3875 1817 3996 1871 novi

2396 1907 2599 1979 Regem
2641 1910 2898 1976 omnium,
2930 1917 3136 1964 mterno
3162 1908 3444 1979 prmditum
3481 1908 3726 1978 imperio,
3755 1907 3848 1979 qui
3876 1921 3995 1963 om-

2396 2002 2504 2067 nia,
2536 2015 2885 2071 quaecumque
2930 2001 3079 2066 velis,
3124 2009 3297 2070 potes,
3338 2009 3392 2055 et
3431 1998 3604 2070 gloria
3632 1997 3997 2053 circumdatus

2396 2107 2476 2155 es,
2507 2107 2667 2164 quam
2699 2107 2857 2149 nemo
2884 2094 3053 2159 possit
3078 2090 3309 2148 auferre.
3341 2091 3448 2147 Pro
3495 2092 3578 2147 his
3608 2101 3785 2146 autem
3816 2092 3996 2146 omni-

2395 2184 2985 2257 busgratias‘agamus
3014 2183 3099 2251 ei,
3144 2183 3234 2254 qui
3276 2197 3375 2238 nos
3423 2184 3585 2237 tantis
3627 2179 3877 2252 dignatus
3914 2189 3997 2236 est

2395 2277 2590 2344 bonis;
2623 2278 2747 2349 quia
2802 2276 2903 2347 ipsi
2950 2275 3199 2333 convenit
3243 2276 3420 2333 omnis
3462 2276 3629 2347 gloria
3656 2316 3672 2341 ,
3724 2274 3902 2331 honor
3943 2283 4027 2331 et.

2398 2370 2703 2441 imperium,
2752 2370 2917 2437 Patri,
2947 2368 3083 2425 Filio
3127 2378 3182 2425 et
3229 2368 3451 2441 Spiritui
3500 2376 3709 2433 sancto,
3755 2381 3903 2424 nunc
3938 2377 3997 2425 et

2397 2474 2632 2530 semper,
2658 2469 2713 2516 et
2740 2462 2791 2515 in
2822 2460 3015 2515 saecula
3046 2459 3389 2516 steculorum.
3419 2460 3613 2515 Amen.

2458 2594 2531 2658 (a)
2565 2602 2675 2644 nec
2698 2601 2943 2658 postrema
2978 2593 3209 2652 clausula,
3250 2606 3362 2657 quae
3384 2576 3526 2643 abest
3549 2606 3579 2643 ι
3603 2592 3823 2655 Vulgata,
3852 2591 3900 2642 in
3923 2592 3997 2640 Bi-

2394 2655 2709 2707 liliis'Graacis’
2731 2655 2933 2718 legitur.

744 3016 3948 3063 mw

2174 3365 2519 3426 MONITUM

799 3578 948 3635 Hanc
974 3582 1253 3637 homiliam
1285 3599 1391 3639 non
1423 3583 1718 3653 publicavit
1759 3582 2025 3637 Henricus
2066 3583 2337 3651 Savilius;
2378 3582 2471 3638 sed
2513 3582 2661 3651 prior
2699 3597 2762 3637 ex
2806 3581 3045 3636 tenebris
3086 3597 3149 3636 ex
3196 3597 3305 3637 uno
3344 3590 3553 3636 tantum
3592 3582 3791 3637 Codice
3821 3580 3963 3635 eruit

726 3690 929 3747 Fronto
981 3691 1229 3750 Ducams.
1262 3695 1426 3760 Anni,
1458 3712 1568 3767 quo
1598 3696 1778 3751 habita
1826 3695 1943 3751 bare
1984 3693 2106 3762 fuit,
2130 3694 2500 3765 temporisque
2532 3704 2743 3760 notam,
2794 3712 2915 3751 meo
2966 3695 3195 3765 judicio,
3230 3710 3340 3750 non
3392 3695 3612 3749 dubiam
3654 3696 3968 3777 suppeditat

719 3784 1144 3877 Chrysostomus
1175 3812 1229 3864 in
1258 3813 1503 3879 exordio,
1534 3828 1658 3868 cum
1692 3816 1768 3868 ait
1806 3808 1864 3869 s'e
1906 3830 2078 3886 nuper
2103 3816 2171 3871 de
2206 3814 2531 3884 Paralytico,
2582 3816 2675 3886 qui
2709 3816 2869 3871 annis
2920 3816 3138 3886 triginta
3188 3822 3312 3869 octo
3358 3812 3969 3894 inﬁrmitatetdetentus

722 3919 919 3987 iuerat,
952 3938 1258 3981 sermonem
1296 3929 1555 3985 habuisse
1588 3948 1602 3985 :
1639 3931 1728 3985 ubi
1761 3948 1878 3986 eam
1916 3946 2223 3987 memorare
2250 3938 2477 4002 prorsus
2505 3934 2717 3987 videtur
2751 3933 3053 3997 homiliam,
3088 3948 3251 4004 quam
3286 3945 3475 3987 contra
3508 3931 3797 3986 Auomteos
3826 3930 3960 3985 duo-

719 4035 984 4091 decimam
1034 4039 1317 4107 posuimus
1357 4039 1529 4096 Temo
1558 4041 1597 4095 l.
1627 4041 1683 4095 ln
1729 4042 1817 4097 illa
1852 4043 2053 4113 quippe
2102 4052 2292 4100 contra
2336 4046 2633 4101 Anomoaos
2670 4044 2939 4115 praecipue
2987 4044 3182 4113 agitur,
3222 4043 3577 4112 exemploque
3619 4040 3902 4113 paralytici
3932 4053 3962 4093 ο

717 4152 908 4207 morbo
940 4153 1147 4208 liberati
1177 4156 1439 4224 aequalem
1473 4166 1707 4227 paterna:
1728 4158 1849 4213 Filii
1882 4168 2201 4229 potestatem
2231 4170 2622 4215 commonstrat
2648 4158 2705 4214 S.
2740 4160 2971 4225 doctor;
3004 4158 3137 4228 quin
3173 4158 3336 4211 etiam
3374 4166 3431 4211 ut
3476 4155 3597 4209 Filii
3631 4172 3755 4211 cum
3801 4155 3963 4213 Patre

718 4267 1076 4321 20"alitateui
1115 4276 1344 4332 asserat,
1386 4268 1530 4324 hunc
1564 4270 1835 4343 Evangelii
1875 4272 2080 4337 locum,
2126 4270 2291 4327 Pater
2325 4290 2465 4327 meus
2504 4260 2665 4343 usque
2705 4273 2856 4325 modo
2896 4282 3163 4341 operatur,
3199 4281 3245 4324 et
3286 4286 3377 4341 ego
3418 4286 3622 4337 operor,
3662 4270 3964 4339 explanan-

690 4384 845 4465 Adum
877 4384 1122 4453 suscipit.
1160 4383 1297 4441 Hinc
1326 4387 1488 4440 etiam
1522 4386 1666 4442 aliud
1699 4399 2077 4459 argumentum
2105 4390 2371 4453 eruimus,
2408 4406 2518 4459 quo
2550 4390 2811 4460 probatur
2842 4391 2983 4445 hanc
3015 4389 3295 4443 bouiiliam
3337 4388 3523 4457 paucis
3558 4398 3679 4457 post
3711 4388 3855 4442 illam
3888 4388 3963 4444 de

721 4496 830 4549 alio
854 4497 1148 4567 paralytico
1174 4498 1367 4553 diebus
1398 4500 1798 4568 pronuntiatam
1831 4500 2036 4567 fuisse;
2069 4502 2119 4553 in
2149 4500 2249 4553 hac.
2280 4502 2423 4554 enim
2460 4515 2678 4571 quoque
2707 4503 2779 4555 de
2811 4500 2929 4555 Filii
2962 4516 3086 4556 cum
3126 4500 3283 4556 Patre
3324 4501 3632 4571 aequalitate
3658 4500 3865 4569 aliqum
3900 4499 3956 4555 in

2096 4975 2593 5061 HOMILIA

695 5158 755 5202 IN
808 5156 1252 5203 PABAIXTICUM
1300 5151 1421 5197 PER
1462 5152 1721 5196 TECTUM
1765 5150 2110 5206 DEMISSUH,
2157 5152 2327 5205 QUOD
2373 5154 2495 5197 NON
2542 5154 2643 5195 SIT
2684 5152 2849 5208 ILLE,
2880 5151 2961 5193 DE
2992 5150 3118 5203 QUO
3168 5150 3330 5193 APUD
3375 5149 3669 5193 JOLNNEM
3706 5149 3975 5206 Αειτυις

1701 5294 1912 5349 ωερυε
1958 5294 2108 5335 PII."
2153 5296 2283 5340 CUM
2329 5298 2532 5341 PATRE
2579 5296 3014 5348 EQUALlTATE.

2220 5438 2381 5493 01³121
2392 5437 2484 5491 3)ιὲ

771 5574 794 5625 1
857 5573 985 5627 (Tum
1020 5572 1069 5624 in
1102 5568 1450 5639 paralyticum
1474 5567 1622 5636 juxta
1672 5565 1926 5634 piscinam
1971 5565 2022 5619 in
2050 5564 2187 5619 lecto
2210 5563 2292 5631 ja-

699 5673 905 5715 contem
938 5676 1105 5729 nuper
1131 5658 1523 5723 incidissemus,
1556 5657 1775 5711 multum
1807 5668 1857 5710 et
1884 5657 2156 5725 ingentem
2180 5657 2293 5709 the-

700 5770 913 5810 saurum
960 5752 1281 5819 invenimus,
1312 5768 1417 5807 non
1448 5762 1640 5809 terram
1672 5749 2004 5819 cil'odicntes,
2038 5752 2131 5808 scd
2176 5750 2291 5821 ejus

2403 5561 2566 5617 animi
2610 5575 2765 5615 sensa
2816 5570 3113 5615 scrutantes
3145 5577 3155 5611 :
3186 5559 3491 5613 thesaurum
3547 5557 3843 5611 invenimus
3888 5572 3995 5612 non

2400 5670 2587 5708 aurum
2616 5664 2668 5708 et
2694 5652 2958 5723 pretiosos
2986 5650 3190 5719 lapides
3228 5650 3613 5716 continentem,
3639 5646 3730 5703 sed
3764 5646 3996 5703 tuleram

2400 5748 2548 5813 tiam,
2582 5744 2993 5816 philosophiam,
3031 5744 3360 5813 patientiam,
3392 5752 3444 5798 et
3476 5741 3695 5797 multam
3728 5740 3780 5796 in
3825 5739 3997 5797 Deum
