  <div class='ocr_page' id='page_1' title='image "/cluster/home/n/w/nwhite01/storage/ocr_20150623/51/pst.000005712502/051.png"; bbox 0 0 4218 6294; ppageno 0'>
   <div class='ocr_carea' id='block_1_1' title="bbox 679 252 3940 320">
    <p class='ocr_par' dir='ltr' id='par_1_1' title="bbox 679 252 3940 320">
     <span class='ocr_line' id='line_1_1' title="bbox 679 252 3940 320; baseline -0.003 0"><span class='ocrx_word' id='word_1_1' title='bbox 679 263 751 320; x_wconf 69' lang='grc' dir='ltr'>ιο</span> <span class='ocrx_word' id='word_1_2' title='bbox 1376 263 1432 320; x_wconf 92' lang='lat' dir='ltr'>S.</span> <span class='ocrx_word' id='word_1_3' title='bbox 1475 261 1760 320; x_wconf 66' lang='lat' dir='ltr'>JOANNIS</span> <span class='ocrx_word' id='word_1_4' title='bbox 1798 257 2293 319; x_wconf 71' lang='lat' dir='ltr'>CHRYSOSTOMI</span> <span class='ocrx_word' id='word_1_5' title='bbox 2330 257 2645 318; x_wconf 77' lang='lat' dir='ltr'>ARCHIEP.</span> <span class='ocrx_word' id='word_1_6' title='bbox 2685 257 3231 319; x_wconf 70' lang='lat' dir='ltr'>CONSTANTINOP.</span> <span class='ocrx_word' id='word_1_7' title='bbox 3869 252 3940 310; x_wconf 76' lang='grc' dir='ltr'>συ</span> 
     </span>
    </p>
   </div>
   <div class='ocr_carea' id='block_1_2' title="bbox 673 375 2246 450">
    <p class='ocr_par' dir='ltr' id='par_1_2' title="bbox 673 375 2246 450">
     <span class='ocr_line' id='line_1_2' title="bbox 673 375 2246 450; baseline -0.001 -20"><span class='ocrx_word' id='word_1_8' title='bbox 673 377 768 430; x_wconf 75' lang='grc' dir='ltr'>καὶ</span> <span class='ocrx_word' id='word_1_9' title='bbox 798 375 994 448; x_wconf 76' lang='grc' dir='ltr'>πολλὴν</span> <span class='ocrx_word' id='word_1_10' title='bbox 1019 377 1116 448; x_wconf 80' lang='grc' dir='ltr'>τὴν</span> <span class='ocrx_word' id='word_1_11' title='bbox 1141 376 1274 449; x_wconf 77' lang='grc' dir='ltr'>πρὸς</span> <span class='ocrx_word' id='word_1_12' title='bbox 1311 376 1395 430; x_wconf 77' lang='grc' dir='ltr'>τὸν</span> <span class='ocrx_word' id='word_1_13' title='bbox 1427 377 1561 432; x_wconf 67' lang='grc' dir='ltr'>Θεὸν</span> <span class='ocrx_word' id='word_1_14' title='bbox 1595 378 1804 444; x_wconf 90' lang='grc' dir='ltr'>ἐλπίδα,</span> <span class='ocrx_word' id='word_1_15' title='bbox 1832 378 1868 450; x_wconf 74' lang='grc' dir='ltr'>ἢ</span> <span class='ocrx_word' id='word_1_16' title='bbox 1899 377 2095 441; x_wconf 82' lang='grc' dir='ltr'>παντὸς</span> <span class='ocrx_word' id='word_1_17' title='bbox 2116 394 2246 447; x_wconf 87' lang='grc' dir='ltr'>χρυ-</span> 
     </span>
    </p>
   </div>
   <div class='ocr_carea' id='block_1_3' title="bbox 675 467 2248 540">
    <p class='ocr_par' dir='ltr' id='par_1_3' title="bbox 675 467 2248 540">
     <span class='ocr_line' id='line_1_3' title="bbox 675 467 2248 540; baseline 0.001 -22"><span class='ocrx_word' id='word_1_18' title='bbox 675 467 791 521; x_wconf 84' lang='grc' dir='ltr'>σίου</span> <span class='ocrx_word' id='word_1_19' title='bbox 824 468 918 521; x_wconf 63' lang='grc' dir='ltr'>καί⁸</span> <span class='ocrx_word' id='word_1_20' title='bbox 942 468 1122 538; x_wconf 84' lang='grc' dir='ltr'>πάσης</span> <span class='ocrx_word' id='word_1_21' title='bbox 1151 467 1414 539; x_wconf 77' lang='grc' dir='ltr'>εὐπορίας</span> <span class='ocrx_word' id='word_1_22' title='bbox 1440 470 1556 522; x_wconf 76' lang='grc' dir='ltr'>ἐστὶ</span> <span class='ocrx_word' id='word_1_23' title='bbox 1586 469 1909 540; x_wconf 83' lang='grc' dir='ltr'>τιμιωτέρα.</span> <span class='ocrx_word' id='word_1_24' title='bbox 1929 471 1986 522; x_wconf 90' lang='grc' dir='ltr'>Ὀ</span> <span class='ocrx_word' id='word_1_25' title='bbox 2017 469 2114 539; x_wconf 82' lang='grc' dir='ltr'>μὲν</span> <span class='ocrx_word' id='word_1_26' title='bbox 2139 469 2248 539; x_wconf 88' lang='lat'>7&amp;9</span> 
     </span>
    </p>
   </div>
   <div class='ocr_carea' id='block_1_4' title="bbox 673 558 2250 632">
    <p class='ocr_par' dir='ltr' id='par_1_4' title="bbox 673 558 2250 632">
     <span class='ocr_line' id='line_1_4' title="bbox 673 558 2250 632; baseline 0.001 -21"><span class='ocrx_word' id='word_1_27' title='bbox 673 558 927 628; x_wconf 76' lang='grc' dir='ltr'>αἰσθητὸς</span> <span class='ocrx_word' id='word_1_28' title='bbox 975 558 1203 623; x_wconf 82' lang='grc' dir='ltr'>πλοῦτος</span> <span class='ocrx_word' id='word_1_29' title='bbox 1245 560 1339 614; x_wconf 72' lang='grc' dir='ltr'>καὶ</span> <span class='ocrx_word' id='word_1_30' title='bbox 1383 560 1596 631; x_wconf 83' lang='grc' dir='ltr'>λῃστῶν</span> <span class='ocrx_word' id='word_1_31' title='bbox 1630 562 1941 624; x_wconf 81' lang='grc' dir='ltr'>ἐπιδουλαῐς</span> <span class='ocrx_word' id='word_1_32' title='bbox 1972 559 2087 632; x_wconf 74' lang='lat'>[35}</span> <span class='ocrx_word' id='word_1_33' title='bbox 2119 560 2250 631; x_wconf 82' lang='grc' dir='ltr'>πρό-</span> 
     </span>
    </p>
   </div>
   <div class='ocr_carea' id='block_1_5' title="bbox 673 650 2249 723">
    <p class='ocr_par' dir='ltr' id='par_1_5' title="bbox 673 650 2249 723">
     <span class='ocr_line' id='line_1_5' title="bbox 673 650 2249 723; baseline 0.001 -21"><span class='ocrx_word' id='word_1_34' title='bbox 673 665 887 714; x_wconf 86' lang='grc' dir='ltr'>κειται,</span> <span class='ocrx_word' id='word_1_35' title='bbox 933 650 1028 704; x_wconf 77' lang='grc' dir='ltr'>καὶ</span> <span class='ocrx_word' id='word_1_36' title='bbox 1069 651 1418 720; x_wconf 70' lang='grc' dir='ltr'>συκοφαντῶν</span> <span class='ocrx_word' id='word_1_37' title='bbox 1464 653 1718 723; x_wconf 79' lang='grc' dir='ltr'>στόμασι,</span> <span class='ocrx_word' id='word_1_38' title='bbox 1767 653 1862 706; x_wconf 79' lang='grc' dir='ltr'>καὶ</span> <span class='ocrx_word' id='word_1_39' title='bbox 1904 652 2249 722; x_wconf 91' lang='grc' dir='ltr'>τοιχωρύχων</span> 
     </span>
    </p>
   </div>
   <div class='ocr_carea' id='block_1_6' title="bbox 611 727 2250 813">
    <p class='ocr_par' dir='ltr' id='par_1_6' title="bbox 611 727 2250 813">
     <span class='ocr_line' id='line_1_6' title="bbox 611 727 2250 813; baseline -0.001 -24"><span class='ocrx_word' id='word_1_40' title='bbox 611 727 613 729; x_wconf 52' lang='grc'><strong>’</strong></span> <span class='ocrx_word' id='word_1_41' title='bbox 667 738 828 808; x_wconf 77' lang='grc' dir='ltr'>χερσὶ</span> <span class='ocrx_word' id='word_1_42' title='bbox 876 739 971 792; x_wconf 62' lang='grc' dir='ltr'>καὶ⁸</span> <span class='ocrx_word' id='word_1_43' title='bbox 1014 738 1238 792; x_wconf 85' lang='grc' dir='ltr'>οίκετῶν</span> <span class='ocrx_word' id='word_1_44' title='bbox 1291 739 1673 813; x_wconf 77' lang='grc' dir='ltr'>κακουργίαις,</span> <span class='ocrx_word' id='word_1_45' title='bbox 1719 740 1814 792; x_wconf 80' lang='grc' dir='ltr'>καὶ</span> <span class='ocrx_word' id='word_1_46' title='bbox 1859 739 1985 790; x_wconf 79' lang='grc' dir='ltr'>ὅταν</span> <span class='ocrx_word' id='word_1_47' title='bbox 2033 737 2250 790; x_wconf 85' lang='grc' dir='ltr'>ἀπαντα</span> 
     </span>
    </p>
   </div>
   <div class='ocr_carea' id='block_1_7' title="bbox 672 828 2251 902">
    <p class='ocr_par' dir='ltr' id='par_1_7' title="bbox 672 828 2251 902">
     <span class='ocr_line' id='line_1_7' title="bbox 672 828 2251 902; baseline -0.003 -19"><span class='ocrx_word' id='word_1_48' title='bbox 672 828 844 883; x_wconf 78' lang='grc' dir='ltr'>ταῦτα</span> <span class='ocrx_word' id='word_1_49' title='bbox 884 829 1144 901; x_wconf 80' lang='grc' dir='ltr'>διαφύγῃ,</span> <span class='ocrx_word' id='word_1_50' title='bbox 1171 830 1290 883; x_wconf 89' lang='grc' dir='ltr'>τότε</span> <span class='ocrx_word' id='word_1_51' title='bbox 1319 833 1432 895; x_wconf 84' lang='grc' dir='ltr'>τοῖς</span> <span class='ocrx_word' id='word_1_52' title='bbox 1462 829 1818 902; x_wconf 80' lang='grc' dir='ltr'>κεκτημένοις</span> <span class='ocrx_word' id='word_1_53' title='bbox 1865 829 2125 899; x_wconf 82' lang='grc' dir='ltr'>μέγιστον</span> <span class='ocrx_word' id='word_1_54' title='bbox 2154 829 2251 880; x_wconf 85' lang='grc' dir='ltr'>ἐπ-</span> 
     </span>
    </p>
   </div>
   <div class='ocr_carea' id='block_1_8' title="bbox 671 915 2252 991">
    <p class='ocr_par' dir='ltr' id='par_1_8' title="bbox 671 915 2252 991">
     <span class='ocr_line' id='line_1_8' title="bbox 671 915 2252 991; baseline -0.002 -19"><span class='ocrx_word' id='word_1_55' title='bbox 671 919 794 987; x_wconf 84' lang='grc' dir='ltr'>άγει</span> <span class='ocrx_word' id='word_1_56' title='bbox 835 919 1094 983; x_wconf 78' lang='grc' dir='ltr'>πολλάκις</span> <span class='ocrx_word' id='word_1_57' title='bbox 1126 919 1216 973; x_wconf 79' lang='grc' dir='ltr'>τὸν</span> <span class='ocrx_word' id='word_1_58' title='bbox 1252 920 1493 991; x_wconf 74' lang='grc' dir='ltr'>δλεθρον,</span> <span class='ocrx_word' id='word_1_59' title='bbox 1523 919 1807 989; x_wconf 74' lang='grc' dir='ltr'>βασκάνων</span> <span class='ocrx_word' id='word_1_60' title='bbox 1834 917 2146 988; x_wconf 75' lang='grc' dir='ltr'>ὀφθαλμοὺς</span> <span class='ocrx_word' id='word_1_61' title='bbox 2174 915 2252 969; x_wconf 90' lang='grc' dir='ltr'>δι-</span> 
     </span>
    </p>
   </div>
   <div class='ocr_carea' id='block_1_9' title="bbox 672 1007 2247 1082">
    <p class='ocr_par' dir='ltr' id='par_1_9' title="bbox 672 1007 2247 1082">
     <span class='ocr_line' id='line_1_9' title="bbox 672 1007 2247 1082; baseline -0.001 -20"><span class='ocrx_word' id='word_1_62' title='bbox 672 1009 922 1081; x_wconf 87' lang='grc' dir='ltr'>εγείρων,</span> <span class='ocrx_word' id='word_1_63' title='bbox 949 1011 1044 1063; x_wconf 78' lang='grc' dir='ltr'>καὶ</span> <span class='ocrx_word' id='word_1_64' title='bbox 1075 1010 1302 1082; x_wconf 89' lang='grc' dir='ltr'>μυρίους</span> <span class='ocrx_word' id='word_1_65' title='bbox 1341 1011 1404 1066; x_wconf 88' lang='grc' dir='ltr'>ἐκ</span> <span class='ocrx_word' id='word_1_66' title='bbox 1431 1011 1622 1064; x_wconf 81' lang='grc' dir='ltr'>τούτου</span> <span class='ocrx_word' id='word_1_67' title='bbox 1645 1009 1844 1064; x_wconf 89' lang='grc' dir='ltr'>τίκτων</span> <span class='ocrx_word' id='word_1_68' title='bbox 1872 1007 2170 1079; x_wconf 86' lang='grc' dir='ltr'>χειμῶνας.</span> <span class='ocrx_word' id='word_1_69' title='bbox 2187 1007 2247 1060; x_wconf 83' lang='grc' dir='ltr'>Ὀ</span> 
     </span>
    </p>
   </div>
   <div class='ocr_carea' id='block_1_10' title="bbox 670 1096 2248 1174">
    <p class='ocr_par' dir='ltr' id='par_1_10' title="bbox 670 1096 2248 1174">
     <span class='ocr_line' id='line_1_10' title="bbox 670 1096 2248 1174; baseline -0.003 -19"><span class='ocrx_word' id='word_1_70' title='bbox 670 1102 727 1155; x_wconf 79' lang='grc' dir='ltr'>δὲ</span> <span class='ocrx_word' id='word_1_71' title='bbox 754 1102 1122 1174; x_wconf 77' lang='grc' dir='ltr'>πνευματικὸς</span> <span class='ocrx_word' id='word_1_72' title='bbox 1155 1101 1383 1165; x_wconf 84' lang='grc' dir='ltr'>πλοῦτος</span> <span class='ocrx_word' id='word_1_73' title='bbox 1410 1103 1627 1166; x_wconf 81' lang='grc' dir='ltr'>ἁπάσας</span> <span class='ocrx_word' id='word_1_74' title='bbox 1664 1101 1864 1163; x_wconf 90' lang='grc' dir='ltr'>ταύτας</span> <span class='ocrx_word' id='word_1_75' title='bbox 1893 1099 2113 1169; x_wconf 88' lang='grc' dir='ltr'>διέφυγε</span> <span class='ocrx_word' id='word_1_76' title='bbox 2148 1096 2248 1161; x_wconf 89' lang='grc' dir='ltr'>τάς</span> 
     </span>
    </p>
   </div>
   <div class='ocr_carea' id='block_1_11' title="bbox 669 1187 2247 1266">
    <p class='ocr_par' dir='ltr' id='par_1_11' title="bbox 669 1187 2247 1266">
     <span class='ocr_line' id='line_1_11' title="bbox 669 1187 2247 1266; baseline -0.002 -22"><span class='ocrx_word' id='word_1_77' title='bbox 669 1192 863 1256; x_wconf 80' lang='grc' dir='ltr'>λαὸἀς,</span> <span class='ocrx_word' id='word_1_78' title='bbox 895 1194 988 1246; x_wconf 74' lang='grc' dir='ltr'>καὶ</span> <span class='ocrx_word' id='word_1_79' title='bbox 1019 1194 1199 1264; x_wconf 81' lang='grc' dir='ltr'>πάσης</span> <span class='ocrx_word' id='word_1_80' title='bbox 1241 1193 1502 1266; x_wconf 74' lang='grc' dir='ltr'>ἐπηρείας</span> <span class='ocrx_word' id='word_1_81' title='bbox 1553 1193 1701 1246; x_wconf 83' lang='grc' dir='ltr'>ἐστὶν</span> <span class='ocrx_word' id='word_1_82' title='bbox 1750 1191 2027 1262; x_wconf 84' lang='grc' dir='ltr'>ἀνώτερος</span> <span class='ocrx_word' id='word_1_83' title='bbox 2070 1187 2247 1243; x_wconf 81' lang='grc' dir='ltr'>τοιαύ-</span> 
     </span>
    </p>
   </div>
   <div class='ocr_carea' id='block_1_12' title="bbox 668 1278 2248 1355">
    <p class='ocr_par' dir='ltr' id='par_1_12' title="bbox 668 1278 2248 1355">
     <span class='ocr_line' id='line_1_12' title="bbox 668 1278 2248 1355; baseline -0.005 -16"><span class='ocrx_word' id='word_1_84' title='bbox 668 1300 790 1353; x_wconf 86' lang='grc' dir='ltr'>της.</span> <span class='ocrx_word' id='word_1_85' title='bbox 824 1284 920 1337; x_wconf 74' lang='grc' dir='ltr'>καὶ</span> <span class='ocrx_word' id='word_1_86' title='bbox 953 1283 1167 1355; x_wconf 78' lang='grc' dir='ltr'>λῃστῶν</span> <span class='ocrx_word' id='word_1_87' title='bbox 1197 1284 1291 1338; x_wconf 74' lang='grc' dir='ltr'>καὶ</span> <span class='ocrx_word' id='word_1_88' title='bbox 1310 1282 1659 1354; x_wconf 86' lang='grc' dir='ltr'>τοιχωρύχων</span> <span class='ocrx_word' id='word_1_89' title='bbox 1692 1281 1786 1335; x_wconf 77' lang='grc' dir='ltr'>καὶ</span> <span class='ocrx_word' id='word_1_90' title='bbox 1821 1280 2108 1350; x_wconf 81' lang='grc' dir='ltr'>βασκάνων</span> <span class='ocrx_word' id='word_1_91' title='bbox 2151 1278 2248 1332; x_wconf 69' lang='grc' dir='ltr'>καὶ</span> 
     </span>
    </p>
   </div>
   <div class='ocr_carea' id='block_1_13' title="bbox 673 1369 2248 1444">
    <p class='ocr_par' dir='ltr' id='par_1_13' title="bbox 673 1369 2248 1444">
     <span class='ocr_line' id='line_1_13' title="bbox 673 1369 2248 1444; baseline -0.003 -17"><span class='ocrx_word' id='word_1_92' title='bbox 673 1374 1024 1444; x_wconf 79' lang='grc' dir='ltr'>συκοφαντῶν</span> <span class='ocrx_word' id='word_1_93' title='bbox 1061 1374 1158 1428; x_wconf 78' lang='grc' dir='ltr'>καὶ</span> <span class='ocrx_word' id='word_1_94' title='bbox 1185 1373 1351 1427; x_wconf 81' lang='grc' dir='ltr'>αὐτοῦ</span> <span class='ocrx_word' id='word_1_95' title='bbox 1381 1371 1698 1441; x_wconf 89' lang='grc' dir='ltr'>καταγελῶν</span> <span class='ocrx_word' id='word_1_96' title='bbox 1727 1371 1821 1425; x_wconf 87' lang='lat'>105</span> <span class='ocrx_word' id='word_1_97' title='bbox 1845 1370 2093 1424; x_wconf 82' lang='grc' dir='ltr'>Θανάτου.</span> <span class='ocrx_word' id='word_1_98' title='bbox 2115 1369 2248 1422; x_wconf 88' lang='grc' dir='ltr'>Οὐδέ</span> 
     </span>
    </p>
   </div>
   <div class='ocr_carea' id='block_1_14' title="bbox 668 1459 2249 1536">
    <p class='ocr_par' dir='ltr' id='par_1_14' title="bbox 668 1459 2249 1536">
     <span class='ocr_line' id='line_1_14' title="bbox 668 1459 2249 1536; baseline -0.003 -19"><span class='ocrx_word' id='word_1_99' title='bbox 668 1465 780 1536; x_wconf 85' lang='lat'>7&amp;9</span> <span class='ocrx_word' id='word_1_100' title='bbox 811 1464 1028 1534; x_wconf 83' lang='grc' dir='ltr'>θανάτῳ</span> <span class='ocrx_word' id='word_1_101' title='bbox 1051 1463 1430 1532; x_wconf 79' lang='grc' dir='ltr'>διαζεύγνυται</span> <span class='ocrx_word' id='word_1_102' title='bbox 1456 1463 1550 1516; x_wconf 81' lang='grc' dir='ltr'>τοῦ</span> <span class='ocrx_word' id='word_1_103' title='bbox 1581 1462 1940 1533; x_wconf 78' lang='grc' dir='ltr'>κεκτημένου,</span> <span class='ocrx_word' id='word_1_104' title='bbox 1971 1460 2108 1515; x_wconf 85' lang='grc' dir='ltr'>ἀλλά</span> <span class='ocrx_word' id='word_1_105' title='bbox 2130 1459 2249 1512; x_wconf 91' lang='grc' dir='ltr'>τότε</span> 
     </span>
    </p>
   </div>
   <div class='ocr_carea' id='block_1_15' title="bbox 673 1550 2250 1627">
    <p class='ocr_par' dir='ltr' id='par_1_15' title="bbox 673 1550 2250 1627">
     <span class='ocr_line' id='line_1_15' title="bbox 673 1550 2250 1627; baseline -0.003 -20"><span class='ocrx_word' id='word_1_106' title='bbox 673 1556 908 1627; x_wconf 84' lang='grc' dir='ltr'>μάλιστα</span> <span class='ocrx_word' id='word_1_107' title='bbox 953 1555 1334 1626; x_wconf 82' lang='grc' dir='ltr'>ἀσφαλεστέρα</span> <span class='ocrx_word' id='word_1_108' title='bbox 1381 1556 1414 1624; x_wconf 82' lang='grc' dir='ltr'>ή</span> <span class='ocrx_word' id='word_1_109' title='bbox 1467 1553 1660 1624; x_wconf 81' lang='grc' dir='ltr'>κτῆσις</span> <span class='ocrx_word' id='word_1_110' title='bbox 1703 1552 1866 1606; x_wconf 82' lang='grc' dir='ltr'>αὐτοῦ</span> <span class='ocrx_word' id='word_1_111' title='bbox 1913 1554 2027 1613; x_wconf 90' lang='grc' dir='ltr'>τοῖς</span> <span class='ocrx_word' id='word_1_112' title='bbox 2067 1550 2250 1621; x_wconf 72' lang='grc' dir='ltr'>ἔχουσι</span> 
     </span>
    </p>
   </div>
   <div class='ocr_carea' id='block_1_16' title="bbox 671 1638 2250 1714">
    <p class='ocr_par' dir='ltr' id='par_1_16' title="bbox 671 1638 2250 1714">
     <span class='ocr_line' id='line_1_16' title="bbox 671 1638 2250 1714; baseline -0.003 -18"><span class='ocrx_word' id='word_1_113' title='bbox 671 1645 898 1712; x_wconf 83' lang='grc' dir='ltr'>γίνεται,</span> <span class='ocrx_word' id='word_1_114' title='bbox 928 1644 1022 1697; x_wconf 78' lang='grc' dir='ltr'>καὶ</span> <span class='ocrx_word' id='word_1_115' title='bbox 1064 1643 1453 1714; x_wconf 84' lang='grc' dir='ltr'>συναποδημεῖ,</span> <span class='ocrx_word' id='word_1_116' title='bbox 1489 1642 1581 1696; x_wconf 70' lang='grc' dir='ltr'>καὶ</span> <span class='ocrx_word' id='word_1_117' title='bbox 1629 1639 2060 1712; x_wconf 84' lang='grc' dir='ltr'>συμμεθίσταται</span> <span class='ocrx_word' id='word_1_118' title='bbox 2114 1638 2250 1710; x_wconf 74' lang='grc' dir='ltr'>πρὸς</span> 
     </span>
    </p>
   </div>
   <div class='ocr_carea' id='block_1_17' title="bbox 670 1729 2253 1807">
    <p class='ocr_par' dir='ltr' id='par_1_17' title="bbox 670 1729 2253 1807">
     <span class='ocr_line' id='line_1_17' title="bbox 670 1729 2253 1807; baseline -0.004 -20"><span class='ocrx_word' id='word_1_119' title='bbox 670 1734 770 1807; x_wconf 77' lang='grc' dir='ltr'>τὴν</span> <span class='ocrx_word' id='word_1_120' title='bbox 802 1734 1095 1806; x_wconf 87' lang='grc' dir='ltr'>μέλλουσαν</span> <span class='ocrx_word' id='word_1_121' title='bbox 1126 1733 1288 1806; x_wconf 77' lang='grc' dir='ltr'>ζωήν,</span> <span class='ocrx_word' id='word_1_122' title='bbox 1317 1734 1409 1787; x_wconf 71' lang='grc' dir='ltr'>καὶ</span> <span class='ocrx_word' id='word_1_123' title='bbox 1452 1733 1748 1804; x_wconf 78' lang='grc' dir='ltr'>συνήγορος</span> <span class='ocrx_word' id='word_1_124' title='bbox 1781 1731 1992 1799; x_wconf 80' lang='grc' dir='ltr'>γίνεται</span> <span class='ocrx_word' id='word_1_125' title='bbox 2040 1729 2253 1800; x_wconf 87' lang='grc' dir='ltr'>θαυμα-</span> 
     </span>
    </p>
   </div>
   <div class='ocr_carea' id='block_1_18' title="bbox 673 1819 2252 1895">
    <p class='ocr_par' dir='ltr' id='par_1_18' title="bbox 673 1819 2252 1895">
     <span class='ocr_line' id='line_1_18' title="bbox 673 1819 2252 1895; baseline -0.003 -17"><span class='ocrx_word' id='word_1_126' title='bbox 673 1826 817 1889; x_wconf 81' lang='grc' dir='ltr'>στὸς,</span> <span class='ocrx_word' id='word_1_127' title='bbox 847 1820 928 1889; x_wconf 72' lang='grc' dir='ltr'>οἷς</span> <span class='ocrx_word' id='word_1_128' title='bbox 974 1825 1039 1879; x_wconf 80' lang='grc' dir='ltr'>ἂν</span> <span class='ocrx_word' id='word_1_129' title='bbox 1082 1826 1199 1877; x_wconf 86' lang='grc' dir='ltr'>ἐκεῖ</span> <span class='ocrx_word' id='word_1_130' title='bbox 1241 1823 1582 1895; x_wconf 79' lang='grc' dir='ltr'>συναπέλθῃ,</span> <span class='ocrx_word' id='word_1_131' title='bbox 1615 1823 1710 1877; x_wconf 72' lang='grc' dir='ltr'>καὶ</span> <span class='ocrx_word' id='word_1_132' title='bbox 1757 1823 1884 1876; x_wconf 82' lang='grc' dir='ltr'>ἵλεω</span> <span class='ocrx_word' id='word_1_133' title='bbox 1931 1819 2252 1892; x_wconf 85' lang='grc' dir='ltr'>καθίστησιν</span> 
     </span>
    </p>
   </div>
   <div class='ocr_carea' id='block_1_19' title="bbox 672 1915 1314 1980">
    <p class='ocr_par' dir='ltr' id='par_1_19' title="bbox 672 1915 1314 1980">
     <span class='ocr_line' id='line_1_19' title="bbox 672 1915 1314 1980; baseline -0.002 -10"><span class='ocrx_word' id='word_1_134' title='bbox 672 1918 855 1978; x_wconf 78' lang='grc' dir='ltr'>αὐτοῖς</span> <span class='ocrx_word' id='word_1_135' title='bbox 887 1916 978 1969; x_wconf 73' lang='grc' dir='ltr'>τὸν</span> <span class='ocrx_word' id='word_1_136' title='bbox 1005 1915 1314 1980; x_wconf 78' lang='grc' dir='ltr'>δικάζοντα.</span> 
     </span>
    </p>
   </div>
   <div class='ocr_carea' id='block_1_20' title="bbox 741 1998 2252 2075">
    <p class='ocr_par' dir='ltr' id='par_1_20' title="bbox 741 1998 2252 2075">
     <span class='ocr_line' id='line_1_20' title="bbox 741 1998 2252 2075; baseline -0.004 -16"><span class='ocrx_word' id='word_1_137' title='bbox 741 2007 944 2059; x_wconf 83' lang='grc' dir='ltr'>Τοῦτον</span> <span class='ocrx_word' id='word_1_138' title='bbox 977 2007 1069 2060; x_wconf 69' lang='grc' dir='ltr'>καὶ⁵</span> <span class='ocrx_word' id='word_1_139' title='bbox 1099 2007 1259 2075; x_wconf 81' lang='grc' dir='ltr'>ἡμεῖς</span> <span class='ocrx_word' id='word_1_140' title='bbox 1301 2006 1394 2058; x_wconf 81' lang='grc' dir='ltr'>τὸν</span> <span class='ocrx_word' id='word_1_141' title='bbox 1437 2003 1666 2058; x_wconf 82' lang='grc' dir='ltr'>πλοῦτον</span> <span class='ocrx_word' id='word_1_142' title='bbox 1717 2002 1856 2074; x_wconf 82' lang='grc' dir='ltr'>μετὰ</span> <span class='ocrx_word' id='word_1_143' title='bbox 1908 1998 2110 2070; x_wconf 82' lang='grc' dir='ltr'>πολλῆς</span> <span class='ocrx_word' id='word_1_144' title='bbox 2154 2001 2252 2070; x_wconf 81' lang='grc' dir='ltr'>τῆς</span> 
     </span>
    </p>
   </div>
   <div class='ocr_carea' id='block_1_21' title="bbox 669 2089 2254 2166">
    <p class='ocr_par' dir='ltr' id='par_1_21' title="bbox 669 2089 2254 2166">
     <span class='ocr_line' id='line_1_21' title="bbox 669 2089 2254 2166; baseline -0.006 -17"><span class='ocrx_word' id='word_1_145' title='bbox 669 2094 950 2165; x_wconf 76' lang='grc' dir='ltr'>δαψιλείας</span> <span class='ocrx_word' id='word_1_146' title='bbox 1006 2094 1317 2166; x_wconf 79' lang='grc' dir='ltr'>εὑρήκαμεν</span> <span class='ocrx_word' id='word_1_147' title='bbox 1365 2094 1423 2145; x_wconf 90' lang='grc' dir='ltr'>ἐν</span> <span class='ocrx_word' id='word_1_148' title='bbox 1467 2094 1533 2162; x_wconf 76' lang='grc' dir='ltr'>τῇ</span> <span class='ocrx_word' id='word_1_149' title='bbox 1571 2090 1665 2144; x_wconf 89' lang='lat'>105</span> <span class='ocrx_word' id='word_1_150' title='bbox 1713 2089 2085 2160; x_wconf 79' lang='grc' dir='ltr'>παραλυτικοῦ</span> <span class='ocrx_word' id='word_1_151' title='bbox 2127 2105 2254 2142; x_wconf 84' lang='grc' dir='ltr'>κατ-</span> 
     </span>
    </p>
   </div>
   <div class='ocr_carea' id='block_1_22' title="bbox 669 2175 2252 2254">
    <p class='ocr_par' dir='ltr' id='par_1_22' title="bbox 669 2175 2252 2254">
     <span class='ocr_line' id='line_1_22' title="bbox 669 2175 2252 2254; baseline -0.004 -19"><span class='ocrx_word' id='word_1_152' title='bbox 669 2180 1053 2254; x_wconf 79' lang='grc' dir='ltr'>ορωρυγμένον</span> <span class='ocrx_word' id='word_1_153' title='bbox 1107 2179 1274 2250; x_wconf 77' lang='grc' dir='ltr'>ψυχῇ.</span> <span class='ocrx_word' id='word_1_154' title='bbox 1324 2178 1434 2232; x_wconf 82' lang='grc' dir='ltr'>Καὶ</span> <span class='ocrx_word' id='word_1_155' title='bbox 1478 2179 1755 2250; x_wconf 89' lang='grc' dir='ltr'>μάρτυρες</span> <span class='ocrx_word' id='word_1_156' title='bbox 1805 2178 1963 2249; x_wconf 83' lang='grc' dir='ltr'>ὑμεῖς</span> <span class='ocrx_word' id='word_1_157' title='bbox 2007 2177 2057 2229; x_wconf 90' lang='grc' dir='ltr'>οί</span> <span class='ocrx_word' id='word_1_158' title='bbox 2113 2175 2252 2245; x_wconf 84' lang='grc' dir='ltr'>μετά</span> 
     </span>
    </p>
   </div>
   <div class='ocr_carea' id='block_1_23' title="bbox 671 2268 2251 2344">
    <p class='ocr_par' dir='ltr' id='par_1_23' title="bbox 671 2268 2251 2344">
     <span class='ocr_line' id='line_1_23' title="bbox 671 2268 2251 2344; baseline -0.005 -17"><span class='ocrx_word' id='word_1_159' title='bbox 671 2273 874 2344; x_wconf 81' lang='grc' dir='ltr'>πολλῆς</span> <span class='ocrx_word' id='word_1_160' title='bbox 907 2272 1069 2326; x_wconf 80' lang='grc' dir='ltr'>αὐτὸν</span> <span class='ocrx_word' id='word_1_161' title='bbox 1101 2270 1524 2339; x_wconf 81' lang='grc' dir='ltr'>ἐξαντλήσαντες</span> <span class='ocrx_word' id='word_1_162' title='bbox 1556 2271 1655 2340; x_wconf 81' lang='grc' dir='ltr'>τῆς</span> <span class='ocrx_word' id='word_1_163' title='bbox 1701 2268 2030 2339; x_wconf 83' lang='grc' dir='ltr'>προθυμίας,</span> <span class='ocrx_word' id='word_1_164' title='bbox 2061 2269 2123 2320; x_wconf 89' lang='grc' dir='ltr'>οὐ</span> <span class='ocrx_word' id='word_1_165' title='bbox 2162 2283 2251 2320; x_wconf 90' lang='grc' dir='ltr'>κε-</span> 
     </span>
    </p>
   </div>
   <div class='ocr_carea' id='block_1_24' title="bbox 671 2350 2249 2429">
    <p class='ocr_par' dir='ltr' id='par_1_24' title="bbox 671 2350 2249 2429">
     <span class='ocr_line' id='line_1_24' title="bbox 671 2350 2249 2429; baseline -0.007 -13"><span class='ocrx_word' id='word_1_166' title='bbox 671 2361 943 2422; x_wconf 85' lang='grc' dir='ltr'>νώσαντες</span> <span class='ocrx_word' id='word_1_167' title='bbox 969 2360 1047 2413; x_wconf 83' lang='grc' dir='ltr'>δέ.</span> <span class='ocrx_word' id='word_1_168' title='bbox 1078 2358 1313 2428; x_wconf 84' lang='grc' dir='ltr'>Τοιαύτη</span> <span class='ocrx_word' id='word_1_169' title='bbox 1347 2357 1454 2429; x_wconf 86' lang='grc' dir='ltr'>γὰρ</span> <span class='ocrx_word' id='word_1_170' title='bbox 1487 2359 1521 2426; x_wconf 90' lang='grc' dir='ltr'>ή</span> <span class='ocrx_word' id='word_1_171' title='bbox 1556 2356 1648 2409; x_wconf 87' lang='lat'>105</span> <span class='ocrx_word' id='word_1_172' title='bbox 1685 2353 2052 2426; x_wconf 88' lang='grc' dir='ltr'>πνευματικοῦ</span> <span class='ocrx_word' id='word_1_173' title='bbox 2085 2350 2249 2405; x_wconf 83' lang='grc' dir='ltr'>πλού-</span> 
     </span>
    </p>
   </div>
   <div class='ocr_carea' id='block_1_25' title="bbox 671 2443 2251 2522">
    <p class='ocr_par' dir='ltr' id='par_1_25' title="bbox 671 2443 2251 2522">
     <span class='ocr_line' id='line_1_25' title="bbox 671 2443 2251 2522; baseline -0.009 -14"><span class='ocrx_word' id='word_1_174' title='bbox 671 2472 766 2508; x_wconf 82' lang='grc' dir='ltr'>του</span> <span class='ocrx_word' id='word_1_175' title='bbox 793 2453 954 2522; x_wconf 81' lang='grc' dir='ltr'>φύσις</span> <span class='ocrx_word' id='word_1_176' title='bbox 977 2468 991 2483; x_wconf 88' lang='grc'><strong>·</strong></span> <span class='ocrx_word' id='word_1_177' title='bbox 1015 2449 1113 2513; x_wconf 89' lang='grc' dir='ltr'>τάς</span> <span class='ocrx_word' id='word_1_178' title='bbox 1141 2447 1249 2502; x_wconf 91' lang='grc' dir='ltr'>τῶν</span> <span class='ocrx_word' id='word_1_179' title='bbox 1278 2449 1483 2502; x_wconf 85' lang='grc' dir='ltr'>ὑδάτων</span> <span class='ocrx_word' id='word_1_180' title='bbox 1513 2445 1796 2517; x_wconf 76' lang='grc' dir='ltr'>ἐπιρροίας</span> <span class='ocrx_word' id='word_1_181' title='bbox 1822 2447 2087 2516; x_wconf 80' lang='grc' dir='ltr'>μιμεῖται,</span> <span class='ocrx_word' id='word_1_182' title='bbox 2117 2443 2251 2514; x_wconf 78' lang='grc' dir='ltr'>μᾶλ-</span> 
     </span>
    </p>
   </div>
   <div class='ocr_carea' id='block_1_26' title="bbox 671 2533 2249 2608">
    <p class='ocr_par' dir='ltr' id='par_1_26' title="bbox 671 2533 2249 2608">
     <span class='ocr_line' id='line_1_26' title="bbox 671 2533 2249 2608; baseline -0.008 -9"><span class='ocrx_word' id='word_1_183' title='bbox 671 2547 763 2599; x_wconf 90' lang='grc' dir='ltr'>λον</span> <span class='ocrx_word' id='word_1_184' title='bbox 807 2544 862 2597; x_wconf 87' lang='grc' dir='ltr'>δὲ</span> <span class='ocrx_word' id='word_1_185' title='bbox 897 2545 994 2597; x_wconf 80' lang='grc' dir='ltr'>καὶ</span> <span class='ocrx_word' id='word_1_186' title='bbox 1022 2541 1246 2594; x_wconf 76' lang='grc' dir='ltr'>ἐκείνων</span> <span class='ocrx_word' id='word_1_187' title='bbox 1275 2541 1400 2608; x_wconf 79' lang='grc' dir='ltr'>νικᾷ</span> <span class='ocrx_word' id='word_1_188' title='bbox 1426 2538 1525 2607; x_wconf 79' lang='grc' dir='ltr'>τὴν</span> <span class='ocrx_word' id='word_1_189' title='bbox 1566 2537 1846 2606; x_wconf 81' lang='grc' dir='ltr'>ἀφθονίαν,</span> <span class='ocrx_word' id='word_1_190' title='bbox 1877 2536 1996 2588; x_wconf 90' lang='grc' dir='ltr'>τότε</span> <span class='ocrx_word' id='word_1_191' title='bbox 2024 2533 2249 2588; x_wconf 75' lang='grc' dir='ltr'>πλεονάο</span> 
     </span>
    </p>
   </div>
   <div class='ocr_carea' id='block_1_27' title="bbox 671 2625 2251 2702">
    <p class='ocr_par' dir='ltr' id='par_1_27' title="bbox 671 2625 2251 2702">
     <span class='ocr_line' id='line_1_27' title="bbox 671 2625 2251 2702; baseline -0.006 -15"><span class='ocrx_word' id='word_1_192' title='bbox 671 2635 841 2698; x_wconf 74' lang='grc' dir='ltr'>ζουσα</span> <span class='ocrx_word' id='word_1_193' title='bbox 895 2631 1115 2702; x_wconf 79' lang='grc' dir='ltr'>μᾶλλον,</span> <span class='ocrx_word' id='word_1_194' title='bbox 1151 2629 1278 2682; x_wconf 84' lang='grc' dir='ltr'>ὅταν</span> <span class='ocrx_word' id='word_1_195' title='bbox 1326 2627 1554 2690; x_wconf 78' lang='grc' dir='ltr'>πολλοὺς</span> <span class='ocrx_word' id='word_1_196' title='bbox 1601 2626 1699 2698; x_wconf 78' lang='grc' dir='ltr'>ἔχῃ</span> <span class='ocrx_word' id='word_1_197' title='bbox 1745 2627 1870 2689; x_wconf 79' lang='grc' dir='ltr'>τοὺς</span> <span class='ocrx_word' id='word_1_198' title='bbox 1918 2625 2251 2696; x_wconf 89' lang='grc' dir='ltr'>ἀρυομένους</span> 
     </span>
    </p>
   </div>
   <div class='ocr_carea' id='block_1_28' title="bbox 670 2716 2251 2795">
    <p class='ocr_par' dir='ltr' id='par_1_28' title="bbox 670 2716 2251 2795">
     <span class='ocr_line' id='line_1_28' title="bbox 670 2716 2251 2795; baseline -0.006 -17"><span class='ocrx_word' id='word_1_199' title='bbox 670 2726 861 2795; x_wconf 87' lang='grc' dir='ltr'>αὐτήν.</span> <span class='ocrx_word' id='word_1_200' title='bbox 899 2724 989 2785; x_wconf 78' lang='lat' dir='ltr'>El;</span> <span class='ocrx_word' id='word_1_201' title='bbox 1016 2721 1125 2793; x_wconf 91' lang='lat'>7&amp;9</span> <span class='ocrx_word' id='word_1_202' title='bbox 1159 2719 1256 2791; x_wconf 81' lang='grc' dir='ltr'>τὴν</span> <span class='ocrx_word' id='word_1_203' title='bbox 1295 2721 1523 2774; x_wconf 79' lang='grc' dir='ltr'>ἑκάστου</span> <span class='ocrx_word' id='word_1_204' title='bbox 1549 2716 1723 2788; x_wconf 77' lang='grc' dir='ltr'>ψυχὴν</span> <span class='ocrx_word' id='word_1_205' title='bbox 1761 2717 1962 2780; x_wconf 88' lang='grc' dir='ltr'>είσιὼν,</span> <span class='ocrx_word' id='word_1_206' title='bbox 2005 2718 2065 2770; x_wconf 89' lang='grc' dir='ltr'>οὐ</span> <span class='ocrx_word' id='word_1_207' title='bbox 2097 2717 2251 2787; x_wconf 88' lang='grc' dir='ltr'>μερί-</span> 
     </span>
    </p>
   </div>
   <div class='ocr_carea' id='block_1_29' title="bbox 670 2805 2250 2880">
    <p class='ocr_par' dir='ltr' id='par_1_29' title="bbox 670 2805 2250 2880">
     <span class='ocr_line' id='line_1_29' title="bbox 670 2805 2250 2880; baseline -0.004 -14"><span class='ocrx_word' id='word_1_208' title='bbox 670 2814 842 2880; x_wconf 73' lang='grc' dir='ltr'>ζεται,</span> <span class='ocrx_word' id='word_1_209' title='bbox 875 2813 994 2866; x_wconf 84' lang='grc' dir='ltr'>οὐδέ</span> <span class='ocrx_word' id='word_1_210' title='bbox 1023 2813 1356 2875; x_wconf 71' lang='grc' dir='ltr'>ἐλαττοῦται,</span> <span class='ocrx_word' id='word_1_211' title='bbox 1379 2810 1494 2863; x_wconf 78' lang='grc' dir='ltr'>ἀλλ’</span> <span class='ocrx_word' id='word_1_212' title='bbox 1510 2809 1800 2880; x_wconf 83' lang='grc' dir='ltr'>ὁλόκληρος</span> <span class='ocrx_word' id='word_1_213' title='bbox 1830 2805 2044 2877; x_wconf 76' lang='grc' dir='ltr'>ἑκάστῳ</span> <span class='ocrx_word' id='word_1_214' title='bbox 2071 2825 2250 2878; x_wconf 83' lang='grc' dir='ltr'>παρα-</span> 
     </span>
    </p>
   </div>
   <div class='ocr_carea' id='block_1_30' title="bbox 669 2897 2251 2974">
    <p class='ocr_par' dir='ltr' id='par_1_30' title="bbox 669 2897 2251 2974">
     <span class='ocr_line' id='line_1_30' title="bbox 669 2897 2251 2974; baseline -0.005 -18"><span class='ocrx_word' id='word_1_215' title='bbox 669 2903 954 2974; x_wconf 79' lang='grc' dir='ltr'>γινόμενος</span> <span class='ocrx_word' id='word_1_216' title='bbox 985 2901 1256 2963; x_wconf 81' lang='grc' dir='ltr'>ἀνάλωτος</span> <span class='ocrx_word' id='word_1_217' title='bbox 1283 2899 1431 2970; x_wconf 85' lang='grc' dir='ltr'>μένει</span> <span class='ocrx_word' id='word_1_218' title='bbox 1453 2898 1735 2970; x_wconf 88' lang='grc' dir='ltr'>διηνεκῶς,</span> <span class='ocrx_word' id='word_1_219' title='bbox 1766 2898 2018 2974; x_wconf 77' lang='grc' dir='ltr'>οὐδέποτε</span> <span class='ocrx_word' id='word_1_220' title='bbox 2049 2897 2251 2950; x_wconf 87' lang='grc' dir='ltr'>ἐπιλεί-</span> 
     </span>
    </p>
   </div>
   <div class='ocr_carea' id='block_1_31' title="bbox 671 2969 2250 3061">
    <p class='ocr_par' dir='ltr' id='par_1_31' title="bbox 671 2969 2250 3061">
     <span class='ocr_line' id='line_1_31' title="bbox 671 2969 2250 3061; baseline -0.004 -15"><span class='ocrx_word' id='word_1_221' title='bbox 671 2969 807 3047; x_wconf 72' lang='grc' dir='ltr'>πειν</span> <span class='ocrx_word' id='word_1_222' title='bbox 824 2991 1120 3061; x_wconf 86' lang='grc' dir='ltr'>δυνάμενος</span> <span class='ocrx_word' id='word_1_223' title='bbox 1141 3006 1155 3020; x_wconf 71' lang='grc' dir='ltr'><strong><em>ο</em></strong></span> <span class='ocrx_word' id='word_1_224' title='bbox 1192 2989 1220 3042; x_wconf 84' lang='grc' dir='ltr'><strong>ὃ</strong></span> <span class='ocrx_word' id='word_1_225' title='bbox 1247 2969 1310 3059; x_wconf 71' lang='grc' dir='ltr'><strong>δὴ</strong></span> <span class='ocrx_word' id='word_1_226' title='bbox 1356 2988 1451 3042; x_wconf 78' lang='grc' dir='ltr'>καὶ</span> <span class='ocrx_word' id='word_1_227' title='bbox 1483 2969 1602 3042; x_wconf 83' lang='grc' dir='ltr'>τότε</span> <span class='ocrx_word' id='word_1_228' title='bbox 1639 2969 1939 3041; x_wconf 70' lang='grc' dir='ltr'>συνέδαινε.</span> <span class='ocrx_word' id='word_1_229' title='bbox 1968 2987 2250 3040; x_wconf 90' lang='grc' dir='ltr'>Τοσούτων</span> 
     </span>
    </p>
   </div>
   <div class='ocr_carea' id='block_1_32' title="bbox 669 3078 2250 3155">
    <p class='ocr_par' dir='ltr' id='par_1_32' title="bbox 669 3078 2250 3155">
     <span class='ocr_line' id='line_1_32' title="bbox 669 3078 2250 3155; baseline -0.004 -18"><span class='ocrx_word' id='word_1_230' title='bbox 669 3085 778 3155; x_wconf 88' lang='lat'>7&amp;9</span> <span class='ocrx_word' id='word_1_231' title='bbox 816 3082 1182 3136; x_wconf 81' lang='grc' dir='ltr'>ἐπιπεσόντων</span> <span class='ocrx_word' id='word_1_232' title='bbox 1218 3079 1296 3151; x_wconf 85' lang='grc' dir='ltr'>τῷ</span> <span class='ocrx_word' id='word_1_233' title='bbox 1327 3079 1604 3151; x_wconf 80' lang='grc' dir='ltr'>θησαυρῷ,</span> <span class='ocrx_word' id='word_1_234' title='bbox 1641 3081 1733 3133; x_wconf 74' lang='grc' dir='ltr'>καὶ</span> <span class='ocrx_word' id='word_1_235' title='bbox 1762 3079 1980 3133; x_wconf 87' lang='grc' dir='ltr'>πάντων</span> <span class='ocrx_word' id='word_1_236' title='bbox 2008 3078 2077 3132; x_wconf 90' lang='grc' dir='ltr'>τά</span> <span class='ocrx_word' id='word_1_237' title='bbox 2109 3078 2250 3132; x_wconf 87' lang='grc' dir='ltr'>κατά</span> 
     </span>
    </p>
   </div>
   <div class='ocr_carea' id='block_1_33' title="bbox 669 3171 2245 3246">
    <p class='ocr_par' dir='ltr' id='par_1_33' title="bbox 669 3171 2245 3246">
     <span class='ocr_line' id='line_1_33' title="bbox 669 3171 2245 3246; baseline -0.003 -18"><span class='ocrx_word' id='word_1_238' title='bbox 669 3176 898 3246; x_wconf 89' lang='grc' dir='ltr'>δύναμιν</span> <span class='ocrx_word' id='word_1_239' title='bbox 919 3171 1233 3243; x_wconf 76' lang='grc' dir='ltr'>ἀρυομένων</span> <span class='ocrx_word' id='word_1_240' title='bbox 1258 3172 1465 3225; x_wconf 86' lang='grc' dir='ltr'>ἐκεῖθεν</span> <span class='ocrx_word' id='word_1_241' title='bbox 1486 3188 1500 3202; x_wconf 90' lang='grc'><strong>·</strong></span> <span class='ocrx_word' id='word_1_242' title='bbox 1535 3172 1628 3225; x_wconf 78' lang='grc' dir='ltr'>καὶ</span> <span class='ocrx_word' id='word_1_243' title='bbox 1656 3171 1708 3224; x_wconf 87' lang='grc' dir='ltr'>τί</span> <span class='ocrx_word' id='word_1_244' title='bbox 1736 3171 1879 3239; x_wconf 88' lang='grc' dir='ltr'>λέγω</span> <span class='ocrx_word' id='word_1_245' title='bbox 1907 3172 2035 3243; x_wconf 78' lang='grc' dir='ltr'>περὶ</span> <span class='ocrx_word' id='word_1_246' title='bbox 2070 3172 2245 3240; x_wconf 88' lang='grc' dir='ltr'>ὑμῶν,</span> 
     </span>
    </p>
   </div>
   <div class='ocr_carea' id='block_1_34' title="bbox 667 3258 2248 3332">
    <p class='ocr_par' dir='ltr' id='par_1_34' title="bbox 667 3258 2248 3332">
     <span class='ocr_line' id='line_1_34' title="bbox 667 3258 2248 3332; baseline -0.005 -13"><span class='ocrx_word' id='word_1_247' title='bbox 667 3265 803 3320; x_wconf 77' lang='grc' dir='ltr'>ὅπου</span> <span class='ocrx_word' id='word_1_248' title='bbox 833 3278 894 3332; x_wconf 91' lang='grc' dir='ltr'>γε</span> <span class='ocrx_word' id='word_1_249' title='bbox 931 3263 989 3328; x_wconf 78' lang='grc' dir='ltr'>ἐξ</span> <span class='ocrx_word' id='word_1_250' title='bbox 1030 3260 1238 3314; x_wconf 90' lang='grc' dir='ltr'>ἐκείνου</span> <span class='ocrx_word' id='word_1_251' title='bbox 1267 3259 1358 3313; x_wconf 93' lang='lat'>105</span> <span class='ocrx_word' id='word_1_252' title='bbox 1407 3259 1595 3331; x_wconf 88' lang='grc' dir='ltr'>χρόνου</span> <span class='ocrx_word' id='word_1_253' title='bbox 1634 3259 1794 3330; x_wconf 83' lang='grc' dir='ltr'>μέχρι</span> <span class='ocrx_word' id='word_1_254' title='bbox 1839 3259 1938 3330; x_wconf 86' lang='grc' dir='ltr'>τῆς</span> <span class='ocrx_word' id='word_1_255' title='bbox 1969 3258 2248 3330; x_wconf 84' lang='grc' dir='ltr'>παρούσης</span> 
     </span>
    </p>
   </div>
   <div class='ocr_carea' id='block_1_35' title="bbox 668 3352 2248 3429">
    <p class='ocr_par' dir='ltr' id='par_1_35' title="bbox 668 3352 2248 3429">
     <span class='ocr_line' id='line_1_35' title="bbox 668 3352 2248 3429; baseline -0.003 -20"><span class='ocrx_word' id='word_1_256' title='bbox 668 3357 882 3429; x_wconf 70' lang='grc' dir='ltr'>ἡμέρας</span> <span class='ocrx_word' id='word_1_257' title='bbox 919 3355 1145 3428; x_wconf 89' lang='grc' dir='ltr'>μυρίους</span> <span class='ocrx_word' id='word_1_258' title='bbox 1174 3356 1406 3424; x_wconf 82' lang='grc' dir='ltr'>ποιήσας</span> <span class='ocrx_word' id='word_1_259' title='bbox 1445 3353 1730 3423; x_wconf 85' lang='grc' dir='ltr'>εὐπόρους.</span> <span class='ocrx_word' id='word_1_260' title='bbox 1778 3353 1872 3406; x_wconf 76' lang='grc' dir='ltr'>ἐπὶ</span> <span class='ocrx_word' id='word_1_261' title='bbox 1913 3353 2013 3423; x_wconf 83' lang='grc' dir='ltr'>τῆς</span> <span class='ocrx_word' id='word_1_262' title='bbox 2041 3352 2248 3415; x_wconf 79' lang='grc' dir='ltr'>οἰκείας</span> 
     </span>
    </p>
   </div>
   <div class='ocr_carea' id='block_1_36' title="bbox 667 3444 2249 3517">
    <p class='ocr_par' dir='ltr' id='par_1_36' title="bbox 667 3444 2249 3517">
     <span class='ocr_line' id='line_1_36' title="bbox 667 3444 2249 3517; baseline -0.003 -17"><span class='ocrx_word' id='word_1_263' title='bbox 667 3447 1002 3517; x_wconf 81' lang='grc' dir='ltr'>τελειότητος</span> <span class='ocrx_word' id='word_1_264' title='bbox 1038 3448 1219 3516; x_wconf 86' lang='grc' dir='ltr'>μένει;</span> <span class='ocrx_word' id='word_1_265' title='bbox 1251 3445 1342 3515; x_wconf 85' lang='grc' dir='ltr'><strong>Μὴ</strong></span> <span class='ocrx_word' id='word_1_266' title='bbox 1376 3445 1555 3499; x_wconf 88' lang='grc' dir='ltr'>τοίνυν</span> <span class='ocrx_word' id='word_1_267' title='bbox 1580 3445 1959 3515; x_wconf 84' lang='grc' dir='ltr'>ἀποκάμωμεν</span> <span class='ocrx_word' id='word_1_268' title='bbox 1986 3445 2122 3516; x_wconf 80' lang='grc' dir='ltr'>πρὸς</span> <span class='ocrx_word' id='word_1_269' title='bbox 2150 3444 2249 3514; x_wconf 82' lang='grc' dir='ltr'>τὴν</span> 
     </span>
    </p>
   </div>
   <div class='ocr_carea' id='block_1_37' title="bbox 672 3535 2248 3608">
    <p class='ocr_par' dir='ltr' id='par_1_37' title="bbox 672 3535 2248 3608">
     <span class='ocr_line' id='line_1_37' title="bbox 672 3535 2248 3608; baseline -0.002 -17"><span class='ocrx_word' id='word_1_270' title='bbox 672 3539 1049 3607; x_wconf 82' lang='grc' dir='ltr'>πνευματικὴν</span> <span class='ocrx_word' id='word_1_271' title='bbox 1073 3537 1274 3607; x_wconf 87' lang='grc' dir='ltr'>ταύτην</span> <span class='ocrx_word' id='word_1_272' title='bbox 1303 3537 1560 3608; x_wconf 76' lang='grc' dir='ltr'>εὐπορίαν</span> <span class='ocrx_word' id='word_1_273' title='bbox 1579 3552 1592 3568; x_wconf 78' lang='grc' dir='ltr'><strong>ο</strong></span> <span class='ocrx_word' id='word_1_274' title='bbox 1623 3535 1738 3589; x_wconf 84' lang='grc' dir='ltr'>ἀλλ’</span> <span class='ocrx_word' id='word_1_275' title='bbox 1760 3537 1884 3589; x_wconf 85' lang='grc' dir='ltr'>ὅσον</span> <span class='ocrx_word' id='word_1_276' title='bbox 1911 3535 2136 3589; x_wconf 85' lang='grc' dir='ltr'>δυνατὸν</span> <span class='ocrx_word' id='word_1_277' title='bbox 2155 3537 2248 3588; x_wconf 67' lang='grc' dir='ltr'>καὶ</span> 
     </span>
    </p>
   </div>
   <div class='ocr_carea' id='block_1_38' title="bbox 670 3622 2247 3696">
    <p class='ocr_par' dir='ltr' id='par_1_38' title="bbox 670 3622 2247 3696">
     <span class='ocr_line' id='line_1_38' title="bbox 670 3622 2247 3696; baseline -0.002 -16"><span class='ocrx_word' id='word_1_278' title='bbox 670 3625 766 3683; x_wconf 78' lang='grc' dir='ltr'>νῦν</span> <span class='ocrx_word' id='word_1_279' title='bbox 809 3625 1242 3695; x_wconf 77' lang='grc' dir='ltr'>ἐξαντλήσωμεν,</span> <span class='ocrx_word' id='word_1_280' title='bbox 1278 3625 1372 3678; x_wconf 71' lang='grc' dir='ltr'>καὶ</span> <span class='ocrx_word' id='word_1_281' title='bbox 1407 3625 1607 3696; x_wconf 76' lang='grc' dir='ltr'>ἴδωμεν</span> <span class='ocrx_word' id='word_1_282' title='bbox 1638 3622 2016 3696; x_wconf 83' lang='grc' dir='ltr'>φιλάνθρωπον</span> <span class='ocrx_word' id='word_1_283' title='bbox 2045 3625 2247 3678; x_wconf 86' lang='grc' dir='ltr'>Δεσπό-</span> 
     </span>
    </p>
   </div>
   <div class='ocr_carea' id='block_1_39' title="bbox 668 3713 2248 3787">
    <p class='ocr_par' dir='ltr' id='par_1_39' title="bbox 668 3713 2248 3787">
     <span class='ocr_line' id='line_1_39' title="bbox 668 3713 2248 3787; baseline 0.001 -18"><span class='ocrx_word' id='word_1_284' title='bbox 668 3734 791 3787; x_wconf 88' lang='grc' dir='ltr'>την,</span> <span class='ocrx_word' id='word_1_285' title='bbox 823 3715 1020 3785; x_wconf 75' lang='grc' dir='ltr'>ἴδωμεν</span> <span class='ocrx_word' id='word_1_286' title='bbox 1049 3713 1376 3786; x_wconf 71' lang='grc' dir='ltr'>καρτερικὸν</span> <span class='ocrx_word' id='word_1_287' title='bbox 1406 3714 1644 3784; x_wconf 85' lang='grc' dir='ltr'>οίκὲτην.</span> <span class='ocrx_word' id='word_1_288' title='bbox 1671 3715 1974 3784; x_wconf 74' lang='grc' dir='ltr'>Τριάκοντα</span> <span class='ocrx_word' id='word_1_289' title='bbox 2000 3715 2130 3783; x_wconf 83' lang='grc' dir='ltr'>γοῦν</span> <span class='ocrx_word' id='word_1_290' title='bbox 2154 3722 2248 3770; x_wconf 81' lang='grc' dir='ltr'>καὶ</span> 
     </span>
    </p>
   </div>
   <div class='ocr_carea' id='block_1_40' title="bbox 670 3802 2247 3880">
    <p class='ocr_par' dir='ltr' id='par_1_40' title="bbox 670 3802 2247 3880">
     <span class='ocr_line' id='line_1_40' title="bbox 670 3802 2247 3880; baseline 0.001 -20"><span class='ocrx_word' id='word_1_291' title='bbox 670 3807 815 3860; x_wconf 80' lang='grc' dir='ltr'>ὀκτὼ</span> <span class='ocrx_word' id='word_1_292' title='bbox 843 3807 936 3877; x_wconf 80' lang='grc' dir='ltr'>ἐτη</span> <span class='ocrx_word' id='word_1_293' title='bbox 970 3807 1253 3877; x_wconf 69' lang='grc' dir='ltr'>ἀρρωστίᾳ</span> <span class='ocrx_word' id='word_1_294' title='bbox 1285 3807 1526 3860; x_wconf 88' lang='grc' dir='ltr'>παλαίων</span> <span class='ocrx_word' id='word_1_295' title='bbox 1559 3802 1763 3875; x_wconf 72' lang='grc' dir='ltr'>ἀνιάτῴ</span> <span class='ocrx_word' id='word_1_296' title='bbox 1788 3808 1882 3860; x_wconf 80' lang='grc' dir='ltr'>καὶ</span> <span class='ocrx_word' id='word_1_297' title='bbox 1919 3807 2247 3880; x_wconf 77' lang='grc' dir='ltr'>μαστιζομε-</span> 
     </span>
    </p>
   </div>
   <div class='ocr_carea' id='block_1_41' title="bbox 671 3897 2249 3970">
    <p class='ocr_par' dir='ltr' id='par_1_41' title="bbox 671 3897 2249 3970">
     <span class='ocr_line' id='line_1_41' title="bbox 671 3897 2249 3970; baseline 0.001 -18"><span class='ocrx_word' id='word_1_298' title='bbox 671 3917 760 3962; x_wconf 88' lang='grc' dir='ltr'>νος</span> <span class='ocrx_word' id='word_1_299' title='bbox 785 3898 1068 3970; x_wconf 87' lang='grc' dir='ltr'>διηνεκῶς,</span> <span class='ocrx_word' id='word_1_300' title='bbox 1090 3898 1189 3950; x_wconf 88' lang='grc' dir='ltr'>οὐκ</span> <span class='ocrx_word' id='word_1_301' title='bbox 1213 3897 1588 3968; x_wconf 74' lang='grc' dir='ltr'>ἐδυσχέρανεν,</span> <span class='ocrx_word' id='word_1_302' title='bbox 1623 3897 1722 3950; x_wconf 89' lang='grc' dir='ltr'>οὐκ</span> <span class='ocrx_word' id='word_1_303' title='bbox 1745 3898 1925 3968; x_wconf 82' lang='grc' dir='ltr'>ἀφῆκε</span> <span class='ocrx_word' id='word_1_304' title='bbox 1952 3902 2101 3969; x_wconf 75' lang='grc' dir='ltr'>ῥῆμα</span> <span class='ocrx_word' id='word_1_305' title='bbox 2123 3900 2249 3969; x_wconf 84' lang='grc' dir='ltr'>βλά-</span> 
     </span>
    </p>
   </div>
   <div class='ocr_carea' id='block_1_42' title="bbox 673 3987 2248 4062">
    <p class='ocr_par' dir='ltr' id='par_1_42' title="bbox 673 3987 2248 4062">
     <span class='ocr_line' id='line_1_42' title="bbox 673 3987 2248 4062; baseline -0.001 -18"><span class='ocrx_word' id='word_1_306' title='bbox 673 4007 906 4062; x_wconf 88' lang='grc' dir='ltr'>σφημον,</span> <span class='ocrx_word' id='word_1_307' title='bbox 941 3989 1000 4041; x_wconf 87' lang='grc' dir='ltr'>οὐ</span> <span class='ocrx_word' id='word_1_308' title='bbox 1037 3988 1382 4058; x_wconf 80' lang='grc' dir='ltr'>κατηγόρησε</span> <span class='ocrx_word' id='word_1_309' title='bbox 1418 3987 1512 4040; x_wconf 87' lang='lat'>105</span> <span class='ocrx_word' id='word_1_310' title='bbox 1542 3987 1920 4057; x_wconf 86' lang='grc' dir='ltr'>πεποιηκότος,</span> <span class='ocrx_word' id='word_1_311' title='bbox 1955 3989 2090 4043; x_wconf 87' lang='grc' dir='ltr'>ἀλλά</span> <span class='ocrx_word' id='word_1_312' title='bbox 2123 4008 2248 4058; x_wconf 85' lang='grc' dir='ltr'>γεν-</span> 
     </span>
    </p>
   </div>
   <div class='ocr_carea' id='block_1_43' title="bbox 671 4079 2249 4156">
    <p class='ocr_par' dir='ltr' id='par_1_43' title="bbox 671 4079 2249 4156">
     <span class='ocr_line' id='line_1_43' title="bbox 671 4079 2249 4156; baseline 0.006 -28"><span class='ocrx_word' id='word_1_313' title='bbox 671 4083 834 4145; x_wconf 79' lang='grc' dir='ltr'>ναίως</span> <span class='ocrx_word' id='word_1_314' title='bbox 865 4082 957 4141; x_wconf 72' lang='grc' dir='ltr'>καὶ</span> <span class='ocrx_word' id='word_1_315' title='bbox 987 4079 1121 4154; x_wconf 86' lang='grc' dir='ltr'>μετά</span> <span class='ocrx_word' id='word_1_316' title='bbox 1149 4079 1347 4149; x_wconf 76' lang='grc' dir='ltr'>πολλῆς</span> <span class='ocrx_word' id='word_1_317' title='bbox 1377 4079 1474 4150; x_wconf 81' lang='grc' dir='ltr'>τῆς</span> <span class='ocrx_word' id='word_1_318' title='bbox 1505 4079 1807 4143; x_wconf 73' lang='grc' dir='ltr'>ἐπιεικείας</span> <span class='ocrx_word' id='word_1_319' title='bbox 1835 4080 1934 4154; x_wconf 76' lang='grc' dir='ltr'>τὴν</span> <span class='ocrx_word' id='word_1_320' title='bbox 1967 4083 2249 4156; x_wconf 81' lang='grc' dir='ltr'>συμφορὰν</span> 
     </span>
    </p>
   </div>
   <div class='ocr_carea' id='block_1_44' title="bbox 673 4168 2251 4245">
    <p class='ocr_par' dir='ltr' id='par_1_44' title="bbox 673 4168 2251 4245">
     <span class='ocr_line' id='line_1_44' title="bbox 673 4168 2251 4245; baseline -0.001 -18"><span class='ocrx_word' id='word_1_321' title='bbox 673 4175 866 4245; x_wconf 74' lang='grc' dir='ltr'>ἔφερεν</span> <span class='ocrx_word' id='word_1_322' title='bbox 909 4170 1142 4240; x_wconf 86' lang='grc' dir='ltr'>ἐκείνην.</span> <span class='ocrx_word' id='word_1_323' title='bbox 1174 4171 1280 4222; x_wconf 57' lang='grc' dir='ltr'>Καί⁵</span> <span class='ocrx_word' id='word_1_324' title='bbox 1312 4169 1474 4223; x_wconf 90' lang='grc' dir='ltr'>πόθεν</span> <span class='ocrx_word' id='word_1_325' title='bbox 1504 4168 1664 4222; x_wconf 82' lang='grc' dir='ltr'>τοῦτο</span> <span class='ocrx_word' id='word_1_326' title='bbox 1703 4170 1896 4241; x_wconf 79' lang='grc' dir='ltr'>δῆλον;</span> <span class='ocrx_word' id='word_1_327' title='bbox 1937 4173 2099 4243; x_wconf 89' lang='grc' dir='ltr'>φησίν</span> <span class='ocrx_word' id='word_1_328' title='bbox 2120 4191 2133 4204; x_wconf 74' lang='grc' dir='ltr'>ο</span> <span class='ocrx_word' id='word_1_329' title='bbox 2159 4175 2251 4226; x_wconf 87' lang='grc' dir='ltr'>οὐ-</span> 
     </span>
    </p>
   </div>
   <div class='ocr_carea' id='block_1_45' title="bbox 669 4259 2250 4335">
    <p class='ocr_par' dir='ltr' id='par_1_45' title="bbox 669 4259 2250 4335">
     <span class='ocr_line' id='line_1_45' title="bbox 669 4259 2250 4335; baseline -0.008 -16"><span class='ocrx_word' id='word_1_330' title='bbox 669 4266 758 4319; x_wconf 87' lang='grc' dir='ltr'>δέν</span> <span class='ocrx_word' id='word_1_331' title='bbox 782 4264 887 4335; x_wconf 80' lang='grc' dir='ltr'>γὰρ</span> <span class='ocrx_word' id='word_1_332' title='bbox 913 4263 1040 4333; x_wconf 72' lang='grc' dir='ltr'>περὶ</span> <span class='ocrx_word' id='word_1_333' title='bbox 1071 4261 1169 4330; x_wconf 80' lang='grc' dir='ltr'>τῆς</span> <span class='ocrx_word' id='word_1_334' title='bbox 1190 4260 1300 4312; x_wconf 80' lang='grc' dir='ltr'>ἂνω</span> <span class='ocrx_word' id='word_1_335' title='bbox 1330 4259 1476 4330; x_wconf 77' lang='grc' dir='ltr'>ζωῆς</span> <span class='ocrx_word' id='word_1_336' title='bbox 1501 4261 1662 4318; x_wconf 80' lang='grc' dir='ltr'>αὐτοῦ</span> <span class='ocrx_word' id='word_1_337' title='bbox 1695 4262 1880 4334; x_wconf 84' lang='grc' dir='ltr'>σαφῶς</span> <span class='ocrx_word' id='word_1_338' title='bbox 1903 4266 1936 4334; x_wconf 74' lang='grc' dir='ltr'><strong>ἡ</strong></span> <span class='ocrx_word' id='word_1_339' title='bbox 1946 4265 2053 4334; x_wconf 81' lang='grc' dir='ltr'>μᾶς</span> <span class='ocrx_word' id='word_1_340' title='bbox 2076 4265 2250 4321; x_wconf 65' lang='grc' dir='ltr'>ἐδίδα-</span> 
     </span>
    </p>
   </div>
   <div class='ocr_carea' id='block_1_46' title="bbox 673 4352 2250 4430">
    <p class='ocr_par' dir='ltr' id='par_1_46' title="bbox 673 4352 2250 4430">
     <span class='ocr_line' id='line_1_46' title="bbox 673 4352 2250 4430; baseline 0.001 -24"><span class='ocrx_word' id='word_1_341' title='bbox 673 4358 762 4422; x_wconf 83' lang='grc' dir='ltr'>ξεν</span> <span class='ocrx_word' id='word_1_342' title='bbox 791 4357 825 4427; x_wconf 87' lang='grc' dir='ltr'>ή</span> <span class='ocrx_word' id='word_1_343' title='bbox 857 4354 1068 4427; x_wconf 79' lang='grc' dir='ltr'>Γραφὴ,</span> <span class='ocrx_word' id='word_1_344' title='bbox 1099 4353 1212 4405; x_wconf 88' lang='grc' dir='ltr'>ἀλλ’</span> <span class='ocrx_word' id='word_1_345' title='bbox 1243 4352 1323 4404; x_wconf 82' lang='grc' dir='ltr'>ὅτι</span> <span class='ocrx_word' id='word_1_346' title='bbox 1365 4352 1462 4422; x_wconf 85' lang='grc' dir='ltr'>μὲν</span> <span class='ocrx_word' id='word_1_347' title='bbox 1492 4354 1783 4423; x_wconf 88' lang='grc' dir='ltr'>τριάκοντα</span> <span class='ocrx_word' id='word_1_348' title='bbox 1813 4354 1956 4409; x_wconf 79' lang='grc' dir='ltr'>ὀκτὼ</span> <span class='ocrx_word' id='word_1_349' title='bbox 1983 4355 2078 4424; x_wconf 78' lang='grc' dir='ltr'>ἐτη</span> <span class='ocrx_word' id='word_1_350' title='bbox 2107 4352 2250 4430; x_wconf 82' lang='grc' dir='ltr'>εἶχεν</span> 
     </span>
    </p>
   </div>
   <div class='ocr_carea' id='block_1_47' title="bbox 669 4442 2248 4521">
    <p class='ocr_par' dir='ltr' id='par_1_47' title="bbox 669 4442 2248 4521">
     <span class='ocr_line' id='line_1_47' title="bbox 669 4442 2248 4521; baseline -0.003 -20"><span class='ocrx_word' id='word_1_351' title='bbox 669 4451 729 4502; x_wconf 82' lang='grc' dir='ltr'>ἐν</span> <span class='ocrx_word' id='word_1_352' title='bbox 774 4450 841 4519; x_wconf 80' lang='grc' dir='ltr'>τῇ</span> <span class='ocrx_word' id='word_1_353' title='bbox 888 4446 1139 4521; x_wconf 74' lang='grc' dir='ltr'>ἀσθενείᾳ</span> <span class='ocrx_word' id='word_1_354' title='bbox 1179 4442 1368 4508; x_wconf 78' lang='grc' dir='ltr'>αὐτοῦ,</span> <span class='ocrx_word' id='word_1_355' title='bbox 1398 4442 1555 4512; x_wconf 79' lang='grc' dir='ltr'>δῆλον</span> <span class='ocrx_word' id='word_1_356' title='bbox 1604 4444 1892 4514; x_wconf 80' lang='grc' dir='ltr'>ἐποίησεν·</span> <span class='ocrx_word' id='word_1_357' title='bbox 1928 4447 2008 4499; x_wconf 84' lang='grc' dir='ltr'>ὅτι</span> <span class='ocrx_word' id='word_1_358' title='bbox 2054 4448 2110 4500; x_wconf 83' lang='grc' dir='ltr'>δέ</span> <span class='ocrx_word' id='word_1_359' title='bbox 2150 4449 2248 4504; x_wconf 79' lang='grc' dir='ltr'>οὐκ</span> 
     </span>
    </p>
   </div>
   <div class='ocr_carea' id='block_1_48' title="bbox 670 4535 2246 4612">
    <p class='ocr_par' dir='ltr' id='par_1_48' title="bbox 670 4535 2246 4612">
     <span class='ocr_line' id='line_1_48' title="bbox 670 4535 2246 4612; baseline 0.001 -18"><span class='ocrx_word' id='word_1_360' title='bbox 670 4539 1045 4610; x_wconf 68' lang='grc' dir='ltr'>ἐδυσχέρανεν,</span> <span class='ocrx_word' id='word_1_361' title='bbox 1069 4535 1191 4590; x_wconf 81' lang='grc' dir='ltr'>οὐδὲ</span> <span class='ocrx_word' id='word_1_362' title='bbox 1217 4535 1614 4606; x_wconf 78' lang='grc' dir='ltr'>ἠγανάκτησεν,</span> <span class='ocrx_word' id='word_1_363' title='bbox 1649 4537 1769 4590; x_wconf 79' lang='grc' dir='ltr'>οὐδὲ</span> <span class='ocrx_word' id='word_1_364' title='bbox 1814 4539 2246 4612; x_wconf 85' lang='grc' dir='ltr'>ἀπεδυσπέτησε,</span> 
     </span>
    </p>
   </div>
   <div class='ocr_carea' id='block_1_49' title="bbox 670 4627 2320 4704">
    <p class='ocr_par' dir='ltr' id='par_1_49' title="bbox 670 4627 2320 4704">
     <span class='ocr_line' id='line_1_49' title="bbox 670 4627 2320 4704; baseline 0.004 -21"><span class='ocrx_word' id='word_1_365' title='bbox 670 4631 827 4686; x_wconf 75' lang='grc' dir='ltr'>τοῦτο</span> <span class='ocrx_word' id='word_1_366' title='bbox 859 4629 1041 4683; x_wconf 82' lang='grc' dir='ltr'>οὐκέτι</span> <span class='ocrx_word' id='word_1_367' title='bbox 1070 4627 1432 4699; x_wconf 86' lang='grc' dir='ltr'>προσέθηκεν.</span> <span class='ocrx_word' id='word_1_368' title='bbox 1463 4629 1571 4681; x_wconf 71' lang='grc' dir='ltr'>Καὶ</span> <span class='ocrx_word' id='word_1_369' title='bbox 1615 4627 1722 4699; x_wconf 78' lang='grc' dir='ltr'>μὴν</span> <span class='ocrx_word' id='word_1_370' title='bbox 1767 4630 1861 4682; x_wconf 72' lang='grc' dir='ltr'>καὶ</span> <span class='ocrx_word' id='word_1_371' title='bbox 1909 4630 2065 4684; x_wconf 87' lang='lat'><strong>10510</strong></span> <span class='ocrx_word' id='word_1_372' title='bbox 2091 4633 2248 4704; x_wconf 74' lang='grc' dir='ltr'>δῆλον</span> <span class='ocrx_word' id='word_1_373' title='bbox 2317 4638 2320 4641; x_wconf 83' lang='grc'><em>’</em></span> 
     </span>
    </p>
   </div>
   <div class='ocr_carea' id='block_1_50' title="bbox 671 4718 2244 4795">
    <p class='ocr_par' dir='ltr' id='par_1_50' title="bbox 671 4718 2244 4795">
     <span class='ocr_line' id='line_1_50' title="bbox 671 4718 2244 4795; baseline -0.006 -19"><span class='ocrx_word' id='word_1_374' title='bbox 671 4722 945 4792; x_wconf 86' lang='grc' dir='ltr'>ἐποίησεν,</span> <span class='ocrx_word' id='word_1_375' title='bbox 969 4721 1021 4776; x_wconf 85' lang='grc' dir='ltr'>εί</span> <span class='ocrx_word' id='word_1_376' title='bbox 1042 4737 1126 4782; x_wconf 87' lang='grc' dir='ltr'>τις</span> <span class='ocrx_word' id='word_1_377' title='bbox 1155 4718 1395 4789; x_wconf 81' lang='grc' dir='ltr'>ἀκριϐῶς</span> <span class='ocrx_word' id='word_1_378' title='bbox 1418 4718 1696 4790; x_wconf 84' lang='grc' dir='ltr'>προσέχοι,</span> <span class='ocrx_word' id='word_1_379' title='bbox 1722 4721 1814 4773; x_wconf 59' lang='grc' dir='ltr'>καὶ⁵</span> <span class='ocrx_word' id='word_1_380' title='bbox 1841 4721 1913 4794; x_wconf 81' lang='grc' dir='ltr'>μὴ</span> <span class='ocrx_word' id='word_1_381' title='bbox 1935 4723 2244 4795; x_wconf 61' lang='grc' dir='ltr'>παρέργως,</span> 
     </span>
    </p>
   </div>
   <div class='ocr_carea' id='block_1_51' title="bbox 674 4810 2247 4889">
    <p class='ocr_par' dir='ltr' id='par_1_51' title="bbox 674 4810 2247 4889">
     <span class='ocr_line' id='line_1_51' title="bbox 674 4810 2247 4889; baseline 0.001 -21"><span class='ocrx_word' id='word_1_382' title='bbox 674 4814 808 4885; x_wconf 76' lang='grc' dir='ltr'>μηδέ</span> <span class='ocrx_word' id='word_1_383' title='bbox 834 4812 1215 4874; x_wconf 78' lang='grc' dir='ltr'>ἁπλῶς.’⁴οταν</span> <span class='ocrx_word' id='word_1_384' title='bbox 1238 4810 1345 4882; x_wconf 89' lang='lat'>7&amp;9</span> <span class='ocrx_word' id='word_1_385' title='bbox 1367 4811 1602 4882; x_wconf 78' lang='grc' dir='ltr'>ἀκούσῃς</span> <span class='ocrx_word' id='word_1_386' title='bbox 1628 4813 1709 4865; x_wconf 81' lang='grc' dir='ltr'>ὅτι</span> <span class='ocrx_word' id='word_1_387' title='bbox 1733 4814 2008 4869; x_wconf 86' lang='grc' dir='ltr'>ἐπιστάντι</span> <span class='ocrx_word' id='word_1_388' title='bbox 2028 4818 2247 4889; x_wconf 84' lang='grc' dir='ltr'>Χριστῷ</span> 
     </span>
    </p>
   </div>
   <div class='ocr_carea' id='block_1_52' title="bbox 669 4903 2248 4981">
    <p class='ocr_par' dir='ltr' id='par_1_52' title="bbox 669 4903 2248 4981">
     <span class='ocr_line' id='line_1_52' title="bbox 669 4903 2248 4981; baseline -0.004 -23"><span class='ocrx_word' id='word_1_389' title='bbox 669 4907 766 4959; x_wconf 66' lang='grc' dir='ltr'>καί</span> <span class='ocrx_word' id='word_1_390' title='bbox 813 4905 913 4957; x_wconf 88' lang='grc' dir='ltr'>οὐκ</span> <span class='ocrx_word' id='word_1_391' title='bbox 950 4903 1061 4956; x_wconf 80' lang='grc' dir='ltr'>όντι</span> <span class='ocrx_word' id='word_1_392' title='bbox 1110 4903 1369 4972; x_wconf 84' lang='grc' dir='ltr'>γνωρίμῳ</span> <span class='ocrx_word' id='word_1_393' title='bbox 1389 4940 1404 4964; x_wconf 94' lang='grc'>,</span> <span class='ocrx_word' id='word_1_394' title='bbox 1453 4903 1566 4955; x_wconf 79' lang='grc' dir='ltr'>ἀλλ’</span> <span class='ocrx_word' id='word_1_395' title='bbox 1597 4903 1865 4976; x_wconf 82' lang='grc' dir='ltr'>ἀνθρώπῳ</span> <span class='ocrx_word' id='word_1_396' title='bbox 1909 4908 2248 4981; x_wconf 75' lang='grc' dir='ltr'>νομιζομένῳ</span> 
     </span>
    </p>
   </div>
   <div class='ocr_carea' id='block_1_53' title="bbox 667 4992 2246 5070">
    <p class='ocr_par' dir='ltr' id='par_1_53' title="bbox 667 4992 2246 5070">
     <span class='ocr_line' id='line_1_53' title="bbox 667 4992 2246 5070; baseline 0.004 -22"><span class='ocrx_word' id='word_1_397' title='bbox 667 4997 830 5066; x_wconf 84' lang='grc' dir='ltr'>ψιλῷ,</span> <span class='ocrx_word' id='word_1_398' title='bbox 865 4995 1000 5066; x_wconf 84' lang='grc' dir='ltr'>μετά</span> <span class='ocrx_word' id='word_1_399' title='bbox 1031 4992 1298 5062; x_wconf 85' lang='grc' dir='ltr'>τοσαύτης</span> <span class='ocrx_word' id='word_1_400' title='bbox 1325 4994 1624 5058; x_wconf 74' lang='grc' dir='ltr'>ἐπιεικείας</span> <span class='ocrx_word' id='word_1_401' title='bbox 1655 4994 1923 5064; x_wconf 79' lang='grc' dir='ltr'>διελέγετο</span> <span class='ocrx_word' id='word_1_402' title='bbox 1951 5000 2120 5070; x_wconf 84' lang='grc' dir='ltr'>αὐτῷ,</span> <span class='ocrx_word' id='word_1_403' title='bbox 2153 5003 2246 5056; x_wconf 81' lang='grc' dir='ltr'>καὶ</span> 
     </span>
    </p>
   </div>
   <div class='ocr_carea' id='block_1_54' title="bbox 669 5081 2242 5159">
    <p class='ocr_par' dir='ltr' id='par_1_54' title="bbox 669 5081 2242 5159">
     <span class='ocr_line' id='line_1_54' title="bbox 669 5081 2242 5159; baseline 0.004 -22"><span class='ocrx_word' id='word_1_404' title='bbox 669 5085 770 5156; x_wconf 80' lang='grc' dir='ltr'>τὴν</span> <span class='ocrx_word' id='word_1_405' title='bbox 807 5083 1114 5155; x_wconf 71' lang='grc' dir='ltr'>ἔμπροσθεν</span> <span class='ocrx_word' id='word_1_406' title='bbox 1143 5081 1306 5137; x_wconf 78' lang='grc' dir='ltr'>αὐτοῦ</span> <span class='ocrx_word' id='word_1_407' title='bbox 1343 5082 1661 5152; x_wconf 79' lang='grc' dir='ltr'>φιλοσοφίαν</span> <span class='ocrx_word' id='word_1_408' title='bbox 1700 5083 1902 5159; x_wconf 79' lang='grc' dir='ltr'>δυνήσῃ</span> <span class='ocrx_word' id='word_1_409' title='bbox 1927 5086 2242 5144; x_wconf 88' lang='grc' dir='ltr'>θεάσασθαι.</span> 
     </span>
    </p>
   </div>
   <div class='ocr_carea' id='block_1_55' title="bbox 670 5172 2246 5245">
    <p class='ocr_par' dir='ltr' id='par_1_55' title="bbox 670 5172 2246 5245">
     <span class='ocr_line' id='line_1_55' title="bbox 670 5172 2246 5245; baseline 0.001 -16"><span class='ocrx_word' id='word_1_410' title='bbox 670 5175 892 5229; x_wconf 88' lang='grc' dir='ltr'>Εἰπόντι</span> <span class='ocrx_word' id='word_1_411' title='bbox 934 5174 1044 5245; x_wconf 84' lang='grc' dir='ltr'>γὰρ</span> <span class='ocrx_word' id='word_1_412' title='bbox 1074 5172 1242 5244; x_wconf 74' lang='grc' dir='ltr'>αὐτῷ,</span> <span class='ocrx_word' id='word_1_413' title='bbox 1277 5173 1482 5240; x_wconf 73' lang='grc' dir='ltr'>Θέλεις</span> <span class='ocrx_word' id='word_1_414' title='bbox 1519 5175 1694 5242; x_wconf 74' lang='grc' dir='ltr'>ὑγιὴς</span> <span class='ocrx_word' id='word_1_415' title='bbox 1733 5177 2042 5245; x_wconf 75' lang='grc' dir='ltr'>γενέσθαι;</span> <span class='ocrx_word' id='word_1_416' title='bbox 2094 5182 2246 5236; x_wconf 76' lang='grc' dir='ltr'>οὐδὲν</span> 
     </span>
    </p>
   </div>
   <div class='ocr_carea' id='block_1_56' title="bbox 670 5259 2245 5340">
    <p class='ocr_par' dir='ltr' id='par_1_56' title="bbox 670 5259 2245 5340">
     <span class='ocr_line' id='line_1_56' title="bbox 670 5259 2245 5340; baseline -0.001 -19"><span class='ocrx_word' id='word_1_417' title='bbox 670 5261 825 5322; x_wconf 87' lang='grc' dir='ltr'>εἷπεν</span> <span class='ocrx_word' id='word_1_418' title='bbox 871 5260 980 5319; x_wconf 80' lang='grc' dir='ltr'>οἷον</span> <span class='ocrx_word' id='word_1_419' title='bbox 1026 5264 1172 5328; x_wconf 81' lang='grc' dir='ltr'>είκδς</span> <span class='ocrx_word' id='word_1_420' title='bbox 1220 5259 1310 5334; x_wconf 78' lang='grc' dir='ltr'>ἦν,</span> <span class='ocrx_word' id='word_1_421' title='bbox 1353 5263 1435 5316; x_wconf 85' lang='grc' dir='ltr'>ὃτι</span> <span class='ocrx_word' id='word_1_422' title='bbox 1475 5263 1637 5335; x_wconf 79' lang='grc' dir='ltr'>Ὁρᾷς</span> <span class='ocrx_word' id='word_1_423' title='bbox 1691 5281 1756 5334; x_wconf 89' lang='grc' dir='ltr'>με</span> <span class='ocrx_word' id='word_1_424' title='bbox 1806 5269 2245 5340; x_wconf 77' lang='grc' dir='ltr'>παραλελυμένον</span> 
     </span>
    </p>
   </div>
   <div class='ocr_carea' id='block_1_57' title="bbox 669 5354 2247 5433">
    <p class='ocr_par' dir='ltr' id='par_1_57' title="bbox 669 5354 2247 5433">
     <span class='ocr_line' id='line_1_57' title="bbox 669 5354 2247 5433; baseline -0.002 -23"><span class='ocrx_word' id='word_1_425' title='bbox 669 5358 858 5430; x_wconf 78' lang='grc' dir='ltr'>χρόνον</span> <span class='ocrx_word' id='word_1_426' title='bbox 883 5354 1138 5409; x_wconf 80' lang='grc' dir='ltr'>τοσοῦτον</span> <span class='ocrx_word' id='word_1_427' title='bbox 1171 5355 1586 5426; x_wconf 88' lang='grc' dir='ltr'>κατακείμενον,</span> <span class='ocrx_word' id='word_1_428' title='bbox 1619 5357 1713 5409; x_wconf 75' lang='grc' dir='ltr'>καὶ</span> <span class='ocrx_word' id='word_1_429' title='bbox 1742 5360 1950 5431; x_wconf 79' lang='grc' dir='ltr'>ἐρωτᾷς</span> <span class='ocrx_word' id='word_1_430' title='bbox 1980 5363 2027 5415; x_wconf 80' lang='grc' dir='ltr'>εί</span> <span class='ocrx_word' id='word_1_431' title='bbox 2060 5363 2247 5433; x_wconf 78' lang='grc' dir='ltr'>βούλο-</span> 
     </span>
    </p>
   </div>
   <div class='ocr_carea' id='block_1_58' title="bbox 669 5447 2243 5528">
    <p class='ocr_par' dir='ltr' id='par_1_58' title="bbox 669 5447 2243 5528">
     <span class='ocr_line' id='line_1_58' title="bbox 669 5447 2243 5528; baseline -0.002 -25"><span class='ocrx_word' id='word_1_432' title='bbox 669 5469 768 5524; x_wconf 88' lang='grc' dir='ltr'>μαι</span> <span class='ocrx_word' id='word_1_433' title='bbox 803 5448 1056 5519; x_wconf 87' lang='grc' dir='ltr'>γενέσθαι</span> <span class='ocrx_word' id='word_1_434' title='bbox 1091 5448 1284 5519; x_wconf 87' lang='grc' dir='ltr'>ὑγιής;</span> <span class='ocrx_word' id='word_1_435' title='bbox 1316 5447 1620 5518; x_wconf 78' lang='grc' dir='ltr'>ἐπεμϐῆναι</span> <span class='ocrx_word' id='word_1_436' title='bbox 1656 5465 1758 5519; x_wconf 88' lang='grc' dir='ltr'>μου</span> <span class='ocrx_word' id='word_1_437' title='bbox 1786 5453 1896 5514; x_wconf 91' lang='grc' dir='ltr'>τοῖς</span> <span class='ocrx_word' id='word_1_438' title='bbox 1926 5457 2114 5518; x_wconf 86' lang='grc' dir='ltr'>κακοῖς</span> <span class='ocrx_word' id='word_1_439' title='bbox 2145 5452 2243 5528; x_wconf 79' lang='grc' dir='ltr'>ἦλ-</span> 
     </span>
    </p>
   </div>
   <div class='ocr_carea' id='block_1_59' title="bbox 673 5537 2244 5620">
    <p class='ocr_par' dir='ltr' id='par_1_59' title="bbox 673 5537 2244 5620">
     <span class='ocr_line' id='line_1_59' title="bbox 673 5537 2244 5620; baseline 0.004 -25"><span class='ocrx_word' id='word_1_440' title='bbox 673 5537 787 5600; x_wconf 81' lang='grc' dir='ltr'>θες,</span> <span class='ocrx_word' id='word_1_441' title='bbox 815 5539 1092 5602; x_wconf 75' lang='grc' dir='ltr'>ὀνειδίσαι,</span> <span class='ocrx_word' id='word_1_442' title='bbox 1125 5540 1220 5592; x_wconf 70' lang='grc' dir='ltr'>καὶ</span> <span class='ocrx_word' id='word_1_443' title='bbox 1245 5538 1636 5607; x_wconf 84' lang='grc' dir='ltr'>καταγελάσαι,</span> <span class='ocrx_word' id='word_1_444' title='bbox 1668 5539 1762 5594; x_wconf 69' lang='grc' dir='ltr'>καὶ</span> <span class='ocrx_word' id='word_1_445' title='bbox 1795 5543 2125 5615; x_wconf 82' lang='grc' dir='ltr'>κωμῳδῆσαι</span> <span class='ocrx_word' id='word_1_446' title='bbox 2145 5549 2244 5620; x_wconf 83' lang='grc' dir='ltr'>τὴν</span> 
     </span>
    </p>
   </div>
   <div class='ocr_carea' id='block_1_60' title="bbox 673 5629 2236 5706">
    <p class='ocr_par' dir='ltr' id='par_1_60' title="bbox 673 5629 2236 5706">
     <span class='ocr_line' id='line_1_60' title="bbox 673 5629 2236 5706; baseline 0.003 -18"><span class='ocrx_word' id='word_1_447' title='bbox 673 5632 992 5706; x_wconf 68' lang='grc' dir='ltr'>συμφοράνι</span> <span class='ocrx_word' id='word_1_448' title='bbox 1040 5632 1206 5687; x_wconf 79' lang='grc' dir='ltr'>Οὐδὲν</span> <span class='ocrx_word' id='word_1_449' title='bbox 1236 5629 1354 5706; x_wconf 69' lang='grc'><strong>[54]</strong></span> <span class='ocrx_word' id='word_1_450' title='bbox 1386 5631 1623 5688; x_wconf 83' lang='grc' dir='ltr'>τοιοῦτον</span> <span class='ocrx_word' id='word_1_451' title='bbox 1645 5632 1767 5688; x_wconf 84' lang='grc' dir='ltr'>οὺδέ</span> <span class='ocrx_word' id='word_1_452' title='bbox 1802 5629 1970 5705; x_wconf 84' lang='grc' dir='ltr'>εἶπεν,</span> <span class='ocrx_word' id='word_1_453' title='bbox 2006 5637 2124 5696; x_wconf 83' lang='grc' dir='ltr'>οὐδέ</span> <span class='ocrx_word' id='word_1_454' title='bbox 2150 5641 2236 5693; x_wconf 86' lang='grc' dir='ltr'>ἐν-</span> 
     </span>
    </p>
   </div>
   <div class='ocr_carea' id='block_1_61' title="bbox 2353 371 3938 447">
    <p class='ocr_par' dir='ltr' id='par_1_61' title="bbox 2353 371 3938 447">
     <span class='ocr_line' id='line_1_61' title="bbox 2353 371 3938 447; baseline 0 -19"><span class='ocrx_word' id='word_1_455' title='bbox 2353 375 2593 447; x_wconf 84' lang='grc' dir='ltr'>ενόησεν,</span> <span class='ocrx_word' id='word_1_456' title='bbox 2621 376 2761 431; x_wconf 84' lang='grc' dir='ltr'>ἀλλά</span> <span class='ocrx_word' id='word_1_457' title='bbox 2806 379 2925 447; x_wconf 85' lang='grc' dir='ltr'>μετ’</span> <span class='ocrx_word' id='word_1_458' title='bbox 2960 373 3291 436; x_wconf 87' lang='grc' dir='ltr'>ἐπιεικείας·</span> <span class='ocrx_word' id='word_1_459' title='bbox 3323 371 3468 437; x_wconf 79' lang='grc' dir='ltr'>Ναί,</span> <span class='ocrx_word' id='word_1_460' title='bbox 3505 371 3700 441; x_wconf 73' lang='grc' dir='ltr'>Κύριε,</span> <span class='ocrx_word' id='word_1_461' title='bbox 3745 374 3938 443; x_wconf 81' lang='grc' dir='ltr'>φησίν.</span> 
     </span>
    </p>
   </div>
   <div class='ocr_carea' id='block_1_62' title="bbox 2350 456 3937 538">
    <p class='ocr_par' dir='ltr' id='par_1_62' title="bbox 2350 456 3937 538">
     <span class='ocr_line' id='line_1_62' title="bbox 2350 456 3937 538; baseline -0.005 -19"><span class='ocrx_word' id='word_1_462' title='bbox 2350 466 2410 519; x_wconf 79' lang='grc' dir='ltr'><strong>Εἰ</strong></span> <span class='ocrx_word' id='word_1_463' title='bbox 2442 467 2497 520; x_wconf 74' lang='grc' dir='ltr'>δὲ</span> <span class='ocrx_word' id='word_1_464' title='bbox 2532 467 2670 538; x_wconf 87' lang='grc' dir='ltr'>μετά</span> <span class='ocrx_word' id='word_1_465' title='bbox 2699 466 2994 538; x_wconf 86' lang='grc' dir='ltr'>τριάκοντα</span> <span class='ocrx_word' id='word_1_466' title='bbox 3026 464 3172 519; x_wconf 85' lang='grc' dir='ltr'>ὀκτὼ</span> <span class='ocrx_word' id='word_1_467' title='bbox 3200 463 3296 533; x_wconf 79' lang='grc' dir='ltr'>ἐτη</span> <span class='ocrx_word' id='word_1_468' title='bbox 3337 461 3482 516; x_wconf 76' lang='grc' dir='ltr'>οὕτω</span> <span class='ocrx_word' id='word_1_469' title='bbox 3519 461 3694 531; x_wconf 78' lang='grc' dir='ltr'>πρᾶος</span> <span class='ocrx_word' id='word_1_470' title='bbox 3721 456 3812 531; x_wconf 77' lang='grc' dir='ltr'>ἦν,</span> <span class='ocrx_word' id='word_1_471' title='bbox 3841 457 3937 512; x_wconf 78' lang='grc' dir='ltr'>οὖ-</span> 
     </span>
    </p>
   </div>
   <div class='ocr_carea' id='block_1_63' title="bbox 2347 549 3938 628">
    <p class='ocr_par' dir='ltr' id='par_1_63' title="bbox 2347 549 3938 628">
     <span class='ocr_line' id='line_1_63' title="bbox 2347 549 3938 628; baseline -0.004 -20"><span class='ocrx_word' id='word_1_472' title='bbox 2347 573 2454 620; x_wconf 86' lang='grc' dir='ltr'>τως</span> <span class='ocrx_word' id='word_1_473' title='bbox 2507 557 2754 628; x_wconf 82' lang='grc' dir='ltr'>ἐπιεικὴς</span> <span class='ocrx_word' id='word_1_474' title='bbox 2778 599 2793 623; x_wconf 91' lang='grc'>,</span> <span class='ocrx_word' id='word_1_475' title='bbox 2849 556 2949 626; x_wconf 85' lang='grc' dir='ltr'>τῆς</span> <span class='ocrx_word' id='word_1_476' title='bbox 3002 555 3247 617; x_wconf 73' lang='grc' dir='ltr'>εὐτονίας</span> <span class='ocrx_word' id='word_1_477' title='bbox 3289 553 3441 625; x_wconf 74' lang='grc' dir='ltr'>,αὐτῷ</span> <span class='ocrx_word' id='word_1_478' title='bbox 3492 549 3938 620; x_wconf 78' lang='grc' dir='ltr'>καταϐληθείσης</span> 
     </span>
    </p>
   </div>
   <div class='ocr_carea' id='block_1_64' title="bbox 2346 642 3938 719">
    <p class='ocr_par' dir='ltr' id='par_1_64' title="bbox 2346 642 3938 719">
     <span class='ocr_line' id='line_1_64' title="bbox 2346 642 3938 719; baseline -0.004 -18"><span class='ocrx_word' id='word_1_479' title='bbox 2346 647 2566 718; x_wconf 84' lang='grc' dir='ltr'>ἀπάσης</span> <span class='ocrx_word' id='word_1_480' title='bbox 2602 649 2696 700; x_wconf 78' lang='grc' dir='ltr'>καὶ</span> <span class='ocrx_word' id='word_1_481' title='bbox 2740 648 2839 719; x_wconf 80' lang='grc' dir='ltr'>τῆς</span> <span class='ocrx_word' id='word_1_482' title='bbox 2884 647 3166 717; x_wconf 87' lang='grc' dir='ltr'>δυνάμεως</span> <span class='ocrx_word' id='word_1_483' title='bbox 3210 645 3322 699; x_wconf 89' lang='grc' dir='ltr'>τῶν</span> <span class='ocrx_word' id='word_1_484' title='bbox 3349 644 3648 717; x_wconf 85' lang='grc' dir='ltr'>λογισμῶν,</span> <span class='ocrx_word' id='word_1_485' title='bbox 3679 642 3938 711; x_wconf 73' lang='grc' dir='ltr'>ἐννόησον</span> 
     </span>
    </p>
   </div>
   <div class='ocr_carea' id='block_1_65' title="bbox 2346 731 3936 806">
    <p class='ocr_par' dir='ltr' id='par_1_65' title="bbox 2346 731 3936 806">
     <span class='ocr_line' id='line_1_65' title="bbox 2346 731 3936 806; baseline -0.003 -17"><span class='ocrx_word' id='word_1_486' title='bbox 2346 737 2531 791; x_wconf 82' lang='grc' dir='ltr'>ὁποῖον</span> <span class='ocrx_word' id='word_1_487' title='bbox 2556 738 2702 801; x_wconf 82' lang='grc' dir='ltr'>είκδς</span> <span class='ocrx_word' id='word_1_488' title='bbox 2729 733 2867 790; x_wconf 75' lang='grc' dir='ltr'>εἶναι</span> <span class='ocrx_word' id='word_1_489' title='bbox 2894 737 3080 791; x_wconf 82' lang='grc' dir='ltr'>τοῦτον</span> <span class='ocrx_word' id='word_1_490' title='bbox 3111 739 3168 790; x_wconf 90' lang='grc' dir='ltr'>ἐν</span> <span class='ocrx_word' id='word_1_491' title='bbox 3204 738 3320 799; x_wconf 92' lang='grc' dir='ltr'>τοῖς</span> <span class='ocrx_word' id='word_1_492' title='bbox 3351 735 3657 806; x_wconf 83' lang='grc' dir='ltr'>προοιμίοις</span> <span class='ocrx_word' id='word_1_493' title='bbox 3685 731 3794 786; x_wconf 88' lang='grc' dir='ltr'>τῶν</span> <span class='ocrx_word' id='word_1_494' title='bbox 3825 732 3936 785; x_wconf 83' lang='grc' dir='ltr'>δει-</span> 
     </span>
    </p>
   </div>
   <div class='ocr_carea' id='block_1_66' title="bbox 2346 822 3936 900">
    <p class='ocr_par' dir='ltr' id='par_1_66' title="bbox 2346 822 3936 900">
     <span class='ocr_line' id='line_1_66' title="bbox 2346 822 3936 900; baseline -0.004 -19"><span class='ocrx_word' id='word_1_495' title='bbox 2346 828 2624 882; x_wconf 87' lang='grc' dir='ltr'>νῶν.“’ῐστε</span> <span class='ocrx_word' id='word_1_496' title='bbox 2668 827 2779 899; x_wconf 81' lang='grc' dir='ltr'>γὰρ</span> <span class='ocrx_word' id='word_1_497' title='bbox 2822 828 2995 900; x_wconf 86' lang='grc' dir='ltr'>δήπου</span> <span class='ocrx_word' id='word_1_498' title='bbox 3040 828 3263 893; x_wconf 83' lang='grc' dir='ltr'>πάντες,</span> <span class='ocrx_word' id='word_1_499' title='bbox 3289 829 3374 881; x_wconf 82' lang='grc' dir='ltr'>ὅτι</span> <span class='ocrx_word' id='word_1_500' title='bbox 3424 827 3524 896; x_wconf 78' lang='grc' dir='ltr'>οὐχ</span> <span class='ocrx_word' id='word_1_501' title='bbox 3572 824 3775 896; x_wconf 83' lang='grc' dir='ltr'>ὁμοίως</span> <span class='ocrx_word' id='word_1_502' title='bbox 3826 822 3936 876; x_wconf 75' lang='grc' dir='ltr'>είσὶ</span> 
     </span>
    </p>
   </div>
   <div class='ocr_carea' id='block_1_67' title="bbox 2346 914 3935 991">
    <p class='ocr_par' dir='ltr' id='par_1_67' title="bbox 2346 914 3935 991">
     <span class='ocr_line' id='line_1_67' title="bbox 2346 914 3935 991; baseline -0.003 -19"><span class='ocrx_word' id='word_1_503' title='bbox 2346 917 2662 990; x_wconf 87' lang='grc' dir='ltr'>δυσάρεστοι</span> <span class='ocrx_word' id='word_1_504' title='bbox 2692 920 2742 972; x_wconf 88' lang='grc' dir='ltr'>οί</span> <span class='ocrx_word' id='word_1_505' title='bbox 2768 920 3047 984; x_wconf 82' lang='grc' dir='ltr'>νοσοῦντες</span> <span class='ocrx_word' id='word_1_506' title='bbox 3089 921 3145 972; x_wconf 87' lang='grc' dir='ltr'>ἐν</span> <span class='ocrx_word' id='word_1_507' title='bbox 3190 922 3334 991; x_wconf 78' lang='grc' dir='ltr'>ἀρχῇ</span> <span class='ocrx_word' id='word_1_508' title='bbox 3361 918 3461 989; x_wconf 86' lang='grc' dir='ltr'>τῆς</span> <span class='ocrx_word' id='word_1_509' title='bbox 3489 916 3803 989; x_wconf 70' lang='grc' dir='ltr'>ἀρρωστίας</span> <span class='ocrx_word' id='word_1_510' title='bbox 3837 914 3935 968; x_wconf 65' lang='grc' dir='ltr'>καί⁵</span> 
     </span>
    </p>
   </div>
   <div class='ocr_carea' id='block_1_68' title="bbox 2349 1007 3936 1082">
    <p class='ocr_par' dir='ltr' id='par_1_68' title="bbox 2349 1007 3936 1082">
     <span class='ocr_line' id='line_1_68' title="bbox 2349 1007 3936 1082; baseline -0.004 -19"><span class='ocrx_word' id='word_1_511' title='bbox 2349 1010 2543 1064; x_wconf 88' lang='grc' dir='ltr'>πολλοῦ</span> <span class='ocrx_word' id='word_1_512' title='bbox 2571 1010 2854 1082; x_wconf 85' lang='grc' dir='ltr'>προϊόντος</span> <span class='ocrx_word' id='word_1_513' title='bbox 2883 1010 2976 1063; x_wconf 81' lang='grc' dir='ltr'>τοῦ</span> <span class='ocrx_word' id='word_1_514' title='bbox 3003 1010 3196 1081; x_wconf 89' lang='grc' dir='ltr'>χρόνου</span> <span class='ocrx_word' id='word_1_515' title='bbox 3219 1028 3230 1040; x_wconf 92' lang='grc'><strong>·</strong></span> <span class='ocrx_word' id='word_1_516' title='bbox 3249 1011 3372 1063; x_wconf 87' lang='grc' dir='ltr'>τότε</span> <span class='ocrx_word' id='word_1_517' title='bbox 3403 1007 3512 1080; x_wconf 83' lang='grc' dir='ltr'>γάρ</span> <span class='ocrx_word' id='word_1_518' title='bbox 3543 1007 3778 1078; x_wconf 85' lang='grc' dir='ltr'>μάλιστα</span> <span class='ocrx_word' id='word_1_519' title='bbox 3803 1007 3936 1060; x_wconf 85' lang='grc' dir='ltr'>δυσ-</span> 
     </span>
    </p>
   </div>
   <div class='ocr_carea' id='block_1_69' title="bbox 2348 1096 3936 1172">
    <p class='ocr_par' dir='ltr' id='par_1_69' title="bbox 2348 1096 3936 1172">
     <span class='ocr_line' id='line_1_69' title="bbox 2348 1096 3936 1172; baseline -0.002 -19"><span class='ocrx_word' id='word_1_520' title='bbox 2348 1105 2527 1172; x_wconf 87' lang='grc' dir='ltr'>χερεῖς</span> <span class='ocrx_word' id='word_1_521' title='bbox 2551 1101 2792 1170; x_wconf 87' lang='grc' dir='ltr'>γίνονται</span> <span class='ocrx_word' id='word_1_522' title='bbox 2826 1102 2875 1156; x_wconf 89' lang='grc' dir='ltr'>οί</span> <span class='ocrx_word' id='word_1_523' title='bbox 2915 1102 3216 1166; x_wconf 82' lang='grc' dir='ltr'>νοσοῦντες,</span> <span class='ocrx_word' id='word_1_524' title='bbox 3251 1103 3381 1155; x_wconf 78' lang='grc' dir='ltr'>ὅταν</span> <span class='ocrx_word' id='word_1_525' title='bbox 3410 1102 3490 1164; x_wconf 86' lang='grc' dir='ltr'>είς</span> <span class='ocrx_word' id='word_1_526' title='bbox 3523 1100 3697 1170; x_wconf 80' lang='grc' dir='ltr'>μῆκος</span> <span class='ocrx_word' id='word_1_527' title='bbox 3762 1096 3936 1168; x_wconf 81' lang='grc' dir='ltr'>ἐπιδῷ</span> 
     </span>
    </p>
   </div>
   <div class='ocr_carea' id='block_1_70' title="bbox 2346 1188 3936 1264">
    <p class='ocr_par' dir='ltr' id='par_1_70' title="bbox 2346 1188 3936 1264">
     <span class='ocr_line' id='line_1_70' title="bbox 2346 1188 3936 1264; baseline -0.003 -19"><span class='ocrx_word' id='word_1_528' title='bbox 2346 1193 2409 1245; x_wconf 84' lang='grc' dir='ltr'>τὸ</span> <span class='ocrx_word' id='word_1_529' title='bbox 2444 1193 2675 1264; x_wconf 82' lang='grc' dir='ltr'>νόσημα,</span> <span class='ocrx_word' id='word_1_530' title='bbox 2706 1194 2827 1247; x_wconf 86' lang='grc' dir='ltr'>τότε</span> <span class='ocrx_word' id='word_1_531' title='bbox 2856 1197 3021 1247; x_wconf 80' lang='grc' dir='ltr'>πᾶσιν</span> <span class='ocrx_word' id='word_1_532' title='bbox 3049 1194 3333 1264; x_wconf 88' lang='grc' dir='ltr'>ἀφόρητοι.</span> <span class='ocrx_word' id='word_1_533' title='bbox 3353 1193 3411 1245; x_wconf 85' lang='lat'>&#39;0</span> <span class='ocrx_word' id='word_1_534' title='bbox 3440 1192 3496 1244; x_wconf 88' lang='grc' dir='ltr'>δέ</span> <span class='ocrx_word' id='word_1_535' title='bbox 3527 1190 3665 1262; x_wconf 86' lang='grc' dir='ltr'>μετά</span> <span class='ocrx_word' id='word_1_536' title='bbox 3693 1188 3936 1242; x_wconf 87' lang='grc' dir='ltr'>τοσαῦτα</span> 
     </span>
    </p>
   </div>
   <div class='ocr_carea' id='block_1_71' title="bbox 2348 1278 3933 1352">
    <p class='ocr_par' dir='ltr' id='par_1_71' title="bbox 2348 1278 3933 1352">
     <span class='ocr_line' id='line_1_71' title="bbox 2348 1278 3933 1352; baseline -0.003 -18"><span class='ocrx_word' id='word_1_537' title='bbox 2348 1281 2442 1352; x_wconf 83' lang='grc' dir='ltr'>ἐτη</span> <span class='ocrx_word' id='word_1_538' title='bbox 2469 1281 2610 1334; x_wconf 77' lang='grc' dir='ltr'>οὕτω</span> <span class='ocrx_word' id='word_1_539' title='bbox 2638 1281 2963 1352; x_wconf 84' lang='grc' dir='ltr'>φιλοσοφῶν,</span> <span class='ocrx_word' id='word_1_540' title='bbox 2992 1282 3165 1344; x_wconf 76' lang='grc' dir='ltr'>οὕτως</span> <span class='ocrx_word' id='word_1_541' title='bbox 3193 1281 3531 1348; x_wconf 78' lang='grc' dir='ltr'>ἀνεξικάκως</span> <span class='ocrx_word' id='word_1_542' title='bbox 3559 1278 3933 1349; x_wconf 83' lang='grc' dir='ltr'>ἀποκρινόμε-</span> 
     </span>
    </p>
   </div>
   <div class='ocr_carea' id='block_1_72' title="bbox 2347 1369 3936 1446">
    <p class='ocr_par' dir='ltr' id='par_1_72' title="bbox 2347 1369 3936 1446">
     <span class='ocr_line' id='line_1_72' title="bbox 2347 1369 3936 1446; baseline -0.003 -21"><span class='ocrx_word' id='word_1_543' title='bbox 2347 1388 2458 1436; x_wconf 84' lang='grc' dir='ltr'>νος,</span> <span class='ocrx_word' id='word_1_544' title='bbox 2480 1371 2702 1442; x_wconf 79' lang='grc' dir='ltr'>εὔδηλον</span> <span class='ocrx_word' id='word_1_545' title='bbox 2725 1375 2806 1426; x_wconf 83' lang='grc' dir='ltr'>ὅτι</span> <span class='ocrx_word' id='word_1_546' title='bbox 2840 1374 2933 1426; x_wconf 79' lang='grc' dir='ltr'>καὶ</span> <span class='ocrx_word' id='word_1_547' title='bbox 2964 1375 3053 1427; x_wconf 80' lang='grc' dir='ltr'>τὸν</span> <span class='ocrx_word' id='word_1_548' title='bbox 3084 1373 3393 1446; x_wconf 75' lang='grc' dir='ltr'>ἔμπροσθεν</span> <span class='ocrx_word' id='word_1_549' title='bbox 3417 1372 3606 1442; x_wconf 72' lang='grc' dir='ltr'>χρόνον</span> <span class='ocrx_word' id='word_1_550' title='bbox 3640 1369 3779 1443; x_wconf 86' lang='grc' dir='ltr'>μετά</span> <span class='ocrx_word' id='word_1_551' title='bbox 3803 1369 3936 1422; x_wconf 86' lang='grc' dir='ltr'>πολ-</span> 
     </span>
    </p>
   </div>
   <div class='ocr_carea' id='block_1_73' title="bbox 2346 1460 3875 1536">
    <p class='ocr_par' dir='ltr' id='par_1_73' title="bbox 2346 1460 3875 1536">
     <span class='ocr_line' id='line_1_73' title="bbox 2346 1460 3875 1536; baseline -0.002 -22"><span class='ocrx_word' id='word_1_552' title='bbox 2346 1461 2443 1532; x_wconf 73' lang='grc' dir='ltr'>λῆς</span> <span class='ocrx_word' id='word_1_553' title='bbox 2467 1464 2565 1531; x_wconf 80' lang='grc' dir='ltr'>τῆς</span> <span class='ocrx_word' id='word_1_554' title='bbox 2600 1463 2946 1536; x_wconf 76' lang='grc' dir='ltr'>εὐχαριστίας</span> <span class='ocrx_word' id='word_1_555' title='bbox 2971 1465 3068 1534; x_wconf 80' lang='grc' dir='ltr'>τὴν</span> <span class='ocrx_word' id='word_1_556' title='bbox 3096 1461 3382 1534; x_wconf 80' lang='grc' dir='ltr'>συμφοράν</span> <span class='ocrx_word' id='word_1_557' title='bbox 3409 1462 3604 1532; x_wconf 75' lang='grc' dir='ltr'>ἔφερεν</span> <span class='ocrx_word' id='word_1_558' title='bbox 3638 1460 3875 1530; x_wconf 83' lang='grc' dir='ltr'>ἐκείνην.</span> 
     </span>
    </p>
   </div>
   <div class='ocr_carea' id='block_1_74' title="bbox 2418 1549 3935 1626">
    <p class='ocr_par' dir='ltr' id='par_1_74' title="bbox 2418 1549 3935 1626">
     <span class='ocr_line' id='line_1_74' title="bbox 2418 1549 3935 1626; baseline -0.002 -20"><span class='ocrx_word' id='word_1_559' title='bbox 2418 1554 2604 1607; x_wconf 82' lang='grc' dir='ltr'>Ταῦτα</span> <span class='ocrx_word' id='word_1_560' title='bbox 2647 1549 2740 1610; x_wconf 78' lang='grc' dir='ltr'>οὖν</span> <span class='ocrx_word' id='word_1_561' title='bbox 2791 1557 2884 1609; x_wconf 85' lang='grc' dir='ltr'>καὶ</span> <span class='ocrx_word' id='word_1_562' title='bbox 2913 1558 3074 1626; x_wconf 79' lang='grc' dir='ltr'>ἡμεῖς</span> <span class='ocrx_word' id='word_1_563' title='bbox 3109 1553 3450 1625; x_wconf 69' lang='grc' dir='ltr'>λογιζόμενοι</span> <span class='ocrx_word' id='word_1_564' title='bbox 3497 1551 3795 1624; x_wconf 83' lang='grc' dir='ltr'>μιμώμεθα</span> <span class='ocrx_word' id='word_1_565' title='bbox 3835 1551 3935 1621; x_wconf 75' lang='grc' dir='ltr'>τὴν</span> 
     </span>
    </p>
   </div>
   <div class='ocr_carea' id='block_1_75' title="bbox 2348 1641 3934 1716">
    <p class='ocr_par' dir='ltr' id='par_1_75' title="bbox 2348 1641 3934 1716">
     <span class='ocr_line' id='line_1_75' title="bbox 2348 1641 3934 1716; baseline -0.001 -20"><span class='ocrx_word' id='word_1_566' title='bbox 2348 1644 2623 1716; x_wconf 78' lang='grc' dir='ltr'>ὑπομονὴν</span> <span class='ocrx_word' id='word_1_567' title='bbox 2669 1645 2764 1698; x_wconf 81' lang='grc' dir='ltr'>τοῦ</span> <span class='ocrx_word' id='word_1_568' title='bbox 2810 1645 3130 1700; x_wconf 83' lang='grc' dir='ltr'>συνδούλου·</span> <span class='ocrx_word' id='word_1_569' title='bbox 3180 1643 3345 1716; x_wconf 71' lang='grc' dir='ltr'>ἱκανή</span> <span class='ocrx_word' id='word_1_570' title='bbox 3387 1643 3497 1714; x_wconf 89' lang='lat'>7&amp;9</span> <span class='ocrx_word' id='word_1_571' title='bbox 3539 1645 3574 1715; x_wconf 85' lang='grc' dir='ltr'>ή</span> <span class='ocrx_word' id='word_1_572' title='bbox 3626 1641 3934 1713; x_wconf 84' lang='grc' dir='ltr'>παράλυσις</span> 
     </span>
    </p>
   </div>
   <div class='ocr_carea' id='block_1_76' title="bbox 2349 1732 3935 1809">
    <p class='ocr_par' dir='ltr' id='par_1_76' title="bbox 2349 1732 3935 1809">
     <span class='ocr_line' id='line_1_76' title="bbox 2349 1732 3935 1809; baseline -0.002 -21"><span class='ocrx_word' id='word_1_573' title='bbox 2349 1737 2555 1790; x_wconf 86' lang='grc' dir='ltr'>ἐκείνου</span> <span class='ocrx_word' id='word_1_574' title='bbox 2596 1738 2695 1800; x_wconf 70' lang='grc' dir='ltr'>τὰς</span> <span class='ocrx_word' id='word_1_575' title='bbox 2731 1738 3006 1809; x_wconf 80' lang='grc' dir='ltr'>ἡμετέρας</span> <span class='ocrx_word' id='word_1_576' title='bbox 3037 1738 3354 1806; x_wconf 79' lang='grc' dir='ltr'>ἐπισφίγξαι</span> <span class='ocrx_word' id='word_1_577' title='bbox 3380 1735 3558 1807; x_wconf 77' lang='grc' dir='ltr'>ψυχάς</span> <span class='ocrx_word' id='word_1_578' title='bbox 3577 1753 3591 1767; x_wconf 76' lang='grc' dir='ltr'><strong>ο</strong></span> <span class='ocrx_word' id='word_1_579' title='bbox 3620 1733 3796 1797; x_wconf 77' lang='grc' dir='ltr'>οὐδεὶς</span> <span class='ocrx_word' id='word_1_580' title='bbox 3824 1732 3935 1805; x_wconf 87' lang='grc' dir='ltr'>γάρ</span> 
     </span>
    </p>
   </div>
   <div class='ocr_carea' id='block_1_77' title="bbox 2349 1824 3936 1900">
    <p class='ocr_par' dir='ltr' id='par_1_77' title="bbox 2349 1824 3936 1900">
     <span class='ocr_line' id='line_1_77' title="bbox 2349 1824 3936 1900; baseline -0.003 -19"><span class='ocrx_word' id='word_1_581' title='bbox 2349 1829 2490 1882; x_wconf 73' lang='grc' dir='ltr'>οὓτω</span> <span class='ocrx_word' id='word_1_582' title='bbox 2539 1829 2744 1900; x_wconf 74' lang='grc' dir='ltr'>νωθρὸς</span> <span class='ocrx_word' id='word_1_583' title='bbox 2790 1831 2884 1882; x_wconf 77' lang='grc' dir='ltr'>καὶ</span> <span class='ocrx_word' id='word_1_584' title='bbox 2932 1826 3286 1900; x_wconf 83' lang='grc' dir='ltr'>παρειμένος,</span> <span class='ocrx_word' id='word_1_585' title='bbox 3326 1828 3401 1890; x_wconf 85' lang='grc' dir='ltr'>ὡς</span> <span class='ocrx_word' id='word_1_586' title='bbox 3444 1827 3504 1880; x_wconf 79' lang='grc' dir='ltr'>τὸ</span> <span class='ocrx_word' id='word_1_587' title='bbox 3559 1824 3789 1897; x_wconf 83' lang='grc' dir='ltr'>μέγεθος</span> <span class='ocrx_word' id='word_1_588' title='bbox 3835 1824 3936 1894; x_wconf 78' lang='grc' dir='ltr'>τῆς</span> 
     </span>
    </p>
   </div>
   <div class='ocr_carea' id='block_1_78' title="bbox 2351 1916 3937 2001">
    <p class='ocr_par' dir='ltr' id='par_1_78' title="bbox 2351 1916 3937 2001">
     <span class='ocr_line' id='line_1_78' title="bbox 2351 1916 3937 2001; baseline -0.003 -28"><span class='ocrx_word' id='word_1_589' title='bbox 2351 1922 2634 1989; x_wconf 80' lang='grc' dir='ltr'>συμφορᾶς</span> <span class='ocrx_word' id='word_1_590' title='bbox 2666 1920 2924 1989; x_wconf 83' lang='grc' dir='ltr'>ἐννοήσας</span> <span class='ocrx_word' id='word_1_591' title='bbox 2953 1920 3187 1989; x_wconf 85' lang='grc' dir='ltr'>ἐκείνης,</span> <span class='ocrx_word' id='word_1_592' title='bbox 3230 1918 3306 1990; x_wconf 85' lang='grc' dir='ltr'>μὴ</span> <span class='ocrx_word' id='word_1_593' title='bbox 3332 1917 3516 2001; x_wconf 68' lang='grc' dir='ltr'>πάντα</span> <span class='ocrx_word' id='word_1_594' title='bbox 3555 1916 3822 1986; x_wconf 88' lang='grc' dir='ltr'>γενναίως</span> <span class='ocrx_word' id='word_1_595' title='bbox 3848 1918 3937 1968; x_wconf 83' lang='grc' dir='ltr'>ἐν⁶</span> 
     </span>
    </p>
   </div>
   <div class='ocr_carea' id='block_1_79' title="bbox 2348 2007 3935 2080">
    <p class='ocr_par' dir='ltr' id='par_1_79' title="bbox 2348 2007 3935 2080">
     <span class='ocr_line' id='line_1_79' title="bbox 2348 2007 3935 2080; baseline -0.001 -20"><span class='ocrx_word' id='word_1_596' title='bbox 2348 2011 2531 2076; x_wconf 85' lang='grc' dir='ltr'>εγκεῖν</span> <span class='ocrx_word' id='word_1_597' title='bbox 2557 2009 2623 2061; x_wconf 74' lang='grc' dir='ltr'>τὰ</span> <span class='ocrx_word' id='word_1_598' title='bbox 2654 2008 3068 2080; x_wconf 83' lang='grc' dir='ltr'>προσπίπτοντα</span> <span class='ocrx_word' id='word_1_599' title='bbox 3097 2008 3264 2074; x_wconf 82' lang='grc' dir='ltr'>δεινά,</span> <span class='ocrx_word' id='word_1_600' title='bbox 3304 2007 3406 2061; x_wconf 79' lang='grc' dir='ltr'>κᾶν</span> <span class='ocrx_word' id='word_1_601' title='bbox 3433 2007 3688 2061; x_wconf 82' lang='grc' dir='ltr'>ἁπάντων</span> <span class='ocrx_word' id='word_1_602' title='bbox 3722 2007 3935 2077; x_wconf 71' lang='grc' dir='ltr'>ἀφορη-</span> 
     </span>
    </p>
   </div>
   <div class='ocr_carea' id='block_1_80' title="bbox 2349 2095 3935 2174">
    <p class='ocr_par' dir='ltr' id='par_1_80' title="bbox 2349 2095 3935 2174">
     <span class='ocr_line' id='line_1_80' title="bbox 2349 2095 3935 2174; baseline -0.001 -22"><span class='ocrx_word' id='word_1_603' title='bbox 2349 2101 2541 2171; x_wconf 75' lang='grc' dir='ltr'>τότερα</span> <span class='ocrx_word' id='word_1_604' title='bbox 2659 2099 2796 2154; x_wconf 80' lang='grc' dir='ltr'>Οὔτε</span> <span class='ocrx_word' id='word_1_605' title='bbox 2838 2100 2947 2172; x_wconf 76' lang='grc' dir='ltr'>γὰρ</span> <span class='ocrx_word' id='word_1_606' title='bbox 2986 2103 3019 2171; x_wconf 89' lang='grc' dir='ltr'>ή</span> <span class='ocrx_word' id='word_1_607' title='bbox 3051 2101 3230 2168; x_wconf 89' lang='grc' dir='ltr'>ὑγίεια</span> <span class='ocrx_word' id='word_1_608' title='bbox 3255 2099 3423 2154; x_wconf 79' lang='grc' dir='ltr'>αὐτοῦ</span> <span class='ocrx_word' id='word_1_609' title='bbox 3455 2100 3634 2171; x_wconf 87' lang='grc' dir='ltr'>μόνον,</span> <span class='ocrx_word' id='word_1_610' title='bbox 3661 2099 3798 2153; x_wconf 90' lang='grc' dir='ltr'>ἀλλά</span> <span class='ocrx_word' id='word_1_611' title='bbox 3838 2098 3935 2151; x_wconf 80' lang='grc' dir='ltr'>καὶ</span> 
     </span>
    </p>
   </div>
   <div class='ocr_carea' id='block_1_81' title="bbox 2350 2190 3935 2262">
    <p class='ocr_par' dir='ltr' id='par_1_81' title="bbox 2350 2190 3935 2262">
     <span class='ocr_line' id='line_1_81' title="bbox 2350 2190 3935 2262; baseline -0.002 -18"><span class='ocrx_word' id='word_1_612' title='bbox 2350 2193 2381 2261; x_wconf 79' lang='grc' dir='ltr'><strong>ἠ</strong></span> <span class='ocrx_word' id='word_1_613' title='bbox 2411 2191 2563 2254; x_wconf 85' lang='grc' dir='ltr'>νόσος</span> <span class='ocrx_word' id='word_1_614' title='bbox 2595 2195 2859 2261; x_wconf 86' lang='grc' dir='ltr'>μεγίστης</span> <span class='ocrx_word' id='word_1_615' title='bbox 2892 2195 3022 2262; x_wconf 80' lang='grc' dir='ltr'>ἡμῖν</span> <span class='ocrx_word' id='word_1_616' title='bbox 3056 2191 3324 2259; x_wconf 86' lang='grc' dir='ltr'>ὠφελείας</span> <span class='ocrx_word' id='word_1_617' title='bbox 3352 2191 3574 2260; x_wconf 88' lang='grc' dir='ltr'>γέγονεν</span> <span class='ocrx_word' id='word_1_618' title='bbox 3601 2190 3750 2244; x_wconf 84' lang='grc' dir='ltr'>αίτία</span> <span class='ocrx_word' id='word_1_619' title='bbox 3769 2206 3783 2219; x_wconf 69' lang='grc' dir='ltr'>ο</span> <span class='ocrx_word' id='word_1_620' title='bbox 3811 2190 3847 2259; x_wconf 70' lang='grc' dir='ltr'>ἦ</span> <span class='ocrx_word' id='word_1_621' title='bbox 3873 2206 3935 2242; x_wconf 87' lang='grc' dir='ltr'>τε</span> 
     </span>
    </p>
   </div>
   <div class='ocr_carea' id='block_1_82' title="bbox 2349 2281 3937 2356">
    <p class='ocr_par' dir='ltr' id='par_1_82' title="bbox 2349 2281 3937 2356">
     <span class='ocr_line' id='line_1_82' title="bbox 2349 2281 3937 2356; baseline -0.001 -21"><span class='ocrx_word' id='word_1_622' title='bbox 2349 2283 2455 2354; x_wconf 88' lang='lat'>7&amp;9</span> <span class='ocrx_word' id='word_1_623' title='bbox 2495 2284 2758 2354; x_wconf 86' lang='grc' dir='ltr'>θεραπεία</span> <span class='ocrx_word' id='word_1_624' title='bbox 2788 2285 2923 2356; x_wconf 80' lang='grc' dir='ltr'>πρὸς</span> <span class='ocrx_word' id='word_1_625' title='bbox 2955 2283 3262 2352; x_wconf 79' lang='grc' dir='ltr'>δοξολογίαν</span> <span class='ocrx_word' id='word_1_626' title='bbox 3289 2283 3384 2337; x_wconf 86' lang='lat'>105</span> <span class='ocrx_word' id='word_1_627' title='bbox 3408 2284 3681 2336; x_wconf 86' lang='grc' dir='ltr'>Δεσπότου</span> <span class='ocrx_word' id='word_1_628' title='bbox 3714 2284 3808 2335; x_wconf 69' lang='grc' dir='ltr'>καὶ</span> <span class='ocrx_word' id='word_1_629' title='bbox 3834 2281 3937 2345; x_wconf 84' lang='grc' dir='ltr'>τὰς</span> 
     </span>
    </p>
   </div>
   <div class='ocr_carea' id='block_1_83' title="bbox 2351 2372 3936 2444">
    <p class='ocr_par' dir='ltr' id='par_1_83' title="bbox 2351 2372 3936 2444">
     <span class='ocr_line' id='line_1_83' title="bbox 2351 2372 3936 2444; baseline -0.001 -20"><span class='ocrx_word' id='word_1_630' title='bbox 2351 2372 2462 2425; x_wconf 88' lang='grc' dir='ltr'>τῶν</span> <span class='ocrx_word' id='word_1_631' title='bbox 2492 2373 2801 2426; x_wconf 79' lang='grc' dir='ltr'>ἀκουόντων</span> <span class='ocrx_word' id='word_1_632' title='bbox 2827 2375 3015 2444; x_wconf 69' lang='grc' dir='ltr'>ἤγειρε</span> <span class='ocrx_word' id='word_1_633' title='bbox 3053 2372 3255 2442; x_wconf 73' lang='grc' dir='ltr'>ψυχάς·</span> <span class='ocrx_word' id='word_1_634' title='bbox 3289 2373 3322 2443; x_wconf 73' lang='grc' dir='ltr'>ἦ</span> <span class='ocrx_word' id='word_1_635' title='bbox 3349 2390 3408 2424; x_wconf 89' lang='grc' dir='ltr'>τε</span> <span class='ocrx_word' id='word_1_636' title='bbox 3439 2374 3592 2435; x_wconf 88' lang='grc' dir='ltr'>νόσος</span> <span class='ocrx_word' id='word_1_637' title='bbox 3619 2373 3713 2424; x_wconf 72' lang='grc' dir='ltr'>καὶ</span> <span class='ocrx_word' id='word_1_638' title='bbox 3751 2373 3784 2442; x_wconf 85' lang='grc' dir='ltr'>ὴ</span> <span class='ocrx_word' id='word_1_639' title='bbox 3829 2372 3936 2442; x_wconf 78' lang='grc' dir='ltr'>ἀρ-</span> 
     </span>
    </p>
   </div>
   <div class='ocr_carea' id='block_1_84' title="bbox 2352 2463 3936 2536">
    <p class='ocr_par' dir='ltr' id='par_1_84' title="bbox 2352 2463 3936 2536">
     <span class='ocr_line' id='line_1_84' title="bbox 2352 2463 3936 2536; baseline 0.002 -22"><span class='ocrx_word' id='word_1_640' title='bbox 2352 2464 2557 2532; x_wconf 72' lang='grc' dir='ltr'>ρωστία</span> <span class='ocrx_word' id='word_1_641' title='bbox 2580 2464 2714 2535; x_wconf 81' lang='grc' dir='ltr'>πρὸς</span> <span class='ocrx_word' id='word_1_642' title='bbox 2736 2464 3012 2534; x_wconf 81' lang='grc' dir='ltr'>ὑπομονὴν</span> <span class='ocrx_word' id='word_1_643' title='bbox 3035 2465 3179 2534; x_wconf 76' lang='grc' dir='ltr'>ὑμᾶς</span> <span class='ocrx_word' id='word_1_644' title='bbox 3201 2464 3408 2535; x_wconf 80' lang='grc' dir='ltr'>ήλειψε,</span> <span class='ocrx_word' id='word_1_645' title='bbox 3431 2465 3527 2517; x_wconf 69' lang='grc' dir='ltr'>καὶ</span> <span class='ocrx_word' id='word_1_646' title='bbox 3550 2464 3687 2536; x_wconf 78' lang='grc' dir='ltr'>πρὸς</span> <span class='ocrx_word' id='word_1_647' title='bbox 3705 2463 3797 2516; x_wconf 83' lang='grc' dir='ltr'>τὸν</span> <span class='ocrx_word' id='word_1_648' title='bbox 3821 2465 3936 2517; x_wconf 87' lang='grc' dir='ltr'>ῐσον</span> 
     </span>
    </p>
   </div>
   <div class='ocr_carea' id='block_1_85' title="bbox 2351 2555 3936 2627">
    <p class='ocr_par' dir='ltr' id='par_1_85' title="bbox 2351 2555 3936 2627">
     <span class='ocr_line' id='line_1_85' title="bbox 2351 2555 3936 2627; baseline 0.001 -20"><span class='ocrx_word' id='word_1_649' title='bbox 2351 2557 2693 2627; x_wconf 84' lang='grc' dir='ltr'>παρεκάλεσε</span> <span class='ocrx_word' id='word_1_650' title='bbox 2722 2556 2883 2626; x_wconf 77' lang='grc' dir='ltr'>ζῆλον</span> <span class='ocrx_word' id='word_1_651' title='bbox 2905 2573 2917 2585; x_wconf 89' lang='grc'>·</span> <span class='ocrx_word' id='word_1_652' title='bbox 2948 2556 3145 2626; x_wconf 74' lang='grc' dir='ltr'>μᾶλλον</span> <span class='ocrx_word' id='word_1_653' title='bbox 3169 2557 3223 2608; x_wconf 85' lang='grc' dir='ltr'>δέ</span> <span class='ocrx_word' id='word_1_654' title='bbox 3249 2556 3343 2610; x_wconf 76' lang='grc' dir='ltr'>καὶ</span> <span class='ocrx_word' id='word_1_655' title='bbox 3369 2556 3539 2624; x_wconf 80' lang='grc' dir='ltr'>αὐτὴν</span> <span class='ocrx_word' id='word_1_656' title='bbox 3564 2555 3657 2608; x_wconf 87' lang='lat'>105</span> <span class='ocrx_word' id='word_1_657' title='bbox 3678 2555 3814 2608; x_wconf 81' lang='grc' dir='ltr'>Θεοῦ</span> <span class='ocrx_word' id='word_1_658' title='bbox 3836 2556 3936 2626; x_wconf 77' lang='grc' dir='ltr'>τὴν</span> 
     </span>
    </p>
   </div>
   <div class='ocr_carea' id='block_1_86' title="bbox 2347 2647 3934 2720">
    <p class='ocr_par' dir='ltr' id='par_1_86' title="bbox 2347 2647 3934 2720">
     <span class='ocr_line' id='line_1_86' title="bbox 2347 2647 3934 2720; baseline 0 -20"><span class='ocrx_word' id='word_1_659' title='bbox 2347 2647 2756 2719; x_wconf 81' lang='grc' dir='ltr'>φιλανθρωπίαν</span> <span class='ocrx_word' id='word_1_660' title='bbox 2785 2647 3104 2712; x_wconf 80' lang='grc' dir='ltr'>ἐνεδείξατο.</span> <span class='ocrx_word' id='word_1_661' title='bbox 3138 2647 3248 2702; x_wconf 67' lang='grc' dir='ltr'>Καὶ</span> <span class='ocrx_word' id='word_1_662' title='bbox 3279 2647 3386 2718; x_wconf 82' lang='lat'>7&amp;9</span> <span class='ocrx_word' id='word_1_663' title='bbox 3411 2648 3542 2701; x_wconf 74' lang='grc' dir='ltr'>αὐτὸ</span> <span class='ocrx_word' id='word_1_664' title='bbox 3565 2647 3626 2700; x_wconf 75' lang='grc' dir='ltr'>τὸ</span> <span class='ocrx_word' id='word_1_665' title='bbox 3659 2648 3934 2720; x_wconf 80' lang='grc' dir='ltr'>παραδοῦ-</span> 
     </span>
    </p>
   </div>
   <div class='ocr_carea' id='block_1_87' title="bbox 2347 2734 3937 2806">
    <p class='ocr_par' dir='ltr' id='par_1_87' title="bbox 2347 2734 3937 2806">
     <span class='ocr_line' id='line_1_87' title="bbox 2347 2734 3937 2806; baseline 0.002 -20"><span class='ocrx_word' id='word_1_666' title='bbox 2347 2752 2434 2787; x_wconf 91' lang='grc' dir='ltr'>ναι</span> <span class='ocrx_word' id='word_1_667' title='bbox 2459 2734 2685 2805; x_wconf 85' lang='grc' dir='ltr'>τοιούτῳ</span> <span class='ocrx_word' id='word_1_668' title='bbox 2715 2737 3002 2806; x_wconf 87' lang='grc' dir='ltr'>νοσήματι,</span> <span class='ocrx_word' id='word_1_669' title='bbox 3032 2737 3125 2789; x_wconf 74' lang='grc' dir='ltr'>καὶ</span> <span class='ocrx_word' id='word_1_670' title='bbox 3149 2737 3240 2788; x_wconf 86' lang='grc' dir='ltr'>τὸν</span> <span class='ocrx_word' id='word_1_671' title='bbox 3269 2738 3460 2806; x_wconf 82' lang='grc' dir='ltr'>χρόνον</span> <span class='ocrx_word' id='word_1_672' title='bbox 3486 2737 3720 2791; x_wconf 87' lang='grc' dir='ltr'>ἐκτεῖναι</span> <span class='ocrx_word' id='word_1_673' title='bbox 3748 2737 3937 2789; x_wconf 78' lang='grc' dir='ltr'>τοσοῦ-</span> 
     </span>
    </p>
   </div>
   <div class='ocr_carea' id='block_1_88' title="bbox 2344 2824 3937 2898">
    <p class='ocr_par' dir='ltr' id='par_1_88' title="bbox 2344 2824 3937 2898">
     <span class='ocr_line' id='line_1_88' title="bbox 2344 2824 3937 2898; baseline 0.003 -22"><span class='ocrx_word' id='word_1_674' title='bbox 2344 2841 2436 2878; x_wconf 89' lang='grc' dir='ltr'>τον</span> <span class='ocrx_word' id='word_1_675' title='bbox 2464 2824 2562 2896; x_wconf 86' lang='grc' dir='ltr'>τὴν</span> <span class='ocrx_word' id='word_1_676' title='bbox 2588 2826 2915 2896; x_wconf 76' lang='grc' dir='ltr'>ἀρρωστίαν,</span> <span class='ocrx_word' id='word_1_677' title='bbox 2944 2827 3208 2897; x_wconf 83' lang='grc' dir='ltr'>μεγίστης</span> <span class='ocrx_word' id='word_1_678' title='bbox 3233 2827 3562 2898; x_wconf 82' lang='grc' dir='ltr'>κηδεμονίας</span> <span class='ocrx_word' id='word_1_679' title='bbox 3583 2827 3721 2880; x_wconf 84' lang='grc' dir='ltr'>ἐστί.</span> <span class='ocrx_word' id='word_1_680' title='bbox 3749 2826 3937 2880; x_wconf 81' lang='grc' dir='ltr'>Καθά-</span> 
     </span>
    </p>
   </div>
   <div class='ocr_carea' id='block_1_89' title="bbox 2347 2914 3934 2992">
    <p class='ocr_par' dir='ltr' id='par_1_89' title="bbox 2347 2914 3934 2992">
     <span class='ocr_line' id='line_1_89' title="bbox 2347 2914 3934 2992; baseline 0.006 -27"><span class='ocrx_word' id='word_1_681' title='bbox 2347 2931 2454 2985; x_wconf 85' lang='grc' dir='ltr'>περ</span> <span class='ocrx_word' id='word_1_682' title='bbox 2484 2914 2589 2984; x_wconf 85' lang='grc' dir='ltr'>γάρ</span> <span class='ocrx_word' id='word_1_683' title='bbox 2619 2916 2911 2986; x_wconf 89' lang='grc' dir='ltr'>χρυσοχόος</span> <span class='ocrx_word' id='word_1_684' title='bbox 2934 2918 3013 2980; x_wconf 87' lang='grc' dir='ltr'>είς</span> <span class='ocrx_word' id='word_1_685' title='bbox 3040 2919 3404 2990; x_wconf 88' lang='grc' dir='ltr'>χωνευτήριον</span> <span class='ocrx_word' id='word_1_686' title='bbox 3431 2918 3686 2992; x_wconf 74' lang='grc' dir='ltr'>ἐμϐαλὼν</span> <span class='ocrx_word' id='word_1_687' title='bbox 3710 2921 3934 2991; x_wconf 86' lang='grc' dir='ltr'>χρυσίον</span> 
     </span>
    </p>
   </div>
   <div class='ocr_carea' id='block_1_90' title="bbox 2351 3005 3935 3085">
    <p class='ocr_par' dir='ltr' id='par_1_90' title="bbox 2351 3005 3935 3085">
     <span class='ocr_line' id='line_1_90' title="bbox 2351 3005 3935 3085; baseline 0.006 -28"><span class='ocrx_word' id='word_1_688' title='bbox 2351 3005 2512 3076; x_wconf 89' lang='grc' dir='ltr'>μέχρι</span> <span class='ocrx_word' id='word_1_689' title='bbox 2537 3007 2795 3060; x_wconf 90' lang='grc' dir='ltr'>τοσούτου</span> <span class='ocrx_word' id='word_1_690' title='bbox 2822 3009 3110 3080; x_wconf 88' lang='grc' dir='ltr'>ἐπιτρέπει</span> <span class='ocrx_word' id='word_1_691' title='bbox 3143 3009 3531 3080; x_wconf 76' lang='grc' dir='ltr'>βασανίζεσθαι</span> <span class='ocrx_word' id='word_1_692' title='bbox 3559 3012 3635 3082; x_wconf 88' lang='grc' dir='ltr'>τῷ</span> <span class='ocrx_word' id='word_1_693' title='bbox 3660 3014 3935 3085; x_wconf 75' lang='grc' dir='ltr'>πυρὶ,ἐως</span> 
     </span>
    </p>
   </div>
   <div class='ocr_carea' id='block_1_91' title="bbox 2347 3093 3935 3170">
    <p class='ocr_par' dir='ltr' id='par_1_91' title="bbox 2347 3093 3935 3170">
     <span class='ocr_line' id='line_1_91' title="bbox 2347 3093 3935 3170; baseline 0.004 -23"><span class='ocrx_word' id='word_1_694' title='bbox 2347 3093 2413 3148; x_wconf 81' lang='grc' dir='ltr'>ἂν</span> <span class='ocrx_word' id='word_1_695' title='bbox 2444 3095 2528 3167; x_wconf 77' lang='grc' dir='ltr'>ἴδη</span> <span class='ocrx_word' id='word_1_696' title='bbox 2552 3097 2843 3167; x_wconf 84' lang='grc' dir='ltr'>γενόμενον</span> <span class='ocrx_word' id='word_1_697' title='bbox 2879 3097 3264 3169; x_wconf 83' lang='grc' dir='ltr'>καθαρώτερον</span> <span class='ocrx_word' id='word_1_698' title='bbox 3285 3117 3296 3128; x_wconf 92' lang='grc'><strong>·</strong></span> <span class='ocrx_word' id='word_1_699' title='bbox 3333 3098 3476 3152; x_wconf 75' lang='grc' dir='ltr'>οὕτω</span> <span class='ocrx_word' id='word_1_700' title='bbox 3503 3099 3568 3170; x_wconf 77' lang='grc' dir='ltr'>δὴ</span> <span class='ocrx_word' id='word_1_701' title='bbox 3596 3102 3690 3156; x_wconf 73' lang='grc' dir='ltr'>καὶ</span> <span class='ocrx_word' id='word_1_702' title='bbox 3731 3104 3758 3153; x_wconf 88' lang='grc' dir='ltr'>ό</span> <span class='ocrx_word' id='word_1_703' title='bbox 3804 3102 3935 3166; x_wconf 72' lang='grc' dir='ltr'>Θεὸς</span> 
     </span>
    </p>
   </div>
   <div class='ocr_carea' id='block_1_92' title="bbox 2349 3187 3936 3261">
    <p class='ocr_par' dir='ltr' id='par_1_92' title="bbox 2349 3187 3936 3261">
     <span class='ocr_line' id='line_1_92' title="bbox 2349 3187 3936 3261; baseline 0.005 -22"><span class='ocrx_word' id='word_1_704' title='bbox 2349 3187 2511 3257; x_wconf 91' lang='grc' dir='ltr'>μέχρι</span> <span class='ocrx_word' id='word_1_705' title='bbox 2536 3187 2793 3242; x_wconf 89' lang='grc' dir='ltr'>τοσούτου</span> <span class='ocrx_word' id='word_1_706' title='bbox 2820 3188 2917 3251; x_wconf 89' lang='grc' dir='ltr'>τάς</span> <span class='ocrx_word' id='word_1_707' title='bbox 2942 3189 3048 3242; x_wconf 88' lang='grc' dir='ltr'>τῶν</span> <span class='ocrx_word' id='word_1_708' title='bbox 3079 3188 3383 3260; x_wconf 84' lang='grc' dir='ltr'>ἀνθρώπων</span> <span class='ocrx_word' id='word_1_709' title='bbox 3402 3189 3580 3259; x_wconf 75' lang='grc' dir='ltr'>ψυχας</span> <span class='ocrx_word' id='word_1_710' title='bbox 3605 3192 3826 3261; x_wconf 78' lang='grc' dir='ltr'>ἀφίησιν</span> <span class='ocrx_word' id='word_1_711' title='bbox 3851 3193 3936 3259; x_wconf 68' lang='grc' dir='ltr'>ἰε-</span> 
     </span>
    </p>
   </div>
   <div class='ocr_carea' id='block_1_93' title="bbox 2346 3278 3936 3354">
    <p class='ocr_par' dir='ltr' id='par_1_93' title="bbox 2346 3278 3936 3354">
     <span class='ocr_line' id='line_1_93' title="bbox 2346 3278 3936 3354; baseline 0.004 -21"><span class='ocrx_word' id='word_1_712' title='bbox 2346 3278 2633 3344; x_wconf 79' lang='grc' dir='ltr'>ετάζεσθαι</span> <span class='ocrx_word' id='word_1_713' title='bbox 2683 3283 2740 3334; x_wconf 90' lang='grc' dir='ltr'>ἐν</span> <span class='ocrx_word' id='word_1_714' title='bbox 2789 3281 3004 3346; x_wconf 90' lang='grc' dir='ltr'>δεινοῖς,</span> <span class='ocrx_word' id='word_1_715' title='bbox 3039 3281 3143 3344; x_wconf 74' lang='grc' dir='ltr'>ἕως</span> <span class='ocrx_word' id='word_1_716' title='bbox 3176 3280 3241 3334; x_wconf 82' lang='grc' dir='ltr'>ἂν</span> <span class='ocrx_word' id='word_1_717' title='bbox 3267 3282 3534 3348; x_wconf 85' lang='grc' dir='ltr'>γένωνται</span> <span class='ocrx_word' id='word_1_718' title='bbox 3570 3283 3808 3354; x_wconf 77' lang='grc' dir='ltr'>καθαραὶ</span> <span class='ocrx_word' id='word_1_719' title='bbox 3842 3287 3936 3338; x_wconf 76' lang='grc' dir='ltr'>καὶ</span> 
     </span>
    </p>
   </div>
   <div class='ocr_carea' id='block_1_94' title="bbox 2345 3369 3936 3447">
    <p class='ocr_par' dir='ltr' id='par_1_94' title="bbox 2345 3369 3936 3447">
     <span class='ocr_line' id='line_1_94' title="bbox 2345 3369 3936 3447; baseline 0.005 -25"><span class='ocrx_word' id='word_1_720' title='bbox 2345 3369 2586 3434; x_wconf 87' lang='grc' dir='ltr'>διειδεῖς,</span> <span class='ocrx_word' id='word_1_721' title='bbox 2622 3372 2717 3424; x_wconf 72' lang='grc' dir='ltr'>καὶ</span> <span class='ocrx_word' id='word_1_722' title='bbox 2761 3371 2963 3440; x_wconf 81' lang='grc' dir='ltr'>πολλὴν</span> <span class='ocrx_word' id='word_1_723' title='bbox 3014 3371 3122 3424; x_wconf 83' lang='grc' dir='ltr'>ἀπὺ</span> <span class='ocrx_word' id='word_1_724' title='bbox 3171 3371 3270 3439; x_wconf 77' lang='grc' dir='ltr'>τῆς</span> <span class='ocrx_word' id='word_1_725' title='bbox 3319 3371 3551 3440; x_wconf 80' lang='grc' dir='ltr'>βασάνου</span> <span class='ocrx_word' id='word_1_726' title='bbox 3590 3374 3794 3446; x_wconf 87' lang='grc' dir='ltr'>ταύτης</span> <span class='ocrx_word' id='word_1_727' title='bbox 3837 3378 3936 3447; x_wconf 77' lang='grc' dir='ltr'>τὴν</span> 
     </span>
    </p>
   </div>
   <div class='ocr_carea' id='block_1_95' title="bbox 2346 3461 3937 3540">
    <p class='ocr_par' dir='ltr' id='par_1_95' title="bbox 2346 3461 3937 3540">
     <span class='ocr_line' id='line_1_95' title="bbox 2346 3461 3937 3540; baseline 0.005 -26"><span class='ocrx_word' id='word_1_728' title='bbox 2346 3461 2612 3528; x_wconf 74' lang='grc' dir='ltr'>ὠφέλειαν</span> <span class='ocrx_word' id='word_1_729' title='bbox 2645 3462 3079 3532; x_wconf 88' lang='grc' dir='ltr'>καρπωσάμεναι</span> <span class='ocrx_word' id='word_1_730' title='bbox 3099 3477 3113 3492; x_wconf 74' lang='grc'><strong>⁸</strong></span> <span class='ocrx_word' id='word_1_731' title='bbox 3142 3463 3282 3517; x_wconf 81' lang='grc' dir='ltr'>ὥστε</span> <span class='ocrx_word' id='word_1_732' title='bbox 3310 3463 3402 3514; x_wconf 77' lang='grc' dir='ltr'>καὶ</span> <span class='ocrx_word' id='word_1_733' title='bbox 3429 3462 3587 3516; x_wconf 82' lang='grc' dir='ltr'>τοῦτο</span> <span class='ocrx_word' id='word_1_734' title='bbox 3616 3466 3937 3540; x_wconf 77' lang='grc' dir='ltr'>εὐεργεσίας</span> 
     </span>
    </p>
   </div>
   <div class='ocr_carea' id='block_1_96' title="bbox 2346 3547 3030 3622">
    <p class='ocr_par' dir='ltr' id='par_1_96' title="bbox 2346 3547 3030 3622">
     <span class='ocr_line' id='line_1_96' title="bbox 2346 3547 3030 3622; baseline 0.007 -18"><span class='ocrx_word' id='word_1_735' title='bbox 2346 3547 2484 3614; x_wconf 80' lang='grc' dir='ltr'>εἶδός</span> <span class='ocrx_word' id='word_1_736' title='bbox 2512 3555 2627 3605; x_wconf 89' lang='grc' dir='ltr'>ἐστι</span> <span class='ocrx_word' id='word_1_737' title='bbox 2657 3553 2718 3604; x_wconf 87' lang='grc' dir='ltr'>τὸ</span> <span class='ocrx_word' id='word_1_738' title='bbox 2751 3553 3030 3622; x_wconf 85' lang='grc' dir='ltr'>μέγιστον.</span> 
     </span>
    </p>
   </div>
   <div class='ocr_carea' id='block_1_97' title="bbox 2418 3643 3937 3723">
    <p class='ocr_par' dir='ltr' id='par_1_97' title="bbox 2418 3643 3937 3723">
     <span class='ocr_line' id='line_1_97' title="bbox 2418 3643 3937 3723; baseline 0.007 -26"><span class='ocrx_word' id='word_1_739' title='bbox 2418 3643 2482 3713; x_wconf 81' lang='grc' dir='ltr'>β’.</span> <span class='ocrx_word' id='word_1_740' title='bbox 2513 3643 2603 3714; x_wconf 80' lang='grc' dir='ltr'>Μὴ</span> <span class='ocrx_word' id='word_1_741' title='bbox 2634 3643 2814 3697; x_wconf 88' lang='grc' dir='ltr'>τοίνυν</span> <span class='ocrx_word' id='word_1_742' title='bbox 2843 3644 3221 3714; x_wconf 78' lang='grc' dir='ltr'>θορυὸὠμεθα,</span> <span class='ocrx_word' id='word_1_743' title='bbox 3257 3649 3391 3719; x_wconf 89' lang='grc' dir='ltr'>μηδέ</span> <span class='ocrx_word' id='word_1_744' title='bbox 3413 3650 3684 3721; x_wconf 86' lang='grc' dir='ltr'>ἀλύωμεν,</span> <span class='ocrx_word' id='word_1_745' title='bbox 3705 3669 3937 3723; x_wconf 87' lang='grc' dir='ltr'>πειρασ-</span> 
     </span>
    </p>
   </div>
   <div class='ocr_carea' id='block_1_98' title="bbox 2350 3733 3938 3810">
    <p class='ocr_par' dir='ltr' id='par_1_98' title="bbox 2350 3733 3938 3810">
     <span class='ocr_line' id='line_1_98' title="bbox 2350 3733 3938 3810; baseline 0.006 -24"><span class='ocrx_word' id='word_1_746' title='bbox 2350 3733 2464 3805; x_wconf 88' lang='grc' dir='ltr'>μῶν</span> <span class='ocrx_word' id='word_1_747' title='bbox 2487 3733 2868 3803; x_wconf 82' lang='grc' dir='ltr'>ἐμπιπτόντων</span> <span class='ocrx_word' id='word_1_748' title='bbox 2888 3737 3036 3805; x_wconf 85' lang='grc' dir='ltr'>ήμῖν.</span> <span class='ocrx_word' id='word_1_749' title='bbox 3059 3736 3120 3788; x_wconf 72' lang='lat' dir='ltr'>El</span> <span class='ocrx_word' id='word_1_750' title='bbox 3144 3737 3248 3808; x_wconf 87' lang='lat'>7&amp;9</span> <span class='ocrx_word' id='word_1_751' title='bbox 3277 3742 3304 3791; x_wconf 89' lang='grc' dir='ltr'><strong>ὁ</strong></span> <span class='ocrx_word' id='word_1_752' title='bbox 3322 3740 3610 3810; x_wconf 87' lang='grc' dir='ltr'>χρυσοχόος</span> <span class='ocrx_word' id='word_1_753' title='bbox 3639 3736 3744 3794; x_wconf 69' lang='grc' dir='ltr'>εἶδε</span> <span class='ocrx_word' id='word_1_754' title='bbox 3773 3743 3938 3797; x_wconf 87' lang='grc' dir='ltr'>πόσον</span> 
     </span>
    </p>
   </div>
   <div class='ocr_carea' id='block_1_99' title="bbox 2349 3825 3936 3901">
    <p class='ocr_par' dir='ltr' id='par_1_99' title="bbox 2349 3825 3936 3901">
     <span class='ocr_line' id='line_1_99' title="bbox 2349 3825 3936 3901; baseline 0.006 -25"><span class='ocrx_word' id='word_1_755' title='bbox 2349 3825 2448 3894; x_wconf 82' lang='grc' dir='ltr'>μὲν</span> <span class='ocrx_word' id='word_1_756' title='bbox 2470 3825 2690 3893; x_wconf 82' lang='grc' dir='ltr'>ἀφιέναι</span> <span class='ocrx_word' id='word_1_757' title='bbox 2719 3827 2775 3878; x_wconf 85' lang='grc' dir='ltr'>ἐν</span> <span class='ocrx_word' id='word_1_758' title='bbox 2796 3828 2863 3898; x_wconf 75' lang='grc' dir='ltr'>τῇ</span> <span class='ocrx_word' id='word_1_759' title='bbox 2890 3825 3106 3898; x_wconf 86' lang='grc' dir='ltr'>καμίνῳ</span> <span class='ocrx_word' id='word_1_760' title='bbox 3127 3829 3318 3899; x_wconf 90' lang='grc' dir='ltr'>χρόνον</span> <span class='ocrx_word' id='word_1_761' title='bbox 3341 3831 3422 3882; x_wconf 88' lang='grc' dir='ltr'>δεῖ</span> <span class='ocrx_word' id='word_1_762' title='bbox 3445 3832 3505 3883; x_wconf 82' lang='grc' dir='ltr'>τὸ</span> <span class='ocrx_word' id='word_1_763' title='bbox 3532 3833 3775 3901; x_wconf 85' lang='grc' dir='ltr'>χρυσίον,</span> <span class='ocrx_word' id='word_1_764' title='bbox 3805 3835 3936 3886; x_wconf 80' lang='grc' dir='ltr'>πότε</span> 
     </span>
    </p>
   </div>
   <div class='ocr_carea' id='block_1_100' title="bbox 2346 3917 3937 3995">
    <p class='ocr_par' dir='ltr' id='par_1_100' title="bbox 2346 3917 3937 3995">
     <span class='ocr_line' id='line_1_100' title="bbox 2346 3917 3937 3995; baseline 0.006 -26"><span class='ocrx_word' id='word_1_765' title='bbox 2346 3917 2402 3969; x_wconf 80' lang='grc' dir='ltr'>δὲ</span> <span class='ocrx_word' id='word_1_766' title='bbox 2426 3918 2761 3982; x_wconf 83' lang='grc' dir='ltr'>ἀνασπάσαι,</span> <span class='ocrx_word' id='word_1_767' title='bbox 2793 3919 2886 3972; x_wconf 77' lang='grc' dir='ltr'>καὶ</span> <span class='ocrx_word' id='word_1_768' title='bbox 2911 3919 3010 3972; x_wconf 87' lang='grc' dir='ltr'>οὐκ</span> <span class='ocrx_word' id='word_1_769' title='bbox 3037 3919 3229 3990; x_wconf 91' lang='grc' dir='ltr'>ἀφίησι</span> <span class='ocrx_word' id='word_1_770' title='bbox 3259 3922 3421 3993; x_wconf 87' lang='grc' dir='ltr'>μέχρι</span> <span class='ocrx_word' id='word_1_771' title='bbox 3443 3923 3536 3977; x_wconf 84' lang='lat'>105</span> <span class='ocrx_word' id='word_1_772' title='bbox 3567 3925 3937 3995; x_wconf 78' lang='grc' dir='ltr'>διαφθαρῆναι</span> 
     </span>
    </p>
   </div>
   <div class='ocr_carea' id='block_1_101' title="bbox 2349 4007 3934 4087">
    <p class='ocr_par' dir='ltr' id='par_1_101' title="bbox 2349 4007 3934 4087">
     <span class='ocr_line' id='line_1_101' title="bbox 2349 4007 3934 4087; baseline 0.008 -28"><span class='ocrx_word' id='word_1_773' title='bbox 2349 4007 2443 4059; x_wconf 71' lang='grc' dir='ltr'>καὶ</span> <span class='ocrx_word' id='word_1_774' title='bbox 2493 4009 2905 4080; x_wconf 84' lang='grc' dir='ltr'>κατακαυθῆναι</span> <span class='ocrx_word' id='word_1_775' title='bbox 2955 4011 3136 4080; x_wconf 80' lang='grc' dir='ltr'>μένειν</span> <span class='ocrx_word' id='word_1_776' title='bbox 3183 4014 3240 4066; x_wconf 89' lang='grc' dir='ltr'>ἐν</span> <span class='ocrx_word' id='word_1_777' title='bbox 3274 4012 3351 4082; x_wconf 89' lang='grc' dir='ltr'>τῷ</span> <span class='ocrx_word' id='word_1_778' title='bbox 3381 4016 3541 4086; x_wconf 87' lang='grc' dir='ltr'>πυρί·</span> <span class='ocrx_word' id='word_1_779' title='bbox 3579 4016 3760 4087; x_wconf 89' lang='grc' dir='ltr'>πολλῷ</span> <span class='ocrx_word' id='word_1_780' title='bbox 3794 4017 3934 4087; x_wconf 83' lang='grc' dir='ltr'>μᾶλ-</span> 
     </span>
    </p>
   </div>
   <div class='ocr_carea' id='block_1_102' title="bbox 2349 4097 3935 4179">
    <p class='ocr_par' dir='ltr' id='par_1_102' title="bbox 2349 4097 3935 4179">
     <span class='ocr_line' id='line_1_102' title="bbox 2349 4097 3935 4179; baseline 0.008 -30"><span class='ocrx_word' id='word_1_781' title='bbox 2349 4097 2438 4151; x_wconf 92' lang='grc' dir='ltr'>λον</span> <span class='ocrx_word' id='word_1_782' title='bbox 2463 4099 2492 4151; x_wconf 88' lang='grc' dir='ltr'>ό</span> <span class='ocrx_word' id='word_1_783' title='bbox 2512 4099 2644 4164; x_wconf 83' lang='grc' dir='ltr'>Θεὸς</span> <span class='ocrx_word' id='word_1_784' title='bbox 2669 4100 2825 4154; x_wconf 83' lang='grc' dir='ltr'>τοῦτο</span> <span class='ocrx_word' id='word_1_785' title='bbox 2858 4101 3171 4166; x_wconf 89' lang='grc' dir='ltr'>ἐπίσταται,</span> <span class='ocrx_word' id='word_1_786' title='bbox 3205 4107 3297 4157; x_wconf 75' lang='grc' dir='ltr'>καὶ</span> <span class='ocrx_word' id='word_1_787' title='bbox 3327 4107 3455 4158; x_wconf 78' lang='grc' dir='ltr'>ὅταν</span> <span class='ocrx_word' id='word_1_788' title='bbox 3492 4106 3577 4178; x_wconf 74' lang='grc' dir='ltr'>ἴδῃ</span> <span class='ocrx_word' id='word_1_789' title='bbox 3615 4108 3935 4179; x_wconf 86' lang='grc' dir='ltr'>καθαρωτέ-</span> 
     </span>
    </p>
   </div>
   <div class='ocr_carea' id='block_1_103' title="bbox 2353 4193 3938 4273">
    <p class='ocr_par' dir='ltr' id='par_1_103' title="bbox 2353 4193 3938 4273">
     <span class='ocr_line' id='line_1_103' title="bbox 2353 4193 3938 4273; baseline 0.008 -32"><span class='ocrx_word' id='word_1_790' title='bbox 2353 4208 2478 4260; x_wconf 86' lang='grc' dir='ltr'>ρους</span> <span class='ocrx_word' id='word_1_791' title='bbox 2500 4193 2839 4262; x_wconf 88' lang='grc' dir='ltr'>γενομένους,</span> <span class='ocrx_word' id='word_1_792' title='bbox 2871 4194 3065 4264; x_wconf 87' lang='grc' dir='ltr'>ἀφίησι</span> <span class='ocrx_word' id='word_1_793' title='bbox 3093 4195 3199 4249; x_wconf 86' lang='grc' dir='ltr'>τῶν</span> <span class='ocrx_word' id='word_1_794' title='bbox 3227 4199 3571 4268; x_wconf 86' lang='grc' dir='ltr'>πειρασμῶν,</span> <span class='ocrx_word' id='word_1_795' title='bbox 3592 4199 3732 4253; x_wconf 79' lang='grc' dir='ltr'>ῶστε</span> <span class='ocrx_word' id='word_1_796' title='bbox 3757 4202 3831 4272; x_wconf 83' lang='grc' dir='ltr'>μὴ</span> <span class='ocrx_word' id='word_1_797' title='bbox 3857 4203 3938 4273; x_wconf 88' lang='grc' dir='ltr'>τῷ</span> 
     </span>
    </p>
   </div>
   <div class='ocr_carea' id='block_1_104' title="bbox 2353 4278 3938 4357">
    <p class='ocr_par' dir='ltr' id='par_1_104' title="bbox 2353 4278 3938 4357">
     <span class='ocr_line' id='line_1_104' title="bbox 2353 4278 3938 4357; baseline 0.008 -26"><span class='ocrx_word' id='word_1_798' title='bbox 2353 4278 2679 4350; x_wconf 83' lang='grc' dir='ltr'>πλεονασμῷ</span> <span class='ocrx_word' id='word_1_799' title='bbox 2713 4283 2819 4334; x_wconf 91' lang='grc' dir='ltr'>τῶν</span> <span class='ocrx_word' id='word_1_800' title='bbox 2846 4284 3031 4337; x_wconf 89' lang='grc' dir='ltr'>κακῶν</span> <span class='ocrx_word' id='word_1_801' title='bbox 3067 4286 3522 4357; x_wconf 87' lang='grc' dir='ltr'>ὑποσκελισθῆναι</span> <span class='ocrx_word' id='word_1_802' title='bbox 3564 4290 3655 4340; x_wconf 81' lang='grc' dir='ltr'>καὶ</span> <span class='ocrx_word' id='word_1_803' title='bbox 3696 4307 3938 4344; x_wconf 81' lang='grc' dir='ltr'>καταπε-</span> 
     </span>
    </p>
   </div>
   <div class='ocr_carea' id='block_1_105' title="bbox 2353 4372 3932 4451">
    <p class='ocr_par' dir='ltr' id='par_1_105' title="bbox 2353 4372 3932 4451">
     <span class='ocr_line' id='line_1_105' title="bbox 2353 4372 3932 4451; baseline 0.007 -28"><span class='ocrx_word' id='word_1_804' title='bbox 2353 4373 2482 4424; x_wconf 87' lang='grc' dir='ltr'>σεῖν.</span> <span class='ocrx_word' id='word_1_805' title='bbox 2515 4372 2605 4440; x_wconf 82' lang='grc' dir='ltr'>Μὴ</span> <span class='ocrx_word' id='word_1_806' title='bbox 2628 4372 2805 4425; x_wconf 89' lang='grc' dir='ltr'>τοίνυν</span> <span class='ocrx_word' id='word_1_807' title='bbox 2833 4373 3292 4446; x_wconf 89' lang='grc' dir='ltr'>δυσχεραίνωμεν,</span> <span class='ocrx_word' id='word_1_808' title='bbox 3322 4378 3454 4447; x_wconf 83' lang='grc' dir='ltr'>μηδὲ</span> <span class='ocrx_word' id='word_1_809' title='bbox 3485 4379 3932 4451; x_wconf 71' lang='grc' dir='ltr'>μικροψυχῶμεν,</span> 
     </span>
    </p>
   </div>
   <div class='ocr_carea' id='block_1_106' title="bbox 2351 4461 3934 4543">
    <p class='ocr_par' dir='ltr' id='par_1_106' title="bbox 2351 4461 3934 4543">
     <span class='ocr_line' id='line_1_106' title="bbox 2351 4461 3934 4543; baseline 0.008 -31"><span class='ocrx_word' id='word_1_810' title='bbox 2351 4461 2568 4514; x_wconf 85' lang='grc' dir='ltr'>ἐπειδάν</span> <span class='ocrx_word' id='word_1_811' title='bbox 2601 4479 2652 4515; x_wconf 92' lang='grc' dir='ltr'>τι</span> <span class='ocrx_word' id='word_1_812' title='bbox 2696 4463 2802 4515; x_wconf 91' lang='grc' dir='ltr'>τῶν</span> <span class='ocrx_word' id='word_1_813' title='bbox 2829 4464 3104 4535; x_wconf 80' lang='grc' dir='ltr'>ἀδοκήτων</span> <span class='ocrx_word' id='word_1_814' title='bbox 3135 4467 3350 4538; x_wconf 82' lang='grc' dir='ltr'>ἐμπέσῃ</span> <span class='ocrx_word' id='word_1_815' title='bbox 3370 4485 3382 4498; x_wconf 71' lang='grc'><strong><em>⁸</em></strong></span> <span class='ocrx_word' id='word_1_816' title='bbox 3415 4469 3550 4522; x_wconf 83' lang='grc' dir='ltr'>ἀλλά</span> <span class='ocrx_word' id='word_1_817' title='bbox 3588 4474 3934 4543; x_wconf 80' lang='grc' dir='ltr'>παραχωρῶ-</span> 
     </span>
    </p>
   </div>
   <div class='ocr_carea' id='block_1_107' title="bbox 2354 4553 3934 4632">
    <p class='ocr_par' dir='ltr' id='par_1_107' title="bbox 2354 4553 3934 4632">
     <span class='ocr_line' id='line_1_107' title="bbox 2354 4553 3934 4632; baseline 0.008 -29"><span class='ocrx_word' id='word_1_818' title='bbox 2354 4568 2454 4621; x_wconf 89' lang='grc' dir='ltr'>μεν</span> <span class='ocrx_word' id='word_1_819' title='bbox 2502 4553 2579 4623; x_wconf 86' lang='grc' dir='ltr'>τῷ</span> <span class='ocrx_word' id='word_1_820' title='bbox 2621 4553 2796 4608; x_wconf 77' lang='grc' dir='ltr'>ταῦτα</span> <span class='ocrx_word' id='word_1_821' title='bbox 2843 4555 2982 4624; x_wconf 86' lang='grc' dir='ltr'>μετά</span> <span class='ocrx_word' id='word_1_822' title='bbox 3028 4558 3312 4626; x_wconf 71' lang='grc' dir='ltr'>ἀκριϐείας</span> <span class='ocrx_word' id='word_1_823' title='bbox 3346 4559 3527 4625; x_wconf 77' lang='grc' dir='ltr'>εἰδότι,</span> <span class='ocrx_word' id='word_1_824' title='bbox 3569 4562 3672 4624; x_wconf 75' lang='grc' dir='ltr'>ἕως</span> <span class='ocrx_word' id='word_1_825' title='bbox 3703 4561 3768 4614; x_wconf 87' lang='grc' dir='ltr'>ἂν</span> <span class='ocrx_word' id='word_1_826' title='bbox 3807 4563 3934 4632; x_wconf 82' lang='grc' dir='ltr'>βού-</span> 
     </span>
    </p>
   </div>
   <div class='ocr_carea' id='block_1_108' title="bbox 2349 4642 3933 4724">
    <p class='ocr_par' dir='ltr' id='par_1_108' title="bbox 2349 4642 3933 4724">
     <span class='ocr_line' id='line_1_108' title="bbox 2349 4642 3933 4724; baseline 0.006 -30"><span class='ocrx_word' id='word_1_827' title='bbox 2349 4642 2512 4706; x_wconf 90' lang='grc' dir='ltr'>λοιτο,</span> <span class='ocrx_word' id='word_1_828' title='bbox 2543 4643 2746 4714; x_wconf 82' lang='grc' dir='ltr'>πυροῦν</span> <span class='ocrx_word' id='word_1_829' title='bbox 2774 4647 2872 4716; x_wconf 83' lang='grc' dir='ltr'>τὴν</span> <span class='ocrx_word' id='word_1_830' title='bbox 2896 4645 3134 4700; x_wconf 87' lang='grc' dir='ltr'>διάνοιαν</span> <span class='ocrx_word' id='word_1_831' title='bbox 3162 4649 3260 4718; x_wconf 81' lang='grc' dir='ltr'>τὴν</span> <span class='ocrx_word' id='word_1_832' title='bbox 3289 4651 3594 4722; x_wconf 73' lang='grc' dir='ltr'>ἡμετέρανσ</span> <span class='ocrx_word' id='word_1_833' title='bbox 3626 4655 3933 4724; x_wconf 84' lang='grc' dir='ltr'>συμφερόν-</span> 
     </span>
    </p>
   </div>
   <div class='ocr_carea' id='block_1_109' title="bbox 2347 4734 3932 4814">
    <p class='ocr_par' dir='ltr' id='par_1_109' title="bbox 2347 4734 3932 4814">
     <span class='ocr_line' id='line_1_109' title="bbox 2347 4734 3932 4814; baseline 0.008 -28"><span class='ocrx_word' id='word_1_834' title='bbox 2347 4751 2456 4796; x_wconf 90' lang='grc' dir='ltr'>τως</span> <span class='ocrx_word' id='word_1_835' title='bbox 2483 4734 2592 4806; x_wconf 87' lang='grc' dir='ltr'>γάρ</span> <span class='ocrx_word' id='word_1_836' title='bbox 2616 4734 2775 4789; x_wconf 79' lang='grc' dir='ltr'>τοῦτο</span> <span class='ocrx_word' id='word_1_837' title='bbox 2805 4739 2951 4790; x_wconf 88' lang='grc' dir='ltr'>ποιεῖ</span> <span class='ocrx_word' id='word_1_838' title='bbox 2990 4739 3084 4791; x_wconf 75' lang='grc' dir='ltr'>καὶ</span> <span class='ocrx_word' id='word_1_839' title='bbox 3122 4739 3214 4792; x_wconf 73' lang='grc' dir='ltr'>ἐπὶ</span> <span class='ocrx_word' id='word_1_840' title='bbox 3245 4741 3422 4812; x_wconf 79' lang='grc' dir='ltr'>κέρδει</span> <span class='ocrx_word' id='word_1_841' title='bbox 3459 4742 3579 4796; x_wconf 62' lang='grc' dir='ltr'>τῶν</span> <span class='ocrx_word' id='word_1_842' title='bbox 3600 4744 3932 4814; x_wconf 78' lang='grc' dir='ltr'>πειραζομέ-</span> 
     </span>
    </p>
   </div>
   <div class='ocr_carea' id='block_1_110' title="bbox 2347 4843 2474 4879">
    <p class='ocr_par' dir='ltr' id='par_1_110' title="bbox 2347 4843 2474 4879">
     <span class='ocr_line' id='line_1_110' title="bbox 2347 4843 2474 4879; baseline -0.008 0"><span class='ocrx_word' id='word_1_843' title='bbox 2347 4843 2474 4879; x_wconf 90' lang='grc' dir='ltr'>νων.</span> 
     </span>
    </p>
   </div>
   <div class='ocr_carea' id='block_1_111' title="bbox 2419 4915 3935 4994">
    <p class='ocr_par' dir='ltr' id='par_1_111' title="bbox 2419 4915 3935 4994">
     <span class='ocr_line' id='line_1_111' title="bbox 2419 4915 3935 4994; baseline 0.01 -26"><span class='ocrx_word' id='word_1_844' title='bbox 2419 4915 2519 4969; x_wconf 87' lang='grc' dir='ltr'>Διά</span> <span class='ocrx_word' id='word_1_845' title='bbox 2555 4917 2712 4971; x_wconf 79' lang='grc' dir='ltr'>τοῦτο</span> <span class='ocrx_word' id='word_1_846' title='bbox 2747 4918 2910 4987; x_wconf 86' lang='grc' dir='ltr'>σοφός</span> <span class='ocrx_word' id='word_1_847' title='bbox 2947 4938 3031 4983; x_wconf 89' lang='grc' dir='ltr'>τις</span> <span class='ocrx_word' id='word_1_848' title='bbox 3075 4927 3331 4994; x_wconf 87' lang='grc' dir='ltr'>παραινεῖ</span> <span class='ocrx_word' id='word_1_849' title='bbox 3361 4924 3563 4992; x_wconf 80' lang='grc' dir='ltr'>λέγων·</span> <span class='ocrx_word' id='word_1_850' title='bbox 3603 4926 3841 4992; x_wconf 77' lang='grc' dir='ltr'>Τέκνον,</span> <span class='ocrx_word' id='word_1_851' title='bbox 3881 4932 3935 4984; x_wconf 83' lang='grc' dir='ltr'>ει</span> 
     </span>
    </p>
   </div>
   <div class='ocr_carea' id='block_1_112' title="bbox 2350 5007 3936 5087">
    <p class='ocr_par' dir='ltr' id='par_1_112' title="bbox 2350 5007 3936 5087">
     <span class='ocr_line' id='line_1_112' title="bbox 2350 5007 3936 5087; baseline 0.007 -26"><span class='ocrx_word' id='word_1_852' title='bbox 2350 5007 2657 5078; x_wconf 78' lang='grc' dir='ltr'>προσέρχῃ</span> <span class='ocrx_word' id='word_1_853' title='bbox 2689 5009 3006 5064; x_wconf 75' lang='grc' dir='ltr'>δουλεύειν</span> <span class='ocrx_word' id='word_1_854' title='bbox 3039 5011 3118 5078; x_wconf 84' lang='grc' dir='ltr'>τῷ</span> <span class='ocrx_word' id='word_1_855' title='bbox 3151 5013 3292 5079; x_wconf 84' lang='grc' dir='ltr'>Θεῷ,</span> <span class='ocrx_word' id='word_1_856' title='bbox 3322 5015 3648 5084; x_wconf 77' lang='grc' dir='ltr'>ἐτοίμασον</span> <span class='ocrx_word' id='word_1_857' title='bbox 3678 5018 3792 5085; x_wconf 73' lang='grc' dir='ltr'>τὴν</span> <span class='ocrx_word' id='word_1_858' title='bbox 3815 5023 3936 5087; x_wconf 70' lang='grc' dir='ltr'>ψυ-</span> 
     </span>
    </p>
   </div>
   <div class='ocr_carea' id='block_1_113' title="bbox 2350 5100 3935 5176">
    <p class='ocr_par' dir='ltr' id='par_1_113' title="bbox 2350 5100 3935 5176">
     <span class='ocr_line' id='line_1_113' title="bbox 2350 5100 3935 5176; baseline -0.002 -18"><span class='ocrx_word' id='word_1_859' title='bbox 2350 5100 2472 5170; x_wconf 81' lang='grc' dir='ltr'>χήν</span> <span class='ocrx_word' id='word_1_860' title='bbox 2516 5115 2632 5155; x_wconf 86' lang='grc' dir='ltr'>σου</span> <span class='ocrx_word' id='word_1_861' title='bbox 2679 5104 2763 5168; x_wconf 83' lang='grc' dir='ltr'>εἰς</span> <span class='ocrx_word' id='word_1_862' title='bbox 2815 5106 3169 5174; x_wconf 80' lang='grc' dir='ltr'>πειρασμὸν,</span> <span class='ocrx_word' id='word_1_863' title='bbox 3223 5108 3482 5160; x_wconf 78' lang='grc' dir='ltr'>εὔθυνον</span> <span class='ocrx_word' id='word_1_864' title='bbox 3524 5107 3640 5175; x_wconf 79' lang='grc' dir='ltr'>τὴν</span> <span class='ocrx_word' id='word_1_865' title='bbox 3682 5109 3935 5176; x_wconf 74' lang='grc' dir='ltr'>καρδίαν</span> 
     </span>
    </p>
   </div>
   <div class='ocr_carea' id='block_1_114' title="bbox 2350 5192 3936 5270">
    <p class='ocr_par' dir='ltr' id='par_1_114' title="bbox 2350 5192 3936 5270">
     <span class='ocr_line' id='line_1_114' title="bbox 2350 5192 3936 5270; baseline 0.006 -26"><span class='ocrx_word' id='word_1_866' title='bbox 2350 5203 2488 5256; x_wconf 86' lang='grc' dir='ltr'>σου,</span> <span class='ocrx_word' id='word_1_867' title='bbox 2520 5193 2616 5244; x_wconf 77' lang='grc' dir='ltr'>καί</span> <span class='ocrx_word' id='word_1_868' title='bbox 2655 5192 3046 5263; x_wconf 80' lang='grc' dir='ltr'>καρτέρησον,</span> <span class='ocrx_word' id='word_1_869' title='bbox 3086 5197 3185 5251; x_wconf 80' lang='grc' dir='ltr'>καὶ</span> <span class='ocrx_word' id='word_1_870' title='bbox 3219 5196 3304 5266; x_wconf 76' lang='grc' dir='ltr'>μὴ</span> <span class='ocrx_word' id='word_1_871' title='bbox 3340 5199 3620 5265; x_wconf 84' lang='grc' dir='ltr'>σπεύσῃς</span> <span class='ocrx_word' id='word_1_872' title='bbox 3655 5200 3726 5252; x_wconf 76' lang='grc' dir='ltr'>ἐν</span> <span class='ocrx_word' id='word_1_873' title='bbox 3751 5199 3936 5270; x_wconf 77' lang='grc' dir='ltr'>καιρῷ</span> 
     </span>
    </p>
   </div>
   <div class='ocr_carea' id='block_1_115' title="bbox 2347 5281 3931 5358">
    <p class='ocr_par' dir='ltr' id='par_1_115' title="bbox 2347 5281 3931 5358">
     <span class='ocr_line' id='line_1_115' title="bbox 2347 5281 3931 5358; baseline 0.008 -24"><span class='ocrx_word' id='word_1_874' title='bbox 2347 5281 2676 5352; x_wconf 76' lang='grc' dir='ltr'>ἐπαγωγῆς.</span> <span class='ocrx_word' id='word_1_875' title='bbox 2719 5284 2878 5356; x_wconf 83' lang='grc' dir='ltr'>Αὐτῷ</span> <span class='ocrx_word' id='word_1_876' title='bbox 2929 5287 3354 5358; x_wconf 83' lang='grc' dir='ltr'>παραχώρησον,</span> <span class='ocrx_word' id='word_1_877' title='bbox 3405 5289 3590 5358; x_wconf 75' lang='grc' dir='ltr'>φησὶν,</span> <span class='ocrx_word' id='word_1_878' title='bbox 3637 5290 3931 5358; x_wconf 59' lang='grc' dir='ltr'>ἁπάντων·</span> 
     </span>
    </p>
   </div>
   <div class='ocr_carea' id='block_1_116' title="bbox 2348 5367 3933 5451">
    <p class='ocr_par' dir='ltr' id='par_1_116' title="bbox 2348 5367 3933 5451">
     <span class='ocr_line' id='line_1_116' title="bbox 2348 5367 3933 5451; baseline 0.008 -27"><span class='ocrx_word' id='word_1_879' title='bbox 2348 5367 2455 5426; x_wconf 83' lang='grc' dir='ltr'>οίδε</span> <span class='ocrx_word' id='word_1_880' title='bbox 2488 5375 2596 5445; x_wconf 83' lang='grc' dir='ltr'>γὰρ</span> <span class='ocrx_word' id='word_1_881' title='bbox 2623 5376 2864 5446; x_wconf 76' lang='grc' dir='ltr'>ἀκριϐῶς</span> <span class='ocrx_word' id='word_1_882' title='bbox 2894 5377 3021 5431; x_wconf 86' lang='grc' dir='ltr'>πότε</span> <span class='ocrx_word' id='word_1_883' title='bbox 3049 5380 3198 5448; x_wconf 79' lang='grc' dir='ltr'>ἡμᾶς</span> <span class='ocrx_word' id='word_1_884' title='bbox 3229 5378 3516 5432; x_wconf 88' lang='grc' dir='ltr'>ἀνελέσθαι</span> <span class='ocrx_word' id='word_1_885' title='bbox 3543 5380 3608 5431; x_wconf 87' lang='grc' dir='ltr'>ἐκ</span> <span class='ocrx_word' id='word_1_886' title='bbox 3640 5379 3738 5450; x_wconf 85' lang='grc' dir='ltr'>τῆς</span> <span class='ocrx_word' id='word_1_887' title='bbox 3761 5381 3933 5451; x_wconf 82' lang='grc' dir='ltr'>καμί-</span> 
     </span>
    </p>
   </div>
   <div class='ocr_carea' id='block_1_117' title="bbox 2349 5464 3936 5542">
    <p class='ocr_par' dir='ltr' id='par_1_117' title="bbox 2349 5464 3936 5542">
     <span class='ocr_line' id='line_1_117' title="bbox 2349 5464 3936 5542; baseline 0.007 -26"><span class='ocrx_word' id='word_1_888' title='bbox 2349 5480 2440 5517; x_wconf 85' lang='grc' dir='ltr'>νου</span> <span class='ocrx_word' id='word_1_889' title='bbox 2474 5464 2553 5517; x_wconf 87' lang='grc' dir='ltr'>δεῖ</span> <span class='ocrx_word' id='word_1_890' title='bbox 2577 5465 2688 5518; x_wconf 90' lang='grc' dir='ltr'>τῶν</span> <span class='ocrx_word' id='word_1_891' title='bbox 2722 5468 2929 5523; x_wconf 87' lang='grc' dir='ltr'>κακῶν.</span> <span class='ocrx_word' id='word_1_892' title='bbox 2964 5470 3084 5542; x_wconf 81' lang='grc' dir='ltr'>Χρὴ</span> <span class='ocrx_word' id='word_1_893' title='bbox 3127 5471 3307 5524; x_wconf 86' lang='grc' dir='ltr'>τοίνυν</span> <span class='ocrx_word' id='word_1_894' title='bbox 3337 5470 3488 5541; x_wconf 85' lang='grc' dir='ltr'>αὐτῷ</span> <span class='ocrx_word' id='word_1_895' title='bbox 3521 5472 3798 5542; x_wconf 88' lang='grc' dir='ltr'>πανταχοῦ</span> <span class='ocrx_word' id='word_1_896' title='bbox 3835 5493 3936 5530; x_wconf 79' lang='grc' dir='ltr'>παρ</span> 
     </span>
    </p>
   </div>
   <div class='ocr_carea' id='block_1_118' title="bbox 2353 5559 3935 5633">
    <p class='ocr_par' dir='ltr' id='par_1_118' title="bbox 2353 5559 3935 5633">
     <span class='ocr_line' id='line_1_118' title="bbox 2353 5559 3935 5633; baseline 0.008 -26"><span class='ocrx_word' id='word_1_897' title='bbox 2353 5559 2636 5629; x_wconf 86' lang='grc' dir='ltr'>ραχωρεῖν.</span> <span class='ocrx_word' id='word_1_898' title='bbox 2674 5559 2768 5611; x_wconf 72' lang='grc' dir='ltr'>καὶ</span> <span class='ocrx_word' id='word_1_899' title='bbox 2811 5559 2899 5613; x_wconf 84' lang='grc' dir='ltr'>διὰ</span> <span class='ocrx_word' id='word_1_900' title='bbox 2949 5561 3148 5625; x_wconf 80' lang='grc' dir='ltr'>παντὸς</span> <span class='ocrx_word' id='word_1_901' title='bbox 3198 5563 3563 5633; x_wconf 84' lang='grc' dir='ltr'>εὐχαριστεῖν,</span> <span class='ocrx_word' id='word_1_902' title='bbox 3613 5565 3708 5616; x_wconf 77' lang='grc' dir='ltr'>καὶ</span> <span class='ocrx_word' id='word_1_903' title='bbox 3759 5565 3935 5620; x_wconf 84' lang='grc' dir='ltr'>πάντα</span> 
     </span>
    </p>
   </div>
   <div class='ocr_carea' id='block_1_119' title="bbox 2356 5641 3931 5728">
    <p class='ocr_par' dir='ltr' id='par_1_119' title="bbox 2356 5641 3931 5728">
     <span class='ocr_line' id='line_1_119' title="bbox 2356 5641 3931 5728; baseline 0.008 -34"><span class='ocrx_word' id='word_1_904' title='bbox 2356 5641 2540 5715; x_wconf 86' lang='grc' dir='ltr'>φέρειν</span> <span class='ocrx_word' id='word_1_905' title='bbox 2572 5643 2686 5718; x_wconf 70' lang='grc'>[35]</span> <span class='ocrx_word' id='word_1_906' title='bbox 2717 5648 3092 5720; x_wconf 80' lang='grc' dir='ltr'>εὐγνωμόνως,</span> <span class='ocrx_word' id='word_1_907' title='bbox 3125 5650 3225 5706; x_wconf 69' lang='grc' dir='ltr'>κᾶν</span> <span class='ocrx_word' id='word_1_908' title='bbox 3262 5651 3544 5725; x_wconf 79' lang='grc' dir='ltr'>εὐεργετῇ,</span> <span class='ocrx_word' id='word_1_909' title='bbox 3576 5652 3678 5710; x_wconf 84' lang='grc' dir='ltr'>κᾶν</span> <span class='ocrx_word' id='word_1_910' title='bbox 3706 5650 3931 5728; x_wconf 71' lang='grc' dir='ltr'>κολάζῃ,</span> 
     </span>
    </p>
   </div>
  </div>
