4218 6294
244 342 313 397 49
1175 338 1239 395 ΙΝ
1280 338 1774 399 PARALYTICUM
1816 340 2156 405 DEhllSSUll
2198 344 2336 402 PER
2376 345 2679 407 TECTUM.
3501 350 3573 406 σο

242 465 414 522 spem,
444 466 572 523 qua:
599 466 742 509 auro
761 452 957 523 quovis
978 461 1037 510 et
1056 452 1203 509 lucro
1228 455 1419 524 quovis
1439 464 1520 510 est
1546 454 1855 525 pretiosior.

245 542 375 597 Nam
406 543 666 600 sensibus
702 544 919 615 quidem
952 544 1204 614 subjecta:
1231 544 1430 600 divitia:
1478 547 1746 601 latronum
1774 546 1857 601 itt-

246 634 423 698 sidiis,
457 633 917 705 sycophantarum
947 634 1163 707 linguis,
1193 637 1454 705 parietum
1492 636 1857 707 perfossorum

251 726 538 792 manibus,
592 736 645 782 et
692 725 1013 782 famulornnt
1060 728 1357 784 sceleribus
1404 739 1531 783 sunt
1572 730 1857 796 obnoxize;

248 832 483 887 cumque
508 819 691 872 omnia
722 820 822 873 ista
842 820 1145 890 eﬂ'ugerint,
1176 830 1286 875 tutn
1311 822 1604 875 maximam
1628 821 1862 877 dominis

249 908 551 979 perniciem
579 908 890 981 frequenter
912 922 1214 975 accersunt,
1244 912 1371 968 dum
1401 914 1702 969 lnvidorum
1730 929 1861 968 ocu-

250 1000 333 1055 los
364 1001 626 1067 excitant,
652 1009 709 1056 et
735 1002 967 1072 pericula
993 1011 1185 1058 creant
1212 1005 1490 1059 innumera
1516 1022 1528 1057 :
1554 1005 1863 1075 spirituales

250 1102 433 1148 autem
464 1093 671 1148 divitia:
700 1094 984 1163 petitiones
1014 1096 1143 1151 istas
1186 1111 1377 1151 omnes
1405 1096 1683 1167 effugiunt,
1715 1105 1771 1151 et
1796 1096 1865 1152 ab

253 1186 467 1255 injuriis
513 1187 631 1242 istis
676 1188 928 1243 onmibus
974 1196 1101 1243 sunt
1139 1205 1431 1256 Immunes,
1475 1205 1537 1246 ac
1585 1191 1819 1246 latrones
1845 1231 1860 1255 ,

254 1278 525 1346 parietum
573 1277 927 1347 perfossores,
977 1280 1219 1344 invidos,
1263 1280 1644 1351 sycophantas,
1692 1282 1863 1351 ipsum

251 1370 488 1441 denique
517 1383 746 1426 mortem
765 1380 1142 1443 aspernantur.
1165 1371 1282 1426 Non
1305 1373 1446 1427 enim
1468 1372 1669 1428 domini
1692 1381 1864 1428 morte

250 1462 607 1525 divelluntur,
632 1464 725 1518 sed
748 1473 860 1517 tum
890 1464 1122 1519 maxime
1148 1466 1312 1520 tutior
1337 1465 1395 1523 ﬁt
1420 1466 1656 1524 dominis
1676 1481 1865 1525 earum

255 1555 533 1622 possessio
567 1574 582 1610 :
612 1571 734 1610 cum
783 1556 889 1615 illis
935 1558 1366 1630 peregrinantur,
1416 1568 1471 1616 et
1514 1562 1582 1616 ad
1632 1561 1862 1617 futuram

251 1647 615 1719 commigrent
631 1647 811 1715 vitam,
832 1658 1071 1720 patrona}
1094 1650 1227 1706 ﬁunt
1253 1653 1464 1708 illorum
1488 1654 1716 1718 eximite,
1740 1670 1863 1709 cum

253 1740 453 1810 quibus
486 1741 615 1797 illuc
645 1742 1012 1813 discesserint,
1044 1755 1099 1800 et
1139 1746 1268 1817 ipsis
1298 1748 1585 1817 prepitium
1626 1746 1862 1818 judicent

253 1831 509 1886 reddunt.

326 1921 698 1992 Spiritualittm
747 1941 901 1993 apum
968 1937 1154 1981 natura
1216 1929 1381 1998 qualis
1426 1931 1527 1993 sit;
1581 1929 1867 2001 Paralytici

250 2022 447 2081 quanta
474 2014 652 2068 virtus.
681 2044 753 2055 —-
782 2016 887 2071 Has
915 2016 1223 2074 invenimus
1246 2034 1344 2074 nos
1387 2036 1600 2090 quoque
1653 2022 1865 2076 divitias

253 2102 550 2159 admodum
580 2107 830 2176 copiosas
859 2107 912 2162 in
944 2110 1222 2181 paralytici
1257 2121 1437 2166 mente
1474 2111 1753 2175 defossas;
1784 2124 1861 2167 te-

255 2206 369 2251 stes
402 2212 501 2252 vos
522 2200 675 2265 estis,
707 2199 799 2270 qui
826 2183 1035 2256 summa
1066 2218 1191 2258 cum
1232 2204 1398 2259 animi
1446 2205 1725 2260 alacritate
1747 2206 1864 2261 illas

252 2291 511 2359 eruistis;
542 2302 850 2349 nectamen
879 2297 1199 2352 evacuastis.
1226 2297 1371 2352 Talis
1390 2297 1586 2368 quippe
1612 2299 1865 2367 spiritua-

254 2381 384 2435 lium
415 2392 501 2437 est
531 2398 693 2452 opum
718 2395 904 2440 natura
940 2404 953 2440 :
985 2386 1221 2443 inﬂuxus
1263 2404 1522 2459 aquarum
1565 2389 1863 2455 imitantur,

254 2472 337 2526 vel
358 2474 547 2544 potius
573 2474 782 2530 illarum
813 2478 1023 2547 copiam
1051 2480 1292 2547 vincunt,
1328 2489 1547 2552 tumque
1575 2483 1746 2553 magis
1767 2499 1865 2538 ex-

256 2562 506 2627 uberant,
544 2580 675 2619 cum
718 2566 898 2636 plures
949 2569 1169 2637 fuerint,
1208 2585 1237 2624 a
1289 2573 1486 2642 quibus
1523 2574 1862 2629 hauriuntur.

257 2654 394 2709 Dum
425 2656 573 2709 enim
625 2656 679 2711 in
725 2658 985 2730 cujusque
1031 2663 1272 2717 animum
1319 2665 1711 2735 ingrediuntur,
1759 2681 1863 2721 non

252 2747 592 2810 dividuntur,
618 2764 717 2805 nec
742 2750 1151 2821 imtninuuntur,
1168 2755 1263 2810 sed
1294 2756 1361 2811 ad
1388 2756 1628 2827 singulos
1646 2758 1867 2827 integrae

230 2837 581 2906 adveniunt,
626 2850 682 2895 et
728 2842 867 2912 apud
915 2859 1010 2898 eos
1053 2855 1311 2914 perpetuo
1357 2856 1638 2901 morantur
1680 2849 1869 2903 incon-

250 2940 511 3001 sumptze,
543 2946 643 2987 nec
670 2932 904 2989 deﬁcere
936 2945 1161 3006 possunt
1205 2952 1455 3007 umquam
1490 2956 1503 2993 :
1536 2939 1679 3009 quod
1707 2940 1864 2993 nimi-

250 3037 371 3076 rum
400 3032 517 3076 tunt
544 3023 706 3077 etiam
735 3026 937 3080 evenit.
962 3027 1095 3081 Cum
1138 3030 1282 3083 enim
1313 3038 1419 3084 tam
1468 3032 1621 3087 multi
1663 3032 1715 3087 in
1744 3032 1865 3090 the-

249 3128 473 3171 saurum
495 3118 801 3184 inciderint,
821 3129 1073 3176 etomnes
1092 3122 1213 3177 inde
1234 3139 1330 3193 pro
1350 3125 1549 3179 viribus
1568 3125 1863 3182 hauserint:

251 3208 380 3276 quid
410 3222 517 3277 ego
540 3208 607 3264 de
628 3210 785 3265 vobis
839 3211 1029 3281 loquor
1051 3255 1066 3279 ,
1115 3230 1237 3269 cum
1279 3231 1345 3270 ex
1388 3217 1480 3270 illo
1527 3228 1770 3288 tempore
1799 3219 1866 3274 ad

252 3297 398 3354 hunc
422 3316 596 3371 usque
622 3301 765 3356 diem
795 3304 1105 3361 innumeros
1134 3306 1509 3378 locupletarit,
1544 3320 1600 3366 et
1646 3313 1866 3384 integri-

254 3400 419 3445 tatem
448 3407 605 3447 suam
630 3393 894 3450 retineat?
916 3396 992 3451 Ne
1025 3398 1182 3469 igitur
1198 3400 1531 3468 spiritualem
1558 3402 1698 3458 hunc
1718 3422 1869 3475 quie-

252 3490 397 3535 stum
421 3491 698 3540 sectantes
726 3484 1113 3558 defetigentur,
1147 3490 1239 3543 sed
1270 3503 1527 3560 quantum
1583 3494 1635 3547 itt
1685 3505 1865 3551 nostra

255 3584 526 3642 potestate
545 3578 707 3632 situm
740 3580 862 3645 erit,
891 3596 1033 3634 nunc
1053 3582 1214 3635 etiam
1238 3582 1572 3650 hauriemus,
1603 3602 1665 3641 ac
1688 3588 1869 3643 videa-

255 3680 376 3720 mus
402 3665 689 3721 Dominum
726 3668 1049 3740 benignum,
1082 3672 1357 3730 videmnus
1402 3685 1457 3731 et
1504 3693 1721 3734 servum
1769 3696 1865 3749 pa-

262 3757 509 3815 tientem.
532 3759 769 3830 Triginta
798 3762 994 3832 quippe
1016 3772 1070 3817 et
1098 3773 1221 3820 octo
1249 3782 1418 3822 annos
1462 3783 1582 3823 cunt
1616 3771 1865 3826 immedi-

254 3849 417 3903 cabili
451 3850 645 3905 morbo
673 3852 1038 3921 conﬂictatus,
1069 3870 1133 3911 ac
1164 3865 1422 3928 perpetuo
1470 3859 1862 3929 diverberatus,

256 3958 363 3998 non
395 3959 544 4015 aegre
575 3945 717 4011 tulit,
742 3963 848 4001 non
874 3948 1242 4019 blasphemum
1270 3953 1489 4009 verbum
1518 3957 1717 4022 emisit,
1753 3974 1859 4013 non

254 4035 574 4092 Creatorem
596 4042 886 4105 accusavit,
911 4042 1005 4098 sed
1037 4045 1304 4113 patienter
1332 4048 1692 4105 calamitatem
1722 4050 1865 4107 illam

255 4138 309 4183 et
336 4128 511 4184 multa
535 4144 660 4184 cum
690 4133 853 4187 animi
884 4135 1135 4205 aequitate
1163 4138 1445 4194 tolerabat.
1472 4141 1627 4197 Unde
1656 4160 1784 4199 vero
1814 4146 1865 4199 id

253 4221 513 4276 constat?
565 4223 709 4279 dicet
760 4226 998 4295 aliquis:
1031 4245 1204 4300 neque
1243 4233 1386 4286 enim
1430 4233 1498 4289 de
1540 4237 1866 4304 prmcedenti

254 4313 377 4383 ejus
401 4314 509 4369 vita
539 4315 687 4371 clare
711 4318 983 4388 Scriptura
1013 4337 1113 4377 nos
1134 4323 1335 4390 docuit,
1372 4326 1468 4381 sed
1495 4343 1617 4383 eum
1652 4331 1866 4401 triginta

255 4415 382 4460 octo
400 4421 579 4461 annos
607 4409 783 4479 egisse
810 4412 861 4465 in
890 4412 1197 4471 inﬁrmitate
1219 4434 1313 4472 sua
1344 4418 1676 4495 declaravit(
1706 4424 1862 4480 Joan.

255 4496 307 4552 5.
346 4498 409 4569 5)
437 4514 453 4552 :
486 4500 631 4569 quod
658 4514 838 4557 autent
869 4520 976 4559 non
1022 4498 1165 4578 aegre
1195 4511 1396 4578 tulerit,
1423 4529 1523 4569 nec
1562 4516 1869 4587 indignatus

255 4589 356 4654 sit,
422 4594 1003 4663 nequestomachatus,
1062 4599 1164 4655 hoc
1218 4617 1324 4657 non
1380 4602 1583 4661 diserte
1640 4608 1863 4664 addidit.

257 4681 517 4737 Attamen
548 4681 653 4738 hoc
691 4686 851 4740 etiam
903 4689 1297 4760 subindicavit,
1333 4696 1378 4750 si
1419 4697 1539 4767 quis
1585 4699 1869 4770 diligenter

255 4776 522 4841 attendat,
553 4786 607 4832 et
632 4794 739 4833 non
772 4780 1129 4849 perfunctorie
1158 4797 1212 4840 et
1239 4790 1550 4845 oscitanter.
1566 4792 1700 4846 Cum
1723 4795 1866 4850 enim

256 4870 416 4925 audis
445 4886 593 4937 eum,
618 4874 966 4930 accedentem
990 4877 1285 4946 Christum,
1310 4884 1401 4951 qui
1429 4894 1587 4939 notus
1631 4887 1728 4954 ipsi
1759 4904 1865 4943 non

259 4971 399 5027 erat,
427 4961 522 5016 sed
555 4962 731 5018 nudus
759 4966 919 5020 homo
941 4968 1246 5035 putabatur,
1273 4981 1416 5027 tanta
1460 4989 1581 5029 cum
1606 4976 1867 5032 modestia

256 5068 378 5109 esse
400 5054 757 5124 alloquutum,
779 5057 1165 5126 prmeedcntem
1191 5064 1351 5117 etiam
1386 5064 1526 5120 illius
1547 5068 1866 5136 probitatem

256 5159 320 5198 ac
347 5144 751 5215 philosophiam
786 5151 985 5217 poteris
1015 5162 1278 5221 spectare.
1306 5154 1437 5209 Nam
1468 5172 1590 5211 cum
1612 5158 1661 5213 ei
1696 5158 1867 5213 dixis-

255 5250 363 5307 set,
400 5238 490 5295 Vis
519 5260 674 5297 sanus
703 5245 813 5315 ﬁeri
836 5246 862 5299 1’
892 5247 1024 5301 nihil
1050 5248 1156 5304 tale
1205 5249 1359 5315 dixit,
1390 5252 1549 5321 quale
1576 5254 1870 5310 verisimile

258 5343 374 5389 erat
423 5349 549 5389 eum
602 5334 867 5392 dicturum
900 5356 914 5392 :
945 5339 1109 5396 Vides
1158 5357 1245 5397 me
1292 5344 1523 5415 paralysi
1569 5346 1868 5401 resolutum

258 5435 369 5481 tant
402 5426 663 5483 diuturno
695 5439 936 5502 tempore
956 5433 1159 5504 jacere,
1191 5446 1245 5491 et
1273 5437 1596 5508 interrogas,
1624 5454 1752 5494 num
1785 5455 1871 5495 sa-

259 5534 363 5573 nus
394 5520 513 5575 ﬁeri
544 5522 741 5577 velim?
770 5525 962 5580 venisti
994 5538 1051 5581 Ill.
1089 5529 1225 5584 meis
1266 5530 1422 5584 malis
1461 5532 1781 5596 insultares,
1811 5542 1871 5587 tit

258 5613 643 5680 exprobrares,
677 5615 951 5683 irrideres,
974 5629 1027 5674 et
1059 5620 1420 5676 subsaunares
1461 5623 1818 5677 calamitatem
1846 5623 1870 5676 ?

259 5704 415 5763 Nihil
434 5705 628 5761 horum
671 5724 844 5779 neque
866 5709 1020 5775 dixit,
1054 5727 1227 5782 neque
1261 5714 1551 5783 cogitavit,
1610 5713 1703 5769 sed
1748 5730 1868 5769 cum

262 5798 516 5867 a-quitatc
563 5797 750 5865 animi,
800 5797 1037 5872 Profecto
1090 5801 1348 5873 Domine,
1383 5805 1570 5876 inquit.
1623 5806 1775 5877 Quod
1824 5806 1869 5863 si

1981 490 2105 549 post
2129 487 2298 533 annos
2339 476 2462 522 octo
2504 475 2559 522 et
2608 465 2825 536 triginta
2855 465 2993 523 adeo
3038 465 3206 535 mitis,
3234 465 3370 521 adeo
3391 466 3568 520 mode

1970 581 2088 626 stus
2118 576 2256 632 erat,
2288 580 2410 621 cum
2431 577 2621 618 omnes
2650 559 2723 614 illi
2753 559 2894 613 vires
2942 572 3007 613 ac
3042 556 3206 612 robur
3245 556 3413 611 animi
3466 557 3572 610 fra-

1969 672 2115 718 ctum
2141 675 2205 716 ac
2234 656 2571 714 debilitatum
2594 661 2757 716 esset,
2794 650 2969 719 cogita
3001 632 3214 719 qualem
3246 647 3395 702 illum
3412 648 3577 701 fuisse

1969 756 2038 809 sit
2060 750 2357 824 probabile,
2410 760 2533 802 cum
2580 742 2719 798 mala
2771 750 2976 796 tantum
3028 740 3351 809 inciperent.
3395 736 3579 793 Nostis

1968 848 2165 918 quippe
2190 856 2377 898 omnes
2404 854 2509 894 non
2544 839 2614 891 ita
2640 851 2814 906 a‘gros
2846 834 2999 889 initio
3033 832 3206 887 morbi
3234 846 3355 887 esse
3397 844 3581 884 moro-

1969 952 2080 1003 sos,
2114 943 2172 989 ut
2198 950 2320 990 cum
2351 932 2577 986 multum
2632 926 2889 998 temporis
2929 925 3170 995 elapsum
3223 923 3383 978 fuerit
3413 939 3426 975 :
3461 932 3574 975 tum

1969 1029 2115 1085 enim
2146 1025 2413 1098 praecipue
2433 1020 2680 1078 difﬁciles
2712 1017 2900 1089 a‘groti
2944 1016 3099 1082 ﬁuttt,
3129 1031 3253 1070 cum
3289 1012 3579 1068 inﬁrmitas

1970 1120 2022 1175 in
2051 1121 2266 1190 longunt
2292 1112 2502 1185 tempus
2531 1112 2853 1176 excreverit,
2905 1119 3016 1163 tum
3049 1107 3302 1163 omnibus
3340 1114 3467 1161 sunt
3494 1106 3576 1158 in-

1971 1211 2297 1268 tolerabiles.
2330 1208 2431 1277 Qui
2455 1221 2583 1262 vero
2611 1214 2729 1275 post
2759 1212 2833 1259 tot
2856 1217 3027 1257 annos
3049 1202 3119 1256 ita
3144 1199 3579 1273 philosophatur,

1972 1305 2043 1359 ita
2072 1286 2337 1375 patienter
2376 1298 2688 1370 respondet,
2718 1295 2863 1351 haud
2907 1295 3153 1359 dubium,
3198 1295 3327 1364 quin
3374 1308 3578 1363 pra-ce-

1969 1398 2112 1454 denti
2132 1412 2345 1468 quoque
2364 1406 2604 1465 tempore
2626 1408 2747 1447 cum
2766 1390 3031 1460 frequenti
3048 1391 3342 1461 gratiarum
3361 1388 3578 1443 actione

1970 1491 2328 1550 calamitatem
2357 1488 2501 1546 illam
2535 1485 2865 1547 toleraverit.

2046 1589 2174 1652 Qua:
2201 1587 2393 1639 utilitas
2419 1600 2483 1639 ea:
2510 1583 2720 1638 historia
2756 1576 3037 1653 Paralytici
3065 1576 3342 1640 derivetur;
3370 1589 3580 1643 compa-

1970 1688 2151 1732 rantur
2179 1677 2471 1748 a/ﬂictiones
2500 1691 2614 1729 cum
2658 1674 2886 1742 fornace.
2930 1700 3001 1712 —-
3034 1670 3157 1724 llznc
3184 1667 3348 1740 igitur
3380 1673 3433 1723 et
3476 1680 3575 1721 nos

1971 1786 2093 1825 cum
2127 1771 2306 1825 animo
2351 1780 2537 1823 n05tro
2585 1778 2919 1837 reputantes,
2970 1764 3221 1822 conservi
3264 1761 3575 1832 patientiam

1973 1865 2246 1918 imitemur
2280 1879 2292 1914 :
2328 1859 2525 1916 sufﬁcu
2554 1862 2696 1915 enim
2724 1858 2791 1913 ad
2819 1868 3029 1913 nostras
3079 1857 3288 1910 animas
3314 1855 3577 1909 corrobo-

1974 1955 2168 2010 rattdas
2199 1954 2341 2008 illius
2367 1952 2630 2023 paralvsis
2664 1970 2675 2005 :
2702 1965 2800 2005 nec
2846 1950 2985 2003 ullus
3028 1945 3111 2003 est
3140 1946 3278 2001 adeo
3306 1946 3531 2015 supinus
3559 1988 3575 2009 ,

1972 2058 2026 2101 et
2053 2046 2283 2117 paralysi
2333 2045 2624 2109 resolutus,
2656 2053 2714 2097 ut
2742 2043 2783 2096 si
2820 2042 3142 2097 calamitatis
3174 2040 3315 2093 illius
3346 2036 3581 2107 gravita-

1975 2149 2080 2193 tem
2113 2140 2294 2192 animo
2328 2138 2521 2202 volvat,
2551 2152 2656 2189 non
2688 2136 2885 2197 omnia,
2932 2150 3051 2201 tum:
3083 2130 3404 2195 inciderint,
3439 2130 3578 2182 mala

1974 2231 2238 2299 patienter
2294 2227 2450 2294 ferat,
2505 2227 2630 2283 licet
2682 2224 3099 2279 intolerabiliora
3155 2222 3262 2276 sitit
3306 2219 3578 2275 omnibus.

1972 2321 2105 2376 Nam
2151 2324 2343 2389 neque
2375 2320 2579 2374 sanitas
2609 2318 2725 2385 ejus
2754 2326 2981 2377 tantum,
3029 2314 3124 2368 sed
3153 2314 3316 2375 etiam
3362 2310 3581 2364 morbus

1975 2413 2262 2466 maximam
2296 2410 2451 2464 nobis
2482 2410 2693 2479 peperit
2719 2408 3001 2461 utilitatem
3038 2419 3197 2459 :cunt
3230 2404 3345 2473 ejus
3372 2401 3582 2456 sanatio

1972 2506 2038 2557 ad
2065 2501 2474 2573 gloriﬁcandum
2500 2500 2783 2554 Demittunt
2806 2502 3017 2552 animos
3042 2496 3345 2550 auditorum
3377 2492 3582 2548 excita-

1972 2598 2064 2665 rit,
2083 2606 2139 2652 et
2160 2595 2381 2651 morbus
2407 2604 2567 2665 atque
2591 2594 2876 2649 inﬁrmitas
2920 2592 2987 2646 ad
3015 2591 3323 2661 patientiam
3373 2605 3468 2645 vos
3500 2589 3582 2642 in—

1973 2688 2255 2753 struxerit,
2310 2694 2365 2742 et
2395 2686 2461 2739 ad
2516 2685 2747 2739 similem
2789 2684 2960 2738 zelum
3009 2683 3287 2737 cohortata
3343 2681 3434 2743 sit,
3473 2679 3583 2733 into

1976 2797 2103 2836 vero
2128 2781 2294 2848 ipsam
2321 2793 2533 2849 quoque
2564 2778 2655 2832 Dei
2705 2776 3088 2846 benignitatem
3119 2773 3435 2827 ostenderit.
3472 2769 3581 2824 lloc

1973 2876 2117 2927 enim
2151 2875 2345 2942 ipsum,
2395 2855 2537 2941 quod
2567 2879 2728 2925 tanta:
2764 2869 2911 2922 illuni
2946 2866 3205 2937 objeceril
3254 2862 3579 2935 a-gritudini,

1974 2974 2028 3019 et
2050 2964 2101 3019 itt
2130 2972 2333 3017 tantam
2378 2962 2634 3031 temporis
2686 2959 3047 3030 prolixitatem
3091 2958 3453 3010 inﬁrmitatem
3484 2968 3582 3008 ex-

1978 3054 2229 3120 tettderit,
2260 3055 2509 3108 maxima:
2560 3053 2817 3107 iudicium
2869 3059 2953 3105 est
2995 3047 3393 3103 sollicitudinis.
3446 3044 3580 3099 Nam

1974 3144 2423 3216 quemadmodum
2454 3159 2575 3199 cum
2608 3144 2660 3197 in
2684 3128 3055 3197 conﬁatoria‘m
3079 3140 3353 3194 fornacem
3377 3134 3586 3191 aurifex

1973 3252 2162 3291 aurum
2196 3235 2457 3304 iniecerit,
2494 3234 2693 3287 tamdiu
2723 3232 2791 3286 ab
2820 3233 2939 3301 igne
2965 3232 3093 3285 illud
3116 3228 3412 3285 examinari
3431 3227 3579 3292 sinit,

1974 3341 2256 3397 quousque
2287 3326 2474 3396 purius
2516 3323 2709 3379 viderit
2754 3323 2994 3377 evasisse
3023 3340 3035 3376 :
3064 3323 3136 3376 ita
3183 3336 3397 3390 quoque
3443 3320 3585 3373 Deus

1977 3418 2179 3471 tamdiu
2226 3417 2504 3485 hominum
2546 3415 2756 3468 animas
2811 3412 3027 3483 probari
3076 3413 3235 3466 malis
3286 3410 3581 3479 permittit,

1973 3527 2252 3580 quousque
2281 3525 2428 3579 pura:
2459 3510 2610 3574 (iant,
2661 3522 2725 3560 ac
2764 3505 3091 3575 splendidae,
3148 3505 3347 3557 multati
3374 3517 3477 3573 que
3514 3516 3583 3554 ex

1976 3601 2062 3655 illa
2091 3599 2462 3670 exploratione
2506 3598 2788 3652 utilitatem
2845 3594 3202 3666 perceperint.
3250 3592 3434 3662 Itaque
3480 3592 3581 3644 hoc

1974 3709 2187 3765 quoque
2216 3693 2584 3748 beneﬁcentia:
2613 3705 2784 3761 genus
2807 3698 2889 3743 est
2918 3688 3233 3742 maximum.

2046 3786 2102 3839 2.
2143 3784 2220 3839 Nc
2246 3785 2521 3838 turbemur
2553 3783 2732 3852 igitur,
2766 3796 2900 3835 neve
2926 3780 3107 3834 animo
3136 3777 3505 3842 concidamus,
3536 3778 3581 3830 si

1973 3875 2189 3947 quando
2219 3876 2544 3930 tentationes
2588 3889 2686 3927 nos
2718 3872 3033 3926 invaserint.
3083 3870 3141 3925 Si
3186 3870 3330 3924 enim
3372 3867 3580 3922 aurifex

1975 3969 2145 4035 novit,
2178 3976 2378 4037 quanto
2408 3977 2652 4037 tempore
2692 3964 2990 4033 derelinqui
3040 3977 3230 4016 aurum
3272 3964 3323 4014 in
3357 3959 3578 4013 fornace

1975 4060 2281 4127 conveniat,
2310 4067 2366 4113 et
2386 4056 2603 4128 quando
2632 4056 2866 4120 extrahi,
2895 4070 3071 4125 neque
3101 4054 3227 4107 sinit
3259 4066 3495 4120 eousque
3523 4051 3576 4105 in

1976 4156 2098 4225 igne
2132 4168 2437 4218 remanere,
2472 4161 2531 4206 ut
2576 4157 2955 4220 corrumpatur
2982 4157 3036 4202 et
3078 4141 3332 4201 exuratur
3362 4161 3376 4196 :
3410 4144 3581 4197 multo

1977 4245 2147 4314 magis
2169 4244 2222 4298 id
2256 4244 2366 4298 Deo
2407 4252 2594 4297 notum
2618 4250 2721 4303 est,
2754 4249 2808 4295 et
2833 4254 2955 4294 cum
2988 4237 3235 4307 puriores
3263 4235 3433 4290 factos
3458 4234 3581 4289 esse

1976 4353 2076 4391 nos
2102 4336 2269 4401 videt,
2301 4336 2629 4391 tentationes
2650 4333 2896 4411 remittit,
2923 4348 2991 4386 ne
3026 4331 3288 4385 malorum
3323 4329 3581 4398 multipli-

1974 4430 2189 4485 catione
2214 4428 2625 4498 supplantemur
2651 4434 2706 4481 et
2731 4423 3100 4480 concidamus.
3127 4422 3203 4477 Ne
3236 4423 3395 4492 igitur
3436 4437 3580 4491 mgre

1977 4520 2239 4583 feramus,
2269 4534 2371 4573 nec
2398 4518 2640 4572 animum
2664 4515 3117 4586 despondeamus,
3163 4514 3206 4568 si
3234 4512 3361 4583 quid
3400 4512 3577 4581 ἰιιορί-

1978 4622 2161 4667 natum
2192 4611 2451 4667 acciderit
2489 4628 2502 4665 :
2537 4609 2630 4664 sed
2663 4610 2712 4663 oi
2760 4610 3167 4679 permittamus,
3198 4608 3291 4676 qui
3330 4614 3582 4661 accurate

1976 4707 2076 4760 ista
2110 4706 2279 4766 novit.
2309 4702 2634 4774 utquamdiu
2664 4701 2915 4767 voluerit,
2945 4701 3178 4755 animam
3212 4709 3450 4753 nostram
3478 4713 3575 4752 ex-

1977 4804 2169 4867 purget
2198 4814 2212 4849 :
2239 4795 2445 4852 utiliter
2488 4792 2635 4848 enim
2675 4791 2727 4846 id
2756 4792 2885 4863 agit,
2917 4800 2971 4847 et
2998 4792 3049 4847 in
3094 4806 3209 4846 rem
3252 4805 3440 4845 eorum
3487 4789 3581 4859 qui

1975 4900 2270 4946 tentantur.

2046 4968 2175 5039 Cttnt
2213 4982 2409 5037 medico
2442 4992 2488 5036 et
2542 4991 2687 5052 patre
2736 4989 3065 5055 comparatur
3111 4976 3290 5044 Deus;
3331 4976 3585 5029 auxilium

1974 5075 2158 5146 gratiis
2184 5074 2822 5128 diviitw'necessarium.—
2837 5074 3007 5137 Quam
3028 5071 3097 5125 ob
3118 5084 3335 5123 oausam
3366 5068 3583 5138 sapiens

1976 5166 2193 5236 quidam
2211 5164 2489 5229 admonet,
2518 5163 2705 5217 dicens
2740 5180 2754 5217 :
2788 5161 2914 5227 Fili,
2945 5162 2988 5214 si
3027 5160 3238 5214 accedas
3268 5160 3336 5211 ad
3359 5159 3585 5228 servien-

1976 5259 2102 5312 dum
2126 5257 2365 5321 Domino,
2401 5272 2641 5327 praepara
2662 5256 2890 5309 animum
2918 5262 3060 5306 tuam
3107 5253 3175 5305 ad
3216 5251 3541 5305 tentationem
3565 5268 3584 5316 ,-

1976 5351 2140 5422 dirige
2164 5366 2249 5403 cor
2289 5359 2451 5412 tuum,
2482 5358 2529 5403 et
2560 5349 2755 5402 sustine
2783 5356 2869 5401 τρε
2896 5362 2959 5401 ne
3003 5347 3210 5417 festines
3260 5346 3312 5398 in
3362 5352 3585 5410 tempore

1974 5442 2222 5497 illatt'om's
2254 5439 2434 5511 (Eccli.
2456 5438 2507 5494 2.
2536 5440 2585 5507 l,
2606 5439 2680 5509 2).
2704 5437 2921 5503 Omnia,
2958 5438 3151 5509 inquit,
3182 5436 3255 5491 illi
3286 5435 3537 5506 permitte
3566 5452 3581 5491 :

1977 5534 2145 5604 probe
2171 5534 2437 5604 siquidem
2458 5532 2628 5599 novit,
2652 5530 2868 5601 quando
2894 5545 2992 5586 nos
3017 5547 3047 5586 e
3073 5530 3290 5585 fornace
3321 5528 3585 5583 malorum

1977 5624 2227 5696 expediat
2253 5625 2390 5679 erui.
2418 5624 2783 5694 Quamobrem
2818 5622 2892 5677 illi
2924 5622 3120 5693 ubique
3138 5622 3331 5676 cedere
3348 5628 3582 5689 Oportet,

1978 5732 2039 5770 ac
2070 5724 2329 5786 perpetuo
2355 5719 2555 5787 gratias
2602 5730 2783 5785 agere,
2813 5724 2973 5785 atque
3000 5712 3177 5769 omnia
3228 5726 3383 5783 aequo
3404 5710 3585 5765 animo

1981 5808 2141 5877 ferte,
2174 5812 2285 5867 sive
2307 5809 2552 5867 conferat
2586 5809 2842 5866 beneﬁcia
2866 5848 2881 5878 ,
2929 5808 3041 5863 sive
3068 5806 3286 5877 puniat,
3327 5819 3450 5869 cum
3484 5803 3587 5863 hoc
