4218 6294
673 332 731 387 ει
1384 331 1443 387 S.
1483 329 1760 387 JOANNIS
1789 328 2191 387 CllliYSOSTO
2202 328 2267 382 ill

2372 328 2631 385 llCHlEP.
2673 330 2929 386 CONSTA
2942 330 3195 386 ΝἹἸΝΟΡ.
3876 339 3946 396 ΒἿ

672 462 884 516 quoque
932 461 1102 517 genus
1143 447 1212 515 sit
1259 446 1524 500 beneﬁcii.
1570 444 1702 501 Nam
1740 454 1795 521 et
1842 446 2113 509 medicus,
2148 459 2251 499 nou

672 553 795 591 cum
824 536 963 593 lavat
988 537 1181 601 solum,
1215 544 1266 589 et
1290 534 1475 596 nutrit,
1508 544 1669 605 atque
1703 521 1771 590 ad
1804 534 2051 590 viridarla
2076 532 2256 589 educit

674 639 935 698 :egrotum
965 644 978 680 :
1006 627 1098 681 sed
1122 634 1176 681 et
1205 641 1325 681 cum
1358 626 1464 680 urit
1484 634 1538 680 et
1559 636 1723 689 secat,
1750 626 1859 696 pari
1904 624 2109 679 ratione
2139 640 2253 679 me-

672 719 826 774 dicus
851 729 931 774 est
962 736 977 773 :
1009 729 1061 773 et
1097 728 1250 788 pater
1291 733 1395 771 non
1440 718 1602 773 modo
1646 733 1767 772 cum
1812 714 1920 770 ﬁlio
1956 716 2253 783 blanditur,

675 810 769 866 sed
790 811 948 864 etiam
980 825 1101 864 cum
1125 824 1246 865 eum
1277 809 1425 879 pellit
1452 824 1515 863 ex
1547 809 1748 863 :cdibus
1772 815 1824 861 et
1850 822 1970 861 cum
1996 807 2253 875 increpat,

674 915 737 955 ac
761 899 938 970 flagris
967 900 1147 966 caedit,
1182 901 1296 969 pari
1330 899 1537 953 ratione
1569 906 1717 968 pater
1739 906 1853 960 est,
1884 912 2055 966 neque
2082 898 2257 951 minus

673 1006 832 1060 quam
861 1006 981 1045 cum
1017 990 1212 1045 laudat.
1246 990 1379 1045 Cum
1409 992 1567 1060 igitur
1590 987 1855 1057 intelligas
1877 987 2098 1042 medicis
2139 1003 2257 1042 om-

675 1080 833 1134 nibus
885 1080 1323 1151 iudulgentiorem
1363 1094 1505 1146 esse,
1561 1094 1623 1134 ac
1676 1078 1868 1148 majori
1913 1076 2105 1132 affectu
2161 1092 2256 1133 nos

679 1171 841 1225 Deum
874 1171 1145 1240 prosequi,
1179 1171 1285 1223 noli
1317 1171 1526 1224 curiose
1553 1169 1822 1239 inquirere
1843 1208 1858 1234 ,
1893 1183 2065 1240 neque
2094 1168 2258 1224 ratio-

676 1279 796 1317 nem
824 1264 891 1316 ab
910 1276 977 1317 eo
1004 1262 1156 1333 exige
1176 1263 1498 1327 curationis;
1534 1262 1627 1317 sed
1661 1263 1774 1316 sive
1807 1248 2257 1317 recreare'rolue-

675 1359 764 1421 rit,
791 1357 902 1410 sive
923 1356 1130 1426 punire,
1152 1353 1218 1409 ad
1252 1362 1533 1424 utrumque
1552 1355 1753 1424 pariter
1781 1364 1993 1425 paratos
2024 1368 2122 1408 nos
2158 1368 2254 1407 ex-

676 1447 951 1501 bibeamus
981 1462 993 1497 :
1022 1444 1285 1514 siquidem
1335 1459 1429 1514 per
1487 1453 1769 1513 utrumque
1821 1443 1974 1499 nobis
2027 1443 2258 1497 restituit

674 1535 976 1598 Sanitatem,
1019 1544 1072 1590 et
1116 1549 1213 1590 nos
1259 1535 1357 1589 sibi
1412 1535 2013 1605 reconciliatzcumque
2049 1535 2259 1591 noverit

676 1623 872 1694 quibus
898 1624 1133 1695 indigeat
1167 1625 1391 1695 quisque
1430 1635 1691 1690 nostrum,
1742 1634 1795 1680 et
1845 1625 1969 1696 quid
2017 1626 2257 1681 conferat

675 1716 888 1784 cuique,
914 1722 1092 1784 etquo
1119 1714 1328 1769 tandem
1362 1714 1520 1769 modo
1556 1715 1849 1769 servandus
1898 1716 2003 1781 sit,
2040 1713 2141 1770 hac
2174 1715 2256 1770 via

679 1820 776 1862 nus
800 1806 889 1862 ille
910 1805 1141 1860 deducit.
1172 1802 1467 1874 Sequamur
1492 1804 1654 1875 igitur
1668 1819 1779 1875 quo
1805 1804 1892 1861 ille
1923 1807 2254 1876 praeceperit,

676 1910 848 1966 neque
875 1904 1059 1951 exacte
1079 1895 1360 1966 quidquam
1387 1895 1741 1969 disquiramus
1759 1938 1774 1963 ,
1798 1897 1910 1951 sive
1928 1912 2023 1967 per
2045 1898 2256 1967 planam

678 1997 732 2042 et
762 1985 1002 2052 facilem,
1032 1986 1146 2040 sive
1185 2001 1280 2056 per
1312 1984 1583 2041 difﬁcilem
1613 2001 1965 2058 asperamque
2004 1988 2139 2041 viam
2173 1986 2258 2041 in-

679 2078 873 2133 cedere
890 2078 1130 2147 jusserit,
1159 2077 1607 2148 quemadmodum
1630 2086 1683 2133 et
1710 2078 1866 2132 istum
1886 2078 2257 2151 paralyticum.

681 2166 857 2224 Unum
888 2168 1045 2237 igitur
1072 2166 1171 2223 hoc
1197 2166 1292 2222 fuit
1322 2183 1490 2237 genus
1512 2168 1896 2235 beneficentirc,
1945 2170 2087 2239 quod
2115 2178 2261 2225 tanto

681 2270 916 2329 tempore
940 2258 1170 2313 animam
1198 2261 1313 2327 ejus
1342 2260 1597 2330 purgarit,
1616 2270 2262 2330 eamquetamquamcmz-

684 2349 907 2402 ﬁatorite
936 2348 1144 2402 cuidam
1190 2347 1393 2403 fornaci
1422 2349 1773 2402 tentationum
1819 2349 2118 2419 probationi
2158 2358 2263 2403 tra-

680 2437 1084 2494 diderit:aliud
1131 2448 1308 2494 autem
1359 2439 1530 2494 nihilo
1572 2439 1796 2495 inferius
1845 2445 1965 2505 isto,
2016 2440 2157 2511 quod
2211 2442 2263 2495 in

682 2528 813 2600 ipsis
845 2528 1228 2584 tentationibus
1256 2528 1330 2583 illi
1354 2528 1603 2595 adfuerit,
1639 2529 1972 2600 multumque
2011 2531 2258 2585 solatium

687 2624 759 2677 illi
787 2623 1093 2693 praebuerit.
1117 2623 1236 2692 Ipse
1265 2630 1403 2687 erat,
1426 2622 1513 2692 qui
1540 2622 1846 2677 continebat
1889 2637 2013 2679 eum
2040 2663 2053 2685 ,
2100 2632 2153 2678 et
2191 2637 2266 2678 re-

688 2716 910 2781 tinebat,
936 2730 1259 2785 manumque
1276 2714 1603 2785 porrigebat,
1624 2730 1794 2785 neque
1819 2715 2017 2770 collabi
2036 2714 2263 2771 sinebat.

684 2808 816 2862 Cum
863 2815 1040 2862 autem
1099 2807 1268 2878 ipsum
1315 2804 1481 2861 fuisse
1528 2806 1700 2872 audis,
1748 2807 1854 2861 noli
1910 2807 2261 2878 paralyticum

685 2897 842 2953 laude
869 2898 1095 2967 privare,
1122 2913 1219 2953 nec
1246 2898 1392 2953 illum
1416 2912 1515 2952 nec
1534 2897 1692 2951 alium
1716 2896 1982 2953 hominem
2002 2898 2263 2967 quemvis,

688 2991 777 3059 qui
804 2998 1037 3045 tentetur
1055 2998 1109 3044 et
1132 2990 1391 3059 patienter
1415 2988 1568 3043 ferat.
1597 2987 1945 3054 Quantumvis
1968 2989 2109 3042 enim
2127 3002 2269 3057 Smpc

691 3081 1152 3153 pliilosophemur,
1182 3081 1423 3151 quamvis
1448 3082 1685 3136 omnium
1720 3080 2077 3135 robustissimi
2105 3081 2272 3136 simus

691 3190 753 3228 ac
779 3172 1115 3238 validissimi,
1157 3171 1202 3226 si
1255 3171 1398 3225 illius
1432 3172 1567 3227 absit
1596 3172 1871 3236 auxilium,
1907 3186 1973 3225 ne
2014 3171 2271 3226 mediocri

691 3264 903 3335 quidem
932 3263 1229 3334 poterimus
1252 3262 1527 3318 tentatioui
1556 3263 1827 3318 resistere.
1857 3262 1961 3319 Sed
2005 3263 2130 3331 quid
2173 3277 2273 3333 ego

692 3357 763 3411 de
788 3354 943 3410 nobis
976 3355 1167 3409 vilibus
1194 3365 1242 3408 et
1275 3354 1497 3424 abjectis
1524 3354 1755 3425 loquor?
1778 3353 1929 3409 Licet
1969 3354 2165 3409 Paulus
2205 3355 2275 3408 sit

692 3445 882 3516 aliquis
906 3455 995 3499 aut
1022 3444 1231 3508 Petrus,
1262 3443 1383 3500 licet
1408 3443 1635 3499 Jacohus
1655 3452 1744 3498 aut
1768 3442 2274 3506 Joannes,subsidio

694 3536 893 3595 cmlcsti
921 3536 1156 3605 privatus
1208 3535 1362 3590 facile
1404 3536 1651 3599 vincitur,
1694 3544 1747 3589 et
1797 3536 2193 3604 supplantatur,
2223 3542 2277 3589 et

695 3628 949 3684 concidit.
993 3627 1071 3682 Ad
1119 3626 1233 3682 hmc
1261 3627 1437 3682 omnia
1472 3628 1665 3682 tuenda
1696 3627 1846 3682 vobis
1874 3626 2066 3683 Christi
2112 3628 2276 3698 ipsius

697 3733 858 3773 voces
902 3718 1140 3774 recitabo
1173 3737 1187 3774 :
1215 3718 1474 3787 siquidem
1504 3717 1664 3773 Petro
1690 3718 1821 3773 dixit
1854 3738 1867 3773 :
1898 3718 2030 3772 Ecce
2073 3729 2276 3773 satanas

685 3811 930 3883 expetivit
942 3808 1523 3874 vos,utcribraretsicut
1535 3813 1796 3867 triticum:
1812 3820 1857 3865 et
1886 3827 1975 3881 ego
2001 3815 2171 3882 rogavi
2184 3828 2277 3881 pro

701 3914 768 3965 te,
803 3910 857 3953 ut
882 3917 980 3953 non
1010 3902 1208 3967 deficiat
1229 3901 1355 3968 ﬁdes
1382 3911 1466 3955 tua
1494 3902 1641 3974 (Luc.
1665 3902 1755 3956 Ἡ.
1782 3903 1869 3957 3i.
1894 3902 2006 3973 32).
2029 3902 2163 3970 Quid
2195 3913 2278 3957 est

697 3991 975 4048 cribrare?
1005 3991 1282 4045 Abducere
1303 4032 1315 4052 .
1339 3993 1739 4049 circumducere
1757 4033 1771 4058 ,
1822 3995 2092 4062 exagitare
2112 4035 2126 4058 ,
2160 4008 2279 4049 mo-

699 4097 845 4143 vere,
870 4090 1176 4147 concutere,
1225 4081 1500 4149 divexare,
1557 4084 1697 4138 sicut
1750 4084 1801 4137 in
1852 4084 1916 4139 iis
1945 4100 2064 4153 qua:
2106 4086 2280 4140 cribro

699 4175 1058 4229 ventilantur:
1092 4183 1146 4228 at
1191 4189 1291 4244 ego
1334 4174 1669 4241 cohibebam,
1728 4173 1921 4245 inquit,
1976 4176 2280 4245 intelligens

701 4279 1033 4333 nequaquam
1093 4278 1246 4332 posse
1296 4279 1389 4318 vos
1439 4268 1783 4319 tentationem
1838 4268 2280 4331 sustinere;cum

700 4354 843 4409 enim
865 4351 958 4420 ait,
990 4352 1070 4405 Ne
1098 4352 1299 4420 deﬁciat
1327 4353 1453 4420 ﬁdes
1482 4364 1590 4418 tua,
1625 4355 1723 4409 hoc
1748 4357 2025 4425 signiﬁcat,
2046 4357 2278 4414 futurum

700 4449 886 4515 fuisse,
936 4457 993 4501 ut
1038 4447 1167 4501 ﬁdes
1216 4435 1332 4515 ejus
1375 4447 1653 4513 deficeret,
1704 4450 1747 4501 si
1799 4449 1889 4506 ille
1931 4453 2276 4519 permisisset.

700 4537 853 4605 Quod
875 4537 918 4591 si
949 4537 1137 4591 Petrus
1158 4536 1393 4591 fervidus
1436 4547 1643 4591 amator
1666 4538 1901 4605 Christi,
1933 4541 2020 4609 qui
2051 4543 2279 4596 animam

702 4645 855 4685 suam
884 4629 1075 4683 millies
1097 4645 1192 4699 pro
1222 4630 1337 4698 ipso
1366 4630 1630 4699 exposuit,
1662 4630 1855 4700 quique
1904 4646 2113 4699 semper
2159 4644 2282 4687 ante

703 4730 898 4777 emtum
933 4721 1135 4790 prosilit
1155 4720 1534 4790 apostolorum,
1565 4730 1614 4774 et
1646 4720 1829 4775 beatus
1848 4736 1878 4775 a
1909 4723 2161 4792 magistro
2186 4740 2282 4777 suo

705 4811 1042 4882 praedicatur,
1073 4810 1295 4879 ideoque
1346 4810 1534 4864 Petrus
1564 4811 1858 4880 appellatus
1887 4822 1988 4877 est,
2027 4812 2167 4883 quod
2201 4814 2281 4868 in—

704 4915 962 4957 concussa
999 4908 1053 4955 et
1088 4900 1401 4953 immutabili
1431 4899 1531 4955 ﬁde
1558 4901 1809 4971 praeditus
1838 4911 1979 4958 esset
2002 4945 2014 4968 ,
2046 4904 2283 4971 dejectus

707 4991 909 5055 luisset,
935 5000 987 5045 cl
1011 5006 1039 5043 a
1066 4990 1399 5045 c0nfessione
1425 4992 1726 5056 excidisset,
1745 4993 1810 5058 si,
1838 5002 2088 5062 quantum
2103 4995 2281 5061 vellet,

708 5091 916 5135 tentare
939 5081 1147 5136 diabolo
1164 5080 1405 5135 Christus
1427 5084 1773 5151 permisisset,
1789 5086 1907 5154 quis
1934 5086 2066 5138 alius
2087 5086 2283 5155 absque

707 5172 850 5227 illius
870 5173 1066 5226 auxilio
1096 5174 1287 5241 poterit
1321 5188 1570 5242 umquam
1605 5176 1893 5230 resistere?
1917 5174 2175 5242 Quocirca
2205 5178 2285 5230 di-

705 5266 780 5317 cit
811 5265 971 5317 etiam
1021 5265 1236 5330 Paulus,
1265 5263 1458 5317 Fidelis
1490 5264 1643 5329 Deus,
1685 5269 1770 5333 qui
1824 5284 1921 5319 non
1960 5268 2177 5335 patietur
2203 5283 2285 5319 ros

711 5356 890 5407 tentari
912 5371 1066 5423 supra
1096 5355 1167 5417 id,
1187 5356 1321 5425 quod
1342 5357 1545 5422 potestis
1572 5372 1590 5409 :
1618 5358 1703 5410 sed
1721 5359 1865 5427 faciet
1884 5375 1995 5410 cum
2019 5358 2287 5411 tentatione

710 5454 1025 5510 proventum,
1059 5455 1109 5495 ut
1138 5446 1337 5512 possitis
1366 5446 1609 5500 sustinere
1635 5447 1653 5517 (
1683 5450 1727 5501 I.
1759 5448 1873 5501 Cor.
1906 5448 1989 5503 lO.
2022 5450 2086 5502 15
2105 5447 2143 5519 ).
2172 5447 2284 5502 Non

709 5538 853 5590 enim
880 5546 1105 5600 tantum,
1141 5538 1327 5605 inquit,
1354 5554 1511 5608 supra
1538 5541 1677 5593 vires
1719 5540 1899 5595 inferri
1942 5544 2284 5596 tentationetu

713 5644 817 5681 non
842 5628 988 5689 sinit,
1021 5628 1112 5680 sed
1142 5633 1299 5682 etiam
1346 5632 1396 5682 in
1431 5632 1539 5699 ipsa
1567 5648 1685 5701 qtae
1731 5649 1822 5702 pru
1855 5636 2055 5691 ratione
2096 5638 2285 5689 virium

711 5721 1011 5787 adhibetur,
1059 5738 1151 5776 nus
1183 5734 1484 5777 sustentans
1525 5726 1693 5791 adest,
1726 5734 1781 5781 et
1830 5744 1924 5782 uris
1954 5732 2281 5792 corroborat,

2362 461 2485 500 cum
2519 460 2615 500 nos
2646 447 2849 515 priores
2878 462 2995 516 qua:
3027 456 3327 502 nostrarum
3380 457 3503 504 sunt
3545 452 3771 521 partium
3810 469 3944 508 con-

2361 536 2664 601 tulerimus,
2693 538 2920 605 exempli
2943 550 3125 601 causa,
3156 536 3485 594 alacritatem
3509 541 3692 607 animi,
3714 555 3865 611 spem
3889 546 3945 598 in

2362 627 2555 694 ipsum,
2582 626 2868 695 gratiarum
2891 629 3177 693 actionem,
3208 629 3573 691 tolerantiam,
3609 630 3944 699 patientiam.

2362 716 2542 783 Neque
2590 725 2792 770 tantum
2836 716 2888 769 in
2941 717 3212 786 periculis,
3243 733 3362 787 quae
3408 720 3549 775 vires
3600 722 3811 775 nostras
3851 736 3949 776 ex-

2360 808 2576 873 cedunt,
2600 808 2693 863 sed
2722 808 2771 862 in
2802 809 2928 877 ipsis
2950 810 3107 863 etiam
3133 826 3251 880 quas
3282 826 3387 865 non
3420 812 3715 878 excedunt,
3744 813 3948 868 celesti

2359 900 2559 953 auxilio
2590 899 2907 969 indigemus,
2952 908 3009 954 ut
3048 914 3308 970 generose
3358 902 3619 968 possimus
3657 902 3947 958 obsistere.

2359 989 2631 1059 Siquidem
2654 990 2779 1045 alibi
2820 1006 3033 1060 quoque
3060 992 3188 1046 dicit
3223 1010 3236 1046 :
3269 991 3415 1046 Sicut
3447 991 3705 1046 abundant
3742 994 3949 1063 ρακὶοο

2360 1089 2446 1136 nes
2475 1080 2663 1136 Christi
2684 1082 2736 1135 in
2757 1082 2916 1146 nobis,
2944 1083 3016 1135 ita
3044 1091 3091 1136 et
3116 1098 3208 1152 per
3229 1080 3482 1136 Christum
3507 1080 3733 1137 abundat
3759 1099 3947 1137 conso-

2360 1174 2483 1227 latio
2512 1183 2706 1241 nostra,
2738 1182 2793 1227 ut
2820 1190 2912 1227 nos
2938 1173 3189 1243 possimus
3219 1172 3471 1227 consolari
3492 1190 3596 1237 eos,
3618 1177 3705 1242 qui
3725 1176 3779 1229 in
3806 1177 3949 1229 omni

2362 1281 2598 1335 pressura
2623 1273 2760 1330 sunt,
2808 1281 2895 1333 per
2923 1265 3322 1318 exhortationem
3344 1306 3359 1329 ,
3399 1280 3500 1333 qua
3545 1265 3874 1318 exhortamur
3900 1276 3951 1319 et

2359 1357 2458 1427 ipsi
2487 1373 2519 1409 a
2550 1353 2656 1409 Deo
2679 1354 2753 1426 (2.
2786 1352 2904 1409 Cor.
2933 1355 2981 1409 l.
3016 1355 3069 1410 5.
3099 1354 3173 1425 4).
3204 1353 3385 1423 Itaque
3421 1354 3466 1408 is
3493 1354 3655 1409 etiam
3684 1354 3773 1425 qui
3804 1353 3949 1410 hunc

2360 1447 2667 1503 consolatus
2688 1456 2791 1513 est,
2822 1448 2932 1516 ipse
2954 1456 3036 1500 est
3062 1446 3151 1516 qui
3193 1445 3539 1500 tentationem
3579 1447 3821 1515 permisit
3861 1448 3946 1500 ina

2361 1540 2507 1595 ferri.
2542 1539 2672 1595 Vide
2698 1548 2877 1593 autem
2902 1546 3018 1607 post
3038 1538 3368 1593 curationem
3401 1547 3653 1607 quantam
3682 1538 3950 1594 sollicitu-

2360 1630 2539 1685 dinem
2572 1644 2678 1699 pra:
2698 1643 2757 1684 se
2778 1629 2929 1683 ferat.
2963 1627 3146 1698 Neque
3175 1627 3316 1681 enim
3350 1627 3439 1681 illo
3454 1626 3677 1682 dimisso
3700 1627 3945 1695 recessit,

2360 1731 2411 1776 at
2437 1729 2712 1790 postquam
2744 1718 2891 1773 illum
2917 1716 3140 1773 offendit
3168 1717 3219 1771 in
3249 1716 3469 1786 templo,
3491 1718 3590 1783 ait,
3634 1716 3763 1771 Ecce
3788 1734 3949 1774 sanus

2361 1804 2523 1874 factus
2543 1820 2613 1868 es,
2643 1802 2745 1856 noli
2775 1802 2996 1871 amplius
3026 1804 3250 1869 peccare,
3278 1816 3339 1855 ne
3374 1800 3592 1854 deterius
3634 1799 3721 1853 tibi
3754 1800 3952 1871 aliquid

2362 1894 2617 1963 contingat
2648 1890 2829 1965 (Joan.
2859 1893 2911 1947 5.
2948 1890 3058 1962 Η).
3086 1891 3141 1946 Si
3171 1891 3311 1946 enim
3341 1889 3480 1960 quod
3507 1888 3631 1944 odio
3651 1905 3946 1959 proseque-

2364 1994 2532 2048 retur,
2565 1983 3097 2053 puniripermisissct,
3124 1996 3226 2034 non
3249 1989 3299 2034 te
3328 1979 3625 2046 liberasset,
3652 1994 3758 2035 non
3792 1981 3950 2035 infu-

2366 2082 2539 2128 turum
2576 2073 2979 2127 communilsset
3011 2089 3024 2125 :
3056 2070 3197 2139 quod
3236 2078 3414 2125 autem
3446 2068 3592 2136 dicit,
3628 2068 3711 2123 Ne
3735 2071 3953 2126 deterius

2363 2164 2454 2218 tibi
2477 2162 2672 2232 aliquid
2690 2164 2966 2234 contingat,
2996 2162 3190 2216 indicat
3211 2175 3334 2216 eum
3362 2159 3552 2214 futuris
3573 2160 3728 2216 malis
3739 2160 3952 2216 obviam

2364 2255 2465 2309 ire.
2500 2254 2740 2309 Morbum
2772 2253 2997 2324 depulit,
3034 2262 3087 2308 et
3110 2266 3363 2322 angorem
3397 2266 3502 2305 non
3525 2250 3768 2322 depulit:
3798 2254 3953 2324 agri-

2367 2344 2601 2399 Iudinem
2632 2344 2828 2413 abegit,
2857 2352 2911 2399 ct
2935 2352 3133 2400 metum
3180 2358 3288 2397 non
3329 2341 3529 2411 abegit,
3573 2349 3630 2395 ut
3675 2342 3954 2399 immotum

2366 2444 2580 2492 maneat
2622 2435 2940 2491 beneﬁcium
2989 2434 3129 2505 quod
3156 2442 3243 2489 est
3271 2432 3541 2487 collatum.
3590 2431 3703 2488 Hoc
3747 2435 3954 2504 providi

2366 2534 2450 2581 est
2470 2526 2685 2591 medici,
2711 2534 2767 2581 ut
2797 2541 2902 2580 non
2933 2525 3215 2595 praesentia
3263 2532 3467 2581 tantum
3515 2527 3653 2582 mala
3678 2525 3953 2597 depellat,

2368 2620 2461 2675 sed
2490 2629 2544 2675 et
2563 2619 2785 2673 adversa
2808 2618 2981 2674 futura
3007 2629 3304 2689 praecaveat
3333 2640 3345 2675 :
3375 2621 3517 2690 quod
3540 2621 3719 2690 utique
3739 2619 3872 2673 fecit
3899 2627 3954 2672 et

2368 2711 2633 2775 Christus,
2661 2711 2787 2765 dum
2818 2712 3205 2779 praeteritorum
3237 2712 3495 2768 memoria
3529 2712 3697 2782 ipsius
3721 2710 3956 2765 animam

2369 2800 2722 2856 conﬁrmavit.
2765 2802 2896 2857 Nam
2924 2804 3175 2871 quoniam
3214 2802 3302 2857 ubi
3347 2802 3790 2873 prteterierintea
3838 2815 3959 2870 quae

2370 2892 2524 2947 nobis
2550 2892 2849 2948 molestiam
2878 2893 3231 2959 exhibebant,
3261 2893 3419 2950 simul
3464 2908 3650 2948 eorum
3698 2891 3958 2947 memoria

2372 2996 2514 3050 εωρο
2541 2981 2813 3049 dilabitur,
2839 2984 2978 3053 quod
3010 2983 3176 3052 ipsam
3206 2992 3516 3053 perpetuam
3543 2983 3671 3037 velit
3698 2995 3921 3036 manere
3941 3022 3955 3045 ,

2376 3075 2519 3140 Noli,
2547 3074 2733 3144 inquit,
2784 3075 3001 3146 amplius
3043 3091 3270 3145 peccare,
3307 3091 3369 3129 ne
3408 3074 3625 3129 deterius
3650 3074 3737 3127 tibi
3766 3073 3961 3143 aliquid

2374 3168 2650 3235 contingat.

2445 3259 2496 3312 5.
2528 3258 2707 3327 Neque
2744 3272 2869 3312 vero
2909 3272 2974 3313 ex
3006 3256 3107 3312 hoc
3141 3258 3311 3313 solum
3344 3256 3731 3327 providentiam
3756 3256 3960 3326 ejus'et

2376 3350 2675 3418 a‘quitatem
2700 3348 2821 3403 licet
2850 3348 3061 3413 intueri,
3091 3348 3185 3404 sed
3213 3349 3424 3417 exipsa,
3444 3363 3560 3418 qua:
3587 3348 3797 3403 videtur
3818 3362 3963 3415 esse,

2379 3439 2761 3508 increpatione.
2795 3438 2924 3493 Nam
2950 3448 3162 3507 peccata
3187 3438 3401 3509 quidem
3427 3439 3543 3509 ejus
3572 3453 3678 3493 non
3711 3438 3961 3507 propala-

2379 3530 2452 3583 vit
2483 3571 2498 3595 ,
2540 3529 2634 3583 sed
2661 3545 2780 3583 cum
2813 3540 3028 3598 propter
3055 3538 3269 3598 peccata
3306 3543 3519 3599 passum
3551 3542 3671 3583 esse
3695 3543 3814 3597 quae
3840 3542 3965 3597 pas-

2378 3634 2469 3674 sns
2519 3629 2599 3674 est
2631 3658 2646 3681 ,
2691 3618 2972 3673 indicavit:
3005 3636 3123 3689 quae
3161 3634 3289 3674 vero
3319 3626 3504 3674 essent
3542 3628 3756 3689 peccata
3792 3660 3808 3686 ,
3856 3634 3966 3674 non

2380 3710 2661 3765 indicavit:
2694 3726 2864 3780 neque
2891 3710 3041 3775 dixit,
3062 3711 3172 3765 line
3199 3720 3251 3765 et
3273 3712 3401 3765 illud
3431 3712 3658 3780 peccasti
3685 3752 3700 3777 ,
3744 3727 3919 3779 nequc
3949 3752 3963 3775 ,

2380 3802 2438 3854 ln
2480 3802 2580 3855 hoc
2609 3810 2663 3856 et
2706 3802 2757 3854 in
2801 3801 2892 3855 illo
2936 3800 3201 3870 deliquisti
3230 3842 3246 3868 ,
3284 3801 3378 3856 sed
3408 3815 3513 3855 uno
3543 3801 3768 3871 simplici
3802 3803 3968 3857 verbo

2382 3894 2433 3947 id
2460 3894 2765 3961 exprimens
2788 3932 2805 3958 ,
2850 3890 2975 3945 Noli
3017 3893 3234 3962 amplius
3258 3909 3464 3963 peccare
3485 3933 3500 3958 ,
3537 3902 3849 3961 tantumque
3880 3894 3965 3947 di-

2381 3999 2509 4039 cens
2541 4025 2556 4049 ,
2588 3984 2728 4054 quod
2750 3985 2816 4038 ad
2844 4000 2962 4039 eum
2990 3985 3384 4040 admonendum
3418 3984 3774 4039 necessarium
3798 3994 3912 4039 erat
3948 4025 3964 4049 ,

2383 4074 2771 4145 diligentiorem
2818 4074 2963 4128 illum
3018 4073 3249 4129 reddidit
3297 4076 3351 4129 in
3400 4074 3677 4141 futurum,
3721 4083 3774 4129 et
3802 4073 3971 4145 ipsius

2385 4168 2710 4237 patientiam,
2742 4167 3099 4222 fortitudinem
3119 4208 3133 4232 ,
3166 4181 3230 4221 ac
3254 4166 3642 4235 philosophiam
3672 4165 3826 4220 nobis
3851 4181 3969 4221 om-

2386 4274 2505 4313 nem
2538 4258 2814 4327 patefecit,
2861 4272 2979 4313 cum
3020 4257 3094 4311 illi
3125 4256 3495 4312 necessitatem
3527 4256 3780 4326 imposuit
3802 4265 3967 4309 totam

2384 4349 2736 4404 calamitatem
2766 4364 2911 4402 suam
2941 4348 3247 4418 quiritando
3274 4346 3578 4417 divulgandi
3599 4387 3613 4407 ,
3642 4360 3703 4401 ac
3733 4345 3967 4400 studium

2387 4458 2539 4495 suum
2575 4440 2885 4497 ostendendi
2913 4462 2925 4496 :
2952 4440 3085 4493 Dum
3110 4441 3249 4493 venio
3272 4441 3405 4493 enim
3440 4455 3531 4509 ego
3549 4480 3562 4503 ,
3596 4438 3726 4491 alius
3753 4445 3870 4489 ante
3894 4453 3975 4490 me

2385 4535 2638 4587 descendit
2663 4534 2683 4605 (
2710 4533 2866 4587 Joan.
2897 4533 2949 4588 5.
2976 4534 3008 4587 7
3038 4531 3089 4602 );
3118 4539 3328 4602 peccata
3360 4544 3487 4583 vero
3521 4544 3625 4583 non
3655 4527 3969 4597 propalavit.

2383 4627 2531 4681 Sicut
2556 4630 2695 4683 enim
2725 4641 2820 4681 nos
2850 4625 3101 4693 obtegere
3126 4634 3305 4677 nostra
3335 4621 3579 4675 volumus
3606 4662 3620 4686 ,
3644 4619 3721 4673 sic
3749 4631 3803 4673 et
3833 4618 3974 4673 Deus

2388 4718 2553 4771 multo
2602 4718 2767 4786 magis
2814 4730 2972 4784 quam
3009 4729 3318 4784 nos:quam
3349 4712 3418 4767 ob
3451 4725 3666 4768 oausam
3707 4719 3762 4765 et
3788 4723 3973 4764 coram

2388 4808 2631 4863 omnibus
2672 4806 2988 4861 medicinam
3037 4805 3195 4869 fecit,
3226 4802 3650 4857 adhortationem
3697 4808 3873 4853 autem
3919 4809 3991 4853 et.

2389 4904 2667 4958 consilium
2694 4901 2936 4972 privatim
2966 4899 3202 4953 adhibet.
3260 4897 3559 4966 Numquam
3590 4895 3731 4948 enim
3759 4894 3974 4961 evulgat

2392 5004 2603 5065 peccata
2635 5005 2840 5055 nostra,
2868 4993 2965 5045 nisi
2995 4990 3130 5044 forte
3157 4990 3201 5041 si
3230 4987 3440 5058 quando
3462 4972 3561 5040 nos
3596 4986 3788 5039 viderit
3814 4986 3963 5038 nullo

2388 5102 2570 5141 eorum
2628 5100 2785 5138 sensu
2827 5082 2987 5138 afﬁci.
3040 5080 3169 5134 Nam
3220 5088 3275 5133 et
3315 5093 3435 5132 cum
3466 5076 3627 5132 dicit:
3661 5074 3975 5128 Esurientcm

2390 5196 2467 5233 me
2496 5180 2707 5241 vidistis,
2742 5188 2786 5229 et
2816 5193 2915 5228 non
2943 5174 3174 5237 aluistis,
3204 5182 3249 5224 et
3276 5171 3544 5234 sitientem,
3573 5152 3616 5222 et
3634 5183 3733 5220 non
3758 5168 3972 5235 potastis

2393 5270 2709 5342 (Matt/1.9.5.
2735 5268 2827 5337 l9.)
2848 5309 2860 5331 ,
2896 5276 3173 5335 propterea
3200 5262 3329 5316 dicit
3355 5261 3405 5314 in
3436 5259 3680 5327 praesenti
3709 5267 3973 5326 tempore,

2395 5380 2459 5415 ue
2491 5361 2624 5415 forte
2673 5362 2724 5414 in
2765 5359 2941 5412 futuro
2988 5357 3151 5410 verba
3196 5358 3310 5407 hmc
3348 5352 3647 5406 audiamus.
3701 5347 3931 5403 Minatur
3960 5391 3975 5414 ,

2394 5454 2602 5523 evulgat
2651 5453 2703 5506 in
2736 5452 2833 5505 hac
2863 5450 2965 5503 vita
3002 5491 3014 5513 ,
3047 5463 3112 5501 ue
3138 5448 3190 5500 in
3222 5447 3309 5499 illa
3341 5444 3551 5513 evulget
3581 5484 3596 5508 ,
3624 5441 3979 5512 quemadmo.

2394 5547 2519 5601 dum
2551 5556 2603 5601 et
2624 5545 2969 5600 Ninivitarum
2993 5544 3261 5598 ciwitatem
3292 5556 3349 5595 se
3385 5539 3617 5593 minatus
3644 5547 3724 5593 est
3753 5553 3981 5594 ενοι-ευσ-

2400 5654 2533 5699 rum,
2566 5647 2621 5691 ut
2644 5654 2744 5692 non
2768 5647 3051 5693 everteret.
3096 5636 3149 5688 Si
3180 5636 3321 5705 enim
3353 5641 3567 5703 peccata
3603 5632 3767 5689 vellet
3792 5640 3978 5685 nostra

2400 5730 2664 5799 publicare
2692 5772 2702 5796 ,
2733 5744 3063 5799 nequaquam
3089 5742 3145 5783 se
3175 5725 3565 5795 publicaturum
3606 5721 3975 5794 praedixisset;
