4218 6294
257 383 323 438 53
1170 381 1237 439 ΙΝ
1277 380 1768 439 PARALYTICUM
1813 377 2166 436 DEMISSUM
2208 376 2344 434 PER
2385 375 2695 433 TECTUM.

257 505 363 575 jam
391 516 525 556 vcro
547 499 753 557 ideirco
777 500 1031 571 prcedicit,
1062 510 1118 555 ut
1147 500 1673 571 publicatioaisiliius
1698 508 1864 565 metu,

262 597 303 649 si
335 594 517 649 utilius
548 593 798 663 supplicii
819 602 965 647 metu
983 592 1247 663 castigati,
1267 593 1444 647 omnia
1470 592 1863 661 abstergamus.

266 687 375 743 lloc
399 696 457 742 et
497 687 554 742 in
598 686 866 755 baptismo
896 685 989 741 lit:
1032 684 1299 755 siquidem
1329 684 1397 739 ad
1426 697 1687 753 aquarum
1717 682 1868 735 lava-

261 793 409 833 crum
428 777 706 832 hominem
732 775 970 841 dcducit,
996 791 1094 830 nec
1108 776 1198 829 ulli
1221 776 1339 842 ejus
1360 783 1577 844 peccata
1598 771 1867 842 patefacit:

264 868 357 923 sed
389 864 596 922 donum
640 865 857 935 quidem
902 865 1247 921 manifestum
1293 864 1545 919 erunibus
1572 862 1749 918 reddit
1776 904 1792 929 ,
1818 870 1873 915 et

264 970 487 1015 notum:
522 966 743 1027 peccata
772 972 902 1012 vero
931 965 1134 1027 praeter
1160 972 1219 1012 se
1240 966 1295 1011 et
1319 956 1518 1027 ipsum,
1551 956 1636 1009 cui
1672 954 1871 1010 remis-

262 1052 342 1106 sio
370 1048 647 1114 tribuitur,
684 1064 844 1105 nemo
861 1049 999 1105 alius
1017 1049 1184 1103 novit.
1214 1048 1326 1103 Hoc
1348 1057 1405 1103 et
1431 1048 1482 1102 in
1517 1049 1620 1103 isto
1649 1047 1867 1103 accidit:

262 1139 618 1211 reprehensio
640 1140 861 1196 remotis
887 1139 1105 1195 arbitris
1130 1138 1436 1203 adhibetur,
1462 1139 1570 1194 imo
1599 1152 1729 1193 vero
1764 1152 1869 1192 non

260 1232 616 1303 reprehensio
639 1240 844 1287 tantum
865 1273 879 1296 ,
908 1232 1004 1288 sed
1025 1241 1079 1289 et
1094 1233 1370 1288 excusatio
1390 1230 1635 1303 quaadam
1657 1241 1739 1287 est
1757 1230 1872 1286 haec

261 1327 436 1381 oratio
461 1369 478 1393 ,
509 1327 666 1397 quasi
691 1327 763 1382 ob
790 1334 990 1381 tantam
1020 1326 1223 1381 illatam
1247 1324 1593 1380 afﬂictiouem
1621 1338 1679 1379 se
1708 1339 1871 1379 excu-

258 1427 425 1482 saret,
459 1419 618 1486 eique
635 1416 863 1484 diceret,
886 1426 941 1471 et
966 1416 1291 1488 signiﬁcaret
1318 1431 1424 1471 non
1450 1426 1673 1478 temere,
1698 1429 1873 1483 neque

260 1505 465 1563 [rustra
497 1510 818 1578 permissum
843 1523 999 1572 esse,
1030 1516 1088 1562 ut
1114 1508 1229 1578 ipse
1270 1515 1422 1562 tanto
1452 1515 1697 1576 tempore
1730 1505 1872 1559 ami-

258 1607 483 1668 geretur
507 1641 523 1665 ,
553 1608 776 1670 peccata
811 1598 863 1652 in
892 1589 1207 1653 memoriam
1236 1598 1314 1653 illi
1345 1599 1637 1664 revocavit,
1665 1608 1719 1654 et
1744 1612 1872 1653 cau-

258 1702 374 1744 sam
406 1689 623 1759 aperuit
653 1688 999 1744 infirmitatis.
1025 1689 1151 1745 Cum
1177 1690 1321 1745 cnim
1349 1732 1365 1757 ,
1391 1691 1581 1761 inquit,
1606 1689 1875 1744 invenisset

257 1794 371 1831 eum
396 1780 453 1833 in
481 1781 703 1849 templo,
734 1780 866 1835 dixit
895 1780 1012 1834 illi:
1045 1780 1172 1834 Noli
1193 1780 1416 1851 amplius
1446 1797 1673 1852 peccare,
1702 1798 1765 1835 ne
1786 1785 1873 1835 de-

261 1870 418 1923 terius
441 1869 532 1923 tibi
558 1870 754 1941 aliquid
788 1872 1049 1942 contingat
1074 1870 1252 1943 (Joan.
1275 1873 1324 1928 5.
1355 1874 1468 1939 Η).

333 1961 545 2015 Transit
593 1962 661 2015 ad
710 1963 1042 2033 posteriorem
1085 1962 1486 2034 Paralyticum;
1538 1964 1876 2034 Evangelia-tae

260 2070 363 2108 non
383 2056 521 2108 inter
553 2070 607 2107 se
649 2064 898 2124 pugnant.
944 2054 1082 2120 Quid
1110 2055 1176 2108 sit
1217 2054 1413 2109 diversa
1440 2056 1579 2125 loqui
1600 2065 1645 2109 et
1671 2066 1875 2109 contra-

259 2144 357 2197 ria.
376 2144 695 2211 —Quando
726 2144 887 2214 igitur
912 2159 976 2199 ex
1006 2145 1169 2215 priori
1197 2146 1497 2217 paralytico
1524 2155 1729 2201 tantum
1754 2146 1864 2202 fru-

257 2244 405 2289 ctum
427 2234 767 2305 collegimus,
797 2250 895 2305 age
912 2235 1021 2304 jam
1040 2234 1111 2288 ad
1130 2236 1353 2289 alterum
1382 2237 1545 2291 etiam
1569 2236 1871 2303 veniamus,

260 2326 328 2381 de
352 2342 465 2396 quo
491 2324 631 2395 apud
651 2324 959 2380 Matthaaum
985 2326 1159 2396 agitur
1186 2325 1207 2397 (
1233 2326 1417 2380 Matth.
1442 2326 1475 2382 9
1510 2328 1551 2397 ).
1577 2326 1712 2381 Nam
1742 2338 1798 2382 et
1822 2329 1872 2382 in

262 2418 608 2471 metallorum
638 2414 834 2471 fodinis
862 2417 951 2471 ubi
978 2417 1098 2486 quis
1116 2417 1235 2486 plus
1264 2418 1380 2472 auri
1413 2419 1676 2487 repererit
1710 2459 1725 2485 ,
1768 2419 1877 2474 illic

260 2507 450 2563 ell'odit
476 2522 663 2562 rursus
688 2525 703 2561 :
732 2515 785 2562 et
809 2507 1006 2561 multos
1027 2508 1230 2561 scimus
1260 2523 1467 2574 eorum,
1489 2508 1577 2577 qui
1601 2508 1876 2579 negligen-

263 2607 344 2653 ter
369 2598 635 2668 legerunt,
666 2611 831 2651 unum
860 2605 913 2651 et
956 2594 1203 2650 eumdem
1244 2611 1365 2652 esse
1395 2606 1582 2668 putare
1609 2600 1871 2669 paralyti-

261 2704 410 2753 cum,
444 2689 514 2743 de
544 2702 652 2769 qpo
679 2686 819 2757 apud
845 2697 1076 2757 quatuor
1101 2688 1461 2757 evangelistas
1487 2673 1681 2758 agitur.
1713 2690 1875 2758 Atqui

264 2796 373 2836 non
401 2789 488 2835 est
516 2779 679 2834 idem.
712 2779 1073 2848 Quamobrem
1106 2780 1296 2850 erigite
1328 2796 1421 2834 vos
1454 2821 1469 2847 ,
1499 2796 1564 2835 ac
1593 2781 1877 2852 diligenter

260 2873 543 2929 attendite.
591 2874 777 2944 Neque
815 2875 958 2930 enim
1010 2873 1079 2929 de
1113 2875 1273 2929 rebus
1318 2874 1624 2932 trivialibus
1651 2877 1878 2945 quaestio

262 2967 497 3021 habetur
517 3007 534 3033 ,
562 2965 657 3021 sed
676 2976 730 3021 et
750 2966 1007 3021 adversus
1030 2966 1256 3035 gentiles
1282 2974 1334 3020 ct
1359 2965 1618 3021 adversus
1637 2966 1877 3035 Judaros,

261 3069 316 3113 et
341 3058 605 3113 adversus
634 3057 836 3113 multos
860 3056 1147 3113 hzereticos
1190 3056 1334 3111 utilis
1366 3057 1482 3113 lucc
1520 3057 1625 3111 erit
1655 3057 1831 3117 oratio
1860 3098 1875 3125 ,

264 3149 354 3203 ubi
389 3150 720 3204 conveniens
762 3149 958 3203 solutio
989 3147 1150 3203 fuerit
1179 3148 1381 3201 addita.
1413 3147 1546 3201 Nam
1582 3156 1636 3201 et
1671 3147 1742 3202 ita
1788 3163 1877 3202 re-

267 3242 613 3311 prcbeudunt
640 3256 829 3295 omnes
851 3241 1207 3311 evangelistas
1231 3250 1500 3311 tamquam
1524 3242 1665 3296 inter
1691 3258 1749 3296 se
1772 3259 1871 3310 pu-

264 3342 501 3405 gnantes
540 3348 605 3388 ac
646 3334 1011 3388 dissonantes.
1044 3332 1203 3403 Atqui
1234 3347 1341 3387 non
1369 3334 1439 3387 ita
1472 3348 1561 3388 res
1587 3348 1647 3389 se
1673 3333 1832 3389 habet
1862 3374 1878 3401 ,

264 3425 440 3479 absit:
485 3424 612 3478 licet
657 3422 890 3478 diversae
928 3438 1171 3493 personae
1207 3422 1346 3491 sint,
1390 3440 1493 3479 una
1528 3435 1609 3479 est
1648 3423 1880 3493 Spiritus

264 3514 459 3586 gratia,
490 3531 595 3586 qua
624 3516 885 3586 cujusque
909 3516 1087 3569 anima
1121 3526 1401 3570 movetur:
1432 3528 1489 3571 at
1530 3517 1615 3571 ubi
1643 3517 1876 3587 Spiritus

265 3619 349 3665 est
372 3610 550 3680 gratia
582 3650 597 3674 ,
628 3608 827 3664 caritas
853 3649 867 3671 ,
897 3608 1148 3678 gaudium
1179 3650 1195 3676 ,
1227 3624 1363 3679 pax;
1394 3609 1597 3665 bellum
1624 3625 1729 3664 non
1760 3619 1878 3677 est,

268 3713 372 3754 nec
399 3698 710 3763 discordia,
759 3713 858 3752 nec
887 3713 1059 3768 pugna
1085 3739 1101 3760 .
1147 3713 1247 3753 nec
1276 3699 1387 3753 ulla
1426 3700 1725 3755 contentio.
1764 3701 1881 3768 Quo

270 3790 487 3847 tandem
529 3792 686 3860 igitur
720 3799 877 3860 pacto
903 3788 1243 3845 manifestum
1290 3790 1579 3846 reddemus
1606 3792 1748 3846 hunc
1774 3809 1878 3846 non

269 3899 391 3939 esse
416 3884 567 3937 illum
600 3883 979 3954 paralyticum,
1008 3882 1104 3937 sed
1121 3884 1346 3937 alterum
1376 3883 1444 3937 ab
1469 3883 1563 3937 illo
1584 3883 1882 3938 diversum?

271 3976 348 4029 Ex
378 3975 562 4029 multis
584 3974 793 4028 indiciis
817 3990 939 4028 cum
970 3974 1070 4028 loci
1103 3984 1213 4028 tum
1247 3974 1524 4044 temporis,
1557 3983 1609 4029 et
1636 3976 1881 4030 occasio-

272 4080 398 4119 num
428 4106 444 4126 ,
477 4072 532 4118 et
553 4063 655 4118 diei
684 4105 699 4129 ,
737 4074 792 4119 et
819 4080 885 4120 ex
912 4064 1073 4118 modo
1101 4066 1397 4119 curationis
1430 4108 1443 4130 ,
1476 4074 1529 4118 et
1553 4066 1620 4120 ab
1649 4067 1881 4121 adventu

273 4156 465 4211 medici
500 4197 515 4223 ,
567 4165 622 4210 ct
651 4156 768 4225 ejus
794 4157 883 4226 qui
910 4166 1128 4211 curatus
1161 4167 1246 4212 est
1275 4158 1585 4213 solitudine.
1610 4159 1746 4225 Quid
1772 4169 1882 4213 tum

273 4248 500 4317 postea?
526 4246 671 4301 dicet
694 4248 887 4317 aliquis
910 4265 923 4300 :
950 4264 1071 4301 nam
1102 4258 1156 4303 et
1183 4249 1287 4303 alia
1315 4250 1463 4319 signa
1496 4265 1675 4305 nonne
1699 4251 1881 4304 diver-

272 4353 330 4392 Sa
348 4340 557 4393 ratione
587 4340 738 4392 multi
758 4339 1106 4409 evangelista:
1134 4341 1462 4395 narrarunt?
1490 4341 1559 4395 At
1582 4342 1883 4397 enimaliud

271 4439 358 4485 est
386 4431 603 4487 diverse
631 4424 851 4486 narrare
884 4472 898 4495 ,
927 4432 1071 4487 aliud
1097 4434 1369 4487 contrario
1391 4434 1551 4489 modo
1574 4452 1586 4488 :
1620 4435 1885 4505 siquidem

273 4522 407 4577 illud
438 4522 827 4577 dissonantiam
855 4524 1055 4577 nullam
1084 4524 1250 4594 gignit
1280 4533 1371 4579 aut
1403 4541 1635 4596 pugnam
1663 4544 1675 4579 :
1702 4528 1753 4581 in
1786 4528 1887 4582 hoc

276 4627 409 4667 vero
428 4612 570 4683 quod
603 4622 687 4667 est
713 4629 822 4683 pra:
850 4615 1119 4682 manibus,
1149 4617 1314 4670 multa
1337 4628 1558 4686 apparet
1585 4634 1886 4688 repugnan-

278 4706 401 4771 tia‘,
435 4706 537 4759 nisi
575 4706 803 4760 alterum
832 4722 951 4762 esse
978 4708 1294 4763 ostendatur
1324 4709 1375 4762 in
1407 4710 1609 4778 piscina
1635 4712 1887 4780 paralyti-

278 4814 403 4852 cum
435 4841 448 4860 ,
480 4813 640 4867 quam
673 4799 716 4853 is
738 4840 751 4863 ,
786 4798 853 4853 de
883 4814 990 4868 quo
1021 4808 1131 4855 tres
1158 4802 1504 4871 evangelistae
1530 4802 1883 4869 scripserunt.

279 4891 455 4960 Atque
484 4896 541 4943 ut
571 4890 877 4959 intelligatis
915 4892 1051 4961 quid
1086 4892 1155 4946 sit
1187 4892 1399 4946 diverse
1432 4902 1484 4945 ct
1508 4893 1635 4961 quid
1660 4902 1877 4947 contra-

279 4981 359 5035 rie
387 4982 568 5051 loqui:
597 4997 736 5037 unus
764 4999 829 5036 ex
859 4984 1205 5052 evangelistis
1241 4984 1375 5039 dixit
1402 5001 1617 5039 crucem
1648 4997 1889 5055 portasse

277 5071 576 5137 Christum,
597 5074 733 5127 alter
758 5083 939 5129 autem
960 5074 1233 5130 Simonem
1257 5076 1605 5147 Cyrenmum:
1633 5078 1736 5131 hoc
1763 5095 1890 5133 vero

281 5166 721 5219 contrarietatem
738 5166 936 5219 nullam
954 5168 1139 5237 gignit,
1158 5178 1249 5221 aut
1276 5184 1526 5239 pugnam.
1552 5169 1651 5236 Qui
1685 5178 1886 5238 potest,

280 5254 477 5324 inquit,
513 5270 618 5308 non
641 5270 761 5310 esse
788 5259 1136 5321 contrarium,
1174 5268 1384 5327 portare
1414 5269 1467 5313 et
1500 5274 1604 5313 non
1633 5262 1888 5329 portare?

280 5349 418 5414 Quia
471 5349 726 5403 nimirum
779 5362 1064 5419 utrumque
1109 5353 1321 5406 accidit.
1372 5353 1586 5407 Etcum
1631 5354 1892 5407 exiisseut

280 5440 500 5509 quidem
542 5457 607 5495 ex
655 5442 907 5512 praetorio
938 5484 952 5507 ,
986 5445 1219 5511 portavit
1245 5442 1530 5498 Christus:
1562 5460 1682 5498 cum
1710 5456 1889 5498 autent

281 5528 496 5599 longius
541 5532 808 5601 progressi
851 5542 1033 5586 essent
1061 5576 1075 5599 ,
1132 5534 1317 5588 Simon
1350 5535 1416 5587 ab
1463 5534 1554 5587 illo
1598 5537 1808 5603 accepit
1838 5545 1891 5589 et

283 5622 426 5675 tulit.
459 5621 665 5677 Rursus
691 5624 757 5678 de
782 5624 1077 5679 latronibus
1110 5642 1247 5679 unus
1297 5625 1511 5695 quidem
1544 5628 1619 5679 ait
1654 5627 1787 5680 duos
1814 5628 1891 5694 ip-

283 5729 404 5766 sum
440 5712 841 5783 blaSphcmasse
876 5758 890 5781 ,
929 5717 1207 5771 altervem
1236 5761 1248 5781 ,
1287 5734 1446 5771 unum
1493 5722 1890 5790 compescuisse

282 5806 439 5861 illum
472 5809 556 5878 :jui
601 5810 903 5865 accusabat.
954 5810 1057 5865 Sed
1101 5827 1270 5883 neque
1314 5813 1414 5867 hoc
1445 5828 1630 5869 rursus
1656 5824 1731 5867 est
1762 5828 1892 5867 eon-

3524 367 3600 423 54

1983 497 2228 552 trarium.
2269 494 2408 562 Quid
2451 496 2561 550 ita?
2610 494 2873 563 Quoniam
2935 493 3021 547 hic
3056 506 3268 563 quoque
3307 501 3594 560 utrumque

1976 590 2171 643 accidit
2204 629 2219 653 ,
2248 599 2409 659 atque
2455 588 2609 642 initio
2639 587 2855 657 quidem
2891 597 3118 657 uterque
3145 584 3393 655 improbe
3419 598 3481 639 se
3503 598 3593 651 trc-

1978 680 2163 735 rebat:
2208 690 2392 749 postea
2423 694 2551 734 vero
2580 695 2701 733 cum
2725 677 2863 733 facta
2889 686 3073 733 essent
3116 676 3373 731 miracula
3399 715 3415 741 ,
3446 685 3591 729 terra

1977 782 2145 839 mota,
2172 781 2337 841 petrae
2364 774 2550 827 scissa:
2580 813 2593 835 ,
2628 781 2682 826 et
2704 772 2782 825 sol
2815 769 3164 824 absconditus
3190 810 3206 834 ,
3237 767 3375 822 alter
3403 781 3591 821 eorum

1977 858 2274 919 conversus
2310 873 2364 919 et
2393 863 2688 918 modestior
2714 872 2797 917 est
2827 862 3000 915 factus
3021 902 3035 924 ,
3063 869 3119 914 et
3141 858 3460 914 cruciﬁxum
3496 872 3591 926 ag.

1981 954 2167 1013 novit.
2196 953 2422 1024 ejusque
2465 968 2688 1023 regnum
2712 951 2999 1007 confessus
3019 960 3122 1005 est.
3152 949 3288 1004 Nam
3341 962 3410 1002 ne
3452 946 3593 1001 forte

1978 1047 2317 1102 existimares
2343 1047 2665 1106 necessitate
2691 1044 2921 1115 quadam
2961 1058 3025 1097 ac
3063 1042 3113 1096 vi
3142 1040 3422 1111 cujusdam
3448 1040 3592 1093 intus

1979 1155 2102 1195 eum
2135 1138 2461 1208 impellentis
2497 1137 2599 1192 hoc
2635 1137 2749 1191 lieri
2780 1176 2795 1202 ,
2829 1150 2963 1191 neve
2992 1133 3269 1189 dubitares
3300 1172 3317 1200 ,
3352 1132 3500 1212 illum
3538 1131 3591 1186 in

1978 1247 2140 1287 cruce
2172 1232 2265 1285 tibi
2291 1231 2512 1286 exhibet
2543 1232 2777 1301 priorem
2808 1229 2985 1283 adhuc
3017 1226 3419 1297 improbitatem
3460 1225 3575 1279 reti-

1981 1333 2220 1389 nentem,
2246 1333 2301 1377 ut
2329 1337 2593 1393 agnoscas
2618 1338 2741 1377 eum
2770 1329 2964 1391 sponte
2986 1329 3147 1390 atque
3176 1333 3205 1373 a
3234 1333 3295 1372 se
3322 1318 3439 1387 ipso
3468 1332 3582 1370 mu-

1982 1424 2149 1470 tatum
2182 1456 2198 1481 ,
2234 1414 2434 1485 Deique
2482 1414 2651 1484 gratia
2700 1413 2952 1467 donatum
3002 1411 3074 1466 ita
3127 1411 3408 1465 meliorem
3464 1422 3593 1463 eva-

1981 1508 2139 1561 sisse.

2052 1599 2106 1652 4.
2151 1597 2266 1651 Alia
2292 1610 2503 1666 quoque
2532 1594 2695 1649 nmlta
2737 1593 3001 1665 ejusmodi
3034 1608 3097 1649 ex
3113 1590 3416 1662 Evangeliis
3440 1591 3594 1645 colli-

1986 1702 2115 1759 gere
2144 1688 2300 1751 licet,
2347 1702 2469 1755 qua:
2514 1685 2763 1740 videntur
2800 1685 3163 1755 suspicionem
3197 1682 3398 1738 habere
3432 1697 3593 1752 repu-

1985 1779 2221 1849 gnantia:
2250 1797 2262 1833 :
2286 1779 2378 1833 sed
2406 1778 2549 1831 nulla
2574 1786 2755 1831 tamen
2782 1785 2865 1831 cst
2885 1776 3258 1845 repugnantia,
3282 1775 3376 1829 sed
3400 1784 3453 1828 et
3473 1789 3596 1842 qum

1980 1873 2050 1928 ab
2074 1872 2199 1939 hoc,
2231 1881 2285 1927 et
2311 1888 2429 1941 qua:
2464 1871 2532 1925 ab
2562 1870 2655 1924 illo
2684 1869 2824 1924 dicta
2856 1876 3000 1933 sunt,
3030 1877 3322 1922 evenerunt
3347 1885 3359 1920 :
3380 1866 3593 1938 tametsi

1988 1982 2095 2020 non
2126 1965 2316 2020 eadem
2346 1964 2476 2018 hora
2506 2004 2522 2030 ,
2555 1971 2606 2018 et
2638 1978 2777 2018 unus
2815 1962 3046 2033 primum
3093 1960 3221 2013 illud
3258 1959 3430 2022 dixit,
3460 1959 3597 2012 alter

1983 2056 2107 2111 iLlud
2134 2055 2429 2111 secundum
2456 2072 2470 2109 :
2498 2064 2554 2109 at
2575 2053 2676 2108 hoc
2696 2054 2816 2107 loco
2847 2052 2977 2105 nihil
3011 2060 3093 2105 est
3116 2050 3245 2116 tale,
3278 2050 3373 2104 sed
3403 2064 3591 2104 eorum

1984 2147 2303 2201 indiciorum
2337 2144 2621 2200 multitudo
2647 2186 2663 2211 ,
2695 2160 2813 2213 qua:
2844 2152 3024 2197 notata
3060 2151 3186 2196 sunt
3212 2182 3226 2207 ,
3258 2141 3321 2194 iis
3346 2182 3362 2205 ,
3386 2140 3476 2209 qui
3509 2149 3595 2193 ut-

1985 2254 2221 2307 cumque
2253 2237 2489 2290 animmn
2519 2234 2852 2290 adverterint
2872 2274 2888 2298 ,
2919 2232 3155 2287 ostendit
3195 2230 3423 2285 alterum
3456 2229 3597 2283 hunc

1992 2331 2157 2383 luisse
2181 2371 2195 2393 ,
2224 2338 2277 2382 et
2305 2312 2534 2381 alterum
2582 2326 2752 2379 illum.
2798 2323 2983 2393 Neque
3018 2337 3149 2377 vero
3180 2321 3468 2375 mediocris
3496 2320 3596 2373 ista

1982 2437 2105 2477 esse
2133 2429 2311 2491 potest
2338 2419 2726 2474 demenstratio
2770 2416 2836 2470 ad
2881 2414 3212 2486 probandum
3239 2413 3598 2482 evangelistas

1988 2512 2130 2566 inter
2158 2527 2217 2565 se
2247 2511 2574 2573 consentire,
2604 2523 2713 2563 non
2745 2521 3006 2578 pugnare.
3041 2505 3099 2561 Si
3140 2506 3283 2559 enim
3326 2504 3466 2559 idem
3495 2506 3592 2569 sit,

1983 2618 2177 2674 magna
2207 2616 2383 2673 pugna
2419 2618 2433 2655 :
2465 2600 2547 2655 sin
2575 2611 2755 2655 autem
2802 2598 2941 2653 alter
2983 2606 3067 2653 cst
3110 2597 3233 2663 ille,
3267 2596 3474 2651 sublata
3514 2604 3599 2651 est

1984 2695 2161 2749 omnis
2185 2694 2470 2748 dubitatio.

2061 2786 2257 2852 Quibus
2307 2786 2689 2855 distinguantur
2732 2783 2835 2835 duo
2868 2779 3196 2853 Paralytici,‘
3235 2781 3507 2834 incisiones
3552 2790 3598 2835 et

1984 2876 2209 2929 ustiones
2232 2875 2542 2930 medicorum
2571 2884 2936 2946 comparantur
2964 2889 3077 2927 cum
3100 2874 3365 2927 curatione
3388 2873 3503 2925 ista.
3528 2901 3599 2912 ——

1990 2970 2102 3037 Age
2134 2968 2296 3037 igitur
2324 2982 2517 3022 causas
2542 2967 2685 3037 ipsas
2727 2980 3094 3037 proponamus
3113 3004 3129 3031 ,
3160 2964 3355 3033 quibus
3383 2963 3599 3017 adducti

1988 3055 2219 3111 dicimus
2234 3056 2376 3110 hunc
2399 3057 2544 3110 illum
2564 3072 2669 3109 non
2707 3071 2848 3110 esse.
2871 3057 3127 3122 Qumnam
3148 3056 3251 3110 illm
3270 3070 3429 3124 porro
3450 3056 3599 3109 sunt?

1993 3147 2089 3202 llle
2116 3156 2335 3201 sanatur
2364 3146 2739 3218 Jerosolymis,
2770 3148 2856 3202 hic
2885 3162 3012 3201 vero
3044 3147 3095 3200 in
3122 3146 3522 3218 Capharnaum,
3545 3159 3602 3204 et

1993 3240 2084 3295 ille
2114 3239 2330 3309 quidem
2369 3238 2518 3308 juxta
2569 3238 2828 3310 piscinam
2875 3254 3136 3309 aquarum
3163 3282 3177 3305 ,
3206 3241 3307 3295 iste
3336 3250 3513 3295 autem
3547 3243 3599 3296 in

1993 3333 2227 3402 quodam
2259 3333 2507 3387 cubiculo
2532 3374 2546 3397 ,
2598 3348 2725 3387 ecce
2776 3333 3031 3387 indicium
3060 3348 3089 3385 a
3125 3334 3243 3388 loco
3278 3351 3292 3387 :
3324 3342 3484 3404 atque
3511 3334 3601 3389 ille

1995 3422 2217 3493 quidem
2241 3424 2292 3491 in
2317 3422 2407 3478 die
2437 3422 2575 3478 festo
2597 3466 2612 3490 ,
2640 3438 2767 3478 ecce
2804 3438 2835 3477 a
2886 3425 3141 3493 temporis
3166 3423 3475 3478 conditione
3506 3442 3518 3476 :
3548 3434 3603 3478 et

1994 3513 2088 3567 ille
2116 3514 2330 3582 quidem
2358 3515 2573 3584 triginta
2604 3521 2659 3568 ct
2684 3524 2807 3568 octo
2831 3527 3002 3568 annos
3032 3514 3261 3567 habebat
3288 3514 3340 3567 in
3371 3514 3601 3567 inﬁrmi-

1989 3612 2099 3659 tate
2130 3620 2225 3659 sua
2253 3620 2270 3670 ;
2298 3605 2366 3659 de
2400 3606 2501 3660 hoc
2529 3614 2711 3660 autem
2736 3606 2868 3659 nihil
2903 3606 3005 3667 tale
3037 3606 3361 3675 evangelista
3397 3617 3595 3669 narrat,

1991 3713 2119 3753 ecce
2161 3712 2191 3751 a
2242 3706 2486 3767 tempore
2517 3716 2529 3752 :
2560 3707 2614 3752 et
2655 3700 2745 3755 ille
2785 3698 2998 3767 quidem
3032 3700 3084 3752 in
3110 3698 3335 3752 sabbato
3380 3708 3600 3753 sanatus

1996 3800 2098 3851 est,
2124 3804 2251 3843 ecce
2272 3804 2301 3842 a
2324 3790 2409 3843 die
2444 3806 2457 3842 :
2491 3790 2534 3843 si
2563 3790 2707 3843 enim
2736 3790 2785 3842 in
2816 3789 3036 3843 sabbato
3064 3787 3247 3842 luisset
3274 3788 3360 3842 hic
3387 3803 3597 3857 quoque

1989 3864 2215 3936 sanatus
2242 3923 2256 3945 ,
2291 3897 2465 3951 neque
2494 3881 2545 3937 id
2578 3881 2834 3935 tacuisset
2860 3881 3141 3935 Matthteus
3167 3921 3180 3946 ,
3221 3895 3392 3947 neque
3428 3880 3599 3934 Judzri

1989 3973 2079 4040 qui
2124 3974 2353 4026 aderant
2384 4011 2399 4036 ,
2442 3972 2777 4039 quievissent
2804 3988 2816 4023 :
2846 3972 2933 4039 qui
2965 3972 3109 4025 enim
3150 3971 3310 4023 etiam
3339 3979 3446 4023 tum
3476 3984 3599 4023 cum

1992 4064 2081 4119 ille
2111 4066 2160 4117 in
2195 4065 2418 4117 sabbato
2444 4073 2665 4117 sanatus
2698 4079 2802 4117 non
2838 4074 2919 4117 est
2941 4105 2954 4126 ,
2988 4063 3143 4115 aliam
3181 4062 3249 4114 ob
3278 4078 3493 4115 causam
3522 4063 3603 4115 in-

1991 4157 2195 4225 dignati
2238 4165 2398 4220 sunt,
2440 4156 2609 4210 multo
2637 4157 2805 4225 magis
2856 4156 2899 4209 si
2942 4170 2969 4208 a
3015 4164 3254 4221 tempore
3293 4153 3413 4205 data
3457 4162 3603 4207 esset

1991 4264 2119 4303 ansa
2146 4248 2597 4319 reprehendendi,
2620 4245 3233 4317 nequaquamjactandis
3256 4246 3305 4299 in
3328 4246 3600 4299 Christum

1992 4341 2459 4397 criminatimiibus
2505 4340 2894 4410 pepercissent.
2937 4341 3112 4406 Atque
3152 4338 3238 4391 hic
3274 4337 3489 4406 quidem
3536 4339 3600 4391 ad

1993 4434 2270 4493 Christum
2299 4434 2560 4495 defertur,
2595 4432 2661 4486 ad
2693 4432 2841 4485 illum
2872 4439 3049 4485 autem
3079 4429 3327 4484 Christus
3352 4431 3555 4484 accedit
3586 4473 3601 4497 ,

1994 4535 2049 4580 et
2082 4526 2154 4579 illi
2183 4525 2360 4578 nullus
2386 4538 2470 4577 ert
2490 4565 2502 4575 .
2533 4520 2696 4576 homo
2721 4521 2809 4591 qui
2837 4521 3110 4589 suppetias
3142 4518 3307 4574 ferret
3338 4540 3350 4573 :
3390 4521 3623 4583 Domine,

1994 4620 2161 4683 enim,
2194 4618 2403 4685 inquit,
2439 4616 2693 4669 hominem
2724 4630 2825 4667 non
2857 4614 3014 4667 habeo
3044 4614 3234 4683 (Joan.
3265 4616 3316 4669 5.
3351 4615 3424 4685 7)
3459 4632 3472 4668 :
3506 4616 3605 4669 istc

1996 4723 2126 4762 vero
2149 4708 2345 4764 multos
2376 4706 2605 4760 habebat
2650 4706 2980 4775 propinquos
3005 4748 3019 4771 ,
3045 4705 3137 4775 qui
3181 4715 3236 4759 et
3277 4722 3373 4775 per
3405 4716 3602 4761 tectum

1997 4801 2143 4854 illum
2192 4800 2550 4856 demiserunt.
2606 4797 2675 4851 Et
2727 4798 2869 4851 illius
2922 4797 3139 4867 quidem
3194 4809 3319 4852 ante
3373 4802 3605 4853 animam

1996 4906 2191 4960 corpus
2217 4890 2455 4945 correxit
2490 4906 2502 4942 :
2535 4888 2803 4959 siquidem
2845 4903 2967 4941 cum
3000 4889 3144 4956 prius
3176 4889 3462 4959 paralysim
3491 4890 3609 4958 ejus

1997 4992 2263 5045 satiasset,
2298 4980 2491 5034 deinde
2523 4980 2689 5045 dixit,
2726 4979 2861 5032 Ecce
2882 4996 3037 5033 sanus
3064 4984 3228 5049 factus
3256 4998 3306 5033 es
3326 5021 3340 5045 ,
3372 4982 3474 5033 noli
3502 4998 3611 5033 am-

1999 5072 2133 5140 plius
2178 5087 2388 5140 peccare
2451 5086 2467 5123 :
2527 5070 2613 5124 hic
2650 5077 2830 5124 autem
2874 5084 2978 5122 noo
3027 5070 3096 5123 ita
3130 5088 3140 5122 :
3170 5069 3264 5123 sed
3305 5086 3423 5123 cum
3465 5073 3611 5139 prius

1998 5164 2191 5217 anima:
2225 5164 2365 5217 illius
2395 5162 2692 5217 medicatus
2728 5170 2907 5225 esset;
2932 5162 3005 5214 ait
3030 5162 3170 5215 enim
3202 5162 3300 5231 ipsi
3332 5181 3342 5214 :
3376 5163 3607 5230 Con/ide,

1998 5261 2109 5327 ﬁli,
2156 5261 2479 5312 remittuntur
2521 5258 2606 5310 tibi
2655 5266 2862 5326 peccata
2907 5266 2993 5307 tua
3054 5254 3266 5324 (Matth.
3297 5256 3351 5310 9.
3382 5256 3461 5323 2),
3496 5265 3609 5308 tum

2000 5349 2193 5404 deinde
2226 5350 2510 5417 paralysin)
2545 5348 2772 5400 sanavit.
2807 5346 2965 5398 llunc
2996 5346 3154 5414 igitur
3177 5346 3322 5398 illum
3358 5361 3463 5397 non
3494 5360 3613 5397 esse

2000 5445 2145 5498 clare
2185 5442 2339 5495 nobis
2368 5459 2431 5494 ex
2467 5441 2550 5493 his
2579 5450 2663 5495 est
2696 5441 3122 5494 demonstratum
3159 5458 3169 5491 :
3200 5438 3308 5507 jam
3338 5448 3513 5491 autem
3546 5437 3613 5490 ad

2008 5537 2177 5605 ipsum
2216 5534 2539 5588 narrationis
2573 5534 2780 5587 initium
2810 5531 3131 5587 veniendum
3171 5539 3252 5583 est
3277 5571 3288 5593 ,
3330 5546 3391 5582 ac
3424 5530 3610 5581 viden-

2001 5628 2151 5690 dum,
2182 5643 2286 5694 quo
2312 5638 2467 5695 pacto
2499 5626 2641 5680 hunc
2666 5635 2719 5679 ct
2743 5640 2848 5693 quo
2877 5633 3030 5694 pacto
3055 5624 3201 5676 illum
3226 5622 3426 5675 sanarit
3452 5621 3611 5674 Chri-

2010 5732 2124 5775 stus
2150 5762 2164 5786 _.
2199 5730 2250 5774 et
2283 5736 2380 5774 cur
2426 5720 2639 5775 diversa
2687 5722 2894 5774 ratione
2924 5737 2939 5771 :
2971 5735 3065 5773 cur
3102 5719 3244 5772 hunc
3272 5718 3321 5769 in
3351 5717 3574 5770 salbatu
3596 5758 3612 5777 ,

2006 5814 2152 5867 illum
2185 5828 2289 5867 non
2320 5813 2371 5868 in
2400 5813 2623 5868 sabbato
2643 5852 2657 5881 ,
2692 5820 2746 5866 ct
2773 5811 2835 5865 ad
2869 5812 3016 5867 illum
3049 5812 3161 5881 ipse
3192 5811 3396 5863 venerit
3424 5849 3439 5876 ,
3470 5813 3597 5865 bum
