4218 6294
631 343 699 398 55
1371 348 1430 409 3.
1469 349 1750 408 JOANNIS
1783 281 2262 410 CllRYSOSTOliI
2315 355 2635 416 ARClllEP.
2678 361 3220 424 CONSTANTINOP.
3861 375 3935 433 εδ

632 468 811 512 autem
835 460 1230 534 “spectaverit
1247 461 1313 516 ad
1333 477 1391 516 se
1412 462 1628 528 deferri.
1655 473 1710 520 et
1734 481 1893 537 quam
1916 467 1985 521 ob
2008 481 2225 522 causam

631 549 772 604 illius
795 552 1008 621 corpori
1045 554 1221 621 prius,
1265 553 1418 624 hujus
1450 570 1576 610 vero
1612 558 1806 612 anima:
1838 559 1983 628 prius
2014 558 2228 627 medea-

633 647 742 694 tur.
784 640 967 711 Neque
1011 642 1153 696 enim
1199 650 1400 699 temere
1441 655 1535 700 aut
1571 647 1688 703 sine
1727 662 1888 703 causa
1930 648 2027 702 ista
2058 647 2224 717 facit,

635 743 759 786 cum
788 731 1000 801 sapiens
1029 733 1098 786 sit
1117 740 1172 786 et
1198 735 1472 802 providus.
1501 737 1854 793 Attendamus
1875 738 2052 808 igitur,
2070 754 2224 795 eum-

637 835 738 890 quo
785 820 1088 877 medentem
1137 827 1582 894 contemplemur.
1614 826 1669 884 Si
1696 829 1838 884 enim
1875 845 1995 884 cum
2033 830 2223 887 medici

632 912 914 979 quemdam
962 924 1177 980 secant,
1227 924 1483 984 uruntve,
1531 927 1622 973 aut
1653 919 1758 974 alio
1792 920 2019 991 quodam
2065 922 2226 977 modo

633 1004 930 1058 mutilatum
961 1014 1012 1059 et
1042 1005 1373 1063 debilitatum
1403 1010 1658 1076 incidunt,
1689 1025 1752 1067 ac
1779 1013 2080 1068 membrum
2103 1029 2223 1070 am-

630 1104 838 1162 putant,
873 1096 1023 1151 iimlti
1051 1106 1157 1152 tam
1182 1115 1382 1168 aegrum
1405 1116 1562 1171 quam
1585 1102 1850 1158 medicum
1877 1105 2226 1162 circumstant

632 1185 734 1240 ista
781 1185 1099 1254 facientem,
1131 1191 1299 1264 multo
1344 1194 1512 1263 magis
1557 1208 1654 1249 nos
1691 1193 1794 1251 hoc
1840 1195 1960 1252 loco
1985 1197 2037 1252 id
2066 1213 2226 1269 agere

635 1287 869 1347 oportet,
899 1289 1096 1348 quanto
1119 1289 1172 1334 et
1203 1281 1442 1337 medicus
1463 1285 1653 1354 major,
1687 1295 1741 1340 et
1767 1287 1983 1357 gravior
2007 1288 2225 1345 morbus

635 1377 718 1422 est
736 1407 752 1433 ,
781 1369 869 1436 qui
894 1385 997 1423 non
1024 1381 1138 1425 arte
1164 1369 1395 1426 humana
1416 1414 1432 1439 ,
1464 1374 1560 1429 sed
1587 1376 1755 1446 gratia
1781 1377 1957 1433 divina
1984 1391 2220 1436 curatur.

629 1461 803 1531 Atque
853 1461 956 1516 iliic
1000 1465 1212 1534 quidem
1259 1467 1450 1536 pellem
1499 1465 1770 1540 concisam
1811 1485 2033 1528 cernere
2066 1473 2223 1538 licet,

627 1555 835 1608 saniem
853 1553 1198 1623 defluentem,
1225 1561 1557 1628 putredinem
1575 1571 1904 1631 evacuatam,
1921 1578 1984 1620 ac
2003 1566 2224 1620 multam

633 1645 934 1700 molestiam
959 1663 1022 1701 ex
1056 1648 1148 1703 illo
1173 1651 1388 1706 allatam
1418 1656 1729 1728 spectaculo
1753 1656 2038 1722 sustinere,
2069 1656 2222 1712 dolo-

631 1750 851 1806 remque
884 1754 988 1792 non
1022 1739 1346 1796 mediocrem
1374 1751 1428 1798 et
1448 1759 1722 1813 angorem,
1745 1761 1901 1816 quem
1935 1762 2038 1801 non
2067 1747 2227 1802 modo

631 1825 912 1882 vulnerum
941 1837 1259 1899 conspectus
1279 1873 1294 1898 ,
1324 1832 1416 1888 sed
1447 1849 1634 1889 eorum
1662 1836 1821 1890 etiam
1843 1878 1856 1901 ,
1885 1837 1973 1907 qui
2002 1847 2228 1892 uruntur

627 1928 1017 1988 sccanturque,
1062 1922 1329 1978 cruciatus
1360 1924 1522 1980 inurit
1552 1942 1567 1979 :
1600 1926 1780 1981 nullus
1807 1929 1952 1981 enim
1983 1938 2067 1985 est
2091 1930 2226 1984 adeo

629 2020 830 2062 saxeus
855 2050 868 2074 ,
898 2020 956 2064 ut
984 2027 1104 2066 cum
1133 2014 1238 2068 illis
1263 2056 1278 2080 ,
1312 2017 1399 2084 qui
1431 2017 1552 2070 talia
1585 2018 1859 2087 patiuntur
1882 2061 1896 2084 ,
1926 2021 2223 2086 adstiterit,

631 2114 694 2153 ac
716 2101 1071 2158 lamentantes
1101 2106 1385 2175 audiverit,
1417 2126 1521 2164 non
1548 2119 1970 2176 commoveatur,
2003 2113 2226 2168 confun-

631 2191 790 2244 datur
813 2234 826 2255 ,
868 2202 924 2248 et
958 2194 1225 2264 iurgantem
1254 2199 1438 2252 animo
1469 2199 1735 2269 concipiat
1765 2216 2052 2257 maerorem
2088 2222 2100 2257 :
2132 2221 2223 2259 ve-

633 2293 932 2340 rumtamen
961 2288 1030 2341 ob
1057 2291 1332 2358 Spectandi
1354 2291 1697 2359 cupiditatem
1721 2292 1836 2350 hmo
1856 2297 2030 2349 omnia
2060 2298 2225 2350 susti-

637 2390 846 2432 nemus.
883 2378 976 2434 llic
1001 2390 1178 2434 autem
1206 2381 1333 2435 nihil
1365 2383 1465 2436 tale
1491 2400 1712 2440 cernere
1744 2385 1886 2448 licet,
1921 2402 2025 2442 non
2049 2388 2223 2456 ignem

636 2465 934 2531 admoveri,
956 2483 1059 2522 non
1084 2470 1282 2524 ferrum
1307 2474 1569 2544 immergi,
1594 2490 1698 2529 non
1720 2477 2032 2545 sanguinem
2057 2477 2221 2543 fundi,

632 2572 736 2609 non
775 2572 975 2627 a‘grutn
1021 2561 1284 2627 cruciari,
1325 2579 1431 2616 non
1460 2564 1739 2620 lamentari
1776 2567 1870 2620 :in
1901 2583 2060 2621 causa
2101 2584 2227 2622 vero

630 2656 714 2700 est
742 2648 931 2702 medici
963 2651 1219 2718 sapientia
1241 2692 1256 2716 ,
1290 2668 1408 2721 qua:
1439 2653 1596 2707 nullis
1626 2655 1818 2726 indiget
1856 2658 2014 2710 rebus
2041 2668 2226 2712 exter-

637 2737 741 2796 nis.
775 2738 868 2792 scd
899 2739 1009 2808 ipsa
1039 2740 1234 2794 sufficit
1261 2744 1381 2798 sibi.
1416 2743 1684 2809 Siquidem
1717 2747 1910 2802 sufficit
1939 2757 2140 2802 tantum
2171 2757 2227 2804 ut

634 2828 862 2897 imperet
883 2871 896 2892 ,
927 2841 980 2885 et
1008 2833 1185 2886 omnia
1214 2837 1350 2887 mala
1378 2837 1663 2904 pelluntur.
1698 2837 1879 2907 Neque
1908 2854 2034 2893 vero
2054 2840 2226 2894 admi-

635 2921 840 2976 ratione
861 2923 1076 2992 dignum
1110 2925 1210 2979 huc
1235 2937 1315 2980 est
1338 2968 1351 2991 ,
1381 2927 1519 2996 quod
1553 2936 1696 2982 tanta
1725 2929 1973 2985 facilitate
2002 2932 2225 2986 medici-

635 3030 755 3066 nam
784 3012 976 3079 faciat,
1018 3018 1110 3069 sed
1143 3017 1282 3084 quod
1309 3020 1424 3073 sine
1453 3019 1639 3073 dolore
1663 3062 1677 3083 ,
1708 3035 1806 3078 nec
1836 3021 1994 3075 ullam
2028 3024 2227 3078 moles-

632 3105 760 3159 tiam
790 3103 977 3158 afferat
1021 3105 1083 3158 iis
1124 3107 1211 3175 qui
1243 3119 1518 3162 curantur.
1541 3110 1767 3176 Quando
1810 3111 1967 3180 igitur
1989 3122 2044 3166 et
2067 3114 2230 3167 mira-

634 3194 812 3248 culum
839 3196 1009 3264 majus
1025 3204 1078 3250 et
1095 3198 1360 3266 copiosior
1380 3200 1662 3266 medicina,
1691 3210 1745 3256 et
1761 3202 1827 3257 ab
1847 3205 1989 3259 omni
2018 3206 2227 3261 tristitia

638 3286 889 3340 immunis
921 3290 1310 3357 spectatoribus
1340 3293 1581 3362 voluptas
1610 3294 1848 3359 offertur,
1879 3312 1976 3366 age
2000 3297 2227 3366 diligen-

639 3385 724 3431 ter
747 3388 1021 3434 curantem
1051 3380 1318 3436 Christum
1343 3394 1663 3453 spectcmus.
1691 3385 1758 3440 Et
1785 3391 2054 3443 ascendens
2069 3388 2228 3446 Jcsus

633 3470 685 3523 in
707 3471 990 3524 naviculam
1007 3474 1367 3542 transfretavit,
1393 3485 1439 3529 et
1462 3477 1592 3529 venit
1618 3480 1668 3530 in
1694 3479 1940 3532 civitatem
1966 3497 2129 3534 suam.
2159 3479 2227 3535 Et

636 3576 747 3613 ecce
776 3562 1064 3616 obtulerunt
1111 3565 1188 3621 illi
1227 3566 1565 3636 paralyticum
1594 3568 1848 3637 jacentem
1885 3571 1936 3623 in
1983 3571 2106 3625 lecto
2139 3583 2227 3625 :et

634 3652 810 3704 uidens
837 3651 989 3707 Iesus
1023 3656 1175 3721 ﬁdem
1213 3656 1416 3710 illorum
1453 3658 1582 3711 dixit
1611 3661 1892 3732 paralytico
1926 3677 1944 3715 :
1975 3661 2186 3731 Conﬁdo
2208 3705 2223 3729 ,

632 3741 742 3807 ﬁli,
776 3744 1099 3797 remittuntur
1149 3748 1236 3799 tibi
1293 3759 1500 3815 peccata
1562 3758 1651 3802 tua
1706 3746 1934 3818 (Matth.
1976 3751 2024 3806 9.
2073 3752 2118 3804 l.
2149 3753 2224 3821 Ξ).

639 3831 966 3886 Ceuturioue
1021 3835 1232 3905 quidem
1290 3839 1565 3895 inferiores
1605 3825 1748 3906 sunt,
1791 3840 1965 3908 quoad
2026 3841 2224 3907 fidem,

640 3921 731 3973 illo
759 3934 932 3977 autem
978 3926 1028 3977 in
1081 3928 1276 3994 piscina
1310 3929 1524 3996 iacente
1565 3930 1856 4001 paralytico
1899 3934 2224 4001 superiores.

641 4008 773 4063 Nam
824 4013 914 4067 ille
961 4016 1174 4083 quidem
1214 4034 1385 4086 neque
1424 4019 1688 4073 medicum
1729 4021 1928 4087 traxit,
1962 4036 2134 4091 neque
2161 4024 2226 4076 ad

636 4102 898 4157 medicum
931 4106 1081 4159 duxit
1107 4119 1398 4177 mgrotum;
1430 4112 1521 4163 sed
1551 4121 1817 4180 tamquam
1847 4111 1914 4166 ad
1945 4113 2108 4167 Deum
2135 4129 2228 4168 ac-

635 4198 833 4263 cessit,
883 4207 937 4252 et
979 4200 1091 4252 ait:
1130 4199 1222 4253 Dic
1271 4201 1416 4255 uerbo
1455 4212 1649 4254 tantum
1675 4244 1688 4268 ,
1721 4212 1766 4256 et
1809 4205 2072 4256 sanabitur
2108 4222 2231 4274 puer

635 4301 776 4338 incus
800 4289 944 4356 (Luc.
967 4288 1016 4341 7.
1041 4289 1107 4355 7).
1134 4287 1223 4342 lsti
1244 4304 1369 4344 vero
1391 4291 1652 4344 medicum
1677 4291 1727 4344 in
1751 4293 1895 4346 aedes
1921 4309 2026 4345 nou
2057 4303 2228 4349 traxe-

633 4385 760 4431 runt
782 4419 796 4443 ,
831 4387 883 4431 et
914 4379 963 4431 in
994 4378 1095 4433 hoc
1125 4381 1423 4434 centurioni
1465 4393 1586 4436 sunt
1612 4385 1877 4454 mquales;
1907 4387 2001 4439 sed
2030 4402 2228 4456 avgrum

636 4472 930 4524 attulerunt
959 4471 1024 4524 ad
1058 4474 1341 4541 medicum,
1371 4483 1423 4528 et
1445 4475 1495 4528 in
1526 4475 1627 4529 hoc
1650 4487 1772 4530 sunt
1802 4477 2058 4544 minores,
2087 4477 2229 4549 quod

641 4577 746 4615 non
778 4563 1028 4628 dixerint,
1067 4563 1160 4617 Dic
1186 4568 1331 4620 verba
1362 4577 1575 4620 tantum.
1611 4567 1705 4621 Illo
1731 4568 1942 4638 quidem
1968 4580 2114 4626 certe
2141 4571 2229 4640 qui

634 4654 702 4705 ad
747 4655 1003 4722 piscinam
1038 4657 1249 4724 jauebat
1281 4658 1449 4712 multo
1480 4668 1604 4712 sunt
1635 4659 1720 4713 isti
1748 4660 2033 4726 meliores,
2063 4662 2229 4732 siqui-

634 4745 755 4798 dem
801 4747 887 4802 ille
922 4748 1085 4813 dicit,
1115 4747 1349 4816 Domine,
1393 4751 1646 4806 hominem
1677 4769 1777 4806 non
1817 4753 1974 4808 habeo
1995 4797 2008 4820 ,
2041 4764 2094 4806 ut
2115 4773 2230 4808 cum

635 4837 833 4890 turbata
857 4841 1010 4909 fuerit
1030 4857 1181 4910 aqua,
1203 4842 1366 4895 mittat
1392 4860 1467 4896 me
1487 4845 1537 4897 in
1562 4845 1804 4913 piscinarii
1836 4845 2016 4914 (Joan.
2045 4847 2096 4900 5.
2137 4847 2190 4918 7)
2213 4866 2225 4902 :

637 4927 720 4978 isti
778 4942 906 4981 vero
952 4930 1118 4982 nihilo
1182 4930 1419 5003 indigere
1465 4931 1734 4991 Christum
1787 4937 2071 5003 sciebant,
2123 4955 2228 4993 non

635 5016 787 5086 aquis
808 5057 823 5082 ,
875 5034 978 5073 non
1022 5022 1221 5089 piscina
1245 5065 1260 5087 ,
1296 5040 1398 5078 non
1428 5025 1531 5078 alia
1578 5043 1635 5080 re
1676 5029 1920 5098 quapiam
1948 5049 1961 5082 :
1992 5041 2230 5086 attamen

635 5108 881 5164 Christus
912 5127 1016 5166 non
1047 5115 1374 5171 centurionis
1401 5125 1603 5171 tantum
1633 5134 1873 5188 puerum,
1900 5122 1992 5176 sed
2015 5132 2068 5177 et
2090 5123 2231 5178 hunc

634 5211 687 5254 et
734 5203 880 5256 illiilli
919 5205 1107 5261 mei-bo
1156 5208 1431 5274 liberavit;
1477 5225 1654 5282 neque
1684 5212 1816 5267 dixit
1845 5230 1860 5266 :
1889 5215 2230 5286 Quandoqui-

633 5291 754 5345 dem
783 5294 944 5349 fidem
965 5296 1203 5352 obtulisti
1231 5299 1492 5355 minorem
1517 5344 1529 5363 ,
1556 5303 1885 5359 curationem
1916 5308 2114 5375 pariter
2135 5323 2227 5361 ac-

635 5384 800 5450 cipies
832 5387 962 5442 :sed
989 5404 1109 5443 cum
1143 5392 1396 5462 majorem
1427 5394 1756 5450 exhibuisset
1783 5436 1796 5460 ,
1837 5411 1956 5450 cum
1988 5399 2232 5455 laudibus

633 5483 683 5527 et
721 5480 934 5532 coronis
965 5495 1086 5535 eum
1112 5482 1341 5549 dimisit,
1369 5485 1552 5541 dicens
1588 5504 1600 5540 :
1640 5485 1817 5556 Neque
1846 5489 1896 5542 in
1924 5489 2089 5545 Israel
2114 5501 2228 5545 tan-

645 5577 747 5622 tmn
771 5570 924 5638 [idem
956 5573 1120 5628 inveni
1151 5574 1279 5647 (Luc
1304 5579 1354 5631 7.
1387 5578 1464 5649 9).
1501 5579 1637 5635 Eum
1666 5597 1815 5648 vero,
1849 5583 1936 5653 qui
1969 5585 2227 5641 minorem

638 5675 797 5727 quam
832 5663 917 5718 ille
941 5663 1101 5721 fidem
1141 5667 1432 5734 obtulerat,
1466 5673 1612 5726 nullo
1637 5673 1796 5729 modo
1829 5675 2096 5732 laudavit:
2124 5695 2228 5733 non

637 5759 812 5809 tamen
837 5759 1064 5814 sanitate
1097 5762 1343 5831 privavit,
1374 5765 1465 5820 sed
1499 5781 1595 5822 nec
1626 5767 1795 5837 illum,
1828 5769 1914 5838 qui
1946 5770 2143 5825 nullam
2169 5770 2234 5825 li-

2334 469 2454 524 dem
2501 473 2834 530 exhibuerat.
2871 475 3070 533 Verum
3100 480 3547 549 quemadmodum
3579 483 3772 539 medici
3808 500 3932 541 cum

2335 561 2583 618 eumdem
2608 566 2852 621 morbum
2871 578 3081 634 curent,
3109 585 3138 624 a
3161 571 3474 641 quibusdam
3498 586 3712 630 centum
3737 591 3933 634 aureos

2335 652 2626 724 accipiunt,
2655 656 2722 710 ab
2747 658 2867 712 aliis
2897 660 3304 732 quinquaginta,
3335 664 3403 718 ab
3428 665 3546 722 aliis
3572 667 3876 736 pauciores,
3899 687 3931 724 ει

2333 745 2650 814 quibusdam
2682 747 2810 804 nihil
2839 752 3049 821 penitus
3079 770 3094 806 :
3119 755 3195 809 sic
3236 756 3489 834 nimirum
3531 766 3586 812 et
3627 755 3876 814 Christus
3901 775 3932 813 a

2332 842 2645 897 centurione
2674 843 2885 914 quidem
2916 847 3137 901 multam
3165 856 3218 902 et
3240 848 3552 904 immensam
3587 850 3745 906 fidem
3773 866 3933 908 acce-

2332 931 2444 1001 pit,
2473 931 2541 988 ab
2576 932 2677 988 hoc
2702 944 2878 989 autem
2923 936 3184 993 minorem
3209 979 3227 1005 ,
3253 938 3322 992 ab
3349 940 3444 994 illo
3473 957 3604 997 vero
3644 943 3930 1013 mequidem

2334 1023 2660 1078 mediocrem
2683 1068 2698 1092 ,
2726 1035 2781 1081 et
2812 1035 2987 1082 tamen
3012 1044 3201 1084 omnes
3233 1032 3460 1086 sanavit.
3485 1029 3595 1086 Cur
3612 1033 3762 1104 igitut
3788 1033 3933 1090 hunc

2331 1132 2546 1189 quoque
2566 1122 2654 1191 qui
2695 1122 2828 1177 nihil
2862 1124 3166 1196 cpntulcrat
3184 1166 3201 1192 ,
3231 1127 3494 1184 beneﬁcio
3522 1127 3773 1200 dignatus
3801 1129 3932 1187 est?

2331 1209 2485 1278 Quod
2516 1230 2622 1269 non
2649 1229 2760 1284 prae
2783 1217 2946 1272 nimia
2973 1217 3330 1290 negligentia,
3373 1234 3473 1276 nec
3501 1221 3570 1277 ob
3598 1223 3792 1277 anima:
3809 1230 3932 1279 stu-

2333 1315 2540 1370 porem,
2568 1305 2661 1359 sed
2690 1305 2831 1376 quod
2853 1305 3126 1362 Christum
3150 1307 3368 1363 minime
3391 1319 3594 1376 nosset,
3621 1311 3932 1382 nullumque

2332 1408 2556 1462 parvum
2587 1406 2675 1450 aut
2708 1411 2958 1468 magnum
2985 1397 3055 1454 de
3082 1397 3173 1452 illo
3195 1400 3512 1454 miraculum
3541 1401 3831 1469 audiiseet,
3863 1406 3928 1457 ti-

2331 1485 2453 1541 dem
2503 1502 2610 1542 non
2646 1489 2972 1545 exhibuerit.
3003 1491 3206 1546 Idcirco
3233 1506 3362 1562 ergo
3393 1492 3604 1546 veniam
3647 1493 3878 1548 obtinuit
3911 1512 3926 1548 :

2331 1578 2470 1647 quod
2495 1589 2546 1632 et
2578 1581 2807 1637 obscure
2831 1581 3074 1638 indicans
3094 1583 3419 1653 evangelista
3450 1583 3584 1638 dixit
3608 1602 3620 1637 :
3649 1581 3924 1638 Nesciebat

2330 1673 2463 1725 enim
2489 1673 2601 1741 quis
2641 1682 2767 1726 esset
2795 1671 2973 1746 (Joan.
2998 1674 3051 1729 5.
3084 1672 3185 1746 l3)
3209 1718 3224 1742 ,
3259 1691 3441 1730 verum
3477 1692 3544 1730 ex
3570 1685 3791 1747 aspectu
3813 1678 3932 1731 solo

2333 1765 2480 1820 illum
2513 1769 2748 1838 agnovit,
2779 1783 2900 1822 cum
2926 1768 2978 1822 in
3003 1768 3178 1839 ipsum
3212 1769 3404 1831 iterum
3434 1769 3640 1824 incidit.

2404 1859 2457 1912 5.
2498 1858 2722 1926 Quidam
2755 1860 2918 1929 igitur
2941 1860 3126 1914 dicunt
3151 1860 3292 1915 hunc
3318 1869 3559 1915 curatum
3591 1860 3774 1926 fuisse,
3805 1875 3928 1916 cum

2334 1949 2432 2017 illi,
2459 1951 2548 2019 qui
2575 1949 2904 2015 obtulerant,
2933 1951 3291 2006 credidiSsent
3328 1960 3532 2006 tantum
3563 1969 3577 2004 :
3607 1952 3697 2006 sed
3723 1967 3828 2005 non
3859 1953 3928 2006 ita

2331 2051 2433 2096 est.
2472 2040 2659 2096 Videas
2680 2041 2822 2096 enim
2851 2042 3005 2112 ﬁdem
3036 2042 3267 2108 illorum,
3302 2058 3408 2096 non
3439 2057 3625 2097 eorum
3655 2043 3744 2114 qui
3771 2044 3930 2098 obtu-

2331 2133 2514 2186 lerunt
2539 2142 2766 2198 tantum,
2800 2132 2894 2187 sed
2919 2141 2973 2187 et
2997 2133 3162 2204 ipsius
3183 2133 3271 2203 qui
3301 2134 3512 2188 oblatus
3538 2141 3639 2187 est.
3671 2132 3810 2201 Quid
3838 2132 3934 2203 igi-

2330 2224 2450 2276 tur?
2474 2223 2646 2279 altero
2671 2223 2923 2279 credente
2949 2225 3084 2278 alter
3113 2241 3216 2277 non
3240 2224 3503 2278 sanatur?
3531 2224 3675 2280 dicet
3709 2223 3926 2294 aliquis.

2333 2315 2447 2370 Non
2476 2315 2725 2385 equidem
2747 2315 3008 2380 arbitror,
3042 2317 3140 2369 nisi
3173 2314 3311 2369 forte
3335 2316 3380 2370 si
3404 2315 3489 2370 vel
3518 2323 3735 2384 propter
3757 2313 3932 2368 :etatis

2332 2409 2794 2474 immaturitatem,
2822 2409 2904 2462 vel
2926 2408 2995 2462 ob
3012 2407 3229 2461 nimiam
3255 2407 3619 2462 infirmitatem
3642 2407 3932 2462 destitutus

2333 2499 2538 2552 viribus
2578 2498 2803 2555 credere
2832 2509 3079 2567 nequeat.
3126 2499 3408 2564 Quomodo
3437 2499 3596 2568 igitur
3624 2499 3677 2552 in
3704 2497 3930 2552 historia

2331 2588 2668 2652 Chananteaz,
2701 2589 2873 2659 inquit
2893 2631 2907 2654 ,
2935 2589 3163 2642 credidit
3192 2589 3407 2658 quidem
3439 2599 3626 2654 mater,
3662 2589 3769 2643 filia
3804 2603 3931 2645 vero

2331 2686 2516 2731 Sanata
2539 2677 2664 2731 est?
2693 2687 2746 2730 et
2771 2692 2894 2732 cum
2920 2678 3166 2732 centurio
3197 2676 3388 2733 fuisset
3427 2679 3768 2742 incredulus,
3797 2693 3934 2748 quo-

2332 2769 2491 2824 modo
2521 2785 2653 2839 puer
2677 2770 2932 2835 surrexit,
2965 2779 3019 2826 et
3045 2770 3224 2825 salvus
3250 2769 3469 2824 evasit?
3497 2768 3648 2837 Quod
3678 2770 3929 2823 nimirum

2330 2858 2550 2913 credere
2580 2858 2802 2912 minime
2831 2867 3051 2928 possent
3073 2859 3283 2928 aegroti.
3316 2857 3451 2912 Audi
3483 2874 3613 2913 sane
3638 2859 3764 2929 quid
3792 2857 3931 2912 Cha-

2331 2965 2514 3004 nanaia
2560 2950 2728 3005 dicit:
2763 2949 2902 3004 Filia
2943 2967 3054 3003 mea
3096 2951 3229 3003 noale
3268 2967 3301 3003 a
3329 2950 3581 3003 dwmonio
3619 2959 3848 3014 uexatur,
3884 2958 3932 3003 et

2331 3058 2464 3094 nunc
2504 3040 2704 3109 quidem
2757 3041 2891 3094 cadit
2939 3043 2991 3094 in
3039 3056 3224 3111 aquam
3247 3081 3264 3108 ,
3300 3056 3436 3094 nunc
3475 3050 3645 3094 autem
3680 3041 3733 3092 in
3766 3041 3931 3110 ignem

2331 3133 2412 3202 (a)
2441 3133 2653 3205 (Matth.
2697 3132 2784 3188 l5.
2818 3133 2911 3203 22)
2953 3151 2965 3185 :
3001 3133 3090 3195 illa
3118 3148 3247 3188 vero
3277 3133 3538 3202 vertigine
3568 3132 3841 3199 laborans,
3879 3141 3932 3187 et

2330 3238 2359 3276 a
2386 3223 2630 3277 dmmone
2671 3233 2951 3292 correpta,
2984 3238 3210 3293 qumque
3255 3237 3544 3292 numquam
3584 3223 3782 3276 mentis
3820 3237 3932 3279 sua:

2331 3327 2552 3383 eumpos
2581 3328 2702 3369 esse
2729 3323 2957 3384 poterat,
2983 3328 3156 3385 neque
3182 3327 3309 3368 sana
3339 3328 3482 3380 esse,
3505 3327 3612 3382 quo
3636 3322 3794 3384 pacto
3812 3329 3932 3368 cre-

2330 3405 2459 3461 dere
2488 3404 2785 3475 potuisset?

2409 3495 2590 3550 Fidem
2615 3497 2832 3551 ostendit
2865 3495 3169 3566 Paralytici.
3198 3526 3270 3538 —-
3295 3495 3360 3552 Ut
3387 3497 3545 3567 igitur
3564 3496 3702 3565 apud
3724 3495 3934 3552 Chana-

2331 3602 2500 3642 nzuam
2528 3629 2542 3653 ,
2585 3588 2664 3644 sic
2695 3597 2748 3643 et
2781 3587 2922 3658 apud
2967 3588 3374 3655 centurionem;
3411 3590 3461 3643 in
3490 3588 3694 3643 aedibus
3719 3588 3933 3657 jacebat

2331 3695 2484 3750 puer,
2517 3681 2608 3750 qui
2638 3694 2738 3734 nec
2761 3681 2873 3749 ipse
2893 3689 3116 3734 noverat
3143 3680 3437 3744 Christum,
3470 3694 3642 3749 neque
3667 3681 3790 3749 quis
3811 3688 3933 3734 tan-

2336 3773 2456 3827 dem
2485 3783 2662 3837 esset,
2708 3772 2794 3841 qui
2823 3773 3082 3841 potuisset
3121 3772 3281 3841 igitur
3308 3773 3356 3826 ei
3380 3787 3539 3841 quem
3579 3787 3685 3825 non
3712 3781 3932 3826 noverat

2333 3862 2586 3928 credere,
2614 3871 2667 3916 et
2691 3865 2844 3929 cujus
2877 3863 3170 3930 periculum
3213 3863 3413 3916 nullum
3439 3861 3671 3916 fecerat?
3699 3864 3930 3916 Atenim

2332 3953 2401 4007 de
2433 3952 2534 4006 hoc
2559 3951 2740 4006 dicere
2769 3953 2909 4005 istud
2953 3966 3058 4006 non
3093 3953 3215 4006 licet
3249 3969 3262 4004 :
3294 3953 3554 4021 siquidem
3581 3953 3807 4007 credidit
3837 3968 3934 4023 pa-

2332 4043 2604 4113 ralyticus.
2638 4041 2790 4098 Unde
2821 4042 2872 4097 id
2899 4044 3145 4097 constat?
3177 4044 3253 4097 Ex
3298 4043 3414 4111 ipso
3460 4044 3654 4107 modo,
3687 4059 3795 4110 quo
3841 4045 3933 4097 ad-

2333 4137 2530 4190 ductus
2559 4148 2666 4192 est.
2691 4136 2875 4206 Neque
2902 4139 3044 4190 enim
3076 4135 3515 4204 illudoscitanter
3537 4135 3723 4191 audias
3743 4179 3758 4202 ,
3790 4136 3932 4208 quod

2333 4229 2666 4283 demiserunt
2695 4239 2817 4281 eum
2856 4243 2950 4296 per
2975 4237 3171 4282 teetum
3201 4245 3212 4278 :
3239 4226 3332 4281 sed
3359 4242 3478 4280 cum
3521 4227 3701 4280 animo
3724 4237 3816 4282 tuo
3845 4244 3934 4282 rc-

2337 4329 2459 4386 pnta
2485 4361 2499 4382 ,
2546 4330 2803 4387 quantum
2835 4318 2903 4372 sit
2933 4327 3190 4387 aegrotum
3221 4317 3269 4370 id
3309 4317 3413 4385 pati
3451 4326 3761 4371 contentum
3789 4334 3931 4374 esse.

2339 4408 2514 4462 Probe
2543 4409 2802 4478 siquidem
2835 4410 3007 4463 nostis
3038 4409 3172 4462 adeo
3199 4409 3570 4477 pusillanimes
3597 4424 3662 4463 ac.
3689 4425 3936 4465 morosos

2339 4517 2509 4572 aegros
2537 4516 2678 4567 esse,
2709 4510 2766 4555 ut
2798 4502 3090 4555 ministeria
3126 4517 3246 4571 qua:
3266 4501 3566 4570 jacentibus
3597 4501 3648 4555 in
3672 4501 3812 4556 lecto
3843 4502 3938 4557 de-

2336 4591 2609 4656 feruntur,
2645 4607 3015 4662 sa‘penumero
3040 4591 3423 4654 adversentur,
3465 4591 3756 4663 malintque
3787 4609 3936 4646 mor-

2339 4688 2528 4741 borum
2556 4686 2774 4739 dolores
2817 4683 3054 4754 perferre
3078 4725 3092 4746 ,
3134 4699 3291 4754 quam
3324 4683 3595 4738 molestias
3620 4699 3807 4738 eorum
3845 4684 3936 4754 qui

2335 4777 2589 4845 adjuvant
2641 4777 2924 4830 sustinere.
2984 4774 3086 4829 Istc
3129 4789 3257 4828 vero
3304 4784 3358 4828 et
3398 4789 3464 4827 ex
3513 4773 3717 4828 azdibus
3754 4774 3936 4843 egredi

2335 4878 2620 4921 contentus
2649 4873 2784 4930 erat,
2811 4874 2865 4918 et
2890 4881 2983 4932 per
3010 4864 3182 4918 furum
3217 4865 3441 4934 ingredi,
3468 4878 3587 4917 cum
3611 4875 3934 4932 gestaremr,

2344 4972 2507 5027 seque
2531 4966 2608 5011 tot
2640 4956 2994 5025 prmscutibus
3026 4954 3332 5009 hominibus
3361 4955 3666 5009 ostendere.
3702 4954 3793 5010 Est
3838 4957 3938 5009 hoc.

2337 5050 2495 5103 etiam
2520 5047 2573 5102 in
2605 5063 2753 5102 more
2783 5047 3014 5118 positum
3047 5055 3388 5115 agniturum,
3425 5045 3505 5117 [ut
3535 5061 3640 5100 non
3666 5044 3820 5099 facile
3843 5062 3938 5097 ve-

2337 5139 2435 5194 lint
2462 5139 2630 5194 ullum
2657 5154 2768 5193 suae
2799 5137 3126 5206 aegritudinis
3153 5151 3274 5190 esse
3302 5134 3516 5208 testem]
3551 5152 3565 5188 :
3597 5137 3675 5189 sic
3697 5143 3755 5188 ut
3785 5136 3936 5190 multi

2338 5233 2623 5286 maluerint
2649 5230 2891 5301 oppressi
2921 5228 3120 5283 morbis
3148 5228 3384 5291 interire,
3417 5243 3574 5298 quam
3602 5228 3933 5281 calamitates

2338 5339 2461 5379 suas
2483 5324 2755 5394 detegere.
2800 5323 2991 5377 Atnou
3035 5321 3105 5376 ita
3149 5336 3290 5391 aeger
3317 5322 3448 5383 iste,
3484 5336 3670 5374 verum
3696 5334 3818 5375 cum
3850 5335 3937 5373 re-

2341 5417 2538 5486 pletum
2567 5415 2772 5469 videret
2803 5415 3090 5475 theatrum,
3130 5413 3308 5467 aditus
3339 5411 3691 5475 intercliiSns,
3722 5420 3935 5479 portum

2340 5510 2620 5578 obseptum
2647 5550 2660 5572 ,
2699 5522 2790 5576 per
2835 5516 3031 5560 tectum
3077 5504 3283 5560 demitti
3326 5513 3613 5559 contentus
3644 5504 3762 5557 fuit.
3787 5504 3938 5558 Adeo

2337 5601 2512 5657 solers
2534 5609 2616 5654 est
2646 5613 2818 5662 amor,
2848 5605 2903 5652 et
2931 5597 3166 5666 locuples
3193 5596 3408 5650 caritas.
3442 5595 3574 5648 Nam
3601 5593 3691 5665 qui
3717 5593 3934 5664 qua-rit,

2405 5778 2477 5838 (a)
2513 5778 2592 5826 ttic
2617 5774 2838 5839 quadam
2862 5774 3144 5836 adjietuntut
3175 5784 3236 5820 cs
3265 5771 3425 5820 Matth.
3460 5772 3529 5819 l7.
3563 5770 3637 5820 ιι.
