4218 6294
653 366 724 424 67
1292 365 1352 424 S.
1392 365 1678 442 JOANNIS
1718 362 2214 422 CHRYSOSTOMI
2253 364 2574 422 ARCHIEP.
2616 364 3164 423 CONSTANTINOP.
3849 359 3919 417 58

648 475 808 530 τοῦτό
842 477 1017 543 ἐστιν;
1053 477 1104 531 τί
1148 476 1495 550 θορυϐεῖσθες
1525 464 1576 530 τί
1617 476 1674 529 δὲ
1709 474 2029 545 ίτιέιγεςινθες
2072 474 2230 526 Ἀνα-

649 562 912 636 σχὼμεθα
968 559 1263 630 κενωθῆναι
1323 559 1384 612 τὸ
1438 560 1745 630 δωμάτιον,
1803 557 2118 626 διαλυθῆναι
2170 555 2231 609 τὸ

655 647 914 718 θέατρον’
967 643 1414 713 ἀναχωρήσουσιν
1449 645 1499 696 οἱ
1550 642 1974 712 συνειλεγμένοι.
2010 639 2234 710 δυνησό-

660 729 796 797 μεθα
849 725 1092 780 κατιδίαν
1141 725 1284 794 αὐτῷ
1341 724 1674 796 προσελθεῖν,
1717 723 1810 776 καὶ
1860 724 1986 793 περὶ
2030 719 2232 774 τούτων

657 809 1141 865 ἀνακοινώσασθαι.
1188 807 1252 860 Τί
1289 807 1370 860 δεῖ
1416 807 1631 860 πάντων
1672 806 1919 878 ὁρώντων
1951 808 2030 868 εις
2068 803 2233 876 μέσον

657 893 984 964 προτεθῆναι
1029 892 1128 955 τάς
1170 889 1309 961 ἐμὰς
1345 889 1650 960 συμφοράς,
1685 889 1778 941 καὶ
1812 887 2018 942 ἀνωθεν
2064 887 2232 956 χαλά-

659 978 802 1031 σθαι.
853 976 945 1028 καὶ
987 975 1350 1045 ἀσχημονεῖν,
1403 971 1621 1024 Τούτων
1671 972 1820 1024 οὑδέν
1853 973 2060 1034 ἐκεῖνος
2110 969 2234 1023 οὔτε

659 1058 795 1127 πρὸς
826 1058 1044 1120 ἐαυτὸν,
1072 1055 1197 1110 οὕτε
1223 1055 1360 1124 πρὸς
1385 1055 1511 1117 τοὺς
1547 1053 1870 1122 κομίζοντας
1900 1047 2072 1117 εἶπεν,
2101 1051 2235 1106 ἀλλά

657 1140 862 1209 κόσμον
911 1135 1049 1194 εῖναι
1088 1138 1303 1208 ἐνόμιζε
1343 1135 1406 1189 τὸ
1448 1136 1727 1207 μάρτυρας
1772 1134 2059 1197 τοσούτους
2089 1135 2238 1205 ποιή-

660 1213 857 1275 σασθαι
897 1221 998 1290 τῆς
1046 1217 1240 1274 ἐαυτοῦ
1289 1218 1606 1288 θεραπείας.
1640 1217 1754 1271 Οὑκ
1804 1216 1912 1270 ἀπὸ
1944 1215 2133 1270 τούτου
2179 1215 2236 1270 δέ

663 1304 822 1373 μόνον
846 1301 1010 1356 αὑτοῦ
1039 1302 1136 1373 τὴν
1169 1301 1350 1354 πίστιν
1379 1297 1446 1372 ἦν
1473 1300 1622 1362 ἰδεῖν,
1661 1299 1798 1354 ἀλλά
1823 1299 1916 1353 καὶ
1937 1301 2028 1352 ἀπ’
2056 1297 2238 1352 αὑτῶν

658 1385 768 1439 τῶν
799 1385 891 1438 τοῦ
938 1383 1172 1456 Χριστοῦ
1226 1382 1505 1454 ῥημάτων.
1552 1382 1768 1453 Ἐπειδὴ
1815 1382 1924 1453 γάρ
1965 1380 2235 1452 ἐχαλάσθη

662 1469 756 1520 καὶ
783 1465 1148 1537 προσηνέχθη,
1177 1463 1342 1536 φησιν
1367 1462 1516 1534 αὑτῷ
1535 1466 1563 1518 ό
1585 1464 1819 1532 Χριστός
1839 1482 1852 1494 ·
1881 1463 2115 1531 Θάρσει,
2147 1462 2238 1516 τέ·

660 1565 832 1612 κνον,
872 1546 1169 1617 ἀφέωνταί
1198 1562 1296 1601 σοι
1329 1549 1388 1600 αὶ
1407 1546 1702 1615 ἁμαρτίαι.
1735 1547 1845 1598 Καὶ
1864 1545 2037 1598 ταῦτα
2075 1541 2239 1597 ἀκού-

662 1649 763 1696 σας
795 1632 897 1686 οὑκ
949 1631 1350 1701 ἠγανάκτησεν,
1406 1631 1507 1685 οὑκ
1557 1630 1932 1703 ἐδυσχέρανεν,
1979 1630 2079 1683 οὑκ
2117 1623 2239 1682 εἷπε

663 1716 799 1788 πρὸς
820 1716 913 1769 τὸν
943 1716 1128 1787 ίατρόν
1152 1733 1165 1745 ·
1198 1717 1262 1773 Τί
1295 1731 1425 1768 ποτε
1455 1715 1612 1768 τοῦτό
1655 1717 1838 1776 ἐστιν;
1873 1713 2057 1783 ἕτερον
2075 1707 2240 1778 ἦλθον

661 1798 1066 1870 θεραπευθῆναι
1099 1797 1292 1860 πάθος,
1329 1799 1424 1851 καὶ
1456 1797 1647 1869 ἕτερον
1693 1797 1855 1859 αὑτὸς
1915 1794 2238 1866 θεραπεύεις

661 1880 867 1949 Σκῆψις
890 1879 1063 1933 ταῦτα
1109 1878 1203 1932 καὶ
1246 1879 1537 1948 πρόφασις,
1573 1879 1666 1930 καὶ
1711 1877 1996 1940 ἀσθενείας
2035 1893 2242 1946 προκα-

660 1952 940 2033 λύμματα.
985 1961 1284 2032 ’ἁμαρτίας
1324 1961 1502 2029 ἀφίεις
1532 1960 1628 2024 τάς
1661 1961 1759 2031 οὑχ
1791 1960 2108 2031 όρωμέναςς
2137 1961 2241 2013 οὑ-

659 2044 749 2097 δέν
776 2043 981 2096 τούτων
1008 2043 1108 2096 οὑκ
1145 2039 1319 2105 εἶπεν,
1355 2044 1456 2096 οὑκ
1495 2045 1804 2113 ἐνενόησεν·
1840 2042 1955 2096 ἀλλ’
1981 2041 2241 2111 ἀνέμενεν

592 2193 594 2196 ν
663 2127 974 2197 ἐπιτρέπων
1025 2126 1115 2178 τὸν
1168 2125 1350 2197 ἰατρὸν
1405 2124 1511 2195 όδῷ
1562 2125 1869 2196 χρήσασθαι
1919 2123 2240 2194 θεραπείας,

662 2205 844 2280 ἧσπερ
866 2206 1136 2262 ἐϐούλετο.
1164 2206 1262 2259 Διά
1283 2205 1442 2259 τοῦτο
1471 2207 1564 2260 καὶ
1590 2210 1619 2260 ό
1647 2206 1882 2276 Χριστὸς
1912 2205 2014 2259 οὑκ
2032 2204 2241 2276 ἀπῆλθε

663 2290 800 2358 πρὸς
844 2288 1028 2351 αὑτὸν,
1069 2287 1182 2341 ἀλλ’
1213 2288 1494 2359 ἀνέμεινεν
1535 2287 1696 2342 αὑτὸν
1747 2287 1941 2348 ἐλθεῖν,
1975 2286 2060 2340 ἵνα
2112 2287 2240 2339 ἐπι·

662 2374 810 2445 δείξῃ
857 2371 1020 2426 αὑτοῦ
1062 2371 1160 2443 τὴν
1205 2371 1385 2425 πίστιν
1420 2372 1574 2425 πᾶσι.
1604 2372 1695 2440 Μὴ
1739 2371 1847 2442 γὰρ
1884 2370 1981 2423 οὑκ
2010 2370 2242 2440 ἠδύνατο

663 2456 764 2526 τὴν
811 2455 1014 2508 εἴσοδον
1064 2456 1287 2524 ποιῆσαι
1348 2451 1605 2519 εὑκολον;
1650 2453 1788 2505 Ἀλλ’
1839 2453 1986 2506 οὑδέν
2038 2451 2242 2504 τούτων

664 2535 939 2602 ἐποίησεν,
975 2535 1061 2587 ῖνα
1081 2535 1247 2587 πᾶσιν
1277 2533 1443 2587 αὑτοῦ
1469 2535 1567 2606 τὴν
1594 2535 1831 2604 σπουδὴν
1865 2534 2125 2605 ἐπιδείξῃ,
2149 2532 2243 2585 καὶ
2288 2597 2292 2600 π

664 2616 762 2688 τὴν
794 2616 1020 2680 ζέουσαν
1070 2615 1272 2668 πίστιν.
1314 2615 1582 2684 Καθάπερ
1614 2616 1720 2686 γὰρ
1744 2617 1878 2684 πρὸς
1914 2616 2119 2666 ἐκεῖνον
2151 2614 2243 2666 τὸν

665 2701 960 2771 τριάκοντα
980 2697 1123 2751 ὀκτὼ
1141 2697 1237 2767 ἱτη
1267 2697 1458 2768 έχοντα
1480 2698 1643 2768 ἀπῄει
1664 2697 1750 2750 διᾶ
1774 2699 1836 2750 τὸ
1869 2695 2072 2766 μηδένα
2097 2695 2244 2764 αὑτῷ

667 2783 958 2853 παρεῖναι’
1011 2779 1154 2834 οὑτω
1187 2781 1395 2841 τοῦτον,
1447 2780 1632 2851 ἐπειδὴ
1686 2779 1912 2840 πολλοὺς
1958 2774 2072 2850 εἶχε
2117 2779 2244 2842 τοὺς

668 2864 1066 2936 προσήκοντας,
1114 2862 1397 2933 ἀνέμεινεν
1427 2861 1599 2915 ἐλθεῖν
1633 2861 1766 2933 πρὸς
1809 2860 1989 2927 αὑτὸν,
2023 2861 2108 2912 ῖνα
2149 2861 2244 2914 καὶ

666 2945 858 2999 τούτου
889 2944 987 3015 τὴν
1013 2945 1194 2998 πίστιν
1225 2945 1423 3016 ποιήσῃ
1459 2943 1622 3014 δήλην
1648 2945 1736 2997 δια
1766 2943 1855 2996 τοῦ
1891 2943 2245 3014 προσενεχθῆ-

633 3081 648 3098 ί
670 3045 781 3090 ναι,
806 3026 1060 3080 κάκείνου
1095 3017 1192 3097 τῆν
1224 3026 1457 3097 ἐρημίαν
1489 3028 1637 3096 ἡμᾶς
1665 3024 1850 3099 διδάξῃ
1876 3025 1962 3078 διά
1985 3024 2079 3078 τοῦ
2109 3025 2246 3095 πρὸς

669 3110 832 3165 αὑτὸν
861 3108 1136 3175 ἀπελθεῖν,
1176 3109 1272 3162 καὶ
1317 3109 1508 3161 τούτου
1560 3109 1659 3178 τὴν
1708 3107 1941 3178 σπουδὴν
1993 3108 2244 3160 κάκείνου

670 3195 771 3263 τὴν
803 3191 1082 3260 ὑπομονὴν
1104 3191 1385 3262 ἐκκαλύψῃ
1416 3192 1569 3252 πᾶσι,
1605 3193 1698 3244 καὶ
1730 3191 1964 3260 μάλιστα
1986 3192 2099 3252 τοῖς
2125 3191 2247 3242 τότε

674 3273 961 3345 παροῦσιν.
998 3272 1214 3344 Ἐπειδὴ
1251 3273 1358 3344 γὰρ
1400 3272 1651 3327 εἰώθασιν
1704 3273 1942 3325 Ἰουδαῖοι
1989 3271 2246 3341 βάσκανοι

673 3373 817 3416 τινες
847 3357 942 3408 καὶ
971 3354 1346 3425 μισάνθρωποι
1375 3358 1493 3418 ταῖς
1519 3354 1626 3407 τῶν
1654 3353 1876 3425 πλησίον
1907 3354 2246 3424 εὐεργεσίαις

675 3439 911 3509 φθονεῖν,
947 3439 1042 3492 καὶ
1073 3438 1168 3492 νῦν
1200 3438 1307 3490 ἀπὸ
1331 3438 1426 3491 τοῦ
1459 3437 1649 3508 καιροῦ
1681 3440 1794 3500 τοῖς
1827 3437 2094 3506 θαύμασιν
2125 3438 2247 3489 ἐπι-

678 3523 940 3591 σκήπτειν
977 3519 1247 3588 λέγοντες,
1288 3521 1369 3572 ὅτι
1405 3522 1461 3572 ἐν
1507 3518 1761 3590 σαϐϐάτῳ
1804 3519 2116 3590 θεραπεύει,
2151 3518 2247 3572 νῦν

676 3604 732 3657 δέ
766 3603 873 3656 ἀπὸ
914 3602 1006 3658 τοῦ
1063 3601 1178 3673 βίου
1213 3602 1318 3656 τῶν
1364 3601 1830 3673 εὐεργετουμένων
1872 3602 2119 3670 λέγοντες
2148 3623 2153 3628 ·
2182 3604 2250 3655 El

678 3682 757 3753 ἦν
787 3683 1096 3752 ,προφήτης
1127 3680 1324 3749 οὗτος,
1363 3682 1492 3752 ᾔδει
1529 3685 1621 3749 τίς
1648 3679 1782 3753 ἦνή
1815 3683 1967 3750 γυνὴ
1993 3685 2028 3750 ἠ
2065 3684 2248 3736 ἁπτο-

679 3765 831 3836 μένη
865 3765 1067 3818 αὑτοῦ·
1096 3766 1195 3818 οὑκ
1237 3766 1459 3831 ειδότες,
1499 3765 1580 3818 ὅτι
1613 3765 1796 3842 ίατρρῦ
1837 3765 2070 3834 μάλιστα
2095 3764 2250 3819 τοῦτό

680 3851 798 3901 ἐστι
835 3848 897 3900 τὸ
945 3851 1057 3910 τοῖς
1098 3847 1468 3920 άρῤωστοῦσιν
1514 3847 1930 3916 ἀναμίγνυσθαι,
1962 3848 2056 3900 καὶ
2103 3847 2252 3918 παρὰ

680 3933 804 3992 τοὺς
826 3929 1112 3992 νοσοῦντας
1139 3931 1225 3983 ἀεὶ
1247 3929 1550 3998 φαίνεσθαι,
1579 3929 1714 3983 ἀλλά
1743 3929 1816 4000 μὴ
1847 3933 2033 3998 φυγεῖν
2056 3931 2252 3993 αὐτοὺς

679 4010 817 4078 μηδέ
866 4012 1172 4080 ἀποπηδᾷν.
1215 4013 1390 4082 Ὅπερ
1422 4008 1513 4064 οῦν
1558 4013 1648 4064 καὶ
1686 4013 1820 4083 πρὸς
1861 4011 2100 4076 ἐκείνους
2139 4011 2251 4085 [42]

687 4094 1098 4162 ἀποτεινόμενος
1129 4093 1342 4160 ἐλεγενο
1377 4096 1456 4147 οὐ
1483 4095 1691 4162 χρείαν
1715 4095 1964 4162 ἔχουσιν
1987 4098 2038 4147 οί
2069 4097 2256 4166 ὑγιαί-

685 4190 896 4238 νοντες
940 4174 1160 4242 ίατροῦ,
1199 4175 1333 4228 ἀλλ’
1367 4179 1420 4228 oi
1461 4174 1657 4241 κακῶς
1697 4175 1963 4243 ἕχον-τες.
2007 4177 2123 4229 Ἵνα
2164 4175 2255 4230 οῦν

689 4257 767 4326 μὴ
810 4258 875 4309 τὰ
904 4258 1043 4309 αὑτά
1075 4257 1235 4311 πάλιν
1271 4257 1562 4325 ἐγκαλῶσι,
1589 4258 1850 4328 πρότερον
1879 4257 2151 4311 δείκνυσιν
2182 4260 2256 4323 ὡς

688 4340 829 4403 ἄξιοι
862 4341 957 4409 τῆς
989 4338 1281 4408 θεραπείας
1327 4339 1462 4393 εἰσὶν
1494 4341 1542 4393 οἱ
1585 4340 1898 4408 προσιόντες
1928 4340 2014 4394 διὰ
2046 4342 2143 4411 τὴν
2172 4342 2258 4393 πί-

691 4439 829 4482 στιν,
863 4423 927 4492 ἣν
957 4421 1340 4475 ἐκδείκνυνται.
1375 4422 1471 4476 Διά
1507 4422 1661 4476 τοῦτο
1707 4423 1959 4476 κάκείνου
2002 4425 2101 4495 τὴν
2131 4428 2258 4495 ἐρη-

689 4505 839 4573 μίαν.
872 4506 964 4557 καὶ
1010 4504 1198 4557 τούτου
1232 4505 1330 4575 τὴν
1354 4505 1581 4568 ζέουσαν
1620 4506 1798 4560 πίστιν
1835 4507 1926 4558 καὶ
1954 4507 2257 4578 προθυμίαν

690 4586 859 4651 ἔδειξε
885 4604 898 4616 ·
952 4585 1038 4638 διὰ
1073 4586 1231 4638 τοῦτο
1269 4589 1474 4640 ἐκεῖνον
1529 4587 1626 4656 μὲν
1663 4591 1719 4639 ὲν
1773 4588 2023 4657 σαϐϐάτῳ
2069 4589 2256 4661 ἐθερά-

688 4686 876 4732 πευσε,
898 4667 1084 4721 τοῦτον
1103 4668 1158 4720 δέ
1185 4670 1283 4721 οὑκ
1301 4671 1356 4720 ἐν
1371 4668 1628 4739 σαϐϐάτῳ
1649 4685 1661 4697 ο
1697 4669 1784 4733 ἵν’,
1813 4671 1937 4724 ὅταν
1957 4672 2069 4742 ἴδῃς
2087 4675 2180 4725 καὶ
2202 4676 2259 4726 ἐν
2323 4687 2328 4694 ·

690 4751 891 4821 ἐτέρᾳη
902 4751 1041 4820 μέρᾳ
1058 4751 1418 4818 ἐγκαλοῦντας
1440 4753 1530 4804 καὶ
1549 4753 1912 4822 ἐπιτιμῶντας
1929 4755 2004 4823 τῷ
2019 4757 2256 4825 Χριστῷ,

695 4833 890 4903 μάθῃς,
921 4834 1002 4885 ὅτι
1040 4833 1134 4884 καὶ
1177 4833 1297 4885 τότε
1327 4834 1387 4885 οὑ
1413 4834 1499 4886 διὰ
1533 4834 1631 4904 τὴν
1669 4834 1760 4886 τοῦ
1801 4836 1965 4904 νόμου
2009 4841 2257 4910 παρατή-

693 4931 850 4984 ρησιν
883 4915 1184 4974 ἐνεκάλουν,
1214 4913 1349 4967 ἀλλά
1377 4915 1474 4984 τὴν
1512 4916 1720 4968 οἰκείαν
1746 4917 2044 4986 βασκανίαν
2075 4921 2260 4990 φέρειν

688 4996 790 5049 οὑκ
841 4997 1070 5066 ἔχοντες.
1112 4997 1208 5050 Διά
1249 4998 1301 5049 τί
1333 4997 1389 5049 δέ
1430 4999 1530 5050 οὐκ
1583 4999 1675 5050 ἐπὶ
1709 4999 1767 5051 τὺ
1811 5001 1909 5071 τὴν
1958 5002 2261 5071 παράλυσιν

687 5079 925 5151 ὀρθῶσαι
957 5081 1217 5152 πρότερον
1237 5075 1420 5150 ἦλθεν,
1447 5078 1588 5133 ἀλλά
1601 5096 1752 5150 φησι·
1775 5080 2011 5149 Θάρσει,
2029 5085 2264 5151 τέκνον,

690 5157 989 5226 ἀφέωνταί
1003 5175 1117 5233 σου
1130 5162 1187 5212 al
1202 5161 1500 5229 ἁμαρτίας
1527 5161 1633 5212 Καὶ
1657 5160 1809 5213 τοῦτο
1832 5164 2032 5235 σφόδρα
2059 5167 2257 5235 σοφῶς.

695 5240 800 5293 Kal
827 5239 934 5309 γὰρ
967 5243 1076 5302 τοῖς
1104 5243 1305 5311 ἰατροῖς
1328 5240 1445 5305 ἐθος
1479 5243 1593 5294 ἐστὶ
1623 5243 1697 5311 μὴ
1724 5243 1982 5316 πρότερον
2004 5249 2071 5300 τὰ
2097 5251 2255 5320 νοσή.

698 5339 842 5390 ματα
874 5322 1043 5386 λύειν,
1085 5321 1221 5375 ἀλλά
1251 5323 1348 5386 τὰς
1389 5323 1574 5393 πηγὰς
1615 5325 1794 5378 αὑτῶν
1836 5327 2094 5398 ἀναιρεῖν.
2137 5328 2261 5387 Οίον

696 5403 954 5463 πολλάκις
1038 5405 1142 5457 ὑπὸ
1192 5406 1426 5478 πονηροῦ
1490 5406 1661 5475 χυμοῦ
1719 5409 1814 5461 καί⁵
1867 5409 2258 5485 διεφθαρμένου

691 5489 971 5569 ῥεύματος,
1007 5487 1404 5556 ἐνοχλουμένων
1442 5489 1758 5558 ὀφθαλμῶν,
1803 5494 1960 5560 ἀφεὶς
2005 5497 2031 5546 ό
2081 5500 2260 5569 ἰατρὸς

692 5569 787 5639 τὴν
823 5568 1078 5622 νοσοῦσαν
1123 5570 1454 5640 θεραπεῦσαι
1495 5573 1681 5643 κόρην,
1722 5574 1819 5641 τῆς
1863 5577 2103 5647 κεφαλῆς
2137 5568 2259 5633 ἐπε.

696 5650 985 5731 μελήσατο,
1015 5651 1200 5722 ἐνθαή
1247 5653 1370 5722 ῥίζα
1402 5656 1492 5706 καὶ
1533 5657 1564 5724 ἡ
1621 5657 1770 5725 πηγὴ
1804 5657 1903 5726 τῆς
1951 5661 2260 5731 ἀρρωστίας

695 5725 781 5800 ἦν·
829 5731 970 5785 οὑτω
1011 5735 1101 5785 καὶ
1135 5737 1162 5787 ό
1218 5735 1446 5805 Χριστὸς
1483 5738 1724 5807 ἐποίησε,
1775 5725 1870 5810 τὴν
1914 5725 2092 5813 πηγὴν
2135 5725 2258 5798 ὁινιιζ

2343 475 2551 529 στέλλει
2589 475 2698 529 τῶν
2727 477 2912 530 κακῶν
2951 476 3234 548 πρότερον.
3281 475 3436 547 Πηγὴ
3469 474 3578 547 γὰρ
3609 474 3801 530 κακῶν
3825 478 3921 530 καὶ

2342 566 2468 638 ῥίζα
2497 568 2590 620 καὶ
2625 569 2809 640 μήτηρ
2842 570 3060 624 πάντων
3089 569 3207 622 ἐστὶ
3239 567 3339 638 τῆς
3370 567 3643 638 ἁμαρτίας
3673 567 3708 638 ἠ
3738 567 3920 636 φύσις.

2340 653 2490 727 Δῦτη
2525 657 2593 710 τά
2639 658 2868 728 σώματα
2891 657 3051 729 ἡμῶν
3097 657 3397 729 παραλύει·
3429 655 3569 727 αῦτη
3607 656 3706 718 τάς
3731 655 3924 721 νόσους

2341 745 2538 815 ἐπάγει
2559 763 2574 779 ο
2597 747 2681 801 διὰ
2702 747 2859 801 τοῦτο
2875 749 2968 801 καὶ
2984 746 3222 802 ἐνταῦθά
3237 764 3370 816 φησι
3425 745 3662 815 Θάρσει,
3681 744 3920 811 τέκνον,

2340 837 2638 906 ἀφέωνταί
2681 857 2799 894 σου
2847 842 2906 894 al
2955 840 3260 910 ἁμαρτίαν
3308 840 3470 894 κάκεῖ
3513 856 3677 910 φησιν
3696 854 3711 869 ⁸
3766 837 3924 893 Ἰδοὺ

2341 930 2518 999 ὑγιὴς
2546 932 2819 1002 γέγονας,
2859 932 3071 1002 μηκέτι
3111 932 3435 1002 ἁμάρτανε,
3475 933 3575 985 ἵνα
3603 929 3690 999 μὴ
3721 930 3926 999 χεῖρόν

2341 1023 2399 1075 τί
2428 1037 2525 1077 σοι
2550 1025 2810 1093 γένηται,
2843 1024 3018 1095 δηλῶν
3056 1023 3408 1095 ἀμφοτέροις.
3445 1022 3527 1076 ὅτι
3561 1019 3620 1086 ἐξ
3673 1022 3925 1093 ἁμαρτη-

2346 1111 2530 1181 μάτων
2562 1113 2862 1186 ἐτέχθησαν
2909 1109 3070 1169 αῦται
3109 1117 3163 1167 αί
3203 1114 3371 1168 νόσοι.
3404 1114 3514 1167 Καὶ
3556 1115 3616 1167 ἐν
3646 1115 3792 1184 ἀρχῇ
3827 1115 3924 1165 καὶ

2342 1201 2401 1252 ἐν
2432 1201 2738 1272 προοιμίοις
2769 1203 2870 1273 τῆς
2915 1204 3147 1267 κτίσεως
3179 1202 3239 1270 ἐξ
3271 1203 3544 1276 ἁμαρτίας
3590 1203 3624 1274 ἡ
3658 1202 3814 1266 νόσος
3841 1203 3924 1266 εις

2343 1291 2404 1343 τὸ
2431 1290 2525 1344 τοῦ
2559 1294 2698 1347 Κάῖν
2726 1293 3038 1365 κατέσκηψε
3072 1294 3250 1366 σῶμα.
3275 1295 3384 1348 Καὶ
3410 1295 3521 1366 γὰρ
3552 1296 3758 1358 ἐκεῖνος
3785 1292 3927 1364 μετά

2343 1383 2442 1453 τὴν
2487 1384 2920 1453 ἀδελφοκτονίαν,
2967 1386 3108 1456 μετά
3144 1386 3245 1456 τὴν
3292 1384 3635 1456 παρανομίαν
3683 1385 3921 1455 ἐκείνην,

2343 1475 2464 1528 τότε
2499 1476 2774 1548 παρελύθη
2819 1477 2880 1531 τὸ
2916 1477 3094 1548 σῶμα.
3129 1479 3202 1530 T0
3230 1478 3338 1549 γὰρ
3363 1479 3588 1549 τρέμειν
3617 1478 3767 1532 οὐδὲν
3805 1477 3928 1530 ἐτε-

2348 1565 2440 1636 ρόν
2461 1567 2605 1619 ἐστιν
2644 1567 2678 1637 ἢ
2711 1567 3032 1637 παράλυσις.
3067 1568 3179 1622 Καὶ
3215 1567 3324 1639 γάρ
3356 1569 3484 1621 ὅταν
3513 1570 3546 1639 ἡ
3587 1568 3649 1620 1:0
3683 1567 3820 1632 ζῶον
3839 1568 3925 1620 ol-

2347 1656 2650 1726 κονομοῦσα
2707 1657 2936 1729 δύναμις
2986 1659 3352 1732 ἀσθενεστέρα
3423 1661 3679 1730 γένηται,
3739 1657 3927 1712 οὑκέτι

2346 1748 2616 1818 δυναμένη
2644 1749 2822 1802 Ιπάντα
2846 1748 3228 1812 διαϐαστάζειν
3253 1751 3321 1803 τά
3348 1749 3505 1821 μέλη,
3531 1749 3757 1820 ἀφίησιν
3784 1749 3928 1804 αὑτά

2347 1837 2446 1908 τῆς
2473 1839 2678 1904 οἰκείας
2707 1841 2984 1910 προνοίας,
3007 1837 3125 1895 εῐτα
3163 1841 3498 1913 χαλασθέντα
3524 1844 3707 1896 ἐκεῖνα
3729 1841 3921 1914 τρέμει

2349 1929 2443 1982 καὶ
2468 1929 2843 2000 περιφέρεται.

2418 2067 2491 2133 ς’.
2511 2067 2681 2124 Τοῦτο
2696 2068 2793 2124 καὶ
2813 2064 3021 2131 Παῦλος
3045 2067 3309 2138 ἐδήλωσεν
3329 2083 3344 2098 ο
3363 2069 3635 2140 ἁμαρτίαν
3667 2068 3774 2138 γάρ
3803 2083 3932 2122 τινα

2345 2155 2658 2226 Κορινθίοις
2698 2157 2946 2226 ἐγκαλῶν
3001 2177 3133 2229 φησι
3155 2172 3168 2187 ⁸
3223 2161 3326 2216 Διά
3371 2162 3548 2216 τοῦτο
3582 2161 3800 2215 πολλοὶ
3855 2161 3932 2214 ἐν

2347 2245 2489 2316 ὑμῖν
2507 2247 2784 2315 ἀσθενεῖς
2810 2251 2909 2304 καί
2936 2250 3260 2320 ἄρρωστοι·
3295 2253 3384 2306 διὰ
3419 2254 3578 2307 τοῦτο
3615 2255 3709 2306 καὶ
3739 2255 3767 2308 ό
3797 2251 3931 2324 Χρι-

2349 2338 2473 2400 στὸς
2519 2339 2782 2411 πρότερον
2817 2342 2917 2411 τὴν
2953 2343 3132 2397 αἰτίαν
3168 2345 3382 2415 ἀναιρεῖ
3428 2343 3538 2398 τῶν
3583 2345 3796 2408 κακῶν,
3829 2344 3932 2396 καὶ

2349 2429 2536 2493 εἰπὼν,
2566 2430 2805 2500 Θάρσει,
2831 2434 3064 2498 τέκνον,
3080 2433 3379 2504 ἀφέωνταί
3399 2452 3515 2490 σου
3537 2439 3596 2490 at
3627 2435 3931 2505 ἁμαρτίαι,

2350 2525 2629 2594 ἀνίστησιν
2661 2524 2826 2578 αὑτοῦ
2860 2524 2920 2578 τὸ
2961 2526 3238 2597 φρόνημα,
3279 2527 3534 2597 διεγείρει
3587 2526 3929 2596 καταϐεϐλη-

2354 2617 2523 2687 μένην
2552 2617 2651 2687 τὴν
2679 2617 2861 2688 ψυχήν
2881 2635 2894 2647 ·
2927 2621 2955 2671 ο
2976 2618 3084 2688 γάρ
3105 2619 3261 2686 λόγος
3292 2619 3453 2689 ἔργον
3479 2619 3710 2688 ἐγίνετο,
3735 2619 3827 2673 καὶ
3850 2620 3936 2682 είς

2351 2707 2410 2759 τὸ
2443 2709 2681 2773 συνειδὸς
2719 2709 2976 2764 είσελθὼν
3014 2711 3185 2781 αὐτῆς
3223 2713 3425 2783 ἥπτετο
3473 2713 3572 2781 τῆς
3602 2713 3802 2783 ψυχῆς.
3832 2713 3937 2768 καὶ

2351 2799 2533 2852 πᾶσαν
2580 2801 2816 2868 ἀγωνίαν
2851 2801 3123 2866 ἐξέϐαλεν.
3155 2802 3320 2856 υύδέν
3371 2802 3481 2875 γὰρ
3514 2801 3690 2867 οὑτως
3729 2803 3934 2875 ἡδονὴν

2351 2892 2514 2955 nolet,
2558 2891 2650 2945 καὶ
2677 2891 2906 2963 παρέχει
2939 2891 3161 2965 θαρρεῖν
3202 2893 3277 2958 ὡς
3309 2893 3372 2947 τὸ
3409 2893 3575 2964 μηδὲν
3602 2892 3798 2947 ἐαυτοῦ
3838 2910 3938 2946 κα-

2350 2984 2623 3053 τηγορεῖν.
2659 2982 2896 3050 Θάρσει,
2923 2984 3158 3047 τέκνον,
3183 2985 3478 3053 ἀφέωνται
3509 3000 3625 3039 σου
3647 2987 3706 3038 al
3745 2985 3939 3053 ἀμαρ-

2353 3073 2489 3127 τίαι.
2523 3073 2696 3126 Ὅπου
2726 3076 2834 3146 γὰρ
2880 3075 3292 3147 ἁμαρτημάτων
3337 3074 3552 3144 ἄφεσις,
3595 3077 3713 3128 ἐκεῖ
3763 3076 3941 3129 υἱοθε-

2357 3160 2466 3214 σία.
2521 3160 2677 3214 Οὑτω
2713 3162 2843 3230 γοῦν
2884 3163 2978 3215 καὶ
3013 3165 3173 3233 ἡμεῖς
3229 3165 3290 3216 οὑ
3347 3163 3614 3235 πρότερον
3658 3163 3939 3234 δυνάμεθα

2355 3251 2580 3304 καλέσαι
2614 3253 2851 3323 Πατέρα,
2889 3253 2992 3317 ἕως
3025 3255 3083 3306 ἐν
3107 3256 3174 3326 τῇ
3207 3254 3560 3326 κολυμϐήθρα
3591 3254 3699 3307 τῶν
3729 3255 3941 3309 ὑδάτων

2353 3343 2461 3394 τῶν
2492 3343 2662 3410 ἁγίων
2685 3343 3077 3414 ἀπονιψώμεθα
3107 3345 3172 3398 τὰ
3188 3347 3580 3417 ἁμαρτήματα.
3613 3347 3782 3399 Ὅταν
3805 3343 3941 3414 γοῦν

2355 3433 2566 3486 ἐκεῖθεν
2603 3433 2917 3505 ἀνέλθωμεν
2949 3435 3010 3488 τὸ
3043 3437 3280 3507 πονηρὸν
3324 3438 3498 3489 ἐκεῖνο
3545 3435 3764 3508 φορτίον
3802 3437 3943 3490 ἀπο-

2356 3524 2592 3594 θέμενοι,
2624 3525 2744 3580 τότε
2771 3527 3021 3598 λέγομεν,
3045 3529 3235 3596 Πάτερ
3262 3527 3450 3598 ἡμῶν,
3483 3533 3514 3583 ό
3535 3528 3604 3581 ἐν
3625 3529 3747 3594 τοῖς
3769 3529 3946 3595 οίξραο

2357 3616 2505 3683 νοῖς.
2554 3617 2715 3671 Ἀλλά
2761 3619 2904 3683 τίνος
2946 3619 3132 3672 ἕνεκεν
3182 3621 3274 3673 ἐπὶ
3310 3620 3405 3673 τοῦ
3453 3619 3747 3690 τριάκοντα
3792 3615 3942 3672 ὀκτὼ

2357 3707 2572 3776 ἔχοντος
2623 3709 2720 3778 οὑχ
2771 3707 2943 3771 οὑτως
2993 3710 3268 3778 ἐποίησεν,
3309 3709 3443 3764 ἀλλά
3483 3710 3545 3763 τὸ
3580 3710 3738 3778 σῶμα
3771 3707 3943 3762 αὑτοῦ

2361 3795 2475 3869 [45]
2504 3797 2780 3868 διώρθωσε
2822 3799 3083 3871 πρότερον
3108 3816 3120 3861 ;
3160 3800 3282 3852 Ὅτι
3325 3801 3517 3870 ἐκείνῳ
3545 3801 3642 3870 μέν
3673 3801 3750 3870 τῷ
3773 3803 3944 3872 μήκει

2359 3888 2453 3940 τοῦ
2482 3888 2670 3958 χρόνου
2693 3888 2759 3941 τά
2787 3889 3162 3959 ἁμαρτήματα
3190 3889 3524 3960 δεδαπάνητο
3547 3909 3557 3920 ·
3585 3889 3807 3944 δύναται
3831 3890 3945 3960 γάρ

2361 3976 2667 4048 πειρασμοῦ
2719 3976 2946 4047 μέγεθος
2998 3978 3059 4030 τὸ
3107 3978 3215 4031 τῶν
3270 3981 3678 4051 ἁμαρτημάτων
3725 3980 3944 4052 φορτίον

2361 4065 2560 4134 κοῦφον
2586 4068 2789 4119 ποιεῖν’
2824 4065 3012 4137 ὥσπερ
3046 4062 3138 4120 οὖν
3170 4066 3262 4119 καὶ
3301 4067 3392 4119 ἐπὶ
3421 4066 3515 4118 τυῦ
3550 4065 3798 4136 Λαζάρου
3837 4082 3946 4134 φη-

2365 4159 2468 4220 σιν,
2497 4158 2579 4209 ὅτι
2609 4156 2849 4210 ἀπέλαϐε
2870 4155 2940 4208 τά
2965 4156 3110 4209 κακά
3149 4156 3335 4220 αὑτοῦ,
3370 4157 3464 4210 καὶ
3497 4155 3728 4210 ἐνταῦθα
3762 4171 3944 4225 παρα-

2365 4247 2607 4299 καλεῖται
2634 4261 2647 4273 ·
2701 4246 2796 4298 καὶ
2839 4245 3004 4298 πάλιν
3058 4245 3290 4314 ἀλλαχοῦ
3335 4263 3495 4314 φησι·
3539 4245 3947 4313 Παρακαλεῒτε

2366 4337 2655 4392 τὸν-,λαόν
2677 4355 2818 4406 μου,
2848 4335 3159 4402 λαλήσητε
3186 4339 3273 4402 είς
3298 4337 3411 4404 τὴν
3437 4337 3688 4404 καρδίαν
3729 4338 3946 4406 ἰερουο

2367 4427 2597 4496 «alim,
2638 4427 2730 4480 ὅτι
2769 4429 3012 4492 ἐδέξατο
3053 4429 3121 4482 ἐκ
3152 4429 3351 4498 χειρὸς
3392 4429 3611 4496 Κυρίου
3651 4429 3835 4483 διπλᾶ
3871 4429 3946 4484 τὰ

2369 4517 2754 4585 ἁμαρτήματα
2777 4515 2985 4584 αὐτῆς.
3023 4518 3130 4570 Καὶ
3158 4519 3317 4570 πάλιν
3346 4520 3373 4570 ὑ
3411 4519 3713 4588 προφήτης,
3747 4519 3944 4587 Κύριε,

2367 4609 2617 4677 εἰρήνην
2666 4609 2772 4675 δὸς
2821 4609 2983 4678 ἡμῖν,
3021 4609 3216 4663 πάντα
3266 4612 3375 4678 γὰρ
3424 4610 3734 4676 ἀπέδωκας
3779 4611 3944 4680 ἡμῖν,

2367 4700 2670 4770 ἐμφαίνων,
2706 4701 2786 4753 ὅτι
2817 4703 2873 4752 αἱ
2915 4700 3175 4771 τιμωρίαι
3219 4702 3312 4753 καὶ
3339 4703 3392 4753 αί
3422 4702 3671 4764 κολάσεις
3698 4702 3949 4773 ἀμαρτησ

2371 4794 2557 4862 μάτων
2605 4793 2950 4860 συγχώρησιν
3003 4791 3234 4856 ποιοῦσι,
3276 4791 3370 4845 καὶ
3420 4793 3744 4863 πολλαχόθεν
3791 4791 3952 4846 τοῦτό

2369 4888 2488 4938 ἐστι
2518 4884 2749 4955 φανερὸν
2773 4882 3018 4951 ποιῆσαι.

2451 5015 2605 5086 Ἐμοὶ
2639 5015 2812 5068 τοίνυν
2832 5015 2979 5068 δοκεῖ
2997 5015 3161 5086 μηδὲν
3185 5015 3376 5086 ἐκείνῳ
3411 5017 3537 5086 περ)⁵
3560 5017 3804 5084 ἀφέσεως
3829 5014 3919 5067 δια
3938 5044 3951 5053 -

2367 5106 2644 5176 λεχθῆναι,
2675 5106 2809 5158 ἀλλά
2854 5105 2990 5176 πρὸς
3024 5105 3304 5175 τὸιμέλλον
3334 5107 3496 5159 αὑτὸν
3525 5103 3954 5174 ἀσφαλίσασθαι,

2366 5197 2442 5261 ὡς
2477 5199 2584 5252 τῶν
2621 5199 2720 5269 ἤδη
2781 5198 3279 5268 πλημμεληθέντων
3315 5198 3392 5268 τῷ
3427 5200 3592 5268 μήκει
3635 5199 3736 5268 τῆς
3768 5199 3955 5268 ἀρρω-

2373 5290 2520 5351 στίας
2601 5290 2711 5360 ἦεί
2756 5289 2829 5359 μὴ
2871 5288 3048 5350 τοῦτο,
3082 5289 3168 5341 διὰ
3217 5289 3278 5340 τὸ
3320 5289 3483 5359 μηδὲν
3521 5288 3681 5341 αὑτὸν
3731 5288 3958 5359 μηδέπω

2374 5382 2500 5451 περὶ
2546 5380 2638 5432 τοῦ
2672 5380 2904 5450 Χριστοῦ
2952 5379 3239 5433 πεπεῖσθαι
3274 5381 3435 5451 μέγα,
3469 5381 3556 5433 διὰ
3593 5381 3751 5434 τοῦτο
3785 5381 3876 5434 ἐπὶ
3897 5383 3960 5436 τὸ

2369 5473 2586 5524 ἔλαττον
2649 5473 2908 5542 πρότερον
2957 5467 3108 5541 ἦλθε,
3137 5475 3230 5524 καὶ
3283 5472 3344 5524 τὸ
3374 5472 3602 5542 φανερὸν
3645 5473 3738 5525 καὶ
3775 5473 3958 5543 δῆλον,

2366 5558 2462 5630 τὴν
2484 5563 2578 5617 τοῦ
2615 5563 2861 5632 σώματος
2915 5563 3101 5632 ὑγείαν
3127 5581 3138 5592 ·
3181 5565 3272 5616 ἐπὶ
3313 5563 3368 5616 δὲ
3413 5563 3602 5616 τούτου
3631 5566 3730 5636 οὑχ
3759 5563 3957 5629 οὕτως,

2367 5656 2482 5708 ἀλλ’
2514 5656 2697 5726 ἐπειδὴ
2740 5657 2938 5727 μᾶλλον
2994 5657 3302 5719 ἐπίστευσε,
3350 5657 3443 5708 καὶ
3475 5657 3809 5728 ὑψηλοτέραν
3844 5655 3960 5730 εἶχε

2367 5749 2562 5818 ψυχὴν,
2595 5749 2678 5801 διὰ
2741 5750 2892 5803 τοῦτο
2939 5749 3087 5820 αύτῷ
3115 5751 3239 5823 περὶ
3271 5751 3364 5819 τῆς
3409 5751 3796 5823 χαλεπωτέρας
3831 5755 3965 5822 πρό·
