4218 6294
275 392 340 449 PS7
1183 387 1249 445 IN
1282 384 1777 445 PARALYTICUM
1810 384 2159 445 DEMISSUM
2202 389 2337 448 PER
2379 390 2678 451 TEC’I‘UM.
3536 397 3610 449 litt

275 504 503 573 invenit,
531 513 589 562 et
615 506 847 578 pulsanti
874 506 1144 576 aperietur
1173 504 1322 576 (Luc.
1356 505 1441 559 ll.
1470 504 1586 574 lO).
1618 502 1735 558 Non
1756 501 1893 557 dixit

284 599 610 669 propinquis
650 598 795 666 suis,
827 597 967 666 Quid
996 597 1098 653 hoe
1124 597 1203 652 rei
1230 596 1347 651 esu
1382 595 1519 663 Quid
1564 592 1893 649 turbamini?

275 690 402 760 quid
427 706 561 746 vero
592 690 939 761 properatis?
980 688 1370 759 Exspectemns
1394 700 1673 757 quousque
1698 684 1893 741 domus

276 793 605 848 evacuetur,
650 783 918 838 theatrum
957 781 1302 837 dimittatur:
1333 778 1594 835 recedent
1634 778 1726 848 qui
1758 791 1890 832 con-

278 875 484 945 gregali
529 882 692 941 sunt,
738 874 1031 944 poterimus
1058 872 1306 942 privatim
1332 870 1399 925 ad
1428 870 1578 925 illum
1606 869 1889 935 accedere,

277 980 341 1017 ac
371 964 439 1018 de
465 964 550 1019 bis
572 964 736 1020 rebus
762 964 910 1018 illum
937 962 1239 1017 consulere.
1271 960 1409 1029 Quid
1441 975 1577 1031 opus
1604 968 1686 1014 est
1716 959 1895 1029 inspe-

275 1057 551 1112 ctantibus
591 1056 843 1112 omnibus
878 1055 1210 1110 calamitates
1238 1070 1388 1109 meas
1419 1054 1469 1107 in
1500 1051 1735 1108 medium
1765 1065 1892 1122 pro-

275 1148 447 1215 ferri,
478 1161 534 1205 et
568 1149 800 1220 desuper
835 1148 1111 1214 submitti,
1162 1156 1322 1218 atque
1352 1145 1604 1215 indecore
1644 1144 1892 1201 moveri?

276 1241 485 1296 florum
526 1242 658 1297 nihil
687 1250 779 1296 aut
802 1242 940 1313 apud
971 1257 1030 1297 se
1054 1249 1147 1295 aut
1181 1241 1250 1296 ad
1280 1256 1375 1296 eos
1400 1241 1490 1311 qui
1521 1255 1580 1295 se
1606 1239 1891 1309 gestabant

272 1335 563 1405 eloqnutus
588 1344 706 1399 est,
740 1335 835 1391 sed
868 1344 1185 1389 ornamento
1213 1335 1314 1389 sibi
1341 1349 1462 1389 esse
1489 1333 1664 1399 duxit,
1694 1342 1752 1388 ut
1780 1342 1887 1388 tam

273 1428 478 1483 multos
519 1428 816 1484 curationis
860 1442 972 1482 ante
1012 1436 1179 1483 testes
1227 1426 1500 1483 redderet.
1531 1427 1714 1497 Neque
1758 1441 1890 1482 vero

273 1526 483 1573 tantum
517 1535 584 1574 ex
627 1518 731 1574 hoc
762 1519 896 1575 lides
926 1519 1042 1589 ejus
1063 1519 1211 1575 cerni
1236 1527 1479 1589 poterat,
1509 1519 1602 1575 sed
1633 1519 1791 1573 etiam
1821 1534 1888 1574 ex

274 1612 409 1682 ipsis
433 1612 634 1669 Christi
676 1614 878 1670 verbis.
924 1613 1217 1686 Postquam
1246 1617 1393 1670 enim
1433 1614 1700 1669 demissus
1724 1621 1808 1669 cst
1832 1621 1888 1668 et

269 1706 506 1773 oblatus,
532 1707 604 1761 ait
633 1707 705 1760 illi
727 1705 994 1773 Christus,
1025 1707 1259 1777 Conﬁdo,
1292 1708 1371 1777 ﬁli
1390 1749 1405 1770 ,
1436 1708 1763 1761 remittuntur
1789 1706 1881 1760 tibi

270 1805 502 1863 peccata.
537 1795 627 1851 liis
655 1796 745 1851 ille
770 1795 967 1852 auditis
1000 1812 1104 1852 non
1127 1812 1269 1867 :egre
1297 1796 1434 1861 tulit,
1464 1812 1570 1855 non
1600 1796 1737 1852 dixit
1764 1811 1881 1851 me-

273 1885 398 1942 dico
433 1905 447 1941 :
480 1887 623 1955 Quid
652 1888 756 1944 hoc
777 1888 853 1944 rei
884 1897 964 1944 est
985 1887 1010 1941 ἲ
1032 1889 1115 1943 ΑΙ)
1143 1889 1313 1944 altero
1352 1888 1545 1943 morbo
1574 1897 1630 1942 ut
1660 1902 1884 1945 sanarer

272 1978 507 2046 adveni,
551 1989 605 2033 et
646 1979 873 2035 alterum
922 1980 1037 2050 ipse
1077 1979 1268 2034 sanat?
1300 1978 1400 2034 Ista
1424 1989 1726 2035 commenta
1758 1986 1885 2033 sunt

270 2081 329 2126 ct
376 2080 705 2142 pnetextus,
756 2080 813 2127 et
852 2072 1236 2127 imbecillitatis
1280 2082 1609 2145 tegumenta.
1656 2072 1882 2127 Peccata

269 2178 453 2228 sanas,
481 2179 600 2234 qua“:
628 2180 735 2219 non
763 2166 1099 2221 cernuntur?
1119 2164 1261 2219 Nihil
1294 2165 1485 2220 horum
1518 2165 1877 2235 nequedixit,

268 2270 447 2325 neque
472 2256 766 2328 cogitavit,
803 2257 899 2312 sed
938 2259 1273 2327 exspectavit
1300 2258 1651 2329 permittens,
1683 2268 1741 2313 ut
1762 2273 1881 2313 me-

264 2345 419 2401 dicus
447 2362 567 2402 eam
610 2345 909 2404 curationis
946 2349 1088 2403 viam
1119 2358 1353 2417 teneret,
1388 2365 1548 2422 quam
1574 2351 1755 2405 vellet.
1792 2349 1879 2404 ld-

271 2438 421 2493 circo
448 2440 610 2493 etiam
640 2438 889 2495 Christus
930 2455 1037 2496 non
1078 2440 1147 2495 ad
1192 2457 1317 2497 eum
1365 2442 1630 2511 perrexit,
1658 2441 1753 2498 sed
1781 2456 1879 2497 ex-

269 2532 540 2598 spectavit
564 2530 690 2585 dum
722 2530 964 2597 veniret,
1000 2540 1055 2585 ut
1084 2531 1243 2586 fidem
1271 2531 1437 2597 ipsius
1466 2532 1672 2588 cunctis
1696 2542 1879 2587 osten-

263 2619 442 2675 deret.
492 2620 762 2691 Numquid
800 2622 943 2677 enim
1005 2622 1213 2677 facilem
1258 2622 1333 2677 illi
1380 2625 1550 2691 potuit
1600 2638 1878 2679 accessum

260 2713 495 2769 reddere
517 2713 667 2769 ?Sed
694 2714 824 2770 nihil
851 2715 1043 2769 borum
1075 2714 1201 2770 fecit
1220 2757 1235 2782 ,
1270 2726 1327 2770 ut
1356 2716 1472 2786 ejus
1498 2716 1735 2772 studium
1762 2733 1880 2772 om-

260 2806 421 2862 nibus
450 2807 811 2876 patefaceret,
859 2818 916 2863 et
954 2808 1114 2863 tidem
1146 2808 1449 2865 ardentem.
1503 2809 1637 2865 Nam
1683 2826 1877 2880 quem-

256 2898 557 2953 admodum
575 2899 642 2954 ad
662 2899 809 2954 illum
831 2900 1109 2970 adivit,qui
1133 2909 1255 2955 octo
1268 2910 1321 2956 et
1347 2891 1560 2971 trig‘iuta
1575 2902 1685 2971 jam
1704 2916 1875 2957 annos

259 2990 500 3046 habebat
522 3033 537 3057 ,
582 3007 648 3047 eo
688 2992 830 3064 quod
882 3008 1041 3048 nemo
1085 2993 1159 3047 illi
1190 2993 1405 3049 adesset
1438 3014 1452 3049 :
1482 2995 1559 3050 sic
1584 3004 1640 3050 et
1666 2995 1827 3050 istum
1857 3037 1875 3063 ,

261 3091 556 3152 propterea
583 3083 726 3154 quod
757 3084 953 3139 multos
981 3084 1209 3140 habebat
1242 3086 1569 3157 propinquos
1588 3128 1604 3154 ,
1652 3087 1779 3143 dum
1808 3088 1876 3143 ad

258 3187 319 3227 se
341 3175 577 3237 veniret,
609 3176 961 3244 exspectavit,
995 3184 1052 3229 ut
1080 3185 1135 3230 et
1165 3176 1316 3231 istius
1347 3177 1683 3233 manifestam
1716 3179 1875 3235 ﬁdem

259 3264 553 3332 redderet,
588 3282 655 3321 eo
684 3266 828 3336 quod
877 3266 1091 3321 oblatus
1129 3266 1328 3322 fuerit:
1358 3276 1413 3323 et
1454 3268 1596 3322 illius
1626 3268 1875 3324 solitudi-

259 3372 384 3413 nem
416 3368 537 3412 ‘nos
579 3358 825 3425 doceret,
871 3374 939 3414 eo
973 3359 1115 3429 quod
1143 3359 1210 3413 ad
1241 3360 1414 3429 ipsum
1446 3362 1773 3427 accesserit,
1822 3371 1877 3416 et

256 3458 365 3503 tam
414 3450 577 3505 istius
619 3450 855 3505 studium
878 3491 895 3517 ,
924 3467 1083 3522 quam
1128 3452 1273 3506 illius
1312 3452 1625 3522 patientiam
1663 3458 1876 3521 eunetis

257 3541 581 3611 detegeret,
628 3553 787 3612 atque
834 3543 939 3597 illis
977 3544 1247 3615 prtecipue
1274 3544 1363 3615 qui
1393 3545 1697 3600 adstabant.
1738 3545 1872 3601 Nam

260 3635 521 3703 quoniam
560 3633 733 3689 Judmi
778 3634 1025 3689 homines
1066 3634 1230 3692 invidi
1277 3644 1333 3691 et
1379 3634 1657 3691 hominum
1689 3651 1875 3693 osores

256 3726 633 3794 proximorum
656 3725 936 3781 beneﬁciis
962 3726 1199 3782 invidere
1220 3735 1632 3793 consueverunt,
1657 3737 1712 3782 et
1733 3742 1875 3783 nunc

259 3826 476 3888 sumpta
494 3819 785 3874 occasione
809 3833 838 3871 a
871 3828 1113 3890 tempore
1141 3821 1392 3875 miracula
1413 3837 1656 3891 carpere,
1685 3821 1873 3877 dicen-

262 3917 343 3963 tes
369 3923 497 3961 eum
540 3908 593 3962 in
624 3909 847 3964 sabbato
872 3924 1062 3965 curare
1084 3953 1099 3977 ,
1135 3926 1277 3967 nunc
1303 3912 1370 3966 ab
1394 3928 1581 3967 eorum
1612 3913 1749 3981 vita,
1782 3914 1872 3985 qui

261 3989 594 4056 curabantur
617 4042 633 4067 ,
680 4002 952 4067 dicentes,
988 4002 1090 4057 Hic
1132 4005 1176 4058 si
1213 4014 1339 4059 esset
1389 4006 1637 4075 propheta
1661 4048 1676 4072 ,
1720 4008 1872 4061 sciret

260 4110 496 4163 antemna
521 4096 588 4147 sit
616 4096 821 4159 mulier,
854 4113 969 4167 qua:
995 4098 1155 4168 tangit
1186 4113 1299 4152 eum
1342 4098 1494 4170 (Luc.
1527 4101 1578 4153 7.
1616 4100 1739 4170 59),
1772 4115 1869 4155 ne-

259 4187 494 4239 scientes
552 4183 656 4240 hoc
706 4201 828 4241 esse
875 4188 1143 4257 praecipue
1193 4189 1429 4256 medici,
1484 4205 1605 4245 cum
1651 4192 1871 4262 :egrotis

262 4278 500 4346 misceri,
532 4289 587 4335 et
608 4279 758 4350 juxta
791 4282 1034 4337 infirmos
1059 4298 1277 4353 semper
1302 4285 1532 4350 versari,
1558 4300 1663 4341 non
1690 4298 1870 4342 autem

264 4368 385 4423 illos
411 4368 629 4441 fugere,
667 4380 720 4425 et
747 4373 816 4425 ab
843 4372 951 4427 illis
981 4374 1205 4429 resilire.
1236 4374 1388 4442 Quod
1415 4377 1631 4447 quidem
1662 4388 1717 4434 et
1745 4395 1868 4435 eum

265 4458 315 4511 in
358 4473 456 4514 eos
492 4460 841 4517 inveheretur
865 4462 1077 4518 dicebat
1108 4483 1120 4518 :
1153 4464 1275 4521 Non
1314 4478 1387 4522 est
1433 4485 1558 4537 opus
1588 4471 1872 4526 valentibus

259 4552 457 4605 medico
477 4594 491 4616 ,
520 4554 611 4608 sed
637 4554 772 4610 male
801 4555 1099 4612 habentibus
1122 4558 1349 4628 (Matth.
1375 4562 1427 4617 9.
1454 4563 1564 4634 12).
1606 4564 1684 4619 Ne
1710 4565 1870 4634 igitur

261 4642 445 4698 eadem
481 4660 671 4700 rursus
695 4646 991 4716 objicerent
1010 4689 1025 4713 ,
1057 4650 1203 4719 prius
1241 4652 1439 4708 indicat
1468 4670 1564 4710 eos
1589 4656 1869 4713 curatione

263 4736 453 4805 dignos
494 4751 649 4802 esse,
686 4739 777 4808 qui
814 4739 1179 4807 accedebant,
1204 4744 1274 4797 ob
1296 4743 1454 4799 ﬁdem
1478 4760 1636 4815 quam
1668 4761 1778 4816 pra
1807 4762 1866 4803 se

261 4826 519 4883 ferebant.
552 4828 840 4899 Fronterea
868 4839 922 4884 et
948 4831 1089 4886 illius
1114 4833 1457 4891 solitudinem
1484 4845 1538 4892 et
1568 4836 1864 4894 ferventem

259 4918 407 4972 istius
454 4920 618 4974 iidem
668 4928 723 4974 et
777 4922 939 4975 animi
990 4926 1465 4994 promptitudinem
1518 4928 1808 4985 declaravit
1850 4948 1864 4985 :

259 5018 538 5077 pmpterea
570 5019 681 5064 tum
714 5011 861 5065 illum
912 5011 963 5067 in
1009 5013 1233 5070 sabbato
1265 5019 1509 5081 curavit,
1558 5029 1667 5074 tum
1718 5021 1865 5078 hunc

262 5114 358 5154 non
398 5103 453 5155 in
488 5101 715 5157 sabbato
742 5120 755 5156 :
786 5114 876 5164 ut.
908 5120 1030 5160 cum
1062 5106 1185 5161 illos
1213 5108 1383 5162 altero
1422 5110 1508 5166 die
1547 5112 1747 5168 videris
1773 5130 1861 5168 re-

261 5192 598 5257 prehendere
650 5204 705 5248 et
754 5196 1036 5269 increpare
1082 5197 1393 5267 Christum,
1446 5202 1709 5275 intelligas
1750 5214 1862 5261 tum

264 5287 517 5357 temporis
538 5288 723 5352 etiam,
755 5303 861 5345 non
893 5290 1034 5359 quod
1062 5292 1285 5348 studiosi
1310 5304 1491 5349 essent
1518 5294 1651 5366 legis
1672 5296 1863 5352 obser-

258 5379 462 5443 vandm,
492 5378 929 5447 reprehendisse,
956 5397 1143 5437 verum
1164 5399 1287 5437 cum
1317 5386 1585 5455 prepriam
1610 5387 1863 5441 invidiam

259 5468 397 5524 ferre
435 5484 545 5526 non
593 5482 830 5539 possent.
861 5472 1037 5540 Quare
1082 5490 1211 5529 vero
1247 5492 1353 5530 non
1397 5478 1542 5546 prius
1574 5480 1861 5547 paralysim

256 5575 445 5614 sanare
467 5576 755 5633 aggressus
785 5573 870 5618 est
895 5606 910 5628 ,
945 5565 1036 5621 sed
1060 5566 1233 5631 dixit,
1264 5566 1505 5637 Conﬁdo,
1541 5570 1617 5637 [ili
1638 5610 1654 5634 ,
1688 5573 1863 5625 dimit-

254 5656 428 5704 tsmmr
474 5663 683 5722 peccata
727 5666 815 5707 tua
838 5655 865 5708 ?
888 5656 954 5711 Et
981 5646 1081 5712 hoc
1122 5660 1395 5729 sapienter
1434 5660 1743 5717 admodum.
1780 5664 1863 5720 Si.

258 5744 471 5814 quidem
504 5757 588 5802 est
620 5747 718 5802 hoc
750 5748 801 5802 in
840 5762 989 5805 more
1017 5751 1251 5821 positum
1276 5751 1607 5809 medicorum
1629 5798 1644 5821 ,
1672 5766 1729 5810 ut
1755 5772 1860 5812 non

259 5836 406 5904 prius
451 5837 670 5892 morbos
725 5839 961 5909 abigant,
1018 5842 1113 5897 sed
1173 5858 1359 5900 eorum
1409 5845 1583 5901 fontes
1643 5849 1853 5907 tollant.

587 5952 862 6013 Parnm.
910 5956 1025 6017 Cn.
1077 5954 1172 6017 LI.

2006 504 2259 577 Exempli
2290 521 2451 564 causa
2479 522 2852 579 saepenumero
2884 522 3005 564 cum
3032 523 3061 562 a
3111 522 3283 578 pravo
3313 506 3537 563 humore
3559 519 3614 561 et

1997 607 2249 669 corrupta
2281 600 2526 658 tluxione
2547 600 2872 657 infestantur
2891 602 3054 671 oeuli,
3084 602 3326 658 medicus
3355 604 3614 658 omittens

2001 692 2255 761 pupillam
2300 708 2499 763 εει-ειη
2547 709 2771 760 curare,
2819 693 3011 764 capitis
3053 708 3239 750 curam
3290 693 3471 764 gerit,
3520 695 3611 748 ubi

1998 783 2147 838 radix
2176 792 2230 839 et
2252 784 2374 839 fons
2417 792 2535 840 erat
2586 784 2920 854 aegritudinis
2951 802 2965 839 :
2995 785 3066 840 ita
3111 800 3327 856 quoque
3364 783 3611 841 Christus

1996 876 2149 946 agit:
2181 878 2328 947 prius
2369 878 2632 933 malorum
2682 877 2885 934 fontem
2929 879 3195 951 reprimit.
3226 879 3371 935 Fons
3414 879 3613 951 quippe
3716 872 3721 879 ’

1998 969 2265 1024 malorum
2294 977 2351 1026 et
2378 970 2529 1025 radix
2559 980 2613 1025 et
2639 979 2812 1026 mater
2858 979 2941 1026 est
2986 971 3227 1027 omnium
3267 980 3455 1026 natura
3481 986 3611 1041 pec-

1996 1060 2121 1114 cati.
2170 1060 2295 1116 llaec
2333 1070 2416 1116 est
2460 1077 2579 1130 quin
2619 1076 2848 1131 corpora
2905 1070 3087 1117 nostra
3134 1072 3299 1117 vexat
3333 1062 3608 1134 paralysi,

1996 1149 2114 1205 haec
2144 1151 2367 1208 morbos
2396 1152 2599 1207 invehit
2628 1169 2642 1219 ;
2678 1152 2879 1207 idcirco
2922 1154 3083 1207 etiam
3117 1154 3288 1222 inquit
3313 1152 3417 1207 hoc
3446 1152 3566 1207 loco
3590 1194 3603 1215 ,

1996 1240 2246 1311 Conﬁdo,
2296 1244 2405 1311 ﬁli,
2454 1244 2781 1298 dimittuntur
2826 1255 3034 1314 peccata
3080 1254 3206 1310 tua;
3249 1254 3303 1299 et
3343 1244 3453 1299 illic
3492 1244 3607 1297 ait":

1995 1332 2130 1388 Ecce
2169 1351 2327 1389 sanus
2374 1338 2541 1406 factus
2583 1353 2665 1399 es,
2714 1338 2818 1390 noli
2867 1337 3093 1407 amplius
3118 1353 3366 1407 peccare,
3399 1353 3462 1390 ne
3483 1337 3611 1407 quid

1995 1426 2213 1481 deterius
2240 1427 2329 1481 tibi
2354 1429 2614 1500 contingat
2636 1447 2657 1492 ;
2686 1418 2917 1500 utroque
2943 1430 3061 1485 loco
3082 1429 3365 1485 declarans
3386 1430 3609 1485 morbos

1995 1518 2126 1573 istos
2157 1534 2223 1573 ex
2254 1530 2476 1589 peccato
2516 1529 2672 1575 natos
2714 1536 2856 1576 esse.
2889 1520 2955 1576 Et
2979 1521 3031 1576 in
3064 1520 3330 1591 principio
3354 1530 3515 1591 atque
3552 1522 3607 1575 in

1993 1609 2218 1665 exordio
2254 1611 2544 1665 creationis
2585 1626 2653 1666 ex
2696 1621 2918 1680 peccato
2967 1612 3189 1667 morbus
3228 1611 3380 1666 Caini
3406 1626 3607 1679 corpus

1993 1702 2206 1757 invasit.
2240 1702 2374 1757 Nam
2402 1712 2455 1757 et
2480 1703 2573 1758 ille
2599 1712 2721 1774 post
2746 1702 3101 1758 fratricidium
3123 1744 3139 1770 ,
3174 1712 3296 1774 post
3325 1702 3453 1757 illud
3480 1717 3605 1757 see-

1990 1794 2095 1862 lns,
2117 1803 2226 1849 tum
2255 1795 2485 1866 paralysi
2503 1796 2745 1866 corporis
2775 1805 2856 1850 est
2882 1804 3184 1865 correptus.
3210 1794 3437 1850 Tremor
3456 1796 3601 1849 enim

1989 1889 2080 1943 ille
2107 1890 2239 1944 nihil
2270 1889 2413 1945 aliud
2447 1889 2545 1944 fuit
2566 1906 2729 1960 quam
2765 1890 3044 1961 paralysis.
3078 1890 3308 1958 Quando
3333 1889 3478 1945 enim
3509 1890 3599 1944 illa

1988 1982 2181 2050 virtus,
2214 1997 2333 2053 qua!
2363 1982 2562 2037 animal
2587 1983 2745 2052 regit,
2780 1982 3105 2037 imbecillior
3129 1991 3211 2037 est
3240 1980 3472 2047 reddita,
3500 1996 3605 2035 nec

1987 2075 2215 2144 amplius
2263 2075 2441 2130 omnia
2482 2084 2658 2146 potest
2704 2075 2945 2130 membra
2975 2084 3318 2141 sustentare,
3351 2089 3444 2129 sua
3472 2088 3602 2130 cura

1987 2162 2075 2219 illa
2094 2164 2359 2232 destituit,
2373 2175 2532 2236 atque
2547 2166 2635 2221 illa
2653 2166 2893 2221 relaxata
2917 2175 3154 2222 tremunt
3168 2167 3594 2235 etexagitantur.

2057 2256 2111 2311 ti.
2141 2255 2253 2312 Hoc
2307 2257 2773 2313 etiamindicavit
2837 2258 3067 2325 Paulus,
3113 2273 3235 2313 cum
3279 2255 3581 2312 Corinthiis

1985 2354 2263 2417 peceatum
2310 2347 2580 2418 quoddam
2626 2348 2967 2418 exprobrans
3012 2350 3089 2403 ait
3116 2366 3129 2403 :
3156 2346 3287 2403 Ideo
3334 2349 3468 2403 inter
3511 2365 3597 2402 vos

1985 2438 2131 2490 multi
2156 2439 2348 2507 inﬁrmi
2375 2447 2422 2492 et
2459 2438 2731 2494 imbecilles
2754 2440 2830 2510 (ί.
2859 2438 2979 2494 Cor.
3012 2441 3099 2495 ll.
3131 2439 3226 2509 30)
3253 2457 3267 2495 :
3300 2438 3423 2495 ideo
3443 2438 3602 2495 Chri-

1985 2538 2105 2582 stus
2147 2543 2362 2599 quoque
2412 2529 2561 2599 prius
2589 2544 2810 2585 causam
2861 2531 3127 2586 malorum
3162 2530 3336 2598 tollit,
3364 2528 3600 2601 'cumque

1983 2619 2243 2675 dixisset:
2271 2620 2505 2691 Con/ide,
2530 2621 2629 2690 ﬁli,
2654 2620 2979 2676 dimittuntur
3003 2630 3210 2693 peccata
3232 2631 3340 2690 tua,
3358 2622 3596 2677 animum

1983 2711 2101 2781 ejus
2143 2712 2338 2782 erigit,
2387 2712 2768 2783 dejectamque
2820 2721 3059 2768 mentem
3113 2712 3316 2769 excitat
3344 2728 3361 2771 :
3392 2713 3593 2784 quippe

1983 2819 2165 2860 sermo
2194 2805 2441 2875 prodibat
2464 2806 2516 2859 in
2543 2819 2703 2876 Opus,
2723 2815 2779 2860 et
2806 2806 2858 2860 in
2890 2805 3280 2861 conscientiam
3304 2815 3596 2877 penetrans

1982 2897 2216 2951 animam
2250 2897 2422 2965 ipsam
2454 2897 2741 2963 movebat,
2773 2912 2837 2953 ac
2864 2907 3065 2953 metum
3112 2914 3329 2953 omnem
3359 2898 3601 2968 expelle-

1983 2987 2093 3043 bat.
2120 2986 2281 3061 [Nihil
2312 2989 2456 3043 enim
2487 2998 2570 3045 est
2604 2990 2746 3059 quod
2772 2990 2839 3044 ita
2883 2989 3227 3046 formidinem
3257 3005 3320 3046 ac
3342 2990 3595 3045 timorem

1983 3078 2224 3149 injiciat,
2250 3090 2307 3134 ut
2333 3082 2665 3149 conscientia
2694 3090 3039 3151 peccatorum
3074 3101 3089 3137 :
3124 3082 3142 3156 ]
3181 3083 3313 3138 nihil
3339 3083 3410 3137 ita
3439 3084 3595 3137 volu-

1983 3181 2185 3242 ptatem
2215 3169 2374 3242 parit;
2405 3181 2459 3227 et
2486 3172 2866 3228 conﬁdentiam
2899 3175 3201 3245 ingenerat,
3230 3189 3294 3230 ac
3318 3176 3363 3230 si
3391 3175 3594 3229 nullius

1982 3265 2102 3336 quis
2130 3264 2351 3319 sceleris
2380 3264 2482 3318 sibi
2508 3265 2577 3320 sit
2604 3265 2874 3324 conscius.
2906 3264 3142 3335 Con/ide,
3167 3265 3249 3337 ﬁli
3273 3306 3288 3331 ,
3317 3266 3591 3320 dimittun-

1984 3367 2066 3411 tur
2092 3366 2300 3426 peccata
2343 3367 2451 3411 tua.
2482 3357 2581 3412 Ubi
2610 3358 2754 3412 enim
2804 3358 3053 3413 remissio
3075 3368 3162 3414 est
3190 3368 3537 3431 peccatorum
3574 3401 3589 3421 .

1987 3447 2095 3502 illic
2120 3456 2174 3502 et
2200 3448 2419 3518 adoptio
2441 3456 2525 3503 est
2548 3447 2800 3503 filiorum.
2838 3450 2912 3504 Ita
2940 3464 3040 3504 nos
3067 3465 3280 3521 quoque
3305 3465 3412 3506 non
3434 3450 3588 3520 prius

1987 3537 2202 3593 Patrem
2230 3553 2515 3609 possumus
2535 3540 2829 3609 appellare,
2855 3557 3015 3610 quam
3038 3542 3091 3596 in
3123 3557 3400 3598 sacrarum
3423 3558 3593 3613 aqua-

1982 3644 2101 3683 rum
2129 3630 2343 3685 lavacro
2388 3638 2607 3700 peccata
2650 3630 3088 3687 ahsterserimus.
3143 3632 3376 3701 Quando
3429 3633 3594 3704 igitur

1982 3724 2124 3778 mala
2153 3724 2240 3778 illa
2269 3724 2512 3794 deposita
2542 3725 2754 3779 sarcina
2789 3725 2913 3781 inde
2931 3725 3297 3793 ascendimus,
3327 3734 3439 3780 tum
3468 3726 3597 3779 dici-

1984 3829 2136 3880 mus,
2179 3813 2337 3869 Pater
2364 3825 2552 3883 noster,
2581 3817 2667 3885 qui
2693 3834 2743 3871 es
2783 3818 2836 3871 in
2863 3819 3022 3873 caelis.
3046 3816 3251 3873 Verum
3285 3820 3427 3874 enim
3460 3834 3593 3873 vero

1981 3906 2134 3977 cuius
2165 3908 2241 3962 rei
2272 3908 2440 3977 gratia
2474 3923 2579 3962 non
2609 3909 2679 3962 ita
2708 3926 2767 3964 se
2796 3911 2963 3980 gessit
2990 3926 3117 3982 erga
3149 3912 3297 3966 illum
3320 3954 3335 3977 ,
3370 3912 3460 3983 qui
3492 3914 3593 3965 tri~

1980 4000 2127 4069 ginta
2174 4008 2297 4054 octo
2340 4014 2512 4053 annos
2558 3999 2828 4066 habebat,
2883 4002 2979 4056 sed
3013 4004 3164 4073 prius
3207 4004 3351 4058 illius
3393 4018 3596 4074 corpus

1980 4090 2227 4144 curavit?
2267 4089 2529 4157 Quoniam
2580 4090 2655 4145 iili
2710 4092 2927 4161 quidem
2973 4094 3234 4162 temporis
3287 4095 3594 4164 prolixitate

1981 4184 2191 4240 fuerant
2219 4192 2535 4257 consumpta
2561 4194 2779 4256 peccata
2812 4204 2824 4239 :
2856 4196 3029 4257 potest
3059 4189 3203 4243 enim
3235 4189 3591 4243 tentatiomnn

1979 4277 2217 4345 gravitas
2269 4293 2407 4331 onus
2450 4287 2793 4347 peccatorum
2855 4278 3025 4334 levius
3066 4279 3294 4336 reddere
3337 4297 3353 4336 :
3400 4296 3593 4352 quem-

1982 4366 2274 4422 admodum
2296 4379 2349 4423 et
2375 4369 2443 4424 de
2472 4369 2674 4424 Lazaro
2701 4370 2998 4436 dixit,eum
3022 4371 3159 4425 mala
3175 4386 3271 4426 sua
3299 4372 3591 4443 recepisse.

1984 4467 2145 4528 atque
2178 4458 2265 4513 hic
2290 4460 2560 4514 consolari
2592 4477 2605 4513 ε
2639 4468 2693 4515 et
2719 4476 2909 4515 rursus
2934 4462 3009 4515 ait
3035 4461 3163 4516 alibi
3195 4479 3207 4514 :
3241 4459 3595 4517 Consolamini

1984 4554 2232 4623 papulum
2258 4570 2425 4606 meum
2449 4594 2464 4620 ,
2507 4553 2773 4625 loquimini
2804 4555 2871 4607 ad
2902 4570 2989 4607 cor
3013 4552 3325 4619 Jerusalem,
3356 4555 3477 4625 quia
3506 4572 3596 4610 rc-

1978 4646 2109 4714 cepit
2139 4647 2202 4699 de
2229 4662 2385 4699 manu
2424 4644 2632 4699 Domini
2670 4646 2898 4715 duplicia
2926 4651 3135 4713 peccata
3157 4660 3254 4698 sua
3281 4644 3477 4717 (Hemi.
3498 4642 3589 4708 40,

1980 4738 2031 4790 1.
2062 4736 2143 4807 ‘2).
2170 4738 2235 4792 Et
2260 4738 2452 4793 iterum
2484 4738 2747 4808 propheta
2784 4757 2796 4792 :
2832 4738 3053 4793 Domine
3074 4781 3091 4807 ,
3115 4757 3291 4810 pacem
3312 4741 3381 4794 da
3411 4740 3554 4796 nobis
3574 4782 3591 4807 ,

1979 4831 2152 4883 omnia
2178 4831 2313 4883 enim
2340 4830 2607 4885 reddidisti
2635 4832 2779 4885 nobis
2809 4829 2962 4903 (llos.
2993 4831 3085 4887 26.
3117 4834 3209 4903 l2)
3232 4876 3245 4898 ,
3275 4835 3592 4903 significans

1980 4936 2170 4989 poenas
2213 4931 2269 4975 et
2296 4922 2559 4991 supplicia
2602 4923 2814 4977 veniam
2852 4923 3147 4994 impetrare
3201 4936 3549 4995 peccatorum
3575 4968 3591 4992 ,

1980 5011 2141 5082 idque
2174 5012 2415 5081 plurimis
2437 5030 2503 5069 ex
2537 5016 2670 5069 locis
2698 5027 2875 5087 potest
2893 5018 3279 5073 demonstrari.

2056 5104 2383 5159 Divinitatem
2415 5123 2560 5161 suam
2608 5108 2803 5161 indicat
2840 5106 3093 5164 Christus.
3123 5136 3195 5150 -ο
3225 5107 3409 5180 itaque
3460 5107 3595 5163 nihil

1977 5196 2108 5251 mihi
2156 5197 2366 5251 videtur
2392 5197 2459 5253 de
2491 5210 2832 5269 peccatorum
2873 5200 3195 5257 remissione
3216 5200 3420 5255 dixisse
3447 5243 3461 5267 ,
3492 5202 3589 5255 sed

1978 5286 2029 5340 in
2060 5298 2333 5359 posterum
2356 5290 2505 5344 illum
2534 5292 3046 5361 praemunisse,cum
3067 5306 3130 5348 ea
3152 5308 3272 5364 qum
3295 5292 3507 5348 fuerant
3526 5296 3595 5347 ab

1979 5382 2072 5436 illo
2099 5384 2386 5437 commissa
2405 5384 2516 5453 jam
2545 5386 2881 5456 :rgritudinis
2907 5396 3090 5442 essent
3111 5385 3415 5456 prolixitate
3443 5386 3589 5440 dele-

1981 5484 2030 5529 ta
2066 5492 2080 5529 :
2114 5485 2205 5529 aut
2229 5477 2272 5530 si
2301 5476 2404 5532 hoc
2428 5493 2531 5532 non
2561 5481 2650 5543 sit,
2678 5488 2960 5549 propterea
2990 5479 3132 5551 quod
3167 5479 3405 5534 nondum
3427 5478 3588 5548 quid-

1983 5582 2143 5635 quam
2174 5584 2430 5639 maguum
2461 5570 2533 5624 illi
2566 5570 2741 5625 fuerat
2769 5571 2836 5627 de
2874 5570 3095 5628 Christo
3122 5588 3438 5644 persuasum
3462 5614 3477 5639 ,
3511 5572 3594 5626 id-

1980 5663 2126 5716 circo
2147 5660 2212 5716 ad
2237 5660 2288 5715 id
2317 5663 2459 5733 quod
2494 5665 2670 5719 minus
2696 5676 2813 5721 erat
2835 5711 2849 5732 ,
2878 5668 3025 5737 prius
3067 5668 3331 5733 accessit,
3364 5677 3419 5723 et
3449 5669 3591 5738 quod

1979 5755 2201 5811 evidens
2229 5771 2291 5809 ac
2322 5756 2685 5824 manifestum,
2711 5760 2965 5815 nimirum
2988 5761 3233 5833 corporis
3251 5760 3536 5815 sanitatem
3571 5778 3585 5815 :

1979 5851 2033 5905 in
2068 5849 2166 5905 hoc
2199 5859 2377 5905 autem
2406 5866 2509 5906 non
2537 5851 2605 5906 ita
2629 5892 2644 5919 ,
2674 5852 2766 5908 scd
2794 5854 3048 5923 quoniam
3096 5854 3264 5925 magis
3306 5849 3581 5914 credebat,

3136 5951 3175 6013 ιι
