  <div class='ocr_page' id='page_1' title='image "/cluster/home/n/w/nwhite01/storage/ocr_20150623/51/pst.000005712502/061.png"; bbox 0 0 4218 6294; ppageno 0'>
   <div class='ocr_carea' id='block_1_1' title="bbox 659 369 730 424">
    <p class='ocr_par' dir='ltr' id='par_1_1' title="bbox 659 369 730 424">
     <span class='ocr_line' id='line_1_1' title="bbox 659 369 730 424; baseline 0.014 -1"><span class='ocrx_word' id='word_1_1' title='bbox 659 369 730 424; x_wconf 75' lang='grc'><strong>5)</strong></span> 
     </span>
    </p>
   </div>
   <div class='ocr_carea' id='block_1_2' title="bbox 659 476 2248 548">
    <p class='ocr_par' dir='ltr' id='par_1_2' title="bbox 659 476 2248 548">
     <span class='ocr_line' id='line_1_2' title="bbox 659 476 2248 548; baseline -0.002 -15"><span class='ocrx_word' id='word_1_2' title='bbox 659 493 714 536; x_wconf 71' lang='lat' dir='ltr'><strong>ot</strong></span> <span class='ocrx_word' id='word_1_3' title='bbox 741 480 1038 535; x_wconf 83' lang='lat' dir='ltr'><strong>sublimiori</strong></span> <span class='ocrx_word' id='word_1_4' title='bbox 1067 489 1244 535; x_wconf 76' lang='lat' dir='ltr'><strong>tuente</strong></span> <span class='ocrx_word' id='word_1_5' title='bbox 1270 477 1523 547; x_wconf 76' lang='lat' dir='ltr'><strong>praeditus</strong></span> <span class='ocrx_word' id='word_1_6' title='bbox 1551 487 1700 543; x_wconf 86' lang='lat' dir='ltr'><strong>erat,</strong></span> <span class='ocrx_word' id='word_1_7' title='bbox 1735 486 2015 548; x_wconf 86' lang='lat' dir='ltr'><strong>propterea</strong></span> <span class='ocrx_word' id='word_1_8' title='bbox 2036 476 2104 532; x_wconf 90' lang='lat' dir='ltr'><strong>de</strong></span> <span class='ocrx_word' id='word_1_9' title='bbox 2128 492 2248 548; x_wconf 82' lang='lat' dir='ltr'><strong>gra-</strong></span> 
     </span>
    </p>
   </div>
   <div class='ocr_carea' id='block_1_3' title="bbox 661 569 2257 642">
    <p class='ocr_par' dir='ltr' id='par_1_3' title="bbox 661 569 2257 642">
     <span class='ocr_line' id='line_1_3' title="bbox 661 569 2257 642; baseline -0.001 -18"><span class='ocrx_word' id='word_1_10' title='bbox 661 573 794 626; x_wconf 75' lang='lat' dir='ltr'><strong>viori</strong></span> <span class='ocrx_word' id='word_1_11' title='bbox 831 575 979 642; x_wconf 89' lang='lat' dir='ltr'><strong>prius</strong></span> <span class='ocrx_word' id='word_1_12' title='bbox 1009 571 1327 641; x_wconf 88' lang='lat' dir='ltr'><strong>apud-ilium</strong></span> <span class='ocrx_word' id='word_1_13' title='bbox 1369 569 1558 623; x_wconf 91' lang='lat' dir='ltr'><strong>morbo</strong></span> <span class='ocrx_word' id='word_1_14' title='bbox 1585 569 1839 624; x_wconf 83' lang='lat' dir='ltr'><strong>disseruit</strong></span> <span class='ocrx_word' id='word_1_15' title='bbox 1870 587 1881 621; x_wconf 87' lang='lat'>:</span> <span class='ocrx_word' id='word_1_16' title='bbox 1913 577 2108 638; x_wconf 57' lang='lat' dir='ltr'><strong>praeter</strong></span> <span class='ocrx_word' id='word_1_17' title='bbox 2139 569 2257 623; x_wconf 67' lang='lat' dir='ltr'><strong>hinc</strong></span> 
     </span>
    </p>
   </div>
   <div class='ocr_carea' id='block_1_4' title="bbox 660 658 2256 728">
    <p class='ocr_par' dir='ltr' id='par_1_4' title="bbox 660 658 2256 728">
     <span class='ocr_line' id='line_1_4' title="bbox 660 658 2256 728; baseline -0.003 -12"><span class='ocrx_word' id='word_1_18' title='bbox 660 663 863 723; x_wconf 84' lang='lat' dir='ltr'><strong>munia,</strong></span> <span class='ocrx_word' id='word_1_19' title='bbox 890 661 1066 716; x_wconf 88' lang='lat' dir='ltr'><strong>ntsihi</strong></span> <span class='ocrx_word' id='word_1_20' title='bbox 1113 661 1372 728; x_wconf 74' lang='lat' dir='ltr'><strong>:cqualem</strong></span> <span class='ocrx_word' id='word_1_21' title='bbox 1417 676 1537 713; x_wconf 90' lang='lat' dir='ltr'><strong>cum</strong></span> <span class='ocrx_word' id='word_1_22' title='bbox 1586 659 1746 715; x_wconf 87' lang='lat' dir='ltr'><strong>Patre</strong></span> <span class='ocrx_word' id='word_1_23' title='bbox 1771 658 1952 715; x_wconf 83' lang='lat' dir='ltr'><strong>deberi</strong></span> <span class='ocrx_word' id='word_1_24' title='bbox 1996 659 2256 712; x_wconf 82' lang='lat' dir='ltr'><strong>honorem</strong></span> 
     </span>
    </p>
   </div>
   <div class='ocr_carea' id='block_1_5' title="bbox 659 749 2258 820">
    <p class='ocr_par' dir='ltr' id='par_1_5' title="bbox 659 749 2258 820">
     <span class='ocr_line' id='line_1_5' title="bbox 659 749 2258 820; baseline -0.002 -13"><span class='ocrx_word' id='word_1_25' title='bbox 659 755 994 808; x_wconf 89' lang='lat' dir='ltr'><strong>ostenderet.</strong></span> <span class='ocrx_word' id='word_1_26' title='bbox 1039 751 1110 808; x_wconf 87' lang='lat' dir='ltr'><strong>Ut</strong></span> <span class='ocrx_word' id='word_1_27' title='bbox 1145 754 1288 807; x_wconf 90' lang='lat' dir='ltr'><strong>enim</strong></span> <span class='ocrx_word' id='word_1_28' title='bbox 1338 753 1444 806; x_wconf 92' lang='lat' dir='ltr'><strong>illic</strong></span> <span class='ocrx_word' id='word_1_29' title='bbox 1477 753 1529 806; x_wconf 93' lang='lat' dir='ltr'><strong>in</strong></span> <span class='ocrx_word' id='word_1_30' title='bbox 1583 752 1805 806; x_wconf 91' lang='lat' dir='ltr'><strong>sabbato</strong></span> <span class='ocrx_word' id='word_1_31' title='bbox 1844 752 2084 815; x_wconf 88' lang='lat' dir='ltr'><strong>curavit,</strong></span> <span class='ocrx_word' id='word_1_32' title='bbox 2116 749 2258 820; x_wconf 91' lang='lat' dir='ltr'><strong>quod</strong></span> 
     </span>
    </p>
   </div>
   <div class='ocr_carea' id='block_1_6' title="bbox 661 843 2261 911">
    <p class='ocr_par' dir='ltr' id='par_1_6' title="bbox 661 843 2261 911">
     <span class='ocr_line' id='line_1_6' title="bbox 661 843 2261 911; baseline -0.001 -15"><span class='ocrx_word' id='word_1_33' title='bbox 661 860 761 899; x_wconf 87' lang='lat' dir='ltr'><strong>eos</strong></span> <span class='ocrx_word' id='word_1_34' title='bbox 786 845 943 898; x_wconf 86' lang='lat' dir='ltr'><strong>vellet</strong></span> <span class='ocrx_word' id='word_1_35' title='bbox 971 859 1000 897; x_wconf 89' lang='lat' dir='ltr'><strong>a</strong></span> <span class='ocrx_word' id='word_1_36' title='bbox 1026 843 1245 898; x_wconf 83' lang='lat' dir='ltr'><strong>Judaica</strong></span> <span class='ocrx_word' id='word_1_37' title='bbox 1269 843 1644 898; x_wconf 74' lang='lat' dir='ltr'><strong>observatione</strong></span> <span class='ocrx_word' id='word_1_38' title='bbox 1674 856 1929 896; x_wconf 88' lang='lat' dir='ltr'><strong>revocare</strong></span> <span class='ocrx_word' id='word_1_39' title='bbox 1957 881 1971 904; x_wconf 91' lang='lat'><strong>,</strong></span> <span class='ocrx_word' id='word_1_40' title='bbox 2004 851 2164 911; x_wconf 87' lang='lat' dir='ltr'><strong>atque</strong></span> <span class='ocrx_word' id='word_1_41' title='bbox 2193 856 2261 895; x_wconf 73' lang='lat' dir='ltr'><strong>es</strong></span> 
     </span>
    </p>
   </div>
   <div class='ocr_carea' id='block_1_7' title="bbox 668 933 2262 1003">
    <p class='ocr_par' dir='ltr' id='par_1_7' title="bbox 668 933 2262 1003">
     <span class='ocr_line' id='line_1_7' title="bbox 668 933 2262 1003; baseline -0.004 -10"><span class='ocrx_word' id='word_1_42' title='bbox 668 939 881 994; x_wconf 89' lang='lat' dir='ltr'><strong>illorum</strong></span> <span class='ocrx_word' id='word_1_43' title='bbox 905 937 1367 991; x_wconf 75' lang='lat' dir='ltr'><strong>criminationibus</strong></span> <span class='ocrx_word' id='word_1_44' title='bbox 1390 937 1724 990; x_wconf 85' lang='lat' dir='ltr'><strong>occasionem</strong></span> <span class='ocrx_word' id='word_1_45' title='bbox 1746 943 1985 1003; x_wconf 88' lang='lat' dir='ltr'><strong>captaret</strong></span> <span class='ocrx_word' id='word_1_46' title='bbox 2001 933 2262 1002; x_wconf 72' lang='lat' dir='ltr'><strong>mquaiem</strong></span> 
     </span>
    </p>
   </div>
   <div class='ocr_carea' id='block_1_8' title="bbox 669 1024 2334 1095">
    <p class='ocr_par' dir='ltr' id='par_1_8' title="bbox 669 1024 2334 1095">
     <span class='ocr_line' id='line_1_8' title="bbox 669 1024 2334 1095; baseline -0.005 -9"><span class='ocrx_word' id='word_1_47' title='bbox 669 1047 728 1086; x_wconf 91' lang='lat' dir='ltr'><strong>se</strong></span> <span class='ocrx_word' id='word_1_48' title='bbox 745 1031 984 1086; x_wconf 86' lang='lat' dir='ltr'><strong>Genitori</strong></span> <span class='ocrx_word' id='word_1_49' title='bbox 1015 1030 1336 1085; x_wconf 82' lang='lat' dir='ltr'><strong>ostendendi</strong></span> <span class='ocrx_word' id='word_1_50' title='bbox 1364 1048 1374 1081; x_wconf 93' lang='lat'>:</span> <span class='ocrx_word' id='word_1_51' title='bbox 1401 1031 1470 1083; x_wconf 92' lang='lat' dir='ltr'><strong>ita</strong></span> <span class='ocrx_word' id='word_1_52' title='bbox 1499 1028 1746 1082; x_wconf 88' lang='lat' dir='ltr'><strong>nimirum</strong></span> <span class='ocrx_word' id='word_1_53' title='bbox 1774 1035 1828 1082; x_wconf 81' lang='lat' dir='ltr'><strong>et</strong></span> <span class='ocrx_word' id='word_1_54' title='bbox 1850 1026 1936 1081; x_wconf 91' lang='lat' dir='ltr'><strong>hic</strong></span> <span class='ocrx_word' id='word_1_55' title='bbox 1965 1024 2265 1095; x_wconf 72' lang='lat' dir='ltr'><strong>praevidens</strong></span> <span class='ocrx_word' id='word_1_56' title='bbox 2330 1035 2334 1039; x_wconf 75' lang='lat'><strong><em>&#39;</em></strong></span> 
     </span>
    </p>
   </div>
   <div class='ocr_carea' id='block_1_9' title="bbox 672 1115 2261 1193">
    <p class='ocr_par' dir='ltr' id='par_1_9' title="bbox 672 1115 2261 1193">
     <span class='ocr_line' id='line_1_9' title="bbox 672 1115 2261 1193; baseline -0.008 -16"><span class='ocrx_word' id='word_1_57' title='bbox 672 1123 814 1193; x_wconf 85' lang='lat' dir='ltr'><strong>quod</strong></span> <span class='ocrx_word' id='word_1_58' title='bbox 842 1133 995 1177; x_wconf 87' lang='lat' dir='ltr'><strong>erant</strong></span> <span class='ocrx_word' id='word_1_59' title='bbox 1025 1123 1242 1186; x_wconf 88' lang='lat' dir='ltr'><strong>dicturi,</strong></span> <span class='ocrx_word' id='word_1_60' title='bbox 1276 1124 1388 1173; x_wconf 61' lang='lat' dir='ltr'><strong>ltaéc</strong></span> <span class='ocrx_word' id='word_1_61' title='bbox 1407 1119 1566 1174; x_wconf 80' lang='lat' dir='ltr'><strong>verba</strong></span> <span class='ocrx_word' id='word_1_62' title='bbox 1599 1117 1848 1188; x_wconf 89' lang='lat' dir='ltr'><strong>protulit,</strong></span> <span class='ocrx_word' id='word_1_63' title='bbox 1879 1126 1933 1169; x_wconf 93' lang='lat' dir='ltr'><strong>ut</strong></span> <span class='ocrx_word' id='word_1_64' title='bbox 1961 1116 2083 1169; x_wconf 90' lang='lat' dir='ltr'><strong>hinc</strong></span> <span class='ocrx_word' id='word_1_65' title='bbox 2112 1115 2261 1168; x_wconf 87' lang='lat' dir='ltr'><strong>initio</strong></span> 
     </span>
    </p>
   </div>
   <div class='ocr_carea' id='block_1_10' title="bbox 675 1209 2267 1283">
    <p class='ocr_par' dir='ltr' id='par_1_10' title="bbox 675 1209 2267 1283">
     <span class='ocr_line' id='line_1_10' title="bbox 675 1209 2267 1283; baseline -0.009 -13"><span class='ocrx_word' id='word_1_66' title='bbox 675 1219 856 1283; x_wconf 89' lang='lat' dir='ltr'><strong>ducto,</strong></span> <span class='ocrx_word' id='word_1_67' title='bbox 874 1228 928 1271; x_wconf 90' lang='lat' dir='ltr'><strong>et</strong></span> <span class='ocrx_word' id='word_1_68' title='bbox 949 1215 1228 1269; x_wconf 91' lang='lat' dir='ltr'><strong>occasione</strong></span> <span class='ocrx_word' id='word_1_69' title='bbox 1254 1222 1462 1281; x_wconf 87' lang='lat' dir='ltr'><strong>sumpta</strong></span> <span class='ocrx_word' id='word_1_70' title='bbox 1486 1212 1820 1265; x_wconf 79' lang='lat' dir='ltr'><strong>demonstret</strong></span> <span class='ocrx_word' id='word_1_71' title='bbox 1843 1209 2030 1276; x_wconf 60' lang='lat' dir='ltr'><strong>aequali</strong></span> <span class='ocrx_word' id='word_1_72' title='bbox 2061 1221 2120 1260; x_wconf 89' lang='lat' dir='ltr'><strong>se</strong></span> <span class='ocrx_word' id='word_1_73' title='bbox 2146 1220 2267 1258; x_wconf 91' lang='lat' dir='ltr'><strong>cum</strong></span> 
     </span>
    </p>
   </div>
   <div class='ocr_carea' id='block_1_11' title="bbox 679 1302 2270 1378">
    <p class='ocr_par' dir='ltr' id='par_1_11' title="bbox 679 1302 2270 1378">
     <span class='ocr_line' id='line_1_11' title="bbox 679 1302 2270 1378; baseline -0.008 -15"><span class='ocrx_word' id='word_1_74' title='bbox 679 1312 935 1365; x_wconf 78' lang='lat' dir='ltr'><strong>Genitore</strong></span> <span class='ocrx_word' id='word_1_75' title='bbox 981 1308 1198 1378; x_wconf 81' lang='lat' dir='ltr'><strong>dignum</strong></span> <span class='ocrx_word' id='word_1_76' title='bbox 1234 1305 1456 1358; x_wconf 87' lang='lat' dir='ltr'><strong>honore.</strong></span> <span class='ocrx_word' id='word_1_77' title='bbox 1482 1303 1594 1357; x_wconf 82' lang='lat' dir='ltr'><strong>Non</strong></span> <span class='ocrx_word' id='word_1_78' title='bbox 1637 1302 1779 1355; x_wconf 91' lang='lat' dir='ltr'><strong>enim</strong></span> <span class='ocrx_word' id='word_1_79' title='bbox 1810 1315 1874 1354; x_wconf 67' lang='lat' dir='ltr'><strong>ex</strong></span> <span class='ocrx_word' id='word_1_80' title='bbox 1915 1315 2068 1368; x_wconf 53' lang='lat' dir='ltr'><strong>atquo</strong></span> <span class='ocrx_word' id='word_1_81' title='bbox 2099 1313 2155 1352; x_wconf 88' lang='lat' dir='ltr'><strong>se</strong></span> <span class='ocrx_word' id='word_1_82' title='bbox 2187 1311 2270 1350; x_wconf 81' lang='lat' dir='ltr'><strong>res</strong></span> 
     </span>
    </p>
   </div>
   <div class='ocr_carea' id='block_1_12' title="bbox 681 1394 2269 1466">
    <p class='ocr_par' dir='ltr' id='par_1_12' title="bbox 681 1394 2269 1466">
     <span class='ocr_line' id='line_1_12' title="bbox 681 1394 2269 1466; baseline -0.011 -9"><span class='ocrx_word' id='word_1_83' title='bbox 681 1404 877 1466; x_wconf 82' lang='lat' dir='ltr'><strong>habet,</strong></span> <span class='ocrx_word' id='word_1_84' title='bbox 907 1403 953 1455; x_wconf 88' lang='lat' dir='ltr'><strong>si</strong></span> <span class='ocrx_word' id='word_1_85' title='bbox 987 1401 1198 1455; x_wconf 88' lang='lat' dir='ltr'><strong>nemine</strong></span> <span class='ocrx_word' id='word_1_86' title='bbox 1241 1395 1675 1466; x_wconf 83' lang='lat' dir='ltr'><strong>reprehendente</strong></span> <span class='ocrx_word' id='word_1_87' title='bbox 1704 1394 1786 1447; x_wconf 91' lang='lat' dir='ltr'><strong>vel</strong></span> <span class='ocrx_word' id='word_1_88' title='bbox 1823 1401 2109 1447; x_wconf 78' lang='lat' dir='ltr'><strong>accusante</strong></span> <span class='ocrx_word' id='word_1_89' title='bbox 2131 1433 2143 1453; x_wconf 92' lang='lat'><strong>,</strong></span> <span class='ocrx_word' id='word_1_90' title='bbox 2176 1405 2269 1443; x_wconf 91' lang='lat' dir='ltr'><strong>sna</strong></span> 
     </span>
    </p>
   </div>
   <div class='ocr_carea' id='block_1_13' title="bbox 682 1482 2274 1564">
    <p class='ocr_par' dir='ltr' id='par_1_13' title="bbox 682 1482 2274 1564">
     <span class='ocr_line' id='line_1_13' title="bbox 682 1482 2274 1564; baseline -0.009 -16"><span class='ocrx_word' id='word_1_91' title='bbox 682 1502 876 1564; x_wconf 80' lang='lat' dir='ltr'><strong>sponte</strong></span> <span class='ocrx_word' id='word_1_92' title='bbox 904 1492 1024 1562; x_wconf 89' lang='lat' dir='ltr'><strong>quis</strong></span> <span class='ocrx_word' id='word_1_93' title='bbox 1047 1492 1098 1544; x_wconf 91' lang='lat' dir='ltr'><strong>in</strong></span> <span class='ocrx_word' id='word_1_94' title='bbox 1130 1504 1432 1543; x_wconf 87' lang='lat' dir='ltr'><strong>sermonem</strong></span> <span class='ocrx_word' id='word_1_95' title='bbox 1476 1487 1544 1541; x_wconf 87' lang='lat' dir='ltr'><strong>de</strong></span> <span class='ocrx_word' id='word_1_96' title='bbox 1575 1485 1659 1540; x_wconf 86' lang='lat' dir='ltr'><strong>his</strong></span> <span class='ocrx_word' id='word_1_97' title='bbox 1690 1484 1988 1547; x_wconf 79' lang='lat' dir='ltr'><strong>delabatur,</strong></span> <span class='ocrx_word' id='word_1_98' title='bbox 2022 1490 2075 1536; x_wconf 90' lang='lat' dir='ltr'><strong>et</strong></span> <span class='ocrx_word' id='word_1_99' title='bbox 2112 1482 2156 1534; x_wconf 90' lang='lat' dir='ltr'><strong>si</strong></span> <span class='ocrx_word' id='word_1_100' title='bbox 2172 1496 2274 1534; x_wconf 62' lang='lat' dir='ltr'><strong>cat-</strong></span> 
     </span>
    </p>
   </div>
   <div class='ocr_carea' id='block_1_14' title="bbox 685 1571 2278 1651">
    <p class='ocr_par' dir='ltr' id='par_1_14' title="bbox 685 1571 2278 1651">
     <span class='ocr_line' id='line_1_14' title="bbox 685 1571 2278 1651; baseline -0.009 -13"><span class='ocrx_word' id='word_1_101' title='bbox 685 1588 814 1639; x_wconf 84' lang='lat' dir='ltr'><strong>teris</strong></span> <span class='ocrx_word' id='word_1_102' title='bbox 841 1598 1056 1639; x_wconf 84' lang='lat' dir='ltr'><strong>causam</strong></span> <span class='ocrx_word' id='word_1_103' title='bbox 1083 1582 1462 1651; x_wconf 71' lang='lat' dir='ltr'><strong>prtcbentibus,</strong></span> <span class='ocrx_word' id='word_1_104' title='bbox 1487 1581 1702 1632; x_wconf 87' lang='lat' dir='ltr'><strong>nomine</strong></span> <span class='ocrx_word' id='word_1_105' title='bbox 1726 1591 1788 1629; x_wconf 91' lang='lat' dir='ltr'><strong>ac</strong></span> <span class='ocrx_word' id='word_1_106' title='bbox 1819 1575 1996 1645; x_wconf 88' lang='lat' dir='ltr'><strong>specie</strong></span> <span class='ocrx_word' id='word_1_107' title='bbox 2018 1571 2278 1626; x_wconf 86' lang='lat' dir='ltr'><strong>defensio-</strong></span> 
     </span>
    </p>
   </div>
   <div class='ocr_carea' id='block_1_15' title="bbox 687 1665 2278 1744">
    <p class='ocr_par' dir='ltr' id='par_1_15' title="bbox 687 1665 2278 1744">
     <span class='ocr_line' id='line_1_15' title="bbox 687 1665 2278 1744; baseline -0.008 -14"><span class='ocrx_word' id='word_1_108' title='bbox 687 1678 770 1731; x_wconf 89' lang='lat' dir='ltr'><strong>nis</strong></span> <span class='ocrx_word' id='word_1_109' title='bbox 798 1676 901 1730; x_wconf 91' lang='lat' dir='ltr'><strong>hoc</strong></span> <span class='ocrx_word' id='word_1_110' title='bbox 946 1677 1117 1744; x_wconf 83' lang='lat' dir='ltr'><strong>ipsum</strong></span> <span class='ocrx_word' id='word_1_111' title='bbox 1148 1673 1477 1744; x_wconf 65' lang='lat' dir='ltr'><strong>prmstiterit.</strong></span> <span class='ocrx_word' id='word_1_112' title='bbox 1528 1670 1658 1723; x_wconf 83' lang='lat' dir='ltr'><strong>Nam</strong></span> <span class='ocrx_word' id='word_1_113' title='bbox 1693 1669 1783 1722; x_wconf 89' lang='lat' dir='ltr'><strong>ille</strong></span> <span class='ocrx_word' id='word_1_114' title='bbox 1813 1666 2026 1737; x_wconf 87' lang='lat' dir='ltr'><strong>quidem</strong></span> <span class='ocrx_word' id='word_1_115' title='bbox 2055 1665 2278 1719; x_wconf 56' lang='lat' dir='ltr'><strong>demono</strong></span> 
     </span>
    </p>
   </div>
   <div class='ocr_carea' id='block_1_16' title="bbox 695 1755 2278 1819">
    <p class='ocr_par' dir='ltr' id='par_1_16' title="bbox 695 1755 2278 1819">
     <span class='ocr_line' id='line_1_16' title="bbox 695 1755 2278 1819; baseline -0.008 0"><span class='ocrx_word' id='word_1_116' title='bbox 695 1766 985 1819; x_wconf 70' lang='lat' dir='ltr'><strong>strationis.</strong></span> <span class='ocrx_word' id='word_1_117' title='bbox 1010 1764 1200 1818; x_wconf 89' lang='lat' dir='ltr'><strong>modos</strong></span> <span class='ocrx_word' id='word_1_118' title='bbox 1232 1763 1502 1816; x_wconf 88' lang='lat' dir='ltr'><strong>auditores</strong></span> <span class='ocrx_word' id='word_1_119' title='bbox 1521 1759 1833 1815; x_wconf 82' lang='lat' dir='ltr'><strong>oﬂ‘endisset</strong></span> <span class='ocrx_word' id='word_1_120' title='bbox 1860 1777 1871 1809; x_wconf 91' lang='lat'><strong>:</strong></span> <span class='ocrx_word' id='word_1_121' title='bbox 1896 1756 1990 1811; x_wconf 88' lang='lat' dir='ltr'><strong>hic</strong></span> <span class='ocrx_word' id='word_1_122' title='bbox 2022 1771 2150 1808; x_wconf 83' lang='lat' dir='ltr'><strong>vero</strong></span> <span class='ocrx_word' id='word_1_123' title='bbox 2178 1755 2278 1807; x_wconf 89' lang='lat' dir='ltr'><strong>mi-</strong></span> 
     </span>
    </p>
   </div>
   <div class='ocr_carea' id='block_1_17' title="bbox 692 1847 2281 1920">
    <p class='ocr_par' dir='ltr' id='par_1_17' title="bbox 692 1847 2281 1920">
     <span class='ocr_line' id='line_1_17' title="bbox 692 1847 2281 1920; baseline -0.008 -9"><span class='ocrx_word' id='word_1_124' title='bbox 692 1876 789 1912; x_wconf 90' lang='lat' dir='ltr'><strong>nus</strong></span> <span class='ocrx_word' id='word_1_125' title='bbox 819 1857 1036 1912; x_wconf 90' lang='lat' dir='ltr'><strong>odiosus</strong></span> <span class='ocrx_word' id='word_1_126' title='bbox 1085 1867 1235 1920; x_wconf 87' lang='lat' dir='ltr'><strong>erat,</strong></span> <span class='ocrx_word' id='word_1_127' title='bbox 1269 1865 1322 1909; x_wconf 89' lang='lat' dir='ltr'><strong>et</strong></span> <span class='ocrx_word' id='word_1_128' title='bbox 1353 1852 1562 1907; x_wconf 81' lang='lat' dir='ltr'><strong>facilius</strong></span> <span class='ocrx_word' id='word_1_129' title='bbox 1609 1851 1816 1905; x_wconf 90' lang='lat' dir='ltr'><strong>admitti</strong></span> <span class='ocrx_word' id='word_1_130' title='bbox 1853 1852 2094 1919; x_wconf 88' lang='lat' dir='ltr'><strong>poterat,</strong></span> <span class='ocrx_word' id='word_1_131' title='bbox 2131 1847 2281 1900; x_wconf 81' lang='lat' dir='ltr'><strong>vide-</strong></span> 
     </span>
    </p>
   </div>
   <div class='ocr_carea' id='block_1_18' title="bbox 694 1944 2284 2017">
    <p class='ocr_par' dir='ltr' id='par_1_18' title="bbox 694 1944 2284 2017">
     <span class='ocr_line' id='line_1_18' title="bbox 694 1944 2284 2017; baseline -0.008 -15"><span class='ocrx_word' id='word_1_132' title='bbox 694 1964 919 2017; x_wconf 87' lang='lat' dir='ltr'><strong>musque</strong></span> <span class='ocrx_word' id='word_1_133' title='bbox 942 1948 1211 2002; x_wconf 66' lang='lat' dir='ltr'><strong>tjbristum</strong></span> <span class='ocrx_word' id='word_1_134' title='bbox 1243 1947 1344 1999; x_wconf 88' lang='lat' dir='ltr'><strong>hoc</strong></span> <span class='ocrx_word' id='word_1_135' title='bbox 1385 1944 1584 2011; x_wconf 86' lang='lat' dir='ltr'><strong>ubique</strong></span> <span class='ocrx_word' id='word_1_136' title='bbox 1629 1950 1887 2010; x_wconf 65' lang='lat' dir='ltr'><strong>praestare</strong></span> <span class='ocrx_word' id='word_1_137' title='bbox 1911 1981 1925 2004; x_wconf 92' lang='lat'><strong>,</strong></span> <span class='ocrx_word' id='word_1_138' title='bbox 1955 1953 2127 2007; x_wconf 86' lang='lat' dir='ltr'><strong>neque</strong></span> <span class='ocrx_word' id='word_1_139' title='bbox 2178 1947 2284 1990; x_wconf 90' lang='lat' dir='ltr'><strong>tam</strong></span> 
     </span>
    </p>
   </div>
   <div class='ocr_carea' id='block_1_19' title="bbox 696 2028 2289 2110">
    <p class='ocr_par' dir='ltr' id='par_1_19' title="bbox 696 2028 2289 2110">
     <span class='ocr_line' id='line_1_19' title="bbox 696 2028 2289 2110; baseline -0.008 -18"><span class='ocrx_word' id='word_1_140' title='bbox 696 2041 872 2094; x_wconf 74' lang='lat' dir='ltr'><strong>verbis</strong></span> <span class='ocrx_word' id='word_1_141' title='bbox 901 2055 1059 2110; x_wconf 85' lang='lat' dir='ltr'><strong>quam</strong></span> <span class='ocrx_word' id='word_1_142' title='bbox 1094 2039 1246 2092; x_wconf 87' lang='lat' dir='ltr'><strong>factis</strong></span> <span class='ocrx_word' id='word_1_143' title='bbox 1273 2035 1634 2105; x_wconf 62' lang='lat' dir='ltr'><strong>arqnalitatem</strong></span> <span class='ocrx_word' id='word_1_144' title='bbox 1663 2048 1812 2086; x_wconf 88' lang='lat' dir='ltr'><strong>suam</strong></span> <span class='ocrx_word' id='word_1_145' title='bbox 1842 2029 2144 2084; x_wconf 84' lang='lat' dir='ltr'><strong>ostendere.</strong></span> <span class='ocrx_word' id='word_1_146' title='bbox 2178 2028 2289 2081; x_wconf 88' lang='lat' dir='ltr'><strong>lloc</strong></span> 
     </span>
    </p>
   </div>
   <div class='ocr_carea' id='block_1_20' title="bbox 695 2117 2287 2199">
    <p class='ocr_par' dir='ltr' id='par_1_20' title="bbox 695 2117 2287 2199">
     <span class='ocr_line' id='line_1_20' title="bbox 695 2117 2287 2199; baseline -0.006 -18"><span class='ocrx_word' id='word_1_147' title='bbox 695 2130 911 2199; x_wconf 86' lang='lat' dir='ltr'><strong>quidem</strong></span> <span class='ocrx_word' id='word_1_148' title='bbox 945 2141 1094 2183; x_wconf 90' lang='lat' dir='ltr'><strong>certe</strong></span> <span class='ocrx_word' id='word_1_149' title='bbox 1126 2127 1469 2182; x_wconf 85' lang='lat' dir='ltr'><strong>subindicans</strong></span> <span class='ocrx_word' id='word_1_150' title='bbox 1498 2122 1824 2191; x_wconf 80' lang='lat' dir='ltr'><strong>evangelista</strong></span> <span class='ocrx_word' id='word_1_151' title='bbox 1866 2121 2075 2174; x_wconf 89' lang='lat' dir='ltr'><strong>dicebat</strong></span> <span class='ocrx_word' id='word_1_152' title='bbox 2107 2117 2287 2184; x_wconf 82' lang='lat' dir='ltr'><strong>(Jonn.</strong></span> 
     </span>
    </p>
   </div>
   <div class='ocr_carea' id='block_1_21' title="bbox 697 2208 2289 2291">
    <p class='ocr_par' dir='ltr' id='par_1_21' title="bbox 697 2208 2289 2291">
     <span class='ocr_line' id='line_1_21' title="bbox 697 2208 2289 2291; baseline -0.008 -19"><span class='ocrx_word' id='word_1_153' title='bbox 783 2221 871 2291; x_wconf 77' lang='grc'>16)</span> <span class='ocrx_word' id='word_1_154' title='bbox 903 2259 916 2283; x_wconf 87' lang='grc'><strong><em>,</em></strong></span> <span class='ocrx_word' id='word_1_155' title='bbox 958 2229 1237 2287; x_wconf 84' lang='lat' dir='ltr'><strong>propterea</strong></span> <span class='ocrx_word' id='word_1_156' title='bbox 1284 2223 1632 2284; x_wconf 88' lang='lat' dir='ltr'><strong>persequutos</strong></span> <span class='ocrx_word' id='word_1_157' title='bbox 1677 2226 1799 2266; x_wconf 92' lang='lat' dir='ltr'><strong>eum</strong></span> <span class='ocrx_word' id='word_1_158' title='bbox 1845 2209 2010 2263; x_wconf 89' lang='lat' dir='ltr'><strong>fuisse</strong></span> <span class='ocrx_word' id='word_1_159' title='bbox 2039 2208 2248 2261; x_wconf 50' lang='lat' dir='ltr'><strong>Juda‘os</strong></span> <span class='ocrx_word' id='word_1_160' title='bbox 2275 2247 2289 2268; x_wconf 95' lang='lat'><strong>,</strong></span> 
     </span>
    </p>
   </div>
   <div class='ocr_carea' id='block_1_22' title="bbox 704 2304 2291 2380">
    <p class='ocr_par' dir='ltr' id='par_1_22' title="bbox 704 2304 2291 2380">
     <span class='ocr_line' id='line_1_22' title="bbox 704 2304 2291 2380; baseline -0.006 -16"><span class='ocrx_word' id='word_1_161' title='bbox 704 2328 808 2365; x_wconf 90' lang='lat' dir='ltr'><strong>non</strong></span> <span class='ocrx_word' id='word_1_162' title='bbox 835 2312 1006 2365; x_wconf 88' lang='lat' dir='ltr'><strong>solum</strong></span> <span class='ocrx_word' id='word_1_163' title='bbox 1039 2313 1159 2380; x_wconf 84' lang='lat' dir='ltr'><strong>quia</strong></span> <span class='ocrx_word' id='word_1_164' title='bbox 1206 2311 1446 2364; x_wconf 80' lang='lat' dir='ltr'><strong>solvebat</strong></span> <span class='ocrx_word' id='word_1_165' title='bbox 1475 2307 1763 2361; x_wconf 84' lang='lat' dir='ltr'><strong>sabbatum</strong></span> <span class='ocrx_word' id='word_1_166' title='bbox 1787 2346 1801 2370; x_wconf 95' lang='lat'><strong>,</strong></span> <span class='ocrx_word' id='word_1_167' title='bbox 1828 2304 1922 2358; x_wconf 92' lang='lat' dir='ltr'><strong>sed</strong></span> <span class='ocrx_word' id='word_1_168' title='bbox 1954 2313 2008 2357; x_wconf 92' lang='lat' dir='ltr'><strong>et</strong></span> <span class='ocrx_word' id='word_1_169' title='bbox 2047 2305 2167 2371; x_wconf 87' lang='lat' dir='ltr'><strong>quia</strong></span> <span class='ocrx_word' id='word_1_170' title='bbox 2200 2318 2291 2369; x_wconf 88' lang='lat' dir='ltr'><strong>pa-</strong></span> 
     </span>
    </p>
   </div>
   <div class='ocr_carea' id='block_1_23' title="bbox 703 2395 2289 2470">
    <p class='ocr_par' dir='ltr' id='par_1_23' title="bbox 703 2395 2289 2470">
     <span class='ocr_line' id='line_1_23' title="bbox 703 2395 2289 2470; baseline -0.007 -14"><span class='ocrx_word' id='word_1_171' title='bbox 703 2415 838 2456; x_wconf 85' lang='lat' dir='ltr'><strong>trem</strong></span> <span class='ocrx_word' id='word_1_172' title='bbox 871 2420 1022 2457; x_wconf 88' lang='lat' dir='ltr'><strong>suum</strong></span> <span class='ocrx_word' id='word_1_173' title='bbox 1056 2403 1266 2456; x_wconf 88' lang='lat' dir='ltr'><strong>diccbat</strong></span> <span class='ocrx_word' id='word_1_174' title='bbox 1294 2401 1460 2470; x_wconf 86' lang='lat' dir='ltr'><strong>Deum</strong></span> <span class='ocrx_word' id='word_1_175' title='bbox 1481 2441 1494 2463; x_wconf 96' lang='lat'><strong>,</strong></span> <span class='ocrx_word' id='word_1_176' title='bbox 1523 2399 1784 2468; x_wconf 67' lang='lat' dir='ltr'><strong>aequalem</strong></span> <span class='ocrx_word' id='word_1_177' title='bbox 1810 2411 1869 2450; x_wconf 91' lang='lat' dir='ltr'><strong>se</strong></span> <span class='ocrx_word' id='word_1_178' title='bbox 1918 2395 2118 2449; x_wconf 87' lang='lat' dir='ltr'><strong>faciens</strong></span> <span class='ocrx_word' id='word_1_179' title='bbox 2147 2395 2255 2446; x_wconf 85' lang='lat' dir='ltr'><strong>Deo</strong></span> <span class='ocrx_word' id='word_1_180' title='bbox 2277 2435 2289 2456; x_wconf 92' lang='lat'><strong>,</strong></span> 
     </span>
    </p>
   </div>
   <div class='ocr_carea' id='block_1_24' title="bbox 707 2488 2295 2563">
    <p class='ocr_par' dir='ltr' id='par_1_24' title="bbox 707 2488 2295 2563">
     <span class='ocr_line' id='line_1_24' title="bbox 707 2488 2295 2563; baseline -0.004 -21"><span class='ocrx_word' id='word_1_181' title='bbox 707 2493 847 2563; x_wconf 86' lang='lat' dir='ltr'><strong>quod</strong></span> <span class='ocrx_word' id='word_1_182' title='bbox 879 2495 1049 2547; x_wconf 87' lang='lat' dir='ltr'><strong>multo</strong></span> <span class='ocrx_word' id='word_1_183' title='bbox 1101 2503 1184 2547; x_wconf 85' lang='lat' dir='ltr'><strong>est</strong></span> <span class='ocrx_word' id='word_1_184' title='bbox 1215 2493 1387 2560; x_wconf 81' lang='lat' dir='ltr'><strong>majus</strong></span> <span class='ocrx_word' id='word_1_185' title='bbox 1418 2509 1429 2543; x_wconf 88' lang='lat'><strong>:</strong></span> <span class='ocrx_word' id='word_1_186' title='bbox 1463 2490 1565 2544; x_wconf 93' lang='lat' dir='ltr'><strong>hoc</strong></span> <span class='ocrx_word' id='word_1_187' title='bbox 1594 2489 1735 2543; x_wconf 91' lang='lat' dir='ltr'><strong>enim</strong></span> <span class='ocrx_word' id='word_1_188' title='bbox 1780 2488 1952 2555; x_wconf 88' lang='lat' dir='ltr'><strong>ipsum</strong></span> <span class='ocrx_word' id='word_1_189' title='bbox 1984 2501 2080 2554; x_wconf 90' lang='lat' dir='ltr'><strong>per</strong></span> <span class='ocrx_word' id='word_1_190' title='bbox 2118 2499 2295 2539; x_wconf 88' lang='lat' dir='ltr'><strong>rerum</strong></span> 
     </span>
    </p>
   </div>
   <div class='ocr_carea' id='block_1_25' title="bbox 705 2575 2297 2647">
    <p class='ocr_par' dir='ltr' id='par_1_25' title="bbox 705 2575 2297 2647">
     <span class='ocr_line' id='line_1_25' title="bbox 705 2575 2297 2647; baseline -0.006 -10"><span class='ocrx_word' id='word_1_191' title='bbox 705 2585 1217 2638; x_wconf 79' lang='lat' dir='ltr'><strong>demonstrationem</strong></span> <span class='ocrx_word' id='word_1_192' title='bbox 1254 2581 1586 2636; x_wconf 86' lang='lat' dir='ltr'><strong>adstruebat.</strong></span> <span class='ocrx_word' id='word_1_193' title='bbox 1633 2580 1769 2646; x_wconf 84' lang='lat' dir='ltr'><strong>Quid</strong></span> <span class='ocrx_word' id='word_1_194' title='bbox 1821 2579 1980 2647; x_wconf 78' lang='lat' dir='ltr'><strong>igitur</strong></span> <span class='ocrx_word' id='word_1_195' title='bbox 2012 2575 2173 2630; x_wconf 84' lang='lat' dir='ltr'><strong>invidi</strong></span> <span class='ocrx_word' id='word_1_196' title='bbox 2227 2576 2297 2628; x_wconf 92' lang='lat' dir='ltr'><strong>illi</strong></span> 
     </span>
    </p>
   </div>
   <div class='ocr_carea' id='block_1_26' title="bbox 709 2670 2301 2744">
    <p class='ocr_par' dir='ltr' id='par_1_26' title="bbox 709 2670 2301 2744">
     <span class='ocr_line' id='line_1_26' title="bbox 709 2670 2301 2744; baseline -0.006 -17"><span class='ocrx_word' id='word_1_197' title='bbox 709 2687 866 2744; x_wconf 87' lang='lat' dir='ltr'><strong>atque</strong></span> <span class='ocrx_word' id='word_1_198' title='bbox 905 2675 1187 2738; x_wconf 83' lang='lat' dir='ltr'><strong>scelerati,</strong></span> <span class='ocrx_word' id='word_1_199' title='bbox 1220 2673 1310 2743; x_wconf 89' lang='lat' dir='ltr'><strong>qui</strong></span> <span class='ocrx_word' id='word_1_200' title='bbox 1360 2674 1586 2726; x_wconf 87' lang='lat' dir='ltr'><strong>aliorum</strong></span> <span class='ocrx_word' id='word_1_201' title='bbox 1638 2670 1792 2724; x_wconf 89' lang='lat' dir='ltr'><strong>bonis</strong></span> <span class='ocrx_word' id='word_1_202' title='bbox 1837 2676 2198 2727; x_wconf 89' lang='lat' dir='ltr'><strong>macerantur,</strong></span> <span class='ocrx_word' id='word_1_203' title='bbox 2247 2675 2301 2718; x_wconf 92' lang='lat' dir='ltr'><strong>ct</strong></span> 
     </span>
    </p>
   </div>
   <div class='ocr_carea' id='block_1_27' title="bbox 713 2758 2300 2836">
    <p class='ocr_par' dir='ltr' id='par_1_27' title="bbox 713 2758 2300 2836">
     <span class='ocr_line' id='line_1_27' title="bbox 713 2758 2300 2836; baseline -0.004 -18"><span class='ocrx_word' id='word_1_204' title='bbox 713 2768 945 2836; x_wconf 89' lang='lat' dir='ltr'><strong>undique</strong></span> <span class='ocrx_word' id='word_1_205' title='bbox 972 2781 1155 2819; x_wconf 88' lang='lat' dir='ltr'><strong>ansam</strong></span> <span class='ocrx_word' id='word_1_206' title='bbox 1183 2763 1610 2834; x_wconf 87' lang='lat' dir='ltr'><strong>reprehendendi</strong></span> <span class='ocrx_word' id='word_1_207' title='bbox 1645 2761 1958 2831; x_wconf 88' lang='lat' dir='ltr'><strong>perquirunt</strong></span> <span class='ocrx_word' id='word_1_208' title='bbox 1981 2759 2001 2813; x_wconf 85' lang='lat'><strong>?</strong></span> <span class='ocrx_word' id='word_1_209' title='bbox 2030 2758 2164 2825; x_wconf 90' lang='lat' dir='ltr'><strong>Quid</strong></span> <span class='ocrx_word' id='word_1_210' title='bbox 2187 2759 2300 2823; x_wconf 91' lang='lat' dir='ltr'><strong>hic,</strong></span> 
     </span>
    </p>
   </div>
   <div class='ocr_carea' id='block_1_28' title="bbox 711 2851 2302 2926">
    <p class='ocr_par' dir='ltr' id='par_1_28' title="bbox 711 2851 2302 2926">
     <span class='ocr_line' id='line_1_28' title="bbox 711 2851 2302 2926; baseline -0.006 -15"><span class='ocrx_word' id='word_1_211' title='bbox 711 2858 989 2926; x_wconf 89' lang='lat' dir='ltr'><strong>inquiunt,</strong></span> <span class='ocrx_word' id='word_1_212' title='bbox 1026 2857 1398 2925; x_wconf 87' lang='lat' dir='ltr'><strong>biaspltemat?</strong></span> <span class='ocrx_word' id='word_1_213' title='bbox 1425 2854 1590 2907; x_wconf 80' lang='lat' dir='ltr'><strong>Nemo</strong></span> <span class='ocrx_word' id='word_1_214' title='bbox 1616 2853 1749 2906; x_wconf 83' lang='lat' dir='ltr'><strong>enim</strong></span> <span class='ocrx_word' id='word_1_215' title='bbox 1785 2861 1942 2919; x_wconf 81' lang='lat' dir='ltr'><strong>potest</strong></span> <span class='ocrx_word' id='word_1_216' title='bbox 1981 2858 2186 2918; x_wconf 70' lang='lat' dir='ltr'><strong>peccata</strong></span> <span class='ocrx_word' id='word_1_217' title='bbox 2216 2851 2302 2902; x_wconf 84' lang='lat' dir='ltr'><strong>di-</strong></span> 
     </span>
    </p>
   </div>
   <div class='ocr_carea' id='block_1_29' title="bbox 711 2939 2304 3014">
    <p class='ocr_par' dir='ltr' id='par_1_29' title="bbox 711 2939 2304 3014">
     <span class='ocr_line' id='line_1_29' title="bbox 711 2939 2304 3014; baseline -0.003 -17"><span class='ocrx_word' id='word_1_218' title='bbox 711 2949 906 3000; x_wconf 78' lang='lat' dir='ltr'><strong>mittere</strong></span> <span class='ocrx_word' id='word_1_219' title='bbox 931 2988 944 3012; x_wconf 90' lang='lat'><strong>,</strong></span> <span class='ocrx_word' id='word_1_220' title='bbox 978 2947 1074 2999; x_wconf 85' lang='lat' dir='ltr'><strong>nisi</strong></span> <span class='ocrx_word' id='word_1_221' title='bbox 1119 2946 1256 3000; x_wconf 82' lang='lat' dir='ltr'><strong>solus</strong></span> <span class='ocrx_word' id='word_1_222' title='bbox 1287 2946 1419 2997; x_wconf 82' lang='lat' dir='ltr'><strong>Deus</strong></span> <span class='ocrx_word' id='word_1_223' title='bbox 1459 2943 1646 3014; x_wconf 76' lang='lat' dir='ltr'><strong>(Marc.</strong></span> <span class='ocrx_word' id='word_1_224' title='bbox 1671 2941 1725 2994; x_wconf 79' lang='grc'><strong>2.</strong></span> <span class='ocrx_word' id='word_1_225' title='bbox 1755 2942 1829 3010; x_wconf 85' lang='grc'>7).</span> <span class='ocrx_word' id='word_1_226' title='bbox 1859 2939 2007 2995; x_wconf 89' lang='lat' dir='ltr'><strong>Sicut</strong></span> <span class='ocrx_word' id='word_1_227' title='bbox 2056 2939 2159 2992; x_wconf 91' lang='lat' dir='ltr'><strong>illic</strong></span> <span class='ocrx_word' id='word_1_228' title='bbox 2181 2954 2304 2992; x_wconf 87' lang='lat' dir='ltr'><strong>eum</strong></span> 
     </span>
    </p>
   </div>
   <div class='ocr_carea' id='block_1_30' title="bbox 716 3031 2308 3107">
    <p class='ocr_par' dir='ltr' id='par_1_30' title="bbox 716 3031 2308 3107">
     <span class='ocr_line' id='line_1_30' title="bbox 716 3031 2308 3107; baseline -0.004 -18"><span class='ocrx_word' id='word_1_229' title='bbox 716 3038 1190 3107; x_wconf 86' lang='lat' dir='ltr'><strong>persequebantur,</strong></span> <span class='ocrx_word' id='word_1_230' title='bbox 1225 3036 1363 3105; x_wconf 91' lang='lat' dir='ltr'><strong>quod</strong></span> <span class='ocrx_word' id='word_1_231' title='bbox 1406 3035 1684 3088; x_wconf 86' lang='lat' dir='ltr'><strong>sabbatum</strong></span> <span class='ocrx_word' id='word_1_232' title='bbox 1716 3033 1976 3096; x_wconf 81' lang='lat' dir='ltr'><strong>solveret,</strong></span> <span class='ocrx_word' id='word_1_233' title='bbox 1999 3040 2053 3085; x_wconf 90' lang='lat' dir='ltr'><strong>et</strong></span> <span class='ocrx_word' id='word_1_234' title='bbox 2076 3047 2141 3085; x_wconf 77' lang='lat' dir='ltr'><strong>ex</strong></span> <span class='ocrx_word' id='word_1_235' title='bbox 2186 3031 2308 3085; x_wconf 59' lang='lat' dir='ltr'><strong>illo-</strong></span> 
     </span>
    </p>
   </div>
   <div class='ocr_carea' id='block_1_31' title="bbox 717 3121 2310 3196">
    <p class='ocr_par' dir='ltr' id='par_1_31' title="bbox 717 3121 2310 3196">
     <span class='ocr_line' id='line_1_31' title="bbox 717 3121 2310 3196; baseline -0.003 -16"><span class='ocrx_word' id='word_1_236' title='bbox 717 3143 834 3180; x_wconf 85' lang='lat' dir='ltr'><strong>rum</strong></span> <span class='ocrx_word' id='word_1_237' title='bbox 880 3126 1390 3196; x_wconf 85' lang='lat' dir='ltr'><strong>reprehensionibus</strong></span> <span class='ocrx_word' id='word_1_238' title='bbox 1419 3135 1630 3194; x_wconf 89' lang='lat' dir='ltr'><strong>sumpta</strong></span> <span class='ocrx_word' id='word_1_239' title='bbox 1677 3123 1956 3178; x_wconf 86' lang='lat' dir='ltr'><strong>occasione</strong></span> <span class='ocrx_word' id='word_1_240' title='bbox 1988 3121 2310 3175; x_wconf 82' lang='lat' dir='ltr'><strong>defensiOnis</strong></span> 
     </span>
    </p>
   </div>
   <div class='ocr_carea' id='block_1_32' title="bbox 720 3215 2312 3288">
    <p class='ocr_par' dir='ltr' id='par_1_32' title="bbox 720 3215 2312 3288">
     <span class='ocr_line' id='line_1_32' title="bbox 720 3215 2312 3288; baseline -0.005 -14"><span class='ocrx_word' id='word_1_241' title='bbox 720 3221 935 3274; x_wconf 85' lang='lat' dir='ltr'><strong>nomine</strong></span> <span class='ocrx_word' id='word_1_242' title='bbox 962 3235 1024 3273; x_wconf 89' lang='lat' dir='ltr'><strong>ac</strong></span> <span class='ocrx_word' id='word_1_243' title='bbox 1059 3220 1237 3288; x_wconf 89' lang='lat' dir='ltr'><strong>specie</strong></span> <span class='ocrx_word' id='word_1_244' title='bbox 1288 3234 1436 3272; x_wconf 89' lang='lat' dir='ltr'><strong>suam</strong></span> <span class='ocrx_word' id='word_1_245' title='bbox 1472 3233 1592 3272; x_wconf 92' lang='lat' dir='ltr'><strong>cum</strong></span> <span class='ocrx_word' id='word_1_246' title='bbox 1643 3216 1801 3271; x_wconf 87' lang='lat' dir='ltr'><strong>Patre</strong></span> <span class='ocrx_word' id='word_1_247' title='bbox 1829 3215 2187 3284; x_wconf 60' lang='lat' dir='ltr'><strong>aequalitatem</strong></span> <span class='ocrx_word' id='word_1_248' title='bbox 2225 3229 2312 3266; x_wconf 88' lang='lat' dir='ltr'><strong>os-</strong></span> 
     </span>
    </p>
   </div>
   <div class='ocr_carea' id='block_1_33' title="bbox 723 3307 2313 3374">
    <p class='ocr_par' dir='ltr' id='par_1_33' title="bbox 723 3307 2313 3374">
     <span class='ocr_line' id='line_1_33' title="bbox 723 3307 2313 3374; baseline -0.006 -11"><span class='ocrx_word' id='word_1_249' title='bbox 723 3310 927 3372; x_wconf 74' lang='lat' dir='ltr'><strong>tendit,</strong></span> <span class='ocrx_word' id='word_1_250' title='bbox 957 3325 1018 3362; x_wconf 88' lang='lat' dir='ltr'><strong>ac</strong></span> <span class='ocrx_word' id='word_1_251' title='bbox 1058 3308 1189 3362; x_wconf 84' lang='lat' dir='ltr'><strong>dixit</strong></span> <span class='ocrx_word' id='word_1_252' title='bbox 1218 3328 1228 3362; x_wconf 95' lang='lat'>:</span> <span class='ocrx_word' id='word_1_253' title='bbox 1259 3307 1413 3360; x_wconf 81' lang='lat' dir='ltr'><strong>Pater</strong></span> <span class='ocrx_word' id='word_1_254' title='bbox 1447 3324 1588 3360; x_wconf 78' lang='lat' dir='ltr'><strong>utens</strong></span> <span class='ocrx_word' id='word_1_255' title='bbox 1638 3317 1894 3374; x_wconf 79' lang='lat' dir='ltr'><strong>operatur,</strong></span> <span class='ocrx_word' id='word_1_256' title='bbox 1931 3316 1976 3359; x_wconf 88' lang='lat' dir='ltr'><strong>et</strong></span> <span class='ocrx_word' id='word_1_257' title='bbox 2004 3322 2096 3374; x_wconf 85' lang='lat' dir='ltr'><strong>ego</strong></span> <span class='ocrx_word' id='word_1_258' title='bbox 2135 3320 2313 3372; x_wconf 79' lang='lat' dir='ltr'><strong>operor</strong></span> 
     </span>
    </p>
   </div>
   <div class='ocr_carea' id='block_1_34' title="bbox 727 3397 2312 3470">
    <p class='ocr_par' dir='ltr' id='par_1_34' title="bbox 727 3397 2312 3470">
     <span class='ocr_line' id='line_1_34' title="bbox 727 3397 2312 3470; baseline -0.001 -19"><span class='ocrx_word' id='word_1_259' title='bbox 727 3402 905 3469; x_wconf 82' lang='lat' dir='ltr'><strong>(Joan.</strong></span> <span class='ocrx_word' id='word_1_260' title='bbox 934 3403 984 3454; x_wconf 89' lang='grc'><strong>5.</strong></span> <span class='ocrx_word' id='word_1_261' title='bbox 1018 3402 1105 3470; x_wconf 85' lang='lat' dir='ltr'><strong>i7)</strong></span> <span class='ocrx_word' id='word_1_262' title='bbox 1143 3403 1255 3454; x_wconf 91' lang='lat' dir='ltr'><strong>:sic</strong></span> <span class='ocrx_word' id='word_1_263' title='bbox 1287 3401 1536 3453; x_wconf 88' lang='lat' dir='ltr'><strong>nimirum</strong></span> <span class='ocrx_word' id='word_1_264' title='bbox 1574 3400 1673 3452; x_wconf 91' lang='lat' dir='ltr'><strong>hoc</strong></span> <span class='ocrx_word' id='word_1_265' title='bbox 1714 3399 1831 3451; x_wconf 93' lang='lat' dir='ltr'><strong>loco</strong></span> <span class='ocrx_word' id='word_1_266' title='bbox 1871 3413 1933 3450; x_wconf 78' lang='lat' dir='ltr'><strong>ex</strong></span> <span class='ocrx_word' id='word_1_267' title='bbox 1967 3397 2029 3467; x_wconf 90' lang='lat' dir='ltr'><strong>iis</strong></span> <span class='ocrx_word' id='word_1_268' title='bbox 2066 3413 2182 3465; x_wconf 76' lang='lat' dir='ltr'><strong>qure</strong></span> <span class='ocrx_word' id='word_1_269' title='bbox 2215 3398 2312 3464; x_wconf 88' lang='lat' dir='ltr'><strong>ipsi</strong></span> 
     </span>
    </p>
   </div>
   <div class='ocr_carea' id='block_1_35' title="bbox 723 3488 2308 3556">
    <p class='ocr_par' dir='ltr' id='par_1_35' title="bbox 723 3488 2308 3556">
     <span class='ocr_line' id='line_1_35' title="bbox 723 3488 2308 3556; baseline -0.003 -14"><span class='ocrx_word' id='word_1_270' title='bbox 723 3491 1000 3556; x_wconf 82' lang='lat' dir='ltr'><strong>objiciunt,</strong></span> <span class='ocrx_word' id='word_1_271' title='bbox 1030 3491 1168 3543; x_wconf 82' lang='lat' dir='ltr'><strong>Patri</strong></span> <span class='ocrx_word' id='word_1_272' title='bbox 1201 3506 1294 3556; x_wconf 89' lang='lat' dir='ltr'><strong>per</strong></span> <span class='ocrx_word' id='word_1_273' title='bbox 1322 3491 1497 3542; x_wconf 89' lang='lat' dir='ltr'><strong>omnia</strong></span> <span class='ocrx_word' id='word_1_274' title='bbox 1531 3489 1756 3542; x_wconf 89' lang='lat' dir='ltr'><strong>similem</strong></span> <span class='ocrx_word' id='word_1_275' title='bbox 1789 3488 2020 3556; x_wconf 88' lang='lat' dir='ltr'><strong>seipsum</strong></span> <span class='ocrx_word' id='word_1_276' title='bbox 2054 3488 2308 3540; x_wconf 84' lang='lat' dir='ltr'><strong>ostendit.</strong></span> 
     </span>
    </p>
   </div>
   <div class='ocr_carea' id='block_1_36' title="bbox 726 3578 2317 3647">
    <p class='ocr_par' dir='ltr' id='par_1_36' title="bbox 726 3578 2317 3647">
     <span class='ocr_line' id='line_1_36' title="bbox 726 3578 2317 3647; baseline -0.003 -13"><span class='ocrx_word' id='word_1_277' title='bbox 726 3581 862 3646; x_wconf 77' lang='lat' dir='ltr'><strong>Quid</strong></span> <span class='ocrx_word' id='word_1_278' title='bbox 891 3583 1029 3635; x_wconf 77' lang='lat' dir='ltr'><strong>enim</strong></span> <span class='ocrx_word' id='word_1_279' title='bbox 1055 3582 1169 3634; x_wconf 81' lang='lat' dir='ltr'><strong>ait?</strong></span> <span class='ocrx_word' id='word_1_280' title='bbox 1201 3580 1366 3633; x_wconf 78' lang='lat' dir='ltr'><strong>Nemo</strong></span> <span class='ocrx_word' id='word_1_281' title='bbox 1391 3591 1545 3647; x_wconf 79' lang='lat' dir='ltr'><strong>potest</strong></span> <span class='ocrx_word' id='word_1_282' title='bbox 1571 3589 1772 3646; x_wconf 81' lang='lat' dir='ltr'><strong>peccato</strong></span> <span class='ocrx_word' id='word_1_283' title='bbox 1795 3578 2043 3630; x_wconf 75' lang='lat' dir='ltr'><strong>dimittere</strong></span> <span class='ocrx_word' id='word_1_284' title='bbox 2069 3580 2163 3630; x_wconf 70' lang='lat' dir='ltr'><strong>nisi</strong></span> <span class='ocrx_word' id='word_1_285' title='bbox 2181 3579 2317 3630; x_wconf 72' lang='lat' dir='ltr'><strong>solus</strong></span> 
     </span>
    </p>
   </div>
   <div class='ocr_carea' id='block_1_37' title="bbox 729 3671 2314 3743">
    <p class='ocr_par' dir='ltr' id='par_1_37' title="bbox 729 3671 2314 3743">
     <span class='ocr_line' id='line_1_37' title="bbox 729 3671 2314 3743; baseline -0.002 -18"><span class='ocrx_word' id='word_1_286' title='bbox 729 3673 888 3725; x_wconf 82' lang='lat' dir='ltr'><strong>Dens.</strong></span> <span class='ocrx_word' id='word_1_287' title='bbox 935 3672 1158 3736; x_wconf 85' lang='lat' dir='ltr'><strong>Quando</strong></span> <span class='ocrx_word' id='word_1_288' title='bbox 1196 3673 1353 3743; x_wconf 78' lang='lat' dir='ltr'><strong>igitur</strong></span> <span class='ocrx_word' id='word_1_289' title='bbox 1386 3673 1483 3741; x_wconf 90' lang='lat' dir='ltr'><strong>ipsi</strong></span> <span class='ocrx_word' id='word_1_290' title='bbox 1530 3672 1669 3724; x_wconf 90' lang='lat' dir='ltr'><strong>hunc</strong></span> <span class='ocrx_word' id='word_1_291' title='bbox 1721 3671 1938 3723; x_wconf 89' lang='lat' dir='ltr'><strong>limitem</strong></span> <span class='ocrx_word' id='word_1_292' title='bbox 1988 3676 2314 3736; x_wconf 78' lang='lat' dir='ltr'><strong>posuerunt,</strong></span> 
     </span>
    </p>
   </div>
   <div class='ocr_carea' id='block_1_38' title="bbox 731 3761 2315 3833">
    <p class='ocr_par' dir='ltr' id='par_1_38' title="bbox 731 3761 2315 3833">
     <span class='ocr_line' id='line_1_38' title="bbox 731 3761 2315 3833; baseline -0.001 -19"><span class='ocrx_word' id='word_1_293' title='bbox 731 3764 829 3832; x_wconf 86' lang='lat' dir='ltr'><strong>ipsi</strong></span> <span class='ocrx_word' id='word_1_294' title='bbox 873 3763 1009 3817; x_wconf 87' lang='lat' dir='ltr'><strong>hanc</strong></span> <span class='ocrx_word' id='word_1_295' title='bbox 1039 3765 1270 3833; x_wconf 82' lang='lat' dir='ltr'><strong>regulam</strong></span> <span class='ocrx_word' id='word_1_296' title='bbox 1317 3762 1670 3826; x_wconf 77' lang='lat' dir='ltr'><strong>induxerunt,</strong></span> <span class='ocrx_word' id='word_1_297' title='bbox 1705 3762 1802 3830; x_wconf 37' lang='lat' dir='ltr'><strong>ipsi</strong></span> <span class='ocrx_word' id='word_1_298' title='bbox 1831 3762 1997 3830; x_wconf 78' lang='lat' dir='ltr'><strong>legent</strong></span> <span class='ocrx_word' id='word_1_299' title='bbox 2048 3761 2315 3826; x_wconf 78' lang='lat' dir='ltr'><strong>tulerunt,</strong></span> 
     </span>
    </p>
   </div>
   <div class='ocr_carea' id='block_1_39' title="bbox 737 3849 2321 3921">
    <p class='ocr_par' dir='ltr' id='par_1_39' title="bbox 737 3849 2321 3921">
     <span class='ocr_line' id='line_1_39' title="bbox 737 3849 2321 3921; baseline 0.003 -21"><span class='ocrx_word' id='word_1_300' title='bbox 737 3853 963 3921; x_wconf 82' lang='lat' dir='ltr'><strong>propriis</strong></span> <span class='ocrx_word' id='word_1_301' title='bbox 995 3853 1112 3906; x_wconf 91' lang='lat' dir='ltr'><strong>illos</strong></span> <span class='ocrx_word' id='word_1_302' title='bbox 1141 3853 1314 3905; x_wconf 78' lang='lat' dir='ltr'><strong>verbis</strong></span> <span class='ocrx_word' id='word_1_303' title='bbox 1347 3853 1536 3905; x_wconf 88' lang='lat' dir='ltr'><strong>irrctit.</strong></span> <span class='ocrx_word' id='word_1_304' title='bbox 1558 3850 1684 3915; x_wconf 79' lang='lat' dir='ltr'><strong>Vos,</strong></span> <span class='ocrx_word' id='word_1_305' title='bbox 1717 3851 1906 3921; x_wconf 81' lang='lat' dir='ltr'><strong>inquit,</strong></span> <span class='ocrx_word' id='word_1_306' title='bbox 1932 3849 2159 3903; x_wconf 86' lang='lat' dir='ltr'><strong>c0nfessi</strong></span> <span class='ocrx_word' id='word_1_307' title='bbox 2193 3852 2321 3904; x_wconf 87' lang='lat' dir='ltr'><strong>estis</strong></span> 
     </span>
    </p>
   </div>
   <div class='ocr_carea' id='block_1_40' title="bbox 733 3928 2324 4011">
    <p class='ocr_par' dir='ltr' id='par_1_40' title="bbox 733 3928 2324 4011">
     <span class='ocr_line' id='line_1_40' title="bbox 733 3928 2324 4011; baseline 0 -18"><span class='ocrx_word' id='word_1_308' title='bbox 733 3944 899 3995; x_wconf 85' lang='lat' dir='ltr'><strong>solius</strong></span> <span class='ocrx_word' id='word_1_309' title='bbox 921 3959 1037 3996; x_wconf 89' lang='lat' dir='ltr'><strong>esse</strong></span> <span class='ocrx_word' id='word_1_310' title='bbox 1067 3945 1155 3997; x_wconf 79' lang='lat' dir='ltr'><strong>Dei</strong></span> <span class='ocrx_word' id='word_1_311' title='bbox 1182 3951 1392 4011; x_wconf 79' lang='lat' dir='ltr'><strong>peccata</strong></span> <span class='ocrx_word' id='word_1_312' title='bbox 1413 3941 1702 4006; x_wconf 87' lang='lat' dir='ltr'><strong>dimittere;</strong></span> <span class='ocrx_word' id='word_1_313' title='bbox 1727 3928 2021 3994; x_wconf 76' lang='lat' dir='ltr'><strong>indubitata</strong></span> <span class='ocrx_word' id='word_1_314' title='bbox 2056 3942 2212 4009; x_wconf 83' lang='lat' dir='ltr'><strong>igitur</strong></span> <span class='ocrx_word' id='word_1_315' title='bbox 2243 3949 2324 3993; x_wconf 85' lang='lat' dir='ltr'><strong>est</strong></span> 
     </span>
    </p>
   </div>
   <div class='ocr_carea' id='block_1_41' title="bbox 735 4032 2325 4103">
    <p class='ocr_par' dir='ltr' id='par_1_41' title="bbox 735 4032 2325 4103">
     <span class='ocr_line' id='line_1_41' title="bbox 735 4032 2325 4103; baseline -0.001 -16"><span class='ocrx_word' id='word_1_316' title='bbox 735 4035 1030 4102; x_wconf 61' lang='lat' dir='ltr'><strong>.rquaiitas.</strong></span> <span class='ocrx_word' id='word_1_317' title='bbox 1055 4034 1236 4103; x_wconf 59' lang='lat' dir='ltr'><strong>Neque</strong></span> <span class='ocrx_word' id='word_1_318' title='bbox 1264 4049 1389 4088; x_wconf 87' lang='lat' dir='ltr'><strong>vero</strong></span> <span class='ocrx_word' id='word_1_319' title='bbox 1430 4034 1512 4088; x_wconf 86' lang='lat' dir='ltr'><strong>isti</strong></span> <span class='ocrx_word' id='word_1_320' title='bbox 1553 4034 1723 4087; x_wconf 92' lang='lat' dir='ltr'><strong>solum</strong></span> <span class='ocrx_word' id='word_1_321' title='bbox 1770 4033 1870 4087; x_wconf 88' lang='lat' dir='ltr'><strong>hoc</strong></span> <span class='ocrx_word' id='word_1_322' title='bbox 1900 4032 2118 4097; x_wconf 88' lang='lat' dir='ltr'><strong>diettnt,</strong></span> <span class='ocrx_word' id='word_1_323' title='bbox 2149 4032 2240 4084; x_wconf 86' lang='lat' dir='ltr'><strong>sed</strong></span> <span class='ocrx_word' id='word_1_324' title='bbox 2273 4043 2325 4085; x_wconf 91' lang='lat' dir='ltr'><strong>et</strong></span> 
     </span>
    </p>
   </div>
   <div class='ocr_carea' id='block_1_42' title="bbox 737 4122 2327 4195">
    <p class='ocr_par' dir='ltr' id='par_1_42' title="bbox 737 4122 2327 4195">
     <span class='ocr_line' id='line_1_42' title="bbox 737 4122 2327 4195; baseline -0.003 -17"><span class='ocrx_word' id='word_1_325' title='bbox 737 4126 1028 4195; x_wconf 88' lang='lat' dir='ltr'><strong>propheta,</strong></span> <span class='ocrx_word' id='word_1_326' title='bbox 1071 4125 1195 4179; x_wconf 91' lang='lat' dir='ltr'><strong>dum</strong></span> <span class='ocrx_word' id='word_1_327' title='bbox 1249 4125 1317 4177; x_wconf 90' lang='lat' dir='ltr'><strong>ita</strong></span> <span class='ocrx_word' id='word_1_328' title='bbox 1376 4125 1606 4194; x_wconf 89' lang='lat' dir='ltr'><strong>loquitur</strong></span> <span class='ocrx_word' id='word_1_329' title='bbox 1649 4122 1816 4188; x_wconf 82' lang='lat' dir='ltr'><strong>:Quis</strong></span> <span class='ocrx_word' id='word_1_330' title='bbox 1867 4123 2000 4175; x_wconf 81' lang='lat' dir='ltr'><strong>Dens</strong></span> <span class='ocrx_word' id='word_1_331' title='bbox 2051 4124 2179 4175; x_wconf 79' lang='lat' dir='ltr'><strong>sicut</strong></span> <span class='ocrx_word' id='word_1_332' title='bbox 2233 4123 2327 4174; x_wconf 84' lang='lat' dir='ltr'><strong>tu?</strong></span> 
     </span>
    </p>
   </div>
   <div class='ocr_carea' id='block_1_43' title="bbox 739 4213 2327 4285">
    <p class='ocr_par' dir='ltr' id='par_1_43' title="bbox 739 4213 2327 4285">
     <span class='ocr_line' id='line_1_43' title="bbox 739 4213 2327 4285; baseline -0.002 -17"><span class='ocrx_word' id='word_1_333' title='bbox 739 4216 933 4270; x_wconf 83' lang='lat' dir='ltr'><strong>deinde</strong></span> <span class='ocrx_word' id='word_1_334' title='bbox 976 4216 1102 4285; x_wconf 90' lang='lat' dir='ltr'><strong>quid</strong></span> <span class='ocrx_word' id='word_1_335' title='bbox 1133 4218 1202 4270; x_wconf 88' lang='lat' dir='ltr'><strong>sit</strong></span> <span class='ocrx_word' id='word_1_336' title='bbox 1231 4216 1502 4285; x_wconf 90' lang='lat' dir='ltr'><strong>pr0prinm</strong></span> <span class='ocrx_word' id='word_1_337' title='bbox 1548 4215 1788 4269; x_wconf 79' lang='lat' dir='ltr'><strong>indicans</strong></span> <span class='ocrx_word' id='word_1_338' title='bbox 1819 4213 2045 4282; x_wconf 87' lang='lat' dir='ltr'><strong>adjecit,</strong></span> <span class='ocrx_word' id='word_1_339' title='bbox 2082 4213 2327 4281; x_wconf 74' lang='lat' dir='ltr'><strong>Auferens</strong></span> 
     </span>
    </p>
   </div>
   <div class='ocr_carea' id='block_1_44' title="bbox 740 4308 2328 4380">
    <p class='ocr_par' dir='ltr' id='par_1_44' title="bbox 740 4308 2328 4380">
     <span class='ocr_line' id='line_1_44' title="bbox 740 4308 2328 4380; baseline -0.001 -18"><span class='ocrx_word' id='word_1_340' title='bbox 740 4311 1028 4376; x_wconf 83' lang='lat' dir='ltr'><strong>iniquitates</strong></span> <span class='ocrx_word' id='word_1_341' title='bbox 1051 4351 1062 4371; x_wconf 92' lang='lat'><strong>,</strong></span> <span class='ocrx_word' id='word_1_342' title='bbox 1110 4320 1154 4361; x_wconf 88' lang='lat' dir='ltr'><strong>et</strong></span> <span class='ocrx_word' id='word_1_343' title='bbox 1203 4311 1559 4364; x_wconf 71' lang='lat' dir='ltr'><strong>transcenderis</strong></span> <span class='ocrx_word' id='word_1_344' title='bbox 1588 4309 1868 4377; x_wconf 66' lang='lat' dir='ltr'><strong>impietate:</strong></span> <span class='ocrx_word' id='word_1_345' title='bbox 1897 4308 2083 4380; x_wconf 81' lang='lat' dir='ltr'><strong>(Mich.</strong></span> <span class='ocrx_word' id='word_1_346' title='bbox 2135 4308 2185 4360; x_wconf 85' lang='lat'><strong>7.</strong></span> <span class='ocrx_word' id='word_1_347' title='bbox 2217 4309 2328 4378; x_wconf 81' lang='lat'><strong>18).</strong></span> 
     </span>
    </p>
   </div>
   <div class='ocr_carea' id='block_1_45' title="bbox 742 4399 2331 4472">
    <p class='ocr_par' dir='ltr' id='par_1_45' title="bbox 742 4399 2331 4472">
     <span class='ocr_line' id='line_1_45' title="bbox 742 4399 2331 4472; baseline -0.001 -18"><span class='ocrx_word' id='word_1_348' title='bbox 742 4400 796 4454; x_wconf 86' lang='lat' dir='ltr'><strong>Si</strong></span> <span class='ocrx_word' id='word_1_349' title='bbox 825 4400 942 4468; x_wconf 87' lang='lat' dir='ltr'><strong>quis</strong></span> <span class='ocrx_word' id='word_1_350' title='bbox 971 4415 1099 4472; x_wconf 86' lang='lat' dir='ltr'><strong>ergo</strong></span> <span class='ocrx_word' id='word_1_351' title='bbox 1141 4400 1278 4452; x_wconf 91' lang='lat' dir='ltr'><strong>alius</strong></span> <span class='ocrx_word' id='word_1_352' title='bbox 1302 4409 1582 4468; x_wconf 81' lang='lat' dir='ltr'><strong>appareat.</strong></span> <span class='ocrx_word' id='word_1_353' title='bbox 1617 4401 1704 4468; x_wconf 92' lang='lat' dir='ltr'><strong>qui</strong></span> <span class='ocrx_word' id='word_1_354' title='bbox 1748 4399 1849 4452; x_wconf 90' lang='lat' dir='ltr'><strong>hoc</strong></span> <span class='ocrx_word' id='word_1_355' title='bbox 1880 4403 2051 4467; x_wconf 85' lang='lat' dir='ltr'><strong>ipsum</strong></span> <span class='ocrx_word' id='word_1_356' title='bbox 2095 4401 2161 4451; x_wconf 90' lang='lat' dir='ltr'><strong>ita</strong></span> <span class='ocrx_word' id='word_1_357' title='bbox 2197 4415 2331 4467; x_wconf 69' lang='lat' dir='ltr'><strong>prac-</strong></span> 
     </span>
    </p>
   </div>
   <div class='ocr_carea' id='block_1_46' title="bbox 746 4489 2330 4557">
    <p class='ocr_par' dir='ltr' id='par_1_46' title="bbox 746 4489 2330 4557">
     <span class='ocr_line' id='line_1_46' title="bbox 746 4489 2330 4557; baseline 0.001 -17"><span class='ocrx_word' id='word_1_358' title='bbox 746 4498 885 4550; x_wconf 82' lang='lat' dir='ltr'><strong>stet,</strong></span> <span class='ocrx_word' id='word_1_359' title='bbox 914 4491 1075 4542; x_wconf 89' lang='lat' dir='ltr'><strong>etiam</strong></span> <span class='ocrx_word' id='word_1_360' title='bbox 1119 4490 1258 4542; x_wconf 86' lang='lat' dir='ltr'><strong>Deus</strong></span> <span class='ocrx_word' id='word_1_361' title='bbox 1299 4498 1414 4552; x_wconf 89' lang='lat' dir='ltr'><strong>est,</strong></span> <span class='ocrx_word' id='word_1_362' title='bbox 1448 4499 1500 4542; x_wconf 91' lang='lat' dir='ltr'><strong>et</strong></span> <span class='ocrx_word' id='word_1_363' title='bbox 1549 4490 1687 4542; x_wconf 87' lang='lat' dir='ltr'><strong>Deus</strong></span> <span class='ocrx_word' id='word_1_364' title='bbox 1725 4489 2169 4557; x_wconf 86' lang='lat' dir='ltr'><strong>quemadmodum</strong></span> <span class='ocrx_word' id='word_1_365' title='bbox 2224 4490 2330 4543; x_wconf 87' lang='lat' dir='ltr'><strong>ille.</strong></span> 
     </span>
    </p>
   </div>
   <div class='ocr_carea' id='block_1_47' title="bbox 752 4578 2334 4649">
    <p class='ocr_par' dir='ltr' id='par_1_47' title="bbox 752 4578 2334 4649">
     <span class='ocr_line' id='line_1_47' title="bbox 752 4578 2334 4649; baseline 0.001 -17"><span class='ocrx_word' id='word_1_366' title='bbox 752 4578 857 4632; x_wconf 66' lang='lat' dir='ltr'><strong>Sed</strong></span> <span class='ocrx_word' id='word_1_367' title='bbox 905 4579 1178 4633; x_wconf 86' lang='lat' dir='ltr'><strong>videamus</strong></span> <span class='ocrx_word' id='word_1_368' title='bbox 1222 4594 1328 4648; x_wconf 89' lang='lat' dir='ltr'><strong>quo</strong></span> <span class='ocrx_word' id='word_1_369' title='bbox 1376 4589 1527 4649; x_wconf 77' lang='lat' dir='ltr'><strong>pact:</strong></span> <span class='ocrx_word' id='word_1_370' title='bbox 1572 4578 1690 4633; x_wconf 90' lang='lat' dir='ltr'><strong>illos</strong></span> <span class='ocrx_word' id='word_1_371' title='bbox 1727 4581 2050 4648; x_wconf 80' lang='lat' dir='ltr'><strong>argumentis</strong></span> <span class='ocrx_word' id='word_1_372' title='bbox 2088 4580 2334 4634; x_wconf 88' lang='lat' dir='ltr'><strong>Christus</strong></span> 
     </span>
    </p>
   </div>
   <div class='ocr_carea' id='block_1_48' title="bbox 750 4672 2333 4741">
    <p class='ocr_par' dir='ltr' id='par_1_48' title="bbox 750 4672 2333 4741">
     <span class='ocr_line' id='line_1_48' title="bbox 750 4672 2333 4741; baseline 0.002 -19"><span class='ocrx_word' id='word_1_373' title='bbox 750 4680 955 4739; x_wconf 78' lang='lat' dir='ltr'><strong>urgeat,</strong></span> <span class='ocrx_word' id='word_1_374' title='bbox 985 4687 1142 4740; x_wconf 87' lang='lat' dir='ltr'><strong>quant</strong></span> <span class='ocrx_word' id='word_1_375' title='bbox 1174 4681 1450 4727; x_wconf 81' lang='lat' dir='ltr'><strong>mansuete</strong></span> <span class='ocrx_word' id='word_1_376' title='bbox 1483 4687 1546 4726; x_wconf 89' lang='lat' dir='ltr'><strong>ac</strong></span> <span class='ocrx_word' id='word_1_377' title='bbox 1570 4672 1810 4726; x_wconf 85' lang='lat' dir='ltr'><strong>modeste</strong></span> <span class='ocrx_word' id='word_1_378' title='bbox 1834 4714 1846 4732; x_wconf 88' lang='lat'><strong>,</strong></span> <span class='ocrx_word' id='word_1_379' title='bbox 1877 4687 2186 4741; x_wconf 89' lang='lat' dir='ltr'><strong>summaque</strong></span> <span class='ocrx_word' id='word_1_380' title='bbox 2213 4688 2333 4727; x_wconf 90' lang='lat' dir='ltr'><strong>cum</strong></span> 
     </span>
    </p>
   </div>
   <div class='ocr_carea' id='block_1_49' title="bbox 751 4762 2337 4834">
    <p class='ocr_par' dir='ltr' id='par_1_49' title="bbox 751 4762 2337 4834">
     <span class='ocr_line' id='line_1_49' title="bbox 751 4762 2337 4834; baseline 0 -16"><span class='ocrx_word' id='word_1_381' title='bbox 751 4763 1127 4819; x_wconf 83' lang='lat' dir='ltr'><strong>sollicitudine.</strong></span> <span class='ocrx_word' id='word_1_382' title='bbox 1173 4762 1238 4818; x_wconf 78' lang='lat' dir='ltr'><strong>Et</strong></span> <span class='ocrx_word' id='word_1_383' title='bbox 1266 4781 1373 4818; x_wconf 73' lang='lat' dir='ltr'><strong>ecce</strong></span> <span class='ocrx_word' id='word_1_384' title='bbox 1418 4765 1622 4834; x_wconf 85' lang='lat' dir='ltr'><strong>quidam</strong></span> <span class='ocrx_word' id='word_1_385' title='bbox 1660 4764 1722 4817; x_wconf 85' lang='lat' dir='ltr'><strong>de</strong></span> <span class='ocrx_word' id='word_1_386' title='bbox 1749 4765 1924 4818; x_wconf 78' lang='lat' dir='ltr'><strong>scribis</strong></span> <span class='ocrx_word' id='word_1_387' title='bbox 1947 4765 2175 4818; x_wconf 84' lang='lat' dir='ltr'><strong>dicebant</strong></span> <span class='ocrx_word' id='word_1_388' title='bbox 2203 4766 2337 4818; x_wconf 85' lang='lat' dir='ltr'><strong>intra</strong></span> 
     </span>
    </p>
   </div>
   <div class='ocr_carea' id='block_1_50' title="bbox 749 4854 2335 4926">
    <p class='ocr_par' dir='ltr' id='par_1_50' title="bbox 749 4854 2335 4926">
     <span class='ocr_line' id='line_1_50' title="bbox 749 4854 2335 4926; baseline -0.001 -17"><span class='ocrx_word' id='word_1_389' title='bbox 749 4856 942 4925; x_wconf 79' lang='lat' dir='ltr'><strong>seipsos</strong></span> <span class='ocrx_word' id='word_1_390' title='bbox 974 4873 991 4909; x_wconf 91' lang='lat'><strong><em>:</em></strong></span> <span class='ocrx_word' id='word_1_391' title='bbox 1023 4854 1121 4907; x_wconf 80' lang='lat' dir='ltr'><strong>Hic</strong></span> <span class='ocrx_word' id='word_1_392' title='bbox 1172 4856 1483 4926; x_wconf 82' lang='lat' dir='ltr'><strong>blasphemat</strong></span> <span class='ocrx_word' id='word_1_393' title='bbox 1513 4854 1724 4924; x_wconf 81' lang='lat' dir='ltr'><strong>(Matth.</strong></span> <span class='ocrx_word' id='word_1_394' title='bbox 1765 4855 1817 4908; x_wconf 86' lang='lat'><strong>9.</strong></span> <span class='ocrx_word' id='word_1_395' title='bbox 1870 4855 1946 4925; x_wconf 81' lang='grc'><strong>5).</strong></span> <span class='ocrx_word' id='word_1_396' title='bbox 1996 4855 2335 4925; x_wconf 84' lang='lat' dir='ltr'><strong>Nequaquam</strong></span> 
     </span>
    </p>
   </div>
   <div class='ocr_carea' id='block_1_51' title="bbox 750 4945 2336 5016">
    <p class='ocr_par' dir='ltr' id='par_1_51' title="bbox 750 4945 2336 5016">
     <span class='ocr_line' id='line_1_51' title="bbox 750 4945 2336 5016; baseline 0 -16"><span class='ocrx_word' id='word_1_397' title='bbox 750 4948 969 5000; x_wconf 79' lang='lat' dir='ltr'><strong>verbum</strong></span> <span class='ocrx_word' id='word_1_398' title='bbox 1000 4946 1354 5015; x_wconf 90' lang='lat' dir='ltr'><strong>protulerunt,</strong></span> <span class='ocrx_word' id='word_1_399' title='bbox 1387 4961 1493 5000; x_wconf 92' lang='lat' dir='ltr'><strong>non</strong></span> <span class='ocrx_word' id='word_1_400' title='bbox 1522 4946 1930 5016; x_wconf 89' lang='lat' dir='ltr'><strong>pronuntiarunt</strong></span> <span class='ocrx_word' id='word_1_401' title='bbox 1951 4946 2148 5014; x_wconf 85' lang='lat' dir='ltr'><strong>lingua,</strong></span> <span class='ocrx_word' id='word_1_402' title='bbox 2171 4945 2260 4999; x_wconf 90' lang='lat' dir='ltr'><strong>sed</strong></span> <span class='ocrx_word' id='word_1_403' title='bbox 2285 4947 2336 5000; x_wconf 91' lang='lat' dir='ltr'><strong>in</strong></span> 
     </span>
    </p>
   </div>
   <div class='ocr_carea' id='block_1_52' title="bbox 751 5033 2340 5107">
    <p class='ocr_par' dir='ltr' id='par_1_52' title="bbox 751 5033 2340 5107">
     <span class='ocr_line' id='line_1_52' title="bbox 751 5033 2340 5107; baseline 0.003 -19"><span class='ocrx_word' id='word_1_404' title='bbox 751 5035 949 5091; x_wconf 89' lang='lat' dir='ltr'><strong>mentis</strong></span> <span class='ocrx_word' id='word_1_405' title='bbox 988 5052 1184 5092; x_wconf 82' lang='lat' dir='ltr'><strong>arcam</strong></span> <span class='ocrx_word' id='word_1_406' title='bbox 1227 5035 1551 5107; x_wconf 80' lang='lat' dir='ltr'><strong>cogitabant.</strong></span> <span class='ocrx_word' id='word_1_407' title='bbox 1582 5035 1719 5104; x_wconf 83' lang='lat' dir='ltr'><strong>Quid</strong></span> <span class='ocrx_word' id='word_1_408' title='bbox 1754 5050 1883 5105; x_wconf 82' lang='lat' dir='ltr'><strong>ergo</strong></span> <span class='ocrx_word' id='word_1_409' title='bbox 1903 5033 2187 5092; x_wconf 84' lang='lat' dir='ltr'><strong>Christus?</strong></span> <span class='ocrx_word' id='word_1_410' title='bbox 2217 5036 2340 5092; x_wconf 89' lang='lat' dir='ltr'><strong>illo-</strong></span> 
     </span>
    </p>
   </div>
   <div class='ocr_carea' id='block_1_53' title="bbox 755 5127 2343 5198">
    <p class='ocr_par' dir='ltr' id='par_1_53' title="bbox 755 5127 2343 5198">
     <span class='ocr_line' id='line_1_53' title="bbox 755 5127 2343 5198; baseline 0.003 -18"><span class='ocrx_word' id='word_1_411' title='bbox 755 5144 874 5181; x_wconf 90' lang='lat' dir='ltr'><strong>rum</strong></span> <span class='ocrx_word' id='word_1_412' title='bbox 919 5143 1144 5183; x_wconf 87' lang='lat' dir='ltr'><strong>arcanas</strong></span> <span class='ocrx_word' id='word_1_413' title='bbox 1190 5130 1540 5198; x_wconf 83' lang='lat' dir='ltr'><strong>cogitationes</strong></span> <span class='ocrx_word' id='word_1_414' title='bbox 1571 5128 1787 5198; x_wconf 90' lang='lat' dir='ltr'><strong>protulit</strong></span> <span class='ocrx_word' id='word_1_415' title='bbox 1815 5129 1870 5182; x_wconf 90' lang='lat' dir='ltr'><strong>in</strong></span> <span class='ocrx_word' id='word_1_416' title='bbox 1905 5127 2167 5193; x_wconf 89' lang='lat' dir='ltr'><strong>medium,</strong></span> <span class='ocrx_word' id='word_1_417' title='bbox 2190 5138 2343 5184; x_wconf 87' lang='lat' dir='ltr'><strong>ante-</strong></span> 
     </span>
    </p>
   </div>
   <div class='ocr_carea' id='block_1_54' title="bbox 756 5218 2342 5290">
    <p class='ocr_par' dir='ltr' id='par_1_54' title="bbox 756 5218 2342 5290">
     <span class='ocr_line' id='line_1_54' title="bbox 756 5218 2342 5290; baseline 0.003 -20"><span class='ocrx_word' id='word_1_418' title='bbox 756 5234 915 5288; x_wconf 87' lang='lat' dir='ltr'><strong>quam</strong></span> <span class='ocrx_word' id='word_1_419' title='bbox 939 5218 1004 5272; x_wconf 84' lang='lat' dir='ltr'><strong>ad</strong></span> <span class='ocrx_word' id='word_1_420' title='bbox 1029 5219 1538 5276; x_wconf 86' lang='lat' dir='ltr'><strong>demonstrationem</strong></span> <span class='ocrx_word' id='word_1_421' title='bbox 1573 5220 1796 5282; x_wconf 85' lang='lat' dir='ltr'><strong>veniret,</strong></span> <span class='ocrx_word' id='word_1_422' title='bbox 1823 5235 1980 5290; x_wconf 88' lang='lat' dir='ltr'><strong>quam</strong></span> <span class='ocrx_word' id='word_1_423' title='bbox 2009 5234 2071 5273; x_wconf 81' lang='lat' dir='ltr'><strong>ex</strong></span> <span class='ocrx_word' id='word_1_424' title='bbox 2102 5221 2342 5290; x_wconf 90' lang='lat' dir='ltr'><strong>corporis</strong></span> 
     </span>
    </p>
   </div>
   <div class='ocr_carea' id='block_1_55' title="bbox 759 5309 2342 5381">
    <p class='ocr_par' dir='ltr' id='par_1_55' title="bbox 759 5309 2342 5381">
     <span class='ocr_line' id='line_1_55' title="bbox 759 5309 2342 5381; baseline 0.005 -23"><span class='ocrx_word' id='word_1_425' title='bbox 759 5309 1033 5379; x_wconf 77' lang='lat' dir='ltr'><strong>paralytici</strong></span> <span class='ocrx_word' id='word_1_426' title='bbox 1062 5311 1334 5364; x_wconf 81' lang='lat' dir='ltr'><strong>etiratiOne</strong></span> <span class='ocrx_word' id='word_1_427' title='bbox 1386 5311 1687 5381; x_wconf 89' lang='lat' dir='ltr'><strong>prolaturus</strong></span> <span class='ocrx_word' id='word_1_428' title='bbox 1725 5313 1875 5374; x_wconf 87' lang='lat' dir='ltr'><strong>erat,</strong></span> <span class='ocrx_word' id='word_1_429' title='bbox 1914 5311 2054 5379; x_wconf 89' lang='lat' dir='ltr'><strong>quod</strong></span> <span class='ocrx_word' id='word_1_430' title='bbox 2100 5313 2203 5365; x_wconf 89' lang='lat' dir='ltr'><strong>illis</strong></span> <span class='ocrx_word' id='word_1_431' title='bbox 2232 5328 2342 5366; x_wconf 73' lang='lat' dir='ltr'><strong>sua:</strong></span> 
     </span>
    </p>
   </div>
   <div class='ocr_carea' id='block_1_56' title="bbox 759 5401 2345 5473">
    <p class='ocr_par' dir='ltr' id='par_1_56' title="bbox 759 5401 2345 5473">
     <span class='ocr_line' id='line_1_56' title="bbox 759 5401 2345 5473; baseline 0.002 -19"><span class='ocrx_word' id='word_1_432' title='bbox 759 5403 1050 5457; x_wconf 78' lang='lat' dir='ltr'><strong>divinitatis</strong></span> <span class='ocrx_word' id='word_1_433' title='bbox 1073 5404 1232 5457; x_wconf 79' lang='lat' dir='ltr'><strong>vellet</strong></span> <span class='ocrx_word' id='word_1_434' title='bbox 1252 5454 1255 5455; x_wconf 65' lang='lat'><strong>,</strong></span> <span class='ocrx_word' id='word_1_435' title='bbox 1278 5404 1566 5473; x_wconf 87' lang='lat' dir='ltr'><strong>potentiam</strong></span> <span class='ocrx_word' id='word_1_436' title='bbox 1606 5403 1906 5458; x_wconf 79' lang='lat' dir='ltr'><strong>declarare.</strong></span> <span class='ocrx_word' id='word_1_437' title='bbox 1936 5401 2006 5458; x_wconf 90' lang='lat' dir='ltr'><strong>Ut</strong></span> <span class='ocrx_word' id='word_1_438' title='bbox 2049 5405 2188 5458; x_wconf 89' lang='lat' dir='ltr'><strong>enim</strong></span> <span class='ocrx_word' id='word_1_439' title='bbox 2215 5420 2345 5458; x_wconf 90' lang='lat' dir='ltr'><strong>con-</strong></span> 
     </span>
    </p>
   </div>
   <div class='ocr_carea' id='block_1_57' title="bbox 763 5494 2347 5563">
    <p class='ocr_par' dir='ltr' id='par_1_57' title="bbox 763 5494 2347 5563">
     <span class='ocr_line' id='line_1_57' title="bbox 763 5494 2347 5563; baseline 0.002 -16"><span class='ocrx_word' id='word_1_440' title='bbox 763 5504 864 5547; x_wconf 77' lang='lat' dir='ltr'><strong>stet</strong></span> <span class='ocrx_word' id='word_1_441' title='bbox 916 5495 1082 5548; x_wconf 89' lang='lat' dir='ltr'><strong>solius</strong></span> <span class='ocrx_word' id='word_1_442' title='bbox 1130 5495 1220 5549; x_wconf 91' lang='lat' dir='ltr'><strong>Dei</strong></span> <span class='ocrx_word' id='word_1_443' title='bbox 1270 5510 1387 5549; x_wconf 87' lang='lat' dir='ltr'><strong>esse</strong></span> <span class='ocrx_word' id='word_1_444' title='bbox 1438 5496 1633 5550; x_wconf 88' lang='lat' dir='ltr'><strong>mentis</strong></span> <span class='ocrx_word' id='word_1_445' title='bbox 1675 5511 1867 5549; x_wconf 89' lang='lat' dir='ltr'><strong>arcana</strong></span> <span class='ocrx_word' id='word_1_446' title='bbox 1910 5494 2239 5563; x_wconf 54' lang='lat' dir='ltr'><strong>patefatere,</strong></span> <span class='ocrx_word' id='word_1_447' title='bbox 2277 5496 2347 5550; x_wconf 86' lang='lat' dir='ltr'><strong>Tu</strong></span> 
     </span>
    </p>
   </div>
   <div class='ocr_carea' id='block_1_58' title="bbox 765 5587 2347 5657">
    <p class='ocr_par' dir='ltr' id='par_1_58' title="bbox 765 5587 2347 5657">
     <span class='ocr_line' id='line_1_58' title="bbox 765 5587 2347 5657; baseline 0.004 -21"><span class='ocrx_word' id='word_1_448' title='bbox 765 5604 969 5654; x_wconf 73' lang='lat' dir='ltr'><strong>prorsus</strong></span> <span class='ocrx_word' id='word_1_449' title='bbox 996 5587 1131 5641; x_wconf 71' lang='lat' dir='ltr'><strong>solus</strong></span> <span class='ocrx_word' id='word_1_450' title='bbox 1160 5589 1287 5641; x_wconf 82' lang='lat' dir='ltr'><strong>nosti</strong></span> <span class='ocrx_word' id='word_1_451' title='bbox 1309 5589 1462 5641; x_wconf 83' lang='lat' dir='ltr'><strong>corda</strong></span> <span class='ocrx_word' id='word_1_452' title='bbox 1489 5589 1542 5654; x_wconf 74' lang='lat'><strong>(15</strong></span> <span class='ocrx_word' id='word_1_453' title='bbox 1572 5587 1702 5657; x_wconf 82' lang='lat' dir='ltr'><strong>Reg.</strong></span> <span class='ocrx_word' id='word_1_454' title='bbox 1732 5588 1785 5642; x_wconf 89' lang='lat'><strong>8.</strong></span> <span class='ocrx_word' id='word_1_455' title='bbox 1817 5587 1933 5657; x_wconf 86' lang='grc'>59),</span> <span class='ocrx_word' id='word_1_456' title='bbox 1967 5589 2155 5655; x_wconf 88' lang='lat' dir='ltr'><strong>inquit.</strong></span> <span class='ocrx_word' id='word_1_457' title='bbox 2191 5589 2347 5642; x_wconf 72' lang='lat' dir='ltr'><strong>Vides</strong></span> 
     </span>
    </p>
   </div>
   <div class='ocr_carea' id='block_1_59' title="bbox 764 5677 2347 5734">
    <p class='ocr_par' dir='ltr' id='par_1_59' title="bbox 764 5677 2347 5734">
     <span class='ocr_line' id='line_1_59' title="bbox 764 5677 2347 5734; baseline 0.002 -5"><span class='ocrx_word' id='word_1_458' title='bbox 764 5677 893 5731; x_wconf 85' lang='lat' dir='ltr'><strong>illud</strong></span> <span class='ocrx_word' id='word_1_459' title='bbox 925 5679 1076 5733; x_wconf 82' lang='lat' dir='ltr'><strong>Solus</strong></span> <span class='ocrx_word' id='word_1_460' title='bbox 1107 5695 1289 5734; x_wconf 66' lang='lat' dir='ltr'><strong>rursus</strong></span> <span class='ocrx_word' id='word_1_461' title='bbox 1319 5694 1422 5733; x_wconf 91' lang='lat' dir='ltr'><strong>non</strong></span> <span class='ocrx_word' id='word_1_462' title='bbox 1460 5679 1527 5734; x_wconf 89' lang='lat' dir='ltr'><strong>ad</strong></span> <span class='ocrx_word' id='word_1_463' title='bbox 1557 5679 1954 5733; x_wconf 86' lang='lat' dir='ltr'><strong>distinctionem</strong></span> <span class='ocrx_word' id='word_1_464' title='bbox 1987 5678 2103 5733; x_wconf 85' lang='lat' dir='ltr'><strong>Filii</strong></span> <span class='ocrx_word' id='word_1_465' title='bbox 2145 5680 2347 5734; x_wconf 87' lang='lat' dir='ltr'><strong>dictum</strong></span> 
     </span>
    </p>
   </div>
   <div class='ocr_carea' id='block_1_60' title="bbox 765 5752 2343 5843">
    <p class='ocr_par' dir='ltr' id='par_1_60' title="bbox 765 5752 2343 5843">
     <span class='ocr_line' id='line_1_60' title="bbox 765 5752 2343 5843; baseline 0.003 -19"><span class='ocrx_word' id='word_1_466' title='bbox 765 5769 924 5824; x_wconf 64' lang='lat' dir='ltr'><strong>ease?</strong></span> <span class='ocrx_word' id='word_1_467' title='bbox 951 5771 1006 5825; x_wconf 80' lang='lat' dir='ltr'><strong>Si</strong></span> <span class='ocrx_word' id='word_1_468' title='bbox 1046 5773 1187 5829; x_wconf 86' lang='lat' dir='ltr'><strong>cuitu</strong></span> <span class='ocrx_word' id='word_1_469' title='bbox 1214 5768 1368 5828; x_wconf 81' lang='lat' dir='ltr'><strong>Pater</strong></span> <span class='ocrx_word' id='word_1_470' title='bbox 1392 5770 1531 5826; x_wconf 82' lang='lat' dir='ltr'><strong>solus</strong></span> <span class='ocrx_word' id='word_1_471' title='bbox 1572 5770 1730 5828; x_wconf 79' lang='lat' dir='ltr'><strong>corda</strong></span> <span class='ocrx_word' id='word_1_472' title='bbox 1767 5771 1935 5828; x_wconf 67' lang='lat' dir='ltr'><strong>novit.</strong></span> <span class='ocrx_word' id='word_1_473' title='bbox 1967 5771 2233 5843; x_wconf 86' lang='lat' dir='ltr'><strong>quomodo</strong></span> <span class='ocrx_word' id='word_1_474' title='bbox 2264 5752 2343 5827; x_wconf 75' lang='lat' dir='ltr'><strong>Fi-</strong></span> 
     </span>
    </p>
   </div>
   <div class='ocr_carea' id='block_1_61' title="bbox 1384 331 3960 424">
    <p class='ocr_par' dir='ltr' id='par_1_61' title="bbox 1384 331 3960 424">
     <span class='ocr_line' id='line_1_61' title="bbox 1384 331 3960 424; baseline 0.002 -5"><span class='ocrx_word' id='word_1_475' title='bbox 1384 366 1440 420; x_wconf 71' lang='lat' dir='ltr'><strong>S.</strong></span> <span class='ocrx_word' id='word_1_476' title='bbox 1485 363 1766 421; x_wconf 73' lang='lat' dir='ltr'><strong>JOANNIS</strong></span> <span class='ocrx_word' id='word_1_477' title='bbox 1795 331 2273 420; x_wconf 58' lang='lat' dir='ltr'><strong>CllRYSOSTOili</strong></span> <span class='ocrx_word' id='word_1_478' title='bbox 2307 363 2628 423; x_wconf 72' lang='lat' dir='ltr'><strong>ABCHIEP.</strong></span> <span class='ocrx_word' id='word_1_479' title='bbox 2666 366 3216 424; x_wconf 73' lang='lat' dir='ltr'><strong>CONSTANTINOP.</strong></span> <span class='ocrx_word' id='word_1_480' title='bbox 3867 371 3960 424; x_wconf 67' lang='grc' dir='ltr'><strong>τεο</strong></span> 
     </span>
    </p>
   </div>
   <div class='ocr_carea' id='block_1_62' title="bbox 2369 478 3964 550">
    <p class='ocr_par' dir='ltr' id='par_1_62' title="bbox 2369 478 3964 550">
     <span class='ocr_line' id='line_1_62' title="bbox 2369 478 3964 550; baseline 0.001 -18"><span class='ocrx_word' id='word_1_481' title='bbox 2369 478 2473 534; x_wconf 86' lang='lat' dir='ltr'><strong>lius</strong></span> <span class='ocrx_word' id='word_1_482' title='bbox 2503 480 2649 534; x_wconf 85' lang='lat' dir='ltr'><strong>novit</strong></span> <span class='ocrx_word' id='word_1_483' title='bbox 2675 478 2985 535; x_wconf 83' lang='lat' dir='ltr'><strong>abscondita</strong></span> <span class='ocrx_word' id='word_1_484' title='bbox 3011 478 3212 533; x_wconf 78' lang='lat' dir='ltr'><strong>cordis?</strong></span> <span class='ocrx_word' id='word_1_485' title='bbox 3242 479 3365 550; x_wconf 77' lang='lat' dir='ltr'><strong>Ipse</strong></span> <span class='ocrx_word' id='word_1_486' title='bbox 3384 481 3536 544; x_wconf 81' lang='lat' dir='ltr'><strong>enim,</strong></span> <span class='ocrx_word' id='word_1_487' title='bbox 3564 479 3753 549; x_wconf 91' lang='lat' dir='ltr'><strong>inquit,</strong></span> <span class='ocrx_word' id='word_1_488' title='bbox 3776 482 3964 536; x_wconf 77' lang='lat' dir='ltr'><strong>sciebat</strong></span> 
     </span>
    </p>
   </div>
   <div class='ocr_carea' id='block_1_63' title="bbox 2364 557 3966 640">
    <p class='ocr_par' dir='ltr' id='par_1_63' title="bbox 2364 557 3966 640">
     <span class='ocr_line' id='line_1_63' title="bbox 2364 557 3966 640; baseline 0 -19"><span class='ocrx_word' id='word_1_489' title='bbox 2364 571 2487 639; x_wconf 84' lang='lat' dir='ltr'><strong>quid</strong></span> <span class='ocrx_word' id='word_1_490' title='bbox 2509 580 2634 625; x_wconf 87' lang='lat' dir='ltr'><strong>esset</strong></span> <span class='ocrx_word' id='word_1_491' title='bbox 2653 571 2706 624; x_wconf 89' lang='lat' dir='ltr'><strong>in</strong></span> <span class='ocrx_word' id='word_1_492' title='bbox 2725 557 2934 624; x_wconf 72' lang='lat' dir='ltr'><strong>homine</strong></span> <span class='ocrx_word' id='word_1_493' title='bbox 2966 569 3144 640; x_wconf 81' lang='lat' dir='ltr'><strong>(Joan.</strong></span> <span class='ocrx_word' id='word_1_494' title='bbox 3172 569 3339 640; x_wconf 68' lang='lat'><strong>2.25)</strong></span> <span class='ocrx_word' id='word_1_495' title='bbox 3369 590 3382 625; x_wconf 90' lang='lat'><strong>:</strong></span> <span class='ocrx_word' id='word_1_496' title='bbox 3417 581 3472 625; x_wconf 91' lang='lat' dir='ltr'><strong>et</strong></span> <span class='ocrx_word' id='word_1_497' title='bbox 3501 571 3698 626; x_wconf 85' lang='lat' dir='ltr'><strong>Paulus</strong></span> <span class='ocrx_word' id='word_1_498' title='bbox 3721 572 3966 625; x_wconf 77' lang='lat' dir='ltr'><strong>indicans</strong></span> 
     </span>
    </p>
   </div>
   <div class='ocr_carea' id='block_1_64' title="bbox 2371 660 3966 731">
    <p class='ocr_par' dir='ltr' id='par_1_64' title="bbox 2371 660 3966 731">
     <span class='ocr_line' id='line_1_64' title="bbox 2371 660 3966 731; baseline -0.001 -19"><span class='ocrx_word' id='word_1_499' title='bbox 2371 663 2640 731; x_wconf 89' lang='lat' dir='ltr'><strong>proprium</strong></span> <span class='ocrx_word' id='word_1_500' title='bbox 2660 676 2793 716; x_wconf 86' lang='lat' dir='ltr'><strong>esse</strong></span> <span class='ocrx_word' id='word_1_501' title='bbox 2823 661 2913 715; x_wconf 83' lang='lat' dir='ltr'><strong>Dei</strong></span> <span class='ocrx_word' id='word_1_502' title='bbox 2955 672 3161 714; x_wconf 87' lang='lat' dir='ltr'><strong>secreta</strong></span> <span class='ocrx_word' id='word_1_503' title='bbox 3206 675 3567 730; x_wconf 77' lang='lat' dir='ltr'><strong>cognoscere,</strong></span> <span class='ocrx_word' id='word_1_504' title='bbox 3600 662 3674 715; x_wconf 81' lang='lat' dir='ltr'><strong>ait</strong></span> <span class='ocrx_word' id='word_1_505' title='bbox 3703 680 3715 715; x_wconf 88' lang='lat'><strong>:</strong></span> <span class='ocrx_word' id='word_1_506' title='bbox 3743 660 3845 727; x_wconf 85' lang='lat' dir='ltr'><strong>Qui</strong></span> <span class='ocrx_word' id='word_1_507' title='bbox 3865 677 3966 712; x_wconf 85' lang='lat' dir='ltr'><strong>an-</strong></span> 
     </span>
    </p>
   </div>
   <div class='ocr_carea' id='block_1_65' title="bbox 2371 750 3973 821">
    <p class='ocr_par' dir='ltr' id='par_1_65' title="bbox 2371 750 3973 821">
     <span class='ocr_line' id='line_1_65' title="bbox 2371 750 3973 821; baseline -0.001 -17"><span class='ocrx_word' id='word_1_508' title='bbox 2371 762 2466 804; x_wconf 85' lang='lat' dir='ltr'><strong>tem</strong></span> <span class='ocrx_word' id='word_1_509' title='bbox 2511 762 2768 804; x_wconf 77' lang='lat' dir='ltr'><strong>scrutatur</strong></span> <span class='ocrx_word' id='word_1_510' title='bbox 2799 753 2954 804; x_wconf 84' lang='lat' dir='ltr'><strong>corda</strong></span> <span class='ocrx_word' id='word_1_511' title='bbox 2983 751 3163 819; x_wconf 83' lang='lat' dir='ltr'><strong>(Rom.</strong></span> <span class='ocrx_word' id='word_1_512' title='bbox 3207 751 3258 806; x_wconf 84' lang='lat'><strong>8.</strong></span> <span class='ocrx_word' id='word_1_513' title='bbox 3291 750 3382 821; x_wconf 75' lang='lat'><strong>‘27)</strong></span> <span class='ocrx_word' id='word_1_514' title='bbox 3419 770 3431 805; x_wconf 91' lang='lat'><strong>:</strong></span> <span class='ocrx_word' id='word_1_515' title='bbox 3461 752 3656 821; x_wconf 83' lang='lat' dir='ltr'><strong>quibus</strong></span> <span class='ocrx_word' id='word_1_516' title='bbox 3691 751 3871 805; x_wconf 91' lang='lat' dir='ltr'><strong>verbis</strong></span> <span class='ocrx_word' id='word_1_517' title='bbox 3900 754 3973 803; x_wconf 79' lang='lat' dir='ltr'><strong>si-</strong></span> 
     </span>
    </p>
   </div>
   <div class='ocr_carea' id='block_1_66' title="bbox 2369 840 3972 914">
    <p class='ocr_par' dir='ltr' id='par_1_66' title="bbox 2369 840 3972 914">
     <span class='ocr_line' id='line_1_66' title="bbox 2369 840 3972 914; baseline -0.001 -18"><span class='ocrx_word' id='word_1_518' title='bbox 2369 843 2587 914; x_wconf 74' lang='lat' dir='ltr'><strong>gniﬁcat</strong></span> <span class='ocrx_word' id='word_1_519' title='bbox 2609 843 2724 899; x_wconf 80' lang='lat' dir='ltr'><strong>inec</strong></span> <span class='ocrx_word' id='word_1_520' title='bbox 2749 844 2993 897; x_wconf 81' lang='lat' dir='ltr'><strong>eamdem</strong></span> <span class='ocrx_word' id='word_1_521' title='bbox 3024 845 3130 897; x_wconf 89' lang='lat' dir='ltr'><strong>vim</strong></span> <span class='ocrx_word' id='word_1_522' title='bbox 3164 843 3382 911; x_wconf 87' lang='lat' dir='ltr'><strong>habere,</strong></span> <span class='ocrx_word' id='word_1_523' title='bbox 3413 859 3574 914; x_wconf 88' lang='lat' dir='ltr'><strong>quam</strong></span> <span class='ocrx_word' id='word_1_524' title='bbox 3608 845 3719 913; x_wconf 88' lang='lat' dir='ltr'><strong>ipsa</strong></span> <span class='ocrx_word' id='word_1_525' title='bbox 3751 842 3845 896; x_wconf 88' lang='lat' dir='ltr'><strong>Dei</strong></span> <span class='ocrx_word' id='word_1_526' title='bbox 3876 840 3972 894; x_wconf 62' lang='lat' dir='ltr'><strong>hac</strong></span> 
     </span>
    </p>
   </div>
   <div class='ocr_carea' id='block_1_67' title="bbox 2373 934 3973 1010">
    <p class='ocr_par' dir='ltr' id='par_1_67' title="bbox 2373 934 3973 1010">
     <span class='ocr_line' id='line_1_67' title="bbox 2373 934 3973 1010; baseline -0.003 -19"><span class='ocrx_word' id='word_1_527' title='bbox 2373 937 2461 992; x_wconf 90' lang='lat' dir='ltr'><strong>bet</strong></span> <span class='ocrx_word' id='word_1_528' title='bbox 2488 936 2795 1006; x_wconf 87' lang='lat' dir='ltr'><strong>appellatio.</strong></span> <span class='ocrx_word' id='word_1_529' title='bbox 2825 934 2896 991; x_wconf 88' lang='lat' dir='ltr'><strong>Ut</strong></span> <span class='ocrx_word' id='word_1_530' title='bbox 2918 936 3062 990; x_wconf 88' lang='lat' dir='ltr'><strong>enim</strong></span> <span class='ocrx_word' id='word_1_531' title='bbox 3090 950 3214 990; x_wconf 90' lang='lat' dir='ltr'><strong>cum</strong></span> <span class='ocrx_word' id='word_1_532' title='bbox 3245 935 3368 990; x_wconf 91' lang='lat' dir='ltr'><strong>dico</strong></span> <span class='ocrx_word' id='word_1_533' title='bbox 3389 977 3403 1002; x_wconf 97' lang='lat'><strong>,</strong></span> <span class='ocrx_word' id='word_1_534' title='bbox 3437 937 3526 1006; x_wconf 91' lang='lat' dir='ltr'><strong>qui</strong></span> <span class='ocrx_word' id='word_1_535' title='bbox 3557 936 3732 1010; x_wconf 59' lang='lat' dir='ltr'><strong>pluit,</strong></span> <span class='ocrx_word' id='word_1_536' title='bbox 3766 934 3973 989; x_wconf 88' lang='lat' dir='ltr'><strong>nullum</strong></span> 
     </span>
    </p>
   </div>
   <div class='ocr_carea' id='block_1_68' title="bbox 2375 1026 3974 1097">
    <p class='ocr_par' dir='ltr' id='par_1_68' title="bbox 2375 1026 3974 1097">
     <span class='ocr_line' id='line_1_68' title="bbox 2375 1026 3974 1097; baseline -0.004 -14"><span class='ocrx_word' id='word_1_537' title='bbox 2375 1029 2538 1083; x_wconf 90' lang='lat' dir='ltr'><strong>alium</strong></span> <span class='ocrx_word' id='word_1_538' title='bbox 2567 1037 2759 1097; x_wconf 65' lang='lat' dir='ltr'><strong>praeter</strong></span> <span class='ocrx_word' id='word_1_539' title='bbox 2785 1027 2955 1082; x_wconf 83' lang='lat' dir='ltr'><strong>Deum</strong></span> <span class='ocrx_word' id='word_1_540' title='bbox 2988 1028 3211 1096; x_wconf 86' lang='lat' dir='ltr'><strong>designo</strong></span> <span class='ocrx_word' id='word_1_541' title='bbox 3239 1042 3334 1096; x_wconf 87' lang='lat' dir='ltr'><strong>per</strong></span> <span class='ocrx_word' id='word_1_542' title='bbox 3363 1041 3477 1081; x_wconf 88' lang='lat' dir='ltr'><strong>rem</strong></span> <span class='ocrx_word' id='word_1_543' title='bbox 3505 1026 3684 1092; x_wconf 89' lang='lat' dir='ltr'><strong>illam,</strong></span> <span class='ocrx_word' id='word_1_544' title='bbox 3717 1026 3974 1097; x_wconf 83' lang='lat' dir='ltr'><strong>quoniam</strong></span> 
     </span>
    </p>
   </div>
   <div class='ocr_carea' id='block_1_69' title="bbox 2379 1117 3979 1188">
    <p class='ocr_par' dir='ltr' id='par_1_69' title="bbox 2379 1117 3979 1188">
     <span class='ocr_line' id='line_1_69' title="bbox 2379 1117 3979 1188; baseline -0.001 -17"><span class='ocrx_word' id='word_1_545' title='bbox 2379 1120 2472 1171; x_wconf 82' lang='lat' dir='ltr'><strong>Dei</strong></span> <span class='ocrx_word' id='word_1_546' title='bbox 2505 1119 2672 1173; x_wconf 87' lang='lat' dir='ltr'><strong>solius</strong></span> <span class='ocrx_word' id='word_1_547' title='bbox 2699 1128 2783 1173; x_wconf 90' lang='lat' dir='ltr'><strong>est</strong></span> <span class='ocrx_word' id='word_1_548' title='bbox 2805 1119 2931 1172; x_wconf 92' lang='lat' dir='ltr'><strong>illud</strong></span> <span class='ocrx_word' id='word_1_549' title='bbox 2955 1133 3134 1188; x_wconf 83' lang='lat' dir='ltr'><strong>agere;</strong></span> <span class='ocrx_word' id='word_1_550' title='bbox 3158 1127 3212 1172; x_wconf 93' lang='lat' dir='ltr'><strong>et</strong></span> <span class='ocrx_word' id='word_1_551' title='bbox 3241 1119 3284 1170; x_wconf 91' lang='lat' dir='ltr'><strong>si</strong></span> <span class='ocrx_word' id='word_1_552' title='bbox 3312 1117 3505 1181; x_wconf 89' lang='lat' dir='ltr'><strong>dicam,</strong></span> <span class='ocrx_word' id='word_1_553' title='bbox 3531 1118 3620 1186; x_wconf 87' lang='lat' dir='ltr'><strong>qui</strong></span> <span class='ocrx_word' id='word_1_554' title='bbox 3648 1118 3814 1171; x_wconf 88' lang='lat' dir='ltr'><strong>solem</strong></span> <span class='ocrx_word' id='word_1_555' title='bbox 3847 1117 3979 1170; x_wconf 89' lang='lat' dir='ltr'><strong>oriri</strong></span> 
     </span>
    </p>
   </div>
   <div class='ocr_carea' id='block_1_70' title="bbox 2381 1208 3981 1278">
    <p class='ocr_par' dir='ltr' id='par_1_70' title="bbox 2381 1208 3981 1278">
     <span class='ocr_line' id='line_1_70' title="bbox 2381 1208 3981 1278; baseline -0.003 -14"><span class='ocrx_word' id='word_1_556' title='bbox 2381 1209 2526 1278; x_wconf 78' lang='lat' dir='ltr'><strong>facit,</strong></span> <span class='ocrx_word' id='word_1_557' title='bbox 2555 1225 2654 1264; x_wconf 92' lang='lat' dir='ltr'><strong>nec</strong></span> <span class='ocrx_word' id='word_1_558' title='bbox 2689 1209 2880 1263; x_wconf 87' lang='lat' dir='ltr'><strong>addam</strong></span> <span class='ocrx_word' id='word_1_559' title='bbox 2903 1251 2916 1272; x_wconf 90' lang='lat'><strong>,</strong></span> <span class='ocrx_word' id='word_1_560' title='bbox 2974 1209 3147 1271; x_wconf 86' lang='lat' dir='ltr'><strong>Deus,</strong></span> <span class='ocrx_word' id='word_1_561' title='bbox 3183 1218 3358 1262; x_wconf 88' lang='lat' dir='ltr'><strong>tamen</strong></span> <span class='ocrx_word' id='word_1_562' title='bbox 3409 1224 3505 1276; x_wconf 89' lang='lat' dir='ltr'><strong>per</strong></span> <span class='ocrx_word' id='word_1_563' title='bbox 3522 1223 3645 1262; x_wconf 85' lang='lat' dir='ltr'><strong>rem</strong></span> <span class='ocrx_word' id='word_1_564' title='bbox 3681 1208 3824 1262; x_wconf 87' lang='lat' dir='ltr'><strong>illam</strong></span> <span class='ocrx_word' id='word_1_565' title='bbox 3855 1223 3981 1262; x_wconf 86' lang='lat' dir='ltr'><strong>eum</strong></span> 
     </span>
    </p>
   </div>
   <div class='ocr_carea' id='block_1_71' title="bbox 2381 1299 3986 1365">
    <p class='ocr_par' dir='ltr' id='par_1_71' title="bbox 2381 1299 3986 1365">
     <span class='ocr_line' id='line_1_71' title="bbox 2381 1299 3986 1365; baseline -0.004 -8"><span class='ocrx_word' id='word_1_566' title='bbox 2381 1305 2606 1358; x_wconf 88' lang='lat' dir='ltr'><strong>ostendo</strong></span> <span class='ocrx_word' id='word_1_567' title='bbox 2637 1320 2647 1354; x_wconf 93' lang='lat'>:</span> <span class='ocrx_word' id='word_1_568' title='bbox 2675 1305 2752 1356; x_wconf 90' lang='lat' dir='ltr'><strong>sic</strong></span> <span class='ocrx_word' id='word_1_569' title='bbox 2784 1303 3033 1355; x_wconf 88' lang='lat' dir='ltr'><strong>nimirum</strong></span> <span class='ocrx_word' id='word_1_570' title='bbox 3065 1311 3122 1355; x_wconf 89' lang='lat' dir='ltr'><strong>et</strong></span> <span class='ocrx_word' id='word_1_571' title='bbox 3157 1301 3354 1355; x_wconf 90' lang='lat' dir='ltr'><strong>Paulus</strong></span> <span class='ocrx_word' id='word_1_572' title='bbox 3400 1316 3520 1356; x_wconf 88' lang='lat' dir='ltr'><strong>cum</strong></span> <span class='ocrx_word' id='word_1_573' title='bbox 3549 1303 3623 1354; x_wconf 92' lang='lat' dir='ltr'><strong>ait</strong></span> <span class='ocrx_word' id='word_1_574' title='bbox 3655 1319 3668 1354; x_wconf 91' lang='lat'><strong>:</strong></span> <span class='ocrx_word' id='word_1_575' title='bbox 3700 1299 3802 1365; x_wconf 78' lang='lat' dir='ltr'><strong>Qui</strong></span> <span class='ocrx_word' id='word_1_576' title='bbox 3833 1317 3986 1354; x_wconf 73' lang='lat' dir='ltr'><strong>stru-</strong></span> 
     </span>
    </p>
   </div>
   <div class='ocr_carea' id='block_1_72' title="bbox 2385 1391 3984 1461">
    <p class='ocr_par' dir='ltr' id='par_1_72' title="bbox 2385 1391 3984 1461">
     <span class='ocr_line' id='line_1_72' title="bbox 2385 1391 3984 1461; baseline -0.002 -15"><span class='ocrx_word' id='word_1_577' title='bbox 2385 1405 2520 1447; x_wconf 85' lang='lat' dir='ltr'><strong>tatur</strong></span> <span class='ocrx_word' id='word_1_578' title='bbox 2546 1393 3112 1461; x_wconf 74' lang='lat' dir='ltr'><strong>eorda,solius-ipsius</strong></span> <span class='ocrx_word' id='word_1_579' title='bbox 3137 1407 3256 1447; x_wconf 90' lang='lat' dir='ltr'><strong>esse</strong></span> <span class='ocrx_word' id='word_1_580' title='bbox 3275 1393 3498 1447; x_wconf 88' lang='lat' dir='ltr'><strong>scrutari</strong></span> <span class='ocrx_word' id='word_1_581' title='bbox 3532 1393 3693 1446; x_wconf 89' lang='lat' dir='ltr'><strong>corda</strong></span> <span class='ocrx_word' id='word_1_582' title='bbox 3720 1391 3984 1446; x_wconf 87' lang='lat' dir='ltr'><strong>declarat.</strong></span> 
     </span>
    </p>
   </div>
   <div class='ocr_carea' id='block_1_73' title="bbox 2386 1483 3985 1553">
    <p class='ocr_par' dir='ltr' id='par_1_73' title="bbox 2386 1483 3985 1553">
     <span class='ocr_line' id='line_1_73' title="bbox 2386 1483 3985 1553; baseline -0.003 -14"><span class='ocrx_word' id='word_1_583' title='bbox 2386 1485 2496 1540; x_wconf 73' lang='lat' dir='ltr'><strong>Nisi</strong></span> <span class='ocrx_word' id='word_1_584' title='bbox 2527 1485 2668 1537; x_wconf 90' lang='lat' dir='ltr'><strong>enim</strong></span> <span class='ocrx_word' id='word_1_585' title='bbox 2702 1484 2800 1537; x_wconf 90' lang='lat' dir='ltr'><strong>hoc</strong></span> <span class='ocrx_word' id='word_1_586' title='bbox 2829 1483 3073 1538; x_wconf 83' lang='lat' dir='ltr'><strong>eamdem</strong></span> <span class='ocrx_word' id='word_1_587' title='bbox 3113 1484 3220 1537; x_wconf 87' lang='lat' dir='ltr'><strong>vim</strong></span> <span class='ocrx_word' id='word_1_588' title='bbox 3253 1483 3510 1548; x_wconf 88' lang='lat' dir='ltr'><strong>haberet,</strong></span> <span class='ocrx_word' id='word_1_589' title='bbox 3553 1500 3711 1553; x_wconf 88' lang='lat' dir='ltr'><strong>quam</strong></span> <span class='ocrx_word' id='word_1_590' title='bbox 3743 1497 3946 1537; x_wconf 81' lang='lat' dir='ltr'><strong>nomen</strong></span> <span class='ocrx_word' id='word_1_591' title='bbox 3970 1522 3985 1543; x_wconf 89' lang='lat'><strong>,</strong></span> 
     </span>
    </p>
   </div>
   <div class='ocr_carea' id='block_1_74' title="bbox 2391 1577 3996 1646">
    <p class='ocr_par' dir='ltr' id='par_1_74' title="bbox 2391 1577 3996 1646">
     <span class='ocr_line' id='line_1_74' title="bbox 2391 1577 3996 1646; baseline -0.001 -15"><span class='ocrx_word' id='word_1_592' title='bbox 2391 1579 2554 1645; x_wconf 86' lang='lat' dir='ltr'><strong>Deus,</strong></span> <span class='ocrx_word' id='word_1_593' title='bbox 2586 1579 2649 1631; x_wconf 88' lang='lat' dir='ltr'><strong>ad</strong></span> <span class='ocrx_word' id='word_1_594' title='bbox 2673 1594 2796 1631; x_wconf 88' lang='lat' dir='ltr'><strong>eum</strong></span> <span class='ocrx_word' id='word_1_595' title='bbox 2820 1579 2974 1632; x_wconf 86' lang='lat' dir='ltr'><strong>nobis</strong></span> <span class='ocrx_word' id='word_1_596' title='bbox 2999 1578 3340 1632; x_wconf 87' lang='lat' dir='ltr'><strong>indicandum</strong></span> <span class='ocrx_word' id='word_1_597' title='bbox 3362 1578 3450 1646; x_wconf 92' lang='lat' dir='ltr'><strong>qui</strong></span> <span class='ocrx_word' id='word_1_598' title='bbox 3477 1577 3877 1646; x_wconf 86' lang='lat' dir='ltr'><strong>designabatnr,</strong></span> <span class='ocrx_word' id='word_1_599' title='bbox 3903 1591 3996 1629; x_wconf 84' lang='lat' dir='ltr'><strong>so-</strong></span> 
     </span>
    </p>
   </div>
   <div class='ocr_carea' id='block_1_75' title="bbox 2392 1668 3988 1738">
    <p class='ocr_par' dir='ltr' id='par_1_75' title="bbox 2392 1668 3988 1738">
     <span class='ocr_line' id='line_1_75' title="bbox 2392 1668 3988 1738; baseline -0.002 -16"><span class='ocrx_word' id='word_1_600' title='bbox 2392 1669 2496 1722; x_wconf 90' lang='lat' dir='ltr'><strong>lum</strong></span> <span class='ocrx_word' id='word_1_601' title='bbox 2531 1668 2580 1723; x_wconf 89' lang='lat' dir='ltr'><strong>id</strong></span> <span class='ocrx_word' id='word_1_602' title='bbox 2614 1670 2831 1722; x_wconf 90' lang='lat' dir='ltr'><strong>minimc</strong></span> <span class='ocrx_word' id='word_1_603' title='bbox 2875 1669 3161 1738; x_wconf 88' lang='lat' dir='ltr'><strong>posuisset.</strong></span> <span class='ocrx_word' id='word_1_604' title='bbox 3193 1668 3325 1722; x_wconf 79' lang='lat' dir='ltr'><strong>Nam</strong></span> <span class='ocrx_word' id='word_1_605' title='bbox 3350 1669 3392 1730; x_wconf 82' lang='lat' dir='ltr'><strong>si</strong></span> <span class='ocrx_word' id='word_1_606' title='bbox 3430 1668 3530 1722; x_wconf 90' lang='lat' dir='ltr'><strong>hoc</strong></span> <span class='ocrx_word' id='word_1_607' title='bbox 3559 1677 3703 1723; x_wconf 85' lang='lat' dir='ltr'><strong>esset</strong></span> <span class='ocrx_word' id='word_1_608' title='bbox 3749 1668 3824 1720; x_wconf 90' lang='lat' dir='ltr'><strong>illi</strong></span> <span class='ocrx_word' id='word_1_609' title='bbox 3866 1680 3988 1719; x_wconf 81' lang='lat' dir='ltr'><strong>cum</strong></span> 
     </span>
    </p>
   </div>
   <div class='ocr_carea' id='block_1_76' title="bbox 2391 1759 4009 1828">
    <p class='ocr_par' dir='ltr' id='par_1_76' title="bbox 2391 1759 4009 1828">
     <span class='ocr_line' id='line_1_76' title="bbox 2391 1759 4009 1828; baseline -0.002 -15"><span class='ocrx_word' id='word_1_610' title='bbox 2391 1770 2636 1816; x_wconf 86' lang='lat' dir='ltr'><strong>creatura</strong></span> <span class='ocrx_word' id='word_1_611' title='bbox 2668 1761 3139 1825; x_wconf 87' lang='lat' dir='ltr'><strong>commune,illum</strong></span> <span class='ocrx_word' id='word_1_612' title='bbox 3163 1761 3250 1828; x_wconf 87' lang='lat' dir='ltr'><strong>qui</strong></span> <span class='ocrx_word' id='word_1_613' title='bbox 3271 1759 3581 1828; x_wconf 88' lang='lat' dir='ltr'><strong>designatur</strong></span> <span class='ocrx_word' id='word_1_614' title='bbox 3608 1773 3713 1811; x_wconf 90' lang='lat' dir='ltr'><strong>non</strong></span> <span class='ocrx_word' id='word_1_615' title='bbox 3739 1771 4009 1826; x_wconf 79' lang='lat' dir='ltr'><strong>agnosce—</strong></span> 
     </span>
    </p>
   </div>
   <div class='ocr_carea' id='block_1_77' title="bbox 2395 1847 3997 1916">
    <p class='ocr_par' dir='ltr' id='par_1_77' title="bbox 2395 1847 3997 1916">
     <span class='ocr_line' id='line_1_77' title="bbox 2395 1847 3997 1916; baseline -0.008 -10"><span class='ocrx_word' id='word_1_616' title='bbox 2395 1869 2594 1916; x_wconf 89' lang='lat' dir='ltr'><strong>remus,</strong></span> <span class='ocrx_word' id='word_1_617' title='bbox 2629 1869 2750 1906; x_wconf 89' lang='lat' dir='ltr'><strong>cum</strong></span> <span class='ocrx_word' id='word_1_618' title='bbox 2781 1852 3140 1906; x_wconf 86' lang='lat' dir='ltr'><strong>communitas</strong></span> <span class='ocrx_word' id='word_1_619' title='bbox 3169 1851 3254 1904; x_wconf 87' lang='lat' dir='ltr'><strong>illa</strong></span> <span class='ocrx_word' id='word_1_620' title='bbox 3286 1850 3658 1904; x_wconf 86' lang='lat' dir='ltr'><strong>confusionem</strong></span> <span class='ocrx_word' id='word_1_621' title='bbox 3697 1847 3750 1900; x_wconf 90' lang='lat' dir='ltr'><strong>in</strong></span> <span class='ocrx_word' id='word_1_622' title='bbox 3799 1861 3997 1901; x_wconf 81' lang='lat' dir='ltr'><strong>menti.</strong></span> 
     </span>
    </p>
   </div>
   <div class='ocr_carea' id='block_1_78' title="bbox 2397 1936 3998 2013">
    <p class='ocr_par' dir='ltr' id='par_1_78' title="bbox 2397 1936 3998 2013">
     <span class='ocr_line' id='line_1_78' title="bbox 2397 1936 3998 2013; baseline -0.005 -15"><span class='ocrx_word' id='word_1_623' title='bbox 2397 1945 2497 1998; x_wconf 87' lang='lat' dir='ltr'><strong>bus</strong></span> <span class='ocrx_word' id='word_1_624' title='bbox 2541 1945 2780 2013; x_wconf 74' lang='lat' dir='ltr'><strong>gigneret</strong></span> <span class='ocrx_word' id='word_1_625' title='bbox 2817 1943 3142 1998; x_wconf 92' lang='lat' dir='ltr'><strong>auditorum.</strong></span> <span class='ocrx_word' id='word_1_626' title='bbox 3198 1941 3333 1995; x_wconf 86' lang='lat' dir='ltr'><strong>Cum</strong></span> <span class='ocrx_word' id='word_1_627' title='bbox 3383 1941 3542 2009; x_wconf 79' lang='lat' dir='ltr'><strong>igitur</strong></span> <span class='ocrx_word' id='word_1_628' title='bbox 3585 1946 3844 2008; x_wconf 87' lang='lat' dir='ltr'><strong>appareat</strong></span> <span class='ocrx_word' id='word_1_629' title='bbox 3892 1936 3998 1990; x_wconf 83' lang='lat' dir='ltr'><strong>hoc</strong></span> 
     </span>
    </p>
   </div>
   <div class='ocr_carea' id='block_1_79' title="bbox 2399 2032 3998 2106">
    <p class='ocr_par' dir='ltr' id='par_1_79' title="bbox 2399 2032 3998 2106">
     <span class='ocr_line' id='line_1_79' title="bbox 2399 2032 3998 2106; baseline -0.004 -19"><span class='ocrx_word' id='word_1_630' title='bbox 2399 2037 2675 2106; x_wconf 87' lang='lat' dir='ltr'><strong>proprium</strong></span> <span class='ocrx_word' id='word_1_631' title='bbox 2712 2036 2881 2088; x_wconf 82' lang='lat' dir='ltr'><strong>Patris</strong></span> <span class='ocrx_word' id='word_1_632' title='bbox 2911 2050 3030 2088; x_wconf 90' lang='lat' dir='ltr'><strong>esse</strong></span> <span class='ocrx_word' id='word_1_633' title='bbox 3052 2077 3065 2098; x_wconf 92' lang='lat'><strong>,</strong></span> <span class='ocrx_word' id='word_1_634' title='bbox 3097 2035 3330 2100; x_wconf 89' lang='lat' dir='ltr'><strong>itemque</strong></span> <span class='ocrx_word' id='word_1_635' title='bbox 3360 2032 3495 2086; x_wconf 83' lang='lat' dir='ltr'><strong>Filio</strong></span> <span class='ocrx_word' id='word_1_636' title='bbox 3537 2039 3752 2085; x_wconf 84' lang='lat' dir='ltr'><strong>constet</strong></span> <span class='ocrx_word' id='word_1_637' title='bbox 3781 2045 3998 2096; x_wconf 79' lang='lat' dir='ltr'><strong>compe-</strong></span> 
     </span>
    </p>
   </div>
   <div class='ocr_carea' id='block_1_80' title="bbox 2403 2121 3987 2192">
    <p class='ocr_par' dir='ltr' id='par_1_80' title="bbox 2403 2121 3987 2192">
     <span class='ocr_line' id='line_1_80' title="bbox 2403 2121 3987 2192; baseline -0.004 -14"><span class='ocrx_word' id='word_1_638' title='bbox 2403 2135 2513 2178; x_wconf 87' lang='lat' dir='ltr'><strong>tere</strong></span> <span class='ocrx_word' id='word_1_639' title='bbox 2533 2166 2546 2188; x_wconf 92' lang='lat'><strong>,</strong></span> <span class='ocrx_word' id='word_1_640' title='bbox 2578 2141 2697 2179; x_wconf 90' lang='lat' dir='ltr'><strong>cum</strong></span> <span class='ocrx_word' id='word_1_641' title='bbox 2730 2139 2835 2192; x_wconf 91' lang='lat' dir='ltr'><strong>quo</strong></span> <span class='ocrx_word' id='word_1_642' title='bbox 2863 2123 3152 2178; x_wconf 83' lang='lat' dir='ltr'><strong>indubitata</strong></span> <span class='ocrx_word' id='word_1_643' title='bbox 3185 2123 3500 2191; x_wconf 87' lang='lat' dir='ltr'><strong>relinquitur</strong></span> <span class='ocrx_word' id='word_1_644' title='bbox 3528 2122 3650 2176; x_wconf 86' lang='lat' dir='ltr'><strong>inde</strong></span> <span class='ocrx_word' id='word_1_645' title='bbox 3679 2121 3987 2190; x_wconf 79' lang='lat' dir='ltr'><strong>:equalitas,</strong></span> 
     </span>
    </p>
   </div>
   <div class='ocr_carea' id='block_1_81' title="bbox 2403 2211 4002 2287">
    <p class='ocr_par' dir='ltr' id='par_1_81' title="bbox 2403 2211 4002 2287">
     <span class='ocr_line' id='line_1_81' title="bbox 2403 2211 4002 2287; baseline -0.005 -15"><span class='ocrx_word' id='word_1_646' title='bbox 2403 2219 2639 2283; x_wconf 87' lang='lat' dir='ltr'><strong>idcirco,</strong></span> <span class='ocrx_word' id='word_1_647' title='bbox 2694 2218 2829 2284; x_wconf 82' lang='lat' dir='ltr'><strong>Quid</strong></span> <span class='ocrx_word' id='word_1_648' title='bbox 2874 2219 3149 2287; x_wconf 81' lang='lat' dir='ltr'><strong>cogitatis,</strong></span> <span class='ocrx_word' id='word_1_649' title='bbox 3208 2217 3409 2287; x_wconf 89' lang='lat' dir='ltr'><strong>inquit,</strong></span> <span class='ocrx_word' id='word_1_650' title='bbox 3464 2216 3600 2268; x_wconf 83' lang='lat' dir='ltr'><strong>mala</strong></span> <span class='ocrx_word' id='word_1_651' title='bbox 3661 2216 3715 2267; x_wconf 84' lang='lat' dir='ltr'><strong>in</strong></span> <span class='ocrx_word' id='word_1_652' title='bbox 3766 2211 4002 2266; x_wconf 74' lang='lat' dir='ltr'><strong>cordibus</strong></span> 
     </span>
    </p>
   </div>
   <div class='ocr_carea' id='block_1_82' title="bbox 2405 2306 4004 2379">
    <p class='ocr_par' dir='ltr' id='par_1_82' title="bbox 2405 2306 4004 2379">
     <span class='ocr_line' id='line_1_82' title="bbox 2405 2306 4004 2379; baseline -0.006 -15"><span class='ocrx_word' id='word_1_653' title='bbox 2405 2313 2623 2366; x_wconf 74' lang='lat' dir='ltr'><strong>vestris?</strong></span> <span class='ocrx_word' id='word_1_654' title='bbox 2653 2312 2790 2377; x_wconf 86' lang='lat' dir='ltr'><strong>Quid</strong></span> <span class='ocrx_word' id='word_1_655' title='bbox 2822 2313 2954 2364; x_wconf 76' lang='lat' dir='ltr'><strong>enim</strong></span> <span class='ocrx_word' id='word_1_656' title='bbox 2983 2322 3050 2364; x_wconf 85' lang='lat' dir='ltr'><strong>est</strong></span> <span class='ocrx_word' id='word_1_657' title='bbox 3075 2311 3280 2379; x_wconf 79' lang='lat' dir='ltr'><strong>facilius</strong></span> <span class='ocrx_word' id='word_1_658' title='bbox 3310 2309 3495 2371; x_wconf 78' lang='lat' dir='ltr'><strong>dicere,</strong></span> <span class='ocrx_word' id='word_1_659' title='bbox 3526 2306 3860 2359; x_wconf 77' lang='lat' dir='ltr'><strong>Dimittuntur</strong></span> <span class='ocrx_word' id='word_1_660' title='bbox 3886 2318 4004 2373; x_wconf 77' lang='lat' dir='ltr'><strong>pee-</strong></span> 
     </span>
    </p>
   </div>
   <div class='ocr_carea' id='block_1_83' title="bbox 2404 2394 4006 2472">
    <p class='ocr_par' dir='ltr' id='par_1_83' title="bbox 2404 2394 4006 2472">
     <span class='ocr_line' id='line_1_83' title="bbox 2404 2394 4006 2472; baseline -0.007 -15"><span class='ocrx_word' id='word_1_661' title='bbox 2404 2415 2519 2457; x_wconf 81' lang='lat' dir='ltr'><strong>cata</strong></span> <span class='ocrx_word' id='word_1_662' title='bbox 2548 2415 2653 2464; x_wconf 86' lang='lat' dir='ltr'><strong>tua,</strong></span> <span class='ocrx_word' id='word_1_663' title='bbox 2678 2421 2742 2456; x_wconf 85' lang='lat' dir='ltr'><strong>an</strong></span> <span class='ocrx_word' id='word_1_664' title='bbox 2767 2404 2952 2468; x_wconf 81' lang='lat' dir='ltr'><strong>dicere,</strong></span> <span class='ocrx_word' id='word_1_665' title='bbox 2987 2403 3153 2472; x_wconf 85' lang='lat' dir='ltr'><strong>Surge</strong></span> <span class='ocrx_word' id='word_1_666' title='bbox 3181 2411 3227 2453; x_wconf 85' lang='lat' dir='ltr'><strong>et</strong></span> <span class='ocrx_word' id='word_1_667' title='bbox 3254 2401 3457 2472; x_wconf 78' lang='lat' dir='ltr'><strong>ambula</strong></span> <span class='ocrx_word' id='word_1_668' title='bbox 3487 2397 3703 2468; x_wconf 74' lang='lat' dir='ltr'><strong>(Matth.</strong></span> <span class='ocrx_word' id='word_1_669' title='bbox 3730 2397 3786 2452; x_wconf 85' lang='lat'><strong>9.</strong></span> <span class='ocrx_word' id='word_1_670' title='bbox 3817 2401 3871 2450; x_wconf 72' lang='grc'><strong>4.</strong></span> <span class='ocrx_word' id='word_1_671' title='bbox 3902 2397 3959 2463; x_wconf 84' lang='grc'>5)</span> <span class='ocrx_word' id='word_1_672' title='bbox 3979 2394 4006 2446; x_wconf 63' lang='grc'><em>2</em></span> 
     </span>
    </p>
   </div>
   <div class='ocr_carea' id='block_1_84' title="bbox 2471 2485 4009 2567">
    <p class='ocr_par' dir='ltr' id='par_1_84' title="bbox 2471 2485 4009 2567">
     <span class='ocr_line' id='line_1_84' title="bbox 2471 2485 4009 2567; baseline -0.006 -20"><span class='ocrx_word' id='word_1_673' title='bbox 2471 2495 2510 2547; x_wconf 77' lang='grc' dir='ltr'><em>Ἷ</em></span> <span class='ocrx_word' id='word_1_674' title='bbox 2522 2533 2533 2544; x_wconf 87' lang='grc'>.</span> <span class='ocrx_word' id='word_1_675' title='bbox 2556 2494 2727 2546; x_wconf 82' lang='lat' dir='ltr'><strong>Altera</strong></span> <span class='ocrx_word' id='word_1_676' title='bbox 2742 2493 3103 2567; x_wconf 77' lang='lat' dir='ltr'><strong>demonstratio</strong></span> <span class='ocrx_word' id='word_1_677' title='bbox 3124 2490 3432 2543; x_wconf 78' lang='lat' dir='ltr'><strong>remissionis</strong></span> <span class='ocrx_word' id='word_1_678' title='bbox 3447 2495 3762 2556; x_wconf 76' lang='lat' dir='ltr'><strong>peccatorum</strong></span> <span class='ocrx_word' id='word_1_679' title='bbox 3772 2485 4009 2540; x_wconf 77' lang='lat' dir='ltr'><strong>.—Ecce</strong></span> 
     </span>
    </p>
   </div>
   <div class='ocr_carea' id='block_1_85' title="bbox 2410 2575 4009 2648">
    <p class='ocr_par' dir='ltr' id='par_1_85' title="bbox 2410 2575 4009 2648">
     <span class='ocr_line' id='line_1_85' title="bbox 2410 2575 4009 2648; baseline -0.006 -10"><span class='ocrx_word' id='word_1_680' title='bbox 2410 2587 2631 2640; x_wconf 83' lang='lat' dir='ltr'><strong>alteram</strong></span> <span class='ocrx_word' id='word_1_681' title='bbox 2679 2585 2838 2638; x_wconf 82' lang='lat' dir='ltr'><strong>etiam</strong></span> <span class='ocrx_word' id='word_1_682' title='bbox 2891 2583 3109 2638; x_wconf 75' lang='lat' dir='ltr'><strong>exhibet</strong></span> <span class='ocrx_word' id='word_1_683' title='bbox 3149 2581 3486 2635; x_wconf 90' lang='lat' dir='ltr'><strong>remissionis</strong></span> <span class='ocrx_word' id='word_1_684' title='bbox 3532 2586 3875 2648; x_wconf 86' lang='lat' dir='ltr'><strong>peccatorum</strong></span> <span class='ocrx_word' id='word_1_685' title='bbox 3912 2575 4009 2629; x_wconf 86' lang='lat' dir='ltr'><strong>de-</strong></span> 
     </span>
    </p>
   </div>
   <div class='ocr_carea' id='block_1_86' title="bbox 2413 2665 4012 2737">
    <p class='ocr_par' dir='ltr' id='par_1_86' title="bbox 2413 2665 4012 2737">
     <span class='ocr_line' id='line_1_86' title="bbox 2413 2665 4012 2737; baseline -0.009 -6"><span class='ocrx_word' id='word_1_686' title='bbox 2413 2677 2882 2731; x_wconf 80' lang='lat' dir='ltr'><strong>monstrationem.</strong></span> <span class='ocrx_word' id='word_1_687' title='bbox 2917 2673 3045 2726; x_wconf 81' lang='lat' dir='ltr'><strong>Nam</strong></span> <span class='ocrx_word' id='word_1_688' title='bbox 3089 2671 3358 2726; x_wconf 83' lang='lat' dir='ltr'><strong>dimittere</strong></span> <span class='ocrx_word' id='word_1_689' title='bbox 3393 2681 3607 2737; x_wconf 78' lang='lat' dir='ltr'><strong>peccata</strong></span> <span class='ocrx_word' id='word_1_690' title='bbox 3640 2669 3808 2720; x_wconf 85' lang='lat' dir='ltr'><strong>multo</strong></span> <span class='ocrx_word' id='word_1_691' title='bbox 3837 2665 4012 2733; x_wconf 82' lang='lat' dir='ltr'><strong>majus</strong></span> 
     </span>
    </p>
   </div>
   <div class='ocr_carea' id='block_1_87' title="bbox 2412 2757 4016 2834">
    <p class='ocr_par' dir='ltr' id='par_1_87' title="bbox 2412 2757 4016 2834">
     <span class='ocr_line' id='line_1_87' title="bbox 2412 2757 4016 2834; baseline -0.009 -14"><span class='ocrx_word' id='word_1_692' title='bbox 2412 2777 2494 2821; x_wconf 79' lang='lat' dir='ltr'><strong>est</strong></span> <span class='ocrx_word' id='word_1_693' title='bbox 2521 2809 2535 2833; x_wconf 94' lang='lat'><strong>,</strong></span> <span class='ocrx_word' id='word_1_694' title='bbox 2567 2781 2726 2834; x_wconf 83' lang='lat' dir='ltr'><strong>quam</strong></span> <span class='ocrx_word' id='word_1_695' title='bbox 2760 2778 2954 2832; x_wconf 90' lang='lat' dir='ltr'><strong>corpus</strong></span> <span class='ocrx_word' id='word_1_696' title='bbox 3000 2776 3192 2816; x_wconf 86' lang='lat' dir='ltr'><strong>sanare</strong></span> <span class='ocrx_word' id='word_1_697' title='bbox 3217 2801 3232 2826; x_wconf 92' lang='lat'><strong>,</strong></span> <span class='ocrx_word' id='word_1_698' title='bbox 3265 2770 3523 2828; x_wconf 90' lang='lat' dir='ltr'><strong>tantoque</strong></span> <span class='ocrx_word' id='word_1_699' title='bbox 3573 2757 3745 2827; x_wconf 82' lang='lat' dir='ltr'><strong>majus</strong></span> <span class='ocrx_word' id='word_1_700' title='bbox 3769 2798 3784 2821; x_wconf 94' lang='lat'><strong>,</strong></span> <span class='ocrx_word' id='word_1_701' title='bbox 3809 2764 4016 2824; x_wconf 78' lang='lat' dir='ltr'><strong>quanto</strong></span> 
     </span>
    </p>
   </div>
   <div class='ocr_carea' id='block_1_88' title="bbox 2415 2848 4017 2925">
    <p class='ocr_par' dir='ltr' id='par_1_88' title="bbox 2415 2848 4017 2925">
     <span class='ocr_line' id='line_1_88' title="bbox 2415 2848 4017 2925; baseline -0.009 -12"><span class='ocrx_word' id='word_1_702' title='bbox 2415 2863 2590 2914; x_wconf 85' lang='lat' dir='ltr'><strong>anima</strong></span> <span class='ocrx_word' id='word_1_703' title='bbox 2619 2872 2865 2925; x_wconf 90' lang='lat' dir='ltr'><strong>corpore.</strong></span> <span class='ocrx_word' id='word_1_704' title='bbox 2897 2854 2967 2910; x_wconf 90' lang='lat' dir='ltr'><strong>Ut</strong></span> <span class='ocrx_word' id='word_1_705' title='bbox 2993 2856 3134 2908; x_wconf 89' lang='lat' dir='ltr'><strong>enim</strong></span> <span class='ocrx_word' id='word_1_706' title='bbox 3175 2852 3421 2922; x_wconf 89' lang='lat' dir='ltr'><strong>corporis</strong></span> <span class='ocrx_word' id='word_1_707' title='bbox 3445 2851 3664 2905; x_wconf 87' lang='lat' dir='ltr'><strong>morbus</strong></span> <span class='ocrx_word' id='word_1_708' title='bbox 3691 2859 3773 2905; x_wconf 91' lang='lat' dir='ltr'><strong>est</strong></span> <span class='ocrx_word' id='word_1_709' title='bbox 3791 2848 4017 2919; x_wconf 79' lang='lat' dir='ltr'><strong>paraly-</strong></span> 
     </span>
    </p>
   </div>
   <div class='ocr_carea' id='block_1_89' title="bbox 2416 2938 4016 3018">
    <p class='ocr_par' dir='ltr' id='par_1_89' title="bbox 2416 2938 4016 3018">
     <span class='ocr_line' id='line_1_89' title="bbox 2416 2938 4016 3018; baseline -0.009 -13"><span class='ocrx_word' id='word_1_710' title='bbox 2416 2953 2511 3018; x_wconf 85' lang='lat' dir='ltr'><strong>sis,</strong></span> <span class='ocrx_word' id='word_1_711' title='bbox 2544 2950 2620 3004; x_wconf 92' lang='lat' dir='ltr'><strong>sic</strong></span> <span class='ocrx_word' id='word_1_712' title='bbox 2648 2959 2703 3003; x_wconf 90' lang='lat' dir='ltr'><strong>et</strong></span> <span class='ocrx_word' id='word_1_713' title='bbox 2729 2949 2923 3002; x_wconf 69' lang='lat' dir='ltr'><strong>animre</strong></span> <span class='ocrx_word' id='word_1_714' title='bbox 2957 2945 3180 3000; x_wconf 88' lang='lat' dir='ltr'><strong>morbus</strong></span> <span class='ocrx_word' id='word_1_715' title='bbox 3217 2954 3494 3014; x_wconf 86' lang='lat' dir='ltr'><strong>peccatum</strong></span> <span class='ocrx_word' id='word_1_716' title='bbox 3521 2952 3604 2996; x_wconf 89' lang='lat' dir='ltr'><strong>est</strong></span> <span class='ocrx_word' id='word_1_717' title='bbox 3631 2960 3644 2995; x_wconf 92' lang='lat'><strong>:</strong></span> <span class='ocrx_word' id='word_1_718' title='bbox 3671 2956 3853 2994; x_wconf 88' lang='lat' dir='ltr'><strong>verum</strong></span> <span class='ocrx_word' id='word_1_719' title='bbox 3885 2938 4016 2992; x_wconf 84' lang='lat' dir='ltr'><strong>illud</strong></span> 
     </span>
    </p>
   </div>
   <div class='ocr_carea' id='block_1_90' title="bbox 2418 3033 4019 3110">
    <p class='ocr_par' dir='ltr' id='par_1_90' title="bbox 2418 3033 4019 3110">
     <span class='ocr_line' id='line_1_90' title="bbox 2418 3033 4019 3110; baseline -0.008 -12"><span class='ocrx_word' id='word_1_720' title='bbox 2418 3044 2518 3098; x_wconf 90' lang='lat' dir='ltr'><strong>etsi</strong></span> <span class='ocrx_word' id='word_1_721' title='bbox 2545 3043 2716 3110; x_wconf 81' lang='lat' dir='ltr'><strong>majus</strong></span> <span class='ocrx_word' id='word_1_722' title='bbox 2745 3049 2859 3093; x_wconf 86' lang='lat' dir='ltr'><strong>erat</strong></span> <span class='ocrx_word' id='word_1_723' title='bbox 2881 3081 2894 3102; x_wconf 96' lang='lat'><strong>,</strong></span> <span class='ocrx_word' id='word_1_724' title='bbox 2928 3039 3213 3092; x_wconf 88' lang='lat' dir='ltr'><strong>obscurum</strong></span> <span class='ocrx_word' id='word_1_725' title='bbox 3250 3046 3399 3090; x_wconf 89' lang='lat' dir='ltr'><strong>erat:</strong></span> <span class='ocrx_word' id='word_1_726' title='bbox 3428 3036 3530 3088; x_wconf 93' lang='lat' dir='ltr'><strong>hoc</strong></span> <span class='ocrx_word' id='word_1_727' title='bbox 3554 3051 3684 3090; x_wconf 88' lang='lat' dir='ltr'><strong>vero</strong></span> <span class='ocrx_word' id='word_1_728' title='bbox 3709 3033 3811 3088; x_wconf 89' lang='lat' dir='ltr'><strong>etsi</strong></span> <span class='ocrx_word' id='word_1_729' title='bbox 3835 3034 4019 3086; x_wconf 84' lang='lat' dir='ltr'><strong>minus</strong></span> 
     </span>
    </p>
   </div>
   <div class='ocr_carea' id='block_1_91' title="bbox 2421 3125 4020 3200">
    <p class='ocr_par' dir='ltr' id='par_1_91' title="bbox 2421 3125 4020 3200">
     <span class='ocr_line' id='line_1_91' title="bbox 2421 3125 4020 3200; baseline -0.009 -11"><span class='ocrx_word' id='word_1_730' title='bbox 2421 3144 2576 3200; x_wconf 89' lang='lat' dir='ltr'><strong>erat,</strong></span> <span class='ocrx_word' id='word_1_731' title='bbox 2610 3132 2948 3186; x_wconf 89' lang='lat' dir='ltr'><strong>manifestum</strong></span> <span class='ocrx_word' id='word_1_732' title='bbox 2985 3139 3118 3184; x_wconf 88' lang='lat' dir='ltr'><strong>erat.</strong></span> <span class='ocrx_word' id='word_1_733' title='bbox 3169 3129 3433 3196; x_wconf 86' lang='lat' dir='ltr'><strong>Quoniam</strong></span> <span class='ocrx_word' id='word_1_734' title='bbox 3472 3129 3630 3196; x_wconf 83' lang='lat' dir='ltr'><strong>igitur</strong></span> <span class='ocrx_word' id='word_1_735' title='bbox 3683 3125 3749 3179; x_wconf 84' lang='lat' dir='ltr'><strong>ad</strong></span> <span class='ocrx_word' id='word_1_736' title='bbox 3794 3125 4020 3178; x_wconf 88' lang='lat' dir='ltr'><strong>demon-</strong></span> 
     </span>
    </p>
   </div>
   <div class='ocr_carea' id='block_1_92' title="bbox 2421 3216 4023 3290">
    <p class='ocr_par' dir='ltr' id='par_1_92' title="bbox 2421 3216 4023 3290">
     <span class='ocr_line' id='line_1_92' title="bbox 2421 3216 4023 3290; baseline -0.006 -12"><span class='ocrx_word' id='word_1_737' title='bbox 2421 3227 2732 3278; x_wconf 86' lang='lat' dir='ltr'><strong>strationem</strong></span> <span class='ocrx_word' id='word_1_738' title='bbox 2780 3223 2996 3290; x_wconf 87' lang='lat' dir='ltr'><strong>majoris</strong></span> <span class='ocrx_word' id='word_1_739' title='bbox 3043 3236 3236 3274; x_wconf 84' lang='lat' dir='ltr'><strong>usurus</strong></span> <span class='ocrx_word' id='word_1_740' title='bbox 3261 3230 3341 3273; x_wconf 89' lang='lat' dir='ltr'><strong>est</strong></span> <span class='ocrx_word' id='word_1_741' title='bbox 3375 3219 3567 3272; x_wconf 90' lang='lat' dir='ltr'><strong>minori</strong></span> <span class='ocrx_word' id='word_1_742' title='bbox 3595 3260 3609 3282; x_wconf 78' lang='lat'><strong>,</strong></span> <span class='ocrx_word' id='word_1_743' title='bbox 3640 3216 3930 3271; x_wconf 87' lang='lat' dir='ltr'><strong>ostendens</strong></span> <span class='ocrx_word' id='word_1_744' title='bbox 3963 3229 4023 3269; x_wconf 74' lang='lat' dir='ltr'><strong>se</strong></span> 
     </span>
    </p>
   </div>
   <div class='ocr_carea' id='block_1_93' title="bbox 2417 3308 4024 3387">
    <p class='ocr_par' dir='ltr' id='par_1_93' title="bbox 2417 3308 4024 3387">
     <span class='ocr_line' id='line_1_93' title="bbox 2417 3308 4024 3387; baseline -0.007 -16"><span class='ocrx_word' id='word_1_745' title='bbox 2417 3329 2638 3387; x_wconf 82' lang='lat' dir='ltr'><strong>propter</strong></span> <span class='ocrx_word' id='word_1_746' title='bbox 2667 3317 2876 3369; x_wconf 91' lang='lat' dir='ltr'><strong>illorum</strong></span> <span class='ocrx_word' id='word_1_747' title='bbox 2907 3315 3269 3367; x_wconf 88' lang='lat' dir='ltr'><strong>infirmitatem</strong></span> <span class='ocrx_word' id='word_1_748' title='bbox 3304 3314 3373 3365; x_wconf 92' lang='lat' dir='ltr'><strong>ita</strong></span> <span class='ocrx_word' id='word_1_749' title='bbox 3399 3311 3596 3365; x_wconf 88' lang='lat' dir='ltr'><strong>fecisse</strong></span> <span class='ocrx_word' id='word_1_750' title='bbox 3619 3351 3634 3376; x_wconf 94' lang='lat'><strong>,</strong></span> <span class='ocrx_word' id='word_1_751' title='bbox 3669 3319 3829 3378; x_wconf 91' lang='lat' dir='ltr'><strong>atque</strong></span> <span class='ocrx_word' id='word_1_752' title='bbox 3857 3308 3922 3361; x_wconf 84' lang='lat' dir='ltr'><strong>ad</strong></span> <span class='ocrx_word' id='word_1_753' title='bbox 3958 3308 4024 3360; x_wconf 88' lang='lat' dir='ltr'><strong>il-</strong></span> 
     </span>
    </p>
   </div>
   <div class='ocr_carea' id='block_1_94' title="bbox 2424 3400 4023 3469">
    <p class='ocr_par' dir='ltr' id='par_1_94' title="bbox 2424 3400 4023 3469">
     <span class='ocr_line' id='line_1_94' title="bbox 2424 3400 4023 3469; baseline -0.009 -7"><span class='ocrx_word' id='word_1_754' title='bbox 2424 3410 2594 3462; x_wconf 92' lang='lat' dir='ltr'><strong>lorum</strong></span> <span class='ocrx_word' id='word_1_755' title='bbox 2637 3407 2987 3460; x_wconf 89' lang='lat' dir='ltr'><strong>humilitatem</strong></span> <span class='ocrx_word' id='word_1_756' title='bbox 3033 3419 3091 3458; x_wconf 84' lang='lat' dir='ltr'><strong>se</strong></span> <span class='ocrx_word' id='word_1_757' title='bbox 3137 3404 3454 3465; x_wconf 77' lang='lat' dir='ltr'><strong>demisisse,</strong></span> <span class='ocrx_word' id='word_1_758' title='bbox 3484 3400 3620 3469; x_wconf 86' lang='lat' dir='ltr'><strong>Quid</strong></span> <span class='ocrx_word' id='word_1_759' title='bbox 3665 3411 3737 3453; x_wconf 85' lang='lat' dir='ltr'><strong>est</strong></span> <span class='ocrx_word' id='word_1_760' title='bbox 3783 3400 4023 3466; x_wconf 78' lang='lat' dir='ltr'><strong>facilius,</strong></span> 
     </span>
    </p>
   </div>
   <div class='ocr_carea' id='block_1_95' title="bbox 2426 3489 4027 3569">
    <p class='ocr_par' dir='ltr' id='par_1_95' title="bbox 2426 3489 4027 3569">
     <span class='ocr_line' id='line_1_95' title="bbox 2426 3489 4027 3569; baseline -0.007 -16"><span class='ocrx_word' id='word_1_761' title='bbox 2426 3501 2612 3569; x_wconf 79' lang='lat' dir='ltr'><strong>inquit,</strong></span> <span class='ocrx_word' id='word_1_762' title='bbox 2642 3500 2824 3559; x_wconf 73' lang='lat' dir='ltr'><strong>dicere,</strong></span> <span class='ocrx_word' id='word_1_763' title='bbox 2848 3497 3187 3549; x_wconf 76' lang='lat' dir='ltr'><strong>Dimittuntur</strong></span> <span class='ocrx_word' id='word_1_764' title='bbox 3209 3505 3413 3563; x_wconf 79' lang='lat' dir='ltr'><strong>peccata</strong></span> <span class='ocrx_word' id='word_1_765' title='bbox 3433 3505 3535 3553; x_wconf 79' lang='lat' dir='ltr'><strong>tua,</strong></span> <span class='ocrx_word' id='word_1_766' title='bbox 3559 3509 3626 3545; x_wconf 87' lang='lat' dir='ltr'><strong>an</strong></span> <span class='ocrx_word' id='word_1_767' title='bbox 3646 3493 3833 3553; x_wconf 77' lang='lat' dir='ltr'><strong>dicere,</strong></span> <span class='ocrx_word' id='word_1_768' title='bbox 3863 3489 4027 3558; x_wconf 79' lang='lat' dir='ltr'><strong>Surge</strong></span> 
     </span>
    </p>
   </div>
   <div class='ocr_carea' id='block_1_96' title="bbox 2426 3581 4028 3658">
    <p class='ocr_par' dir='ltr' id='par_1_96' title="bbox 2426 3581 4028 3658">
     <span class='ocr_line' id='line_1_96' title="bbox 2426 3581 4028 3658; baseline -0.009 -13"><span class='ocrx_word' id='word_1_769' title='bbox 2426 3604 2471 3646; x_wconf 82' lang='lat' dir='ltr'><strong>et</strong></span> <span class='ocrx_word' id='word_1_770' title='bbox 2499 3593 2729 3645; x_wconf 67' lang='lat' dir='ltr'><strong>(inibunt?</strong></span> <span class='ocrx_word' id='word_1_771' title='bbox 2757 3590 2866 3643; x_wconf 81' lang='lat' dir='ltr'><strong>Cur</strong></span> <span class='ocrx_word' id='word_1_772' title='bbox 2910 3590 3068 3658; x_wconf 82' lang='lat' dir='ltr'><strong>igitur</strong></span> <span class='ocrx_word' id='word_1_773' title='bbox 3098 3588 3161 3640; x_wconf 90' lang='lat' dir='ltr'><strong>ad</strong></span> <span class='ocrx_word' id='word_1_774' title='bbox 3211 3588 3387 3639; x_wconf 88' lang='lat' dir='ltr'><strong>minus</strong></span> <span class='ocrx_word' id='word_1_775' title='bbox 3440 3593 3657 3652; x_wconf 84' lang='lat' dir='ltr'><strong>propter</strong></span> <span class='ocrx_word' id='word_1_776' title='bbox 3689 3583 3809 3636; x_wconf 90' lang='lat' dir='ltr'><strong>illos</strong></span> <span class='ocrx_word' id='word_1_777' title='bbox 3841 3581 4028 3635; x_wconf 83' lang='lat' dir='ltr'><strong>venis?</strong></span> 
     </span>
    </p>
   </div>
   <div class='ocr_carea' id='block_1_97' title="bbox 2427 3671 4030 3747">
    <p class='ocr_par' dir='ltr' id='par_1_97' title="bbox 2427 3671 4030 3747">
     <span class='ocr_line' id='line_1_97' title="bbox 2427 3671 4030 3747; baseline -0.007 -14"><span class='ocrx_word' id='word_1_778' title='bbox 2427 3684 2689 3747; x_wconf 80' lang='lat' dir='ltr'><strong>Quoniam</strong></span> <span class='ocrx_word' id='word_1_779' title='bbox 2728 3681 2775 3733; x_wconf 92' lang='lat' dir='ltr'><strong>id</strong></span> <span class='ocrx_word' id='word_1_780' title='bbox 2805 3679 2945 3747; x_wconf 90' lang='lat' dir='ltr'><strong>quod</strong></span> <span class='ocrx_word' id='word_1_781' title='bbox 2979 3677 3318 3732; x_wconf 87' lang='lat' dir='ltr'><strong>manifestum</strong></span> <span class='ocrx_word' id='word_1_782' title='bbox 3341 3683 3422 3728; x_wconf 86' lang='lat' dir='ltr'><strong>est</strong></span> <span class='ocrx_word' id='word_1_783' title='bbox 3443 3717 3455 3737; x_wconf 92' lang='lat'><strong>,</strong></span> <span class='ocrx_word' id='word_1_784' title='bbox 3479 3675 3710 3727; x_wconf 77' lang='lat' dir='ltr'><strong>obscuro</strong></span> <span class='ocrx_word' id='word_1_785' title='bbox 3741 3671 4030 3726; x_wconf 75' lang='lat' dir='ltr'><strong>clariorem</strong></span> 
     </span>
    </p>
   </div>
   <div class='ocr_carea' id='block_1_98' title="bbox 2430 3762 4032 3834">
    <p class='ocr_par' dir='ltr' id='par_1_98' title="bbox 2430 3762 4032 3834">
     <span class='ocr_line' id='line_1_98' title="bbox 2430 3762 4032 3834; baseline -0.009 -7"><span class='ocrx_word' id='word_1_786' title='bbox 2430 3773 2644 3827; x_wconf 63' lang='lat' dir='ltr'><strong>exhibet</strong></span> <span class='ocrx_word' id='word_1_787' title='bbox 2670 3771 3208 3826; x_wconf 73' lang='lat' dir='ltr'><strong>demonstratuman</strong></span> <span class='ocrx_word' id='word_1_788' title='bbox 3242 3768 3530 3834; x_wconf 83' lang='lat' dir='ltr'><strong>Propterea</strong></span> <span class='ocrx_word' id='word_1_789' title='bbox 3566 3779 3670 3816; x_wconf 90' lang='lat' dir='ltr'><strong>non</strong></span> <span class='ocrx_word' id='word_1_790' title='bbox 3702 3763 3848 3831; x_wconf 91' lang='lat' dir='ltr'><strong>prius</strong></span> <span class='ocrx_word' id='word_1_791' title='bbox 3883 3762 4032 3813; x_wconf 89' lang='lat' dir='ltr'><strong>illum</strong></span> 
     </span>
    </p>
   </div>
   <div class='ocr_carea' id='block_1_99' title="bbox 2431 3851 4033 3932">
    <p class='ocr_par' dir='ltr' id='par_1_99' title="bbox 2431 3851 4033 3932">
     <span class='ocr_line' id='line_1_99' title="bbox 2431 3851 4033 3932; baseline -0.011 -10"><span class='ocrx_word' id='word_1_792' title='bbox 2431 3868 2621 3927; x_wconf 65' lang='lat' dir='ltr'><strong>erexit,</strong></span> <span class='ocrx_word' id='word_1_793' title='bbox 2650 3880 2810 3932; x_wconf 84' lang='lat' dir='ltr'><strong>quam</strong></span> <span class='ocrx_word' id='word_1_794' title='bbox 2833 3863 2967 3914; x_wconf 71' lang='lat' dir='ltr'><strong>dixit</strong></span> <span class='ocrx_word' id='word_1_795' title='bbox 2999 3862 3138 3914; x_wconf 88' lang='lat' dir='ltr'><strong>illis:</strong></span> <span class='ocrx_word' id='word_1_796' title='bbox 3177 3858 3242 3913; x_wconf 91' lang='lat' dir='ltr'><strong>Ut</strong></span> <span class='ocrx_word' id='word_1_797' title='bbox 3281 3868 3454 3910; x_wconf 83' lang='lat' dir='ltr'><strong>autem</strong></span> <span class='ocrx_word' id='word_1_798' title='bbox 3484 3855 3687 3915; x_wconf 82' lang='lat' dir='ltr'><strong>sciatis,</strong></span> <span class='ocrx_word' id='word_1_799' title='bbox 3714 3854 3836 3922; x_wconf 84' lang='lat' dir='ltr'><strong>quin</strong></span> <span class='ocrx_word' id='word_1_800' title='bbox 3864 3851 4033 3904; x_wconf 69' lang='lat' dir='ltr'><strong>Filius</strong></span> 
     </span>
    </p>
   </div>
   <div class='ocr_carea' id='block_1_100' title="bbox 2434 3946 4034 4023">
    <p class='ocr_par' dir='ltr' id='par_1_100' title="bbox 2434 3946 4034 4023">
     <span class='ocr_line' id='line_1_100' title="bbox 2434 3946 4034 4023; baseline -0.01 -14"><span class='ocrx_word' id='word_1_801' title='bbox 2434 3957 2649 4010; x_wconf 79' lang='lat' dir='ltr'><strong>hominis</strong></span> <span class='ocrx_word' id='word_1_802' title='bbox 2692 3956 2836 4007; x_wconf 84' lang='lat' dir='ltr'><strong>habet</strong></span> <span class='ocrx_word' id='word_1_803' title='bbox 2868 3962 3159 4023; x_wconf 81' lang='lat' dir='ltr'><strong>potestatem</strong></span> <span class='ocrx_word' id='word_1_804' title='bbox 3202 3953 3255 4004; x_wconf 84' lang='lat' dir='ltr'><strong>in</strong></span> <span class='ocrx_word' id='word_1_805' title='bbox 3301 3961 3434 4001; x_wconf 82' lang='lat' dir='ltr'><strong>terra</strong></span> <span class='ocrx_word' id='word_1_806' title='bbox 3466 3946 3747 4000; x_wconf 76' lang='lat' dir='ltr'><strong>dimittendi</strong></span> <span class='ocrx_word' id='word_1_807' title='bbox 3801 3952 4034 4012; x_wconf 78' lang='lat' dir='ltr'><strong>peccata,</strong></span> 
     </span>
    </p>
   </div>
   <div class='ocr_carea' id='block_1_101' title="bbox 2435 4032 4034 4113">
    <p class='ocr_par' dir='ltr' id='par_1_101' title="bbox 2435 4032 4034 4113">
     <span class='ocr_line' id='line_1_101' title="bbox 2435 4032 4034 4113; baseline -0.008 -15"><span class='ocrx_word' id='word_1_808' title='bbox 2435 4059 2551 4098; x_wconf 84' lang='lat' dir='ltr'><strong>tunc</strong></span> <span class='ocrx_word' id='word_1_809' title='bbox 2600 4047 2671 4098; x_wconf 86' lang='lat' dir='ltr'><strong>ait</strong></span> <span class='ocrx_word' id='word_1_810' title='bbox 2725 4044 3003 4113; x_wconf 74' lang='lat' dir='ltr'><strong>parulytico</strong></span> <span class='ocrx_word' id='word_1_811' title='bbox 3031 4084 3044 4103; x_wconf 86' lang='grc'>,</span> <span class='ocrx_word' id='word_1_812' title='bbox 3076 4041 3243 4110; x_wconf 80' lang='lat' dir='ltr'><strong>Surge</strong></span> <span class='ocrx_word' id='word_1_813' title='bbox 3269 4049 3315 4092; x_wconf 86' lang='lat' dir='ltr'><strong>et</strong></span> <span class='ocrx_word' id='word_1_814' title='bbox 3353 4037 3558 4089; x_wconf 84' lang='lat' dir='ltr'><strong>ambula</strong></span> <span class='ocrx_word' id='word_1_815' title='bbox 3598 4032 3813 4105; x_wconf 77' lang='lat' dir='ltr'><strong>(Matth.</strong></span> <span class='ocrx_word' id='word_1_816' title='bbox 3843 4033 3898 4088; x_wconf 83' lang='lat'><strong>9.</strong></span> <span class='ocrx_word' id='word_1_817' title='bbox 3935 4033 4034 4095; x_wconf 79' lang='lat'><strong>6):</strong></span> 
     </span>
    </p>
   </div>
   <div class='ocr_carea' id='block_1_102' title="bbox 2435 4125 4039 4207">
    <p class='ocr_par' dir='ltr' id='par_1_102' title="bbox 2435 4125 4039 4207">
     <span class='ocr_line' id='line_1_102' title="bbox 2435 4125 4039 4207; baseline -0.007 -17"><span class='ocrx_word' id='word_1_818' title='bbox 2435 4138 2584 4207; x_wconf 79' lang='lat' dir='ltr'><strong>quasi</strong></span> <span class='ocrx_word' id='word_1_819' title='bbox 2634 4136 2869 4197; x_wconf 88' lang='lat' dir='ltr'><strong>diceret,</strong></span> <span class='ocrx_word' id='word_1_820' title='bbox 2905 4133 3077 4202; x_wconf 82' lang='lat' dir='ltr'><strong>majus</strong></span> <span class='ocrx_word' id='word_1_821' title='bbox 3126 4132 3340 4200; x_wconf 89' lang='lat' dir='ltr'><strong>quidem</strong></span> <span class='ocrx_word' id='word_1_822' title='bbox 3385 4130 3595 4199; x_wconf 85' lang='lat' dir='ltr'><strong>signum</strong></span> <span class='ocrx_word' id='word_1_823' title='bbox 3652 4136 3736 4181; x_wconf 85' lang='lat' dir='ltr'><strong>est</strong></span> <span class='ocrx_word' id='word_1_824' title='bbox 3780 4125 4039 4179; x_wconf 88' lang='lat' dir='ltr'><strong>remissio</strong></span> 
     </span>
    </p>
   </div>
   <div class='ocr_carea' id='block_1_103' title="bbox 2439 4215 4039 4300">
    <p class='ocr_par' dir='ltr' id='par_1_103' title="bbox 2439 4215 4039 4300">
     <span class='ocr_line' id='line_1_103' title="bbox 2439 4215 4039 4300; baseline -0.013 -14"><span class='ocrx_word' id='word_1_825' title='bbox 2439 4242 2802 4300; x_wconf 81' lang='lat' dir='ltr'><strong>peccatorum,</strong></span> <span class='ocrx_word' id='word_1_826' title='bbox 2824 4226 2915 4279; x_wconf 87' lang='lat' dir='ltr'><strong>sed</strong></span> <span class='ocrx_word' id='word_1_827' title='bbox 2940 4233 3161 4294; x_wconf 87' lang='lat' dir='ltr'><strong>propter</strong></span> <span class='ocrx_word' id='word_1_828' title='bbox 3192 4237 3289 4275; x_wconf 88' lang='lat' dir='ltr'><strong>vos</strong></span> <span class='ocrx_word' id='word_1_829' title='bbox 3320 4220 3461 4290; x_wconf 87' lang='lat' dir='ltr'><strong>quod</strong></span> <span class='ocrx_word' id='word_1_830' title='bbox 3491 4221 3666 4272; x_wconf 91' lang='lat' dir='ltr'><strong>minus</strong></span> <span class='ocrx_word' id='word_1_831' title='bbox 3692 4226 3772 4271; x_wconf 89' lang='lat' dir='ltr'><strong>est</strong></span> <span class='ocrx_word' id='word_1_832' title='bbox 3800 4215 4000 4284; x_wconf 88' lang='lat' dir='ltr'><strong>adjicio</strong></span> <span class='ocrx_word' id='word_1_833' title='bbox 4020 4256 4039 4272; x_wconf 92' lang='lat'><strong>.</strong></span> 
     </span>
    </p>
   </div>
   <div class='ocr_carea' id='block_1_104' title="bbox 2439 4306 4042 4390">
    <p class='ocr_par' dir='ltr' id='par_1_104' title="bbox 2439 4306 4042 4390">
     <span class='ocr_line' id='line_1_104' title="bbox 2439 4306 4042 4390; baseline -0.009 -17"><span class='ocrx_word' id='word_1_834' title='bbox 2439 4318 2869 4390; x_wconf 83' lang='lat' dir='ltr'><strong>quandoquidem</strong></span> <span class='ocrx_word' id='word_1_835' title='bbox 2899 4317 3000 4370; x_wconf 91' lang='lat' dir='ltr'><strong>hoc</strong></span> <span class='ocrx_word' id='word_1_836' title='bbox 3032 4315 3182 4369; x_wconf 86' lang='lat' dir='ltr'><strong>vobis</strong></span> <span class='ocrx_word' id='word_1_837' title='bbox 3216 4314 3354 4367; x_wconf 90' lang='lat' dir='ltr'><strong>illius</strong></span> <span class='ocrx_word' id='word_1_838' title='bbox 3397 4326 3517 4365; x_wconf 82' lang='lat' dir='ltr'><strong>esse</strong></span> <span class='ocrx_word' id='word_1_839' title='bbox 3542 4309 3937 4364; x_wconf 87' lang='lat' dir='ltr'><strong>demonstratio</strong></span> <span class='ocrx_word' id='word_1_840' title='bbox 3961 4306 4042 4359; x_wconf 84' lang='lat' dir='ltr'><strong>vi-</strong></span> 
     </span>
    </p>
   </div>
   <div class='ocr_carea' id='block_1_105' title="bbox 2441 4401 4040 4480">
    <p class='ocr_par' dir='ltr' id='par_1_105' title="bbox 2441 4401 4040 4480">
     <span class='ocr_line' id='line_1_105' title="bbox 2441 4401 4040 4480; baseline -0.009 -11"><span class='ocrx_word' id='word_1_841' title='bbox 2441 4416 2615 4469; x_wconf 88' lang='lat' dir='ltr'><strong>detur.</strong></span> <span class='ocrx_word' id='word_1_842' title='bbox 2661 4413 2790 4466; x_wconf 82' lang='lat' dir='ltr'><strong>Nam</strong></span> <span class='ocrx_word' id='word_1_843' title='bbox 2839 4408 3289 4480; x_wconf 83' lang='lat' dir='ltr'><strong>quemadmodum</strong></span> <span class='ocrx_word' id='word_1_844' title='bbox 3340 4407 3446 4460; x_wconf 91' lang='lat' dir='ltr'><strong>illic</strong></span> <span class='ocrx_word' id='word_1_845' title='bbox 3501 4418 3625 4458; x_wconf 90' lang='lat' dir='ltr'><strong>cum</strong></span> <span class='ocrx_word' id='word_1_846' title='bbox 3662 4401 4040 4454; x_wconf 83' lang='lat' dir='ltr'><strong>centurionem</strong></span> 
     </span>
    </p>
   </div>
   <div class='ocr_carea' id='block_1_106' title="bbox 2443 4493 4044 4572">
    <p class='ocr_par' dir='ltr' id='par_1_106' title="bbox 2443 4493 4044 4572">
     <span class='ocr_line' id='line_1_106' title="bbox 2443 4493 4044 4572; baseline -0.012 -11"><span class='ocrx_word' id='word_1_847' title='bbox 2443 4506 2711 4561; x_wconf 87' lang='lat' dir='ltr'><strong>laudasset</strong></span> <span class='ocrx_word' id='word_1_848' title='bbox 2740 4505 2827 4572; x_wconf 92' lang='lat' dir='ltr'><strong>qui</strong></span> <span class='ocrx_word' id='word_1_849' title='bbox 2853 4503 3094 4556; x_wconf 78' lang='lat' dir='ltr'><strong>dixerat:</strong></span> <span class='ocrx_word' id='word_1_850' title='bbox 3123 4500 3215 4552; x_wconf 80' lang='lat' dir='ltr'><strong>Die</strong></span> <span class='ocrx_word' id='word_1_851' title='bbox 3259 4509 3455 4551; x_wconf 83' lang='lat' dir='ltr'><strong>tantum</strong></span> <span class='ocrx_word' id='word_1_852' title='bbox 3486 4494 3632 4549; x_wconf 72' lang='lat' dir='ltr'><strong>verbo</strong></span> <span class='ocrx_word' id='word_1_853' title='bbox 3658 4536 3671 4555; x_wconf 93' lang='lat'><strong>,</strong></span> <span class='ocrx_word' id='word_1_854' title='bbox 3706 4504 3750 4547; x_wconf 86' lang='lat' dir='ltr'><strong>et</strong></span> <span class='ocrx_word' id='word_1_855' title='bbox 3777 4493 4044 4545; x_wconf 69' lang='lat' dir='ltr'><strong>sanabunt</strong></span> 
     </span>
    </p>
   </div>
   <div class='ocr_carea' id='block_1_107' title="bbox 2445 4583 4041 4668">
    <p class='ocr_par' dir='ltr' id='par_1_107' title="bbox 2445 4583 4041 4668">
     <span class='ocr_line' id='line_1_107' title="bbox 2445 4583 4041 4668; baseline -0.013 -19"><span class='ocrx_word' id='word_1_856' title='bbox 2445 4614 2570 4668; x_wconf 84' lang='lat' dir='ltr'><strong>puer</strong></span> <span class='ocrx_word' id='word_1_857' title='bbox 2600 4613 2744 4650; x_wconf 80' lang='lat' dir='ltr'><strong>meus.</strong></span> <span class='ocrx_word' id='word_1_858' title='bbox 2764 4612 2780 4648; x_wconf 90' lang='lat'><strong><em>:</em></strong></span> <span class='ocrx_word' id='word_1_859' title='bbox 2801 4611 2920 4648; x_wconf 80' lang='lat' dir='ltr'><strong>nam</strong></span> <span class='ocrx_word' id='word_1_860' title='bbox 2947 4604 2990 4647; x_wconf 89' lang='lat' dir='ltr'><strong>et</strong></span> <span class='ocrx_word' id='word_1_861' title='bbox 3013 4609 3103 4663; x_wconf 86' lang='lat' dir='ltr'><strong>ego</strong></span> <span class='ocrx_word' id='word_1_862' title='bbox 3122 4594 3234 4644; x_wconf 86' lang='lat' dir='ltr'><strong>dico</strong></span> <span class='ocrx_word' id='word_1_863' title='bbox 3258 4593 3392 4652; x_wconf 88' lang='lat' dir='ltr'><strong>huic,</strong></span> <span class='ocrx_word' id='word_1_864' title='bbox 3422 4586 3586 4654; x_wconf 79' lang='lat' dir='ltr'><strong>Vade,</strong></span> <span class='ocrx_word' id='word_1_865' title='bbox 3604 4596 3648 4641; x_wconf 85' lang='lat' dir='ltr'><strong>et</strong></span> <span class='ocrx_word' id='word_1_866' title='bbox 3674 4585 3833 4649; x_wconf 76' lang='lat' dir='ltr'><strong>vadit,</strong></span> <span class='ocrx_word' id='word_1_867' title='bbox 3854 4593 3898 4635; x_wconf 84' lang='lat' dir='ltr'><strong>et</strong></span> <span class='ocrx_word' id='word_1_868' title='bbox 3928 4583 4041 4645; x_wconf 81' lang='lat' dir='ltr'><strong>alii,</strong></span> 
     </span>
    </p>
   </div>
   <div class='ocr_carea' id='block_1_108' title="bbox 2456 4676 4045 4758">
    <p class='ocr_par' dir='ltr' id='par_1_108' title="bbox 2456 4676 4045 4758">
     <span class='ocr_line' id='line_1_108' title="bbox 2456 4676 4045 4758; baseline -0.009 -16"><span class='ocrx_word' id='word_1_869' title='bbox 2456 4689 2600 4753; x_wconf 78' lang='lat' dir='ltr'><strong>Veni,</strong></span> <span class='ocrx_word' id='word_1_870' title='bbox 2624 4702 2671 4742; x_wconf 89' lang='lat' dir='ltr'><strong>et</strong></span> <span class='ocrx_word' id='word_1_871' title='bbox 2701 4688 2831 4741; x_wconf 75' lang='lat' dir='ltr'><strong>venit</strong></span> <span class='ocrx_word' id='word_1_872' title='bbox 2863 4685 3074 4758; x_wconf 76' lang='lat' dir='ltr'><strong>(Matth.</strong></span> <span class='ocrx_word' id='word_1_873' title='bbox 3104 4683 3156 4738; x_wconf 91' lang='lat'><strong>8.</strong></span> <span class='ocrx_word' id='word_1_874' title='bbox 3207 4683 3258 4737; x_wconf 89' lang='lat'><strong>8.</strong></span> <span class='ocrx_word' id='word_1_875' title='bbox 3283 4683 3362 4753; x_wconf 85' lang='lat'><strong>9),</strong></span> <span class='ocrx_word' id='word_1_876' title='bbox 3389 4680 3626 4733; x_wconf 89' lang='lat' dir='ltr'><strong>animum</strong></span> <span class='ocrx_word' id='word_1_877' title='bbox 3658 4677 3774 4746; x_wconf 84' lang='lat' dir='ltr'><strong>ejus</strong></span> <span class='ocrx_word' id='word_1_878' title='bbox 3795 4676 4045 4729; x_wconf 84' lang='lat' dir='ltr'><strong>laudibus</strong></span> 
     </span>
    </p>
   </div>
   <div class='ocr_carea' id='block_1_109' title="bbox 2447 4765 4045 4837">
    <p class='ocr_par' dir='ltr' id='par_1_109' title="bbox 2447 4765 4045 4837">
     <span class='ocr_line' id='line_1_109' title="bbox 2447 4765 4045 4837; baseline -0.011 -1"><span class='ocrx_word' id='word_1_879' title='bbox 2447 4779 2825 4836; x_wconf 86' lang='lat' dir='ltr'><strong>confirmavit:</strong></span> <span class='ocrx_word' id='word_1_880' title='bbox 2853 4788 2906 4833; x_wconf 89' lang='lat' dir='ltr'><strong>et</strong></span> <span class='ocrx_word' id='word_1_881' title='bbox 2945 4791 3134 4831; x_wconf 67' lang='lat' dir='ltr'><strong>rursus</strong></span> <span class='ocrx_word' id='word_1_882' title='bbox 3178 4790 3300 4830; x_wconf 88' lang='lat' dir='ltr'><strong>eum</strong></span> <span class='ocrx_word' id='word_1_883' title='bbox 3349 4772 3565 4828; x_wconf 66' lang='lat' dir='ltr'><strong>Iudaeos</strong></span> <span class='ocrx_word' id='word_1_884' title='bbox 3606 4765 4045 4837; x_wconf 71' lang='lat' dir='ltr'><strong>reprehendisset</strong></span> 
     </span>
    </p>
   </div>
   <div class='ocr_carea' id='block_1_110' title="bbox 2449 4858 4046 4941">
    <p class='ocr_par' dir='ltr' id='par_1_110' title="bbox 2449 4858 4046 4941">
     <span class='ocr_line' id='line_1_110' title="bbox 2449 4858 4046 4941; baseline -0.011 -14"><span class='ocrx_word' id='word_1_885' title='bbox 2449 4873 2550 4927; x_wconf 87' lang='lat' dir='ltr'><strong>sibi</strong></span> <span class='ocrx_word' id='word_1_886' title='bbox 2581 4872 2894 4941; x_wconf 87' lang='lat' dir='ltr'><strong>objicientes</strong></span> <span class='ocrx_word' id='word_1_887' title='bbox 2943 4870 2994 4924; x_wconf 91' lang='lat' dir='ltr'><strong>in</strong></span> <span class='ocrx_word' id='word_1_888' title='bbox 3021 4868 3245 4923; x_wconf 86' lang='lat' dir='ltr'><strong>sabbato</strong></span> <span class='ocrx_word' id='word_1_889' title='bbox 3291 4866 3462 4936; x_wconf 73' lang='lat' dir='ltr'><strong>legem</strong></span> <span class='ocrx_word' id='word_1_890' title='bbox 3497 4865 3564 4918; x_wconf 91' lang='lat' dir='ltr'><strong>ab</strong></span> <span class='ocrx_word' id='word_1_891' title='bbox 3585 4864 3700 4931; x_wconf 85' lang='lat' dir='ltr'><strong>ipso</strong></span> <span class='ocrx_word' id='word_1_892' title='bbox 3731 4858 3916 4914; x_wconf 90' lang='lat' dir='ltr'><strong>violari</strong></span> <span class='ocrx_word' id='word_1_893' title='bbox 3947 4901 3961 4922; x_wconf 94' lang='lat'><strong>,</strong></span> <span class='ocrx_word' id='word_1_894' title='bbox 3989 4859 4046 4912; x_wconf 83' lang='lat' dir='ltr'><strong>i.i</strong></span> 
     </span>
    </p>
   </div>
   <div class='ocr_carea' id='block_1_111' title="bbox 2449 4952 4054 5035">
    <p class='ocr_par' dir='ltr' id='par_1_111' title="bbox 2449 4952 4054 5035">
     <span class='ocr_line' id='line_1_111' title="bbox 2449 4952 4054 5035; baseline -0.011 -16"><span class='ocrx_word' id='word_1_895' title='bbox 2449 4980 2544 5020; x_wconf 88' lang='lat' dir='ltr'><strong>sua</strong></span> <span class='ocrx_word' id='word_1_896' title='bbox 2574 4973 2835 5035; x_wconf 85' lang='lat' dir='ltr'><strong>potestate</strong></span> <span class='ocrx_word' id='word_1_897' title='bbox 2879 4963 3041 5017; x_wconf 88' lang='lat' dir='ltr'><strong>situm</strong></span> <span class='ocrx_word' id='word_1_898' title='bbox 3082 4974 3202 5015; x_wconf 81' lang='lat' dir='ltr'><strong>esse</strong></span> <span class='ocrx_word' id='word_1_899' title='bbox 3246 4957 3480 5014; x_wconf 84' lang='lat' dir='ltr'><strong>ostendit</strong></span> <span class='ocrx_word' id='word_1_900' title='bbox 3524 4952 3689 5025; x_wconf 78' lang='lat' dir='ltr'><strong>leges</strong></span> <span class='ocrx_word' id='word_1_901' title='bbox 3715 4953 3998 5007; x_wconf 85' lang='lat' dir='ltr'><strong>immutare</strong></span> <span class='ocrx_word' id='word_1_902' title='bbox 4034 4974 4054 5014; x_wconf 68' lang='grc' dir='ltr'><em>ε</em></span> 
     </span>
    </p>
   </div>
   <div class='ocr_carea' id='block_1_112' title="bbox 2452 5041 4048 5119">
    <p class='ocr_par' dir='ltr' id='par_1_112' title="bbox 2452 5041 4048 5119">
     <span class='ocr_line' id='line_1_112' title="bbox 2452 5041 4048 5119; baseline -0.013 -3"><span class='ocrx_word' id='word_1_903' title='bbox 2452 5059 2530 5116; x_wconf 87' lang='lat' dir='ltr'><strong>sic</strong></span> <span class='ocrx_word' id='word_1_904' title='bbox 2551 5057 2803 5114; x_wconf 88' lang='lat' dir='ltr'><strong>nimirum</strong></span> <span class='ocrx_word' id='word_1_905' title='bbox 2834 5056 2936 5110; x_wconf 90' lang='lat' dir='ltr'><strong>hoc</strong></span> <span class='ocrx_word' id='word_1_906' title='bbox 2964 5055 3084 5108; x_wconf 92' lang='lat' dir='ltr'><strong>loco</strong></span> <span class='ocrx_word' id='word_1_907' title='bbox 3105 5093 3120 5119; x_wconf 91' lang='lat'><strong>,</strong></span> <span class='ocrx_word' id='word_1_908' title='bbox 3151 5067 3272 5106; x_wconf 90' lang='lat' dir='ltr'><strong>cum</strong></span> <span class='ocrx_word' id='word_1_909' title='bbox 3324 5051 3396 5105; x_wconf 91' lang='lat' dir='ltr'><strong>illi</strong></span> <span class='ocrx_word' id='word_1_910' title='bbox 3427 5048 3727 5108; x_wconf 82' lang='lat' dir='ltr'><strong>dixissent,</strong></span> <span class='ocrx_word' id='word_1_911' title='bbox 3759 5041 4048 5114; x_wconf 67' lang='lat' dir='ltr'><strong>Equaiem</strong></span> 
     </span>
    </p>
   </div>
   <div class='ocr_carea' id='block_1_113' title="bbox 2454 5137 4046 5221">
    <p class='ocr_par' dir='ltr' id='par_1_113' title="bbox 2454 5137 4046 5221">
     <span class='ocr_line' id='line_1_113' title="bbox 2454 5137 4046 5221; baseline -0.013 -14"><span class='ocrx_word' id='word_1_912' title='bbox 2454 5163 2505 5208; x_wconf 90' lang='lat' dir='ltr'><strong>te</strong></span> <span class='ocrx_word' id='word_1_913' title='bbox 2542 5153 2714 5221; x_wconf 86' lang='lat' dir='ltr'><strong>ipsum</strong></span> <span class='ocrx_word' id='word_1_914' title='bbox 2759 5149 2889 5204; x_wconf 85' lang='lat' dir='ltr'><strong>facis</strong></span> <span class='ocrx_word' id='word_1_915' title='bbox 2913 5148 3022 5202; x_wconf 90' lang='lat' dir='ltr'><strong>Deo</strong></span> <span class='ocrx_word' id='word_1_916' title='bbox 3041 5189 3054 5214; x_wconf 93' lang='lat'><strong>,</strong></span> <span class='ocrx_word' id='word_1_917' title='bbox 3087 5146 3404 5216; x_wconf 84' lang='lat' dir='ltr'><strong>promittens</strong></span> <span class='ocrx_word' id='word_1_918' title='bbox 3435 5157 3497 5196; x_wconf 91' lang='lat' dir='ltr'><strong>ea</strong></span> <span class='ocrx_word' id='word_1_919' title='bbox 3520 5184 3534 5206; x_wconf 89' lang='lat'><strong>,</strong></span> <span class='ocrx_word' id='word_1_920' title='bbox 3558 5155 3677 5209; x_wconf 76' lang='lat' dir='ltr'><strong>quae</strong></span> <span class='ocrx_word' id='word_1_921' title='bbox 3707 5137 3872 5192; x_wconf 89' lang='lat' dir='ltr'><strong>solius</strong></span> <span class='ocrx_word' id='word_1_922' title='bbox 3925 5146 4046 5190; x_wconf 86' lang='lat' dir='ltr'><strong>sum</strong></span> 
     </span>
    </p>
   </div>
   <div class='ocr_carea' id='block_1_114' title="bbox 2454 5232 4046 5310">
    <p class='ocr_par' dir='ltr' id='par_1_114' title="bbox 2454 5232 4046 5310">
     <span class='ocr_line' id='line_1_114' title="bbox 2454 5232 4046 5310; baseline -0.016 -11"><span class='ocrx_word' id='word_1_923' title='bbox 2454 5243 2645 5302; x_wconf 89' lang='lat' dir='ltr'><strong>Patris,</strong></span> <span class='ocrx_word' id='word_1_924' title='bbox 2675 5237 3077 5310; x_wconf 87' lang='lat' dir='ltr'><strong>reprehendens</strong></span> <span class='ocrx_word' id='word_1_925' title='bbox 3101 5250 3195 5290; x_wconf 88' lang='lat' dir='ltr'><strong>eos</strong></span> <span class='ocrx_word' id='word_1_926' title='bbox 3216 5273 3232 5297; x_wconf 96' lang='lat'><strong>,</strong></span> <span class='ocrx_word' id='word_1_927' title='bbox 3266 5246 3319 5289; x_wconf 90' lang='lat' dir='ltr'><strong>et</strong></span> <span class='ocrx_word' id='word_1_928' title='bbox 3348 5246 3604 5287; x_wconf 86' lang='lat' dir='ltr'><strong>accusans</strong></span> <span class='ocrx_word' id='word_1_929' title='bbox 3630 5271 3646 5294; x_wconf 95' lang='lat'><strong>,</strong></span> <span class='ocrx_word' id='word_1_930' title='bbox 3677 5239 3839 5294; x_wconf 63' lang='lat' dir='ltr'><strong>atque</strong></span> <span class='ocrx_word' id='word_1_931' title='bbox 3862 5232 4046 5292; x_wconf 75' lang='lat' dir='ltr'><strong>operi-</strong></span> 
     </span>
    </p>
   </div>
   <div class='ocr_carea' id='block_1_115' title="bbox 2453 5316 4048 5406">
    <p class='ocr_par' dir='ltr' id='par_1_115' title="bbox 2453 5316 4048 5406">
     <span class='ocr_line' id='line_1_115' title="bbox 2453 5316 4048 5406; baseline -0.014 -13"><span class='ocrx_word' id='word_1_932' title='bbox 2453 5338 2553 5393; x_wconf 86' lang='lat' dir='ltr'><strong>bus</strong></span> <span class='ocrx_word' id='word_1_933' title='bbox 2579 5336 2706 5406; x_wconf 89' lang='lat' dir='ltr'><strong>ipsis</strong></span> <span class='ocrx_word' id='word_1_934' title='bbox 2733 5331 3025 5389; x_wconf 89' lang='lat' dir='ltr'><strong>ostendens</strong></span> <span class='ocrx_word' id='word_1_935' title='bbox 3051 5344 3109 5385; x_wconf 91' lang='lat' dir='ltr'><strong>se</strong></span> <span class='ocrx_word' id='word_1_936' title='bbox 3149 5327 3367 5382; x_wconf 89' lang='lat' dir='ltr'><strong>minime</strong></span> <span class='ocrx_word' id='word_1_937' title='bbox 3396 5321 3766 5393; x_wconf 74' lang='lat' dir='ltr'><strong>blasphemare</strong></span> <span class='ocrx_word' id='word_1_938' title='bbox 3791 5361 3806 5383; x_wconf 89' lang='lat'><strong>,</strong></span> <span class='ocrx_word' id='word_1_939' title='bbox 3840 5316 4048 5372; x_wconf 87' lang='lat' dir='ltr'><strong>indubi-</strong></span> 
     </span>
    </p>
   </div>
   <div class='ocr_carea' id='block_1_116' title="bbox 2457 5417 4054 5493">
    <p class='ocr_par' dir='ltr' id='par_1_116' title="bbox 2457 5417 4054 5493">
     <span class='ocr_line' id='line_1_116' title="bbox 2457 5417 4054 5493; baseline -0.013 -10"><span class='ocrx_word' id='word_1_940' title='bbox 2457 5439 2616 5483; x_wconf 88' lang='lat' dir='ltr'><strong>tatam</strong></span> <span class='ocrx_word' id='word_1_941' title='bbox 2658 5427 2810 5480; x_wconf 90' lang='lat' dir='ltr'><strong>nohis</strong></span> <span class='ocrx_word' id='word_1_942' title='bbox 2838 5421 3065 5493; x_wconf 72' lang='lat' dir='ltr'><strong>prtcbuit</strong></span> <span class='ocrx_word' id='word_1_943' title='bbox 3090 5417 3634 5478; x_wconf 86' lang='lat' dir='ltr'><strong>demonstrationem,</strong></span> <span class='ocrx_word' id='word_1_944' title='bbox 3664 5418 3804 5465; x_wconf 85' lang='lat' dir='ltr'><strong>unde</strong></span> <span class='ocrx_word' id='word_1_945' title='bbox 3839 5419 4054 5464; x_wconf 89' lang='lat' dir='ltr'><strong>constet</strong></span> 
     </span>
    </p>
   </div>
   <div class='ocr_carea' id='block_1_117' title="bbox 2454 5498 4050 5587">
    <p class='ocr_par' dir='ltr' id='par_1_117' title="bbox 2454 5498 4050 5587">
     <span class='ocr_line' id='line_1_117' title="bbox 2454 5498 4050 5587; baseline -0.013 -12"><span class='ocrx_word' id='word_1_946' title='bbox 2454 5505 2641 5575; x_wconf 80' lang='lat' dir='ltr'><strong>eadem</strong></span> <span class='ocrx_word' id='word_1_947' title='bbox 2693 5519 2902 5587; x_wconf 72' lang='lat' dir='ltr'><strong>ipsum,</strong></span> <span class='ocrx_word' id='word_1_948' title='bbox 2946 5529 3064 5584; x_wconf 73' lang='lat' dir='ltr'><strong>qua:</strong></span> <span class='ocrx_word' id='word_1_949' title='bbox 3114 5511 3359 5587; x_wconf 78' lang='lat' dir='ltr'><strong>Genitor,</strong></span> <span class='ocrx_word' id='word_1_950' title='bbox 3394 5521 3551 5576; x_wconf 88' lang='lat' dir='ltr'><strong>posse</strong></span> <span class='ocrx_word' id='word_1_951' title='bbox 3600 5513 3876 5575; x_wconf 58' lang='lat' dir='ltr'><strong>praestare.</strong></span> <span class='ocrx_word' id='word_1_952' title='bbox 3911 5498 4050 5557; x_wconf 71' lang='lat' dir='ltr'><strong>Vide</strong></span> 
     </span>
    </p>
   </div>
   <div class='ocr_carea' id='block_1_118' title="bbox 2458 5594 4054 5683">
    <p class='ocr_par' dir='ltr' id='par_1_118' title="bbox 2458 5594 4054 5683">
     <span class='ocr_line' id='line_1_118' title="bbox 2458 5594 4054 5683; baseline -0.011 -20"><span class='ocrx_word' id='word_1_953' title='bbox 2458 5613 2634 5683; x_wconf 87' lang='lat' dir='ltr'><strong>igitur,</strong></span> <span class='ocrx_word' id='word_1_954' title='bbox 2667 5623 2772 5678; x_wconf 90' lang='lat' dir='ltr'><strong>quo</strong></span> <span class='ocrx_word' id='word_1_955' title='bbox 2798 5603 3112 5678; x_wconf 77' lang='lat' dir='ltr'><strong>pactoistud</strong></span> <span class='ocrx_word' id='word_1_956' title='bbox 3147 5602 3436 5658; x_wconf 86' lang='lat' dir='ltr'><strong>contendat</strong></span> <span class='ocrx_word' id='word_1_957' title='bbox 3461 5598 3739 5653; x_wconf 87' lang='lat' dir='ltr'><strong>adstruere</strong></span> <span class='ocrx_word' id='word_1_958' title='bbox 3763 5635 3779 5660; x_wconf 93' lang='lat'><strong>,</strong></span> <span class='ocrx_word' id='word_1_959' title='bbox 3807 5609 3927 5665; x_wconf 71' lang='lat' dir='ltr'><strong>quas</strong></span> <span class='ocrx_word' id='word_1_960' title='bbox 3954 5594 4054 5647; x_wconf 82' lang='lat' dir='ltr'><strong>Pa-</strong></span> 
     </span>
    </p>
   </div>
   <div class='ocr_carea' id='block_1_119' title="bbox 2460 5688 4052 5766">
    <p class='ocr_par' dir='ltr' id='par_1_119' title="bbox 2460 5688 4052 5766">
     <span class='ocr_line' id='line_1_119' title="bbox 2460 5688 4052 5766; baseline -0.01 -11"><span class='ocrx_word' id='word_1_961' title='bbox 2460 5704 2556 5757; x_wconf 86' lang='lat' dir='ltr'><strong>tris</strong></span> <span class='ocrx_word' id='word_1_962' title='bbox 2584 5702 2750 5756; x_wconf 91' lang='lat' dir='ltr'><strong>solius</strong></span> <span class='ocrx_word' id='word_1_963' title='bbox 2772 5709 2932 5763; x_wconf 86' lang='lat' dir='ltr'><strong>sunt,</strong></span> <span class='ocrx_word' id='word_1_964' title='bbox 2956 5714 3016 5753; x_wconf 87' lang='lat' dir='ltr'><strong>ea</strong></span> <span class='ocrx_word' id='word_1_965' title='bbox 3046 5698 3212 5766; x_wconf 90' lang='lat' dir='ltr'><strong>ipsius</strong></span> <span class='ocrx_word' id='word_1_966' title='bbox 3246 5706 3406 5750; x_wconf 82' lang='lat' dir='ltr'><strong>etiam</strong></span> <span class='ocrx_word' id='word_1_967' title='bbox 3434 5706 3552 5746; x_wconf 89' lang='lat' dir='ltr'><strong>esse</strong></span> <span class='ocrx_word' id='word_1_968' title='bbox 3577 5709 3590 5745; x_wconf 88' lang='lat'>:</span> <span class='ocrx_word' id='word_1_969' title='bbox 3615 5705 3722 5743; x_wconf 90' lang='lat' dir='ltr'><strong>non</strong></span> <span class='ocrx_word' id='word_1_970' title='bbox 3752 5689 3896 5742; x_wconf 82' lang='lat' dir='ltr'><strong>enim</strong></span> <span class='ocrx_word' id='word_1_971' title='bbox 3923 5688 4052 5739; x_wconf 87' lang='lat' dir='ltr'><strong>sim-</strong></span> 
     </span>
    </p>
   </div>
   <div class='ocr_carea' id='block_1_120' title="bbox 2467 5779 4053 5869">
    <p class='ocr_par' dir='ltr' id='par_1_120' title="bbox 2467 5779 4053 5869">
     <span class='ocr_line' id='line_1_120' title="bbox 2467 5779 4053 5869; baseline -0.013 -17"><span class='ocrx_word' id='word_1_972' title='bbox 2467 5796 2676 5869; x_wconf 71' lang='lat' dir='ltr'><strong>pliciter</strong></span> <span class='ocrx_word' id='word_1_973' title='bbox 2701 5794 3047 5860; x_wconf 80' lang='lat' dir='ltr'><strong>paralyticum</strong></span> <span class='ocrx_word' id='word_1_974' title='bbox 3077 5788 3268 5856; x_wconf 75' lang='lat' dir='ltr'><strong>erexit,</strong></span> <span class='ocrx_word' id='word_1_975' title='bbox 3303 5783 3396 5844; x_wconf 84' lang='lat' dir='ltr'><strong>sed</strong></span> <span class='ocrx_word' id='word_1_976' title='bbox 3429 5800 3546 5845; x_wconf 86' lang='lat' dir='ltr'><strong>cum</strong></span> <span class='ocrx_word' id='word_1_977' title='bbox 3573 5781 3829 5845; x_wconf 76' lang='lat' dir='ltr'><strong>dixisset,</strong></span> <span class='ocrx_word' id='word_1_978' title='bbox 3861 5779 3923 5837; x_wconf 81' lang='lat' dir='ltr'><strong>Ut</strong></span> <span class='ocrx_word' id='word_1_979' title='bbox 3956 5795 4053 5833; x_wconf 81' lang='lat' dir='ltr'><strong>an-</strong></span> 
     </span>
    </p>
   </div>
  </div>
