4218 6294
219 424 282 483 σι
414 378 419 381 ﬁ
1137 416 1216 473 m-
1244 406 1737 473 ptnttvrtcuu
1780 404 2135 464 nsmssuu
2180 407 2315 465 res
2359 407 2663 465 rscvuu.
3489 415 3564 473 ες

219 529 321 573 teat
363 516 581 582 sciatis,
612 516 735 587 quia
770 514 942 570 Filius
975 512 1196 568 hominis
1234 511 1383 565 habet
1431 516 1735 585 potestatein
1776 507 1832 559 in

222 620 359 664 terra
396 607 930 678 diusitteudiapeccata
955 602 1171 673 (Matth.
1203 602 1258 659 9.
1289 599 1359 671 6)
1398 598 1577 655 :.adeo
1616 594 1841 652 curabat

224 716 293 756 ac
311 697 576 754 studebat
596 697 702 754 hoc
739 698 971 753 maxime
994 694 1283 753 ostendere
1319 691 1423 748 sibi
1444 688 1692 747 eamdem
1715 701 1839 743 esse

223 790 607 846 auctoritatem
632 790 976 845 cum‘Patre.
1010 822 1013 824 -

267 915 279 928 .
299 878 358 936 8.
397 877 654 951 Epilogus
680 880 930 934 sermonis
963 893 1065 948 quo
1102 877 1172 931 ad
1202 875 1499 947 patientiam
1527 873 1583 927 in
1612 872 1839 927 aduersis

221 971 752 1028 cohortatum—Hec
782 970 943 1043 igitur
958 969 1137 1025 omnia
1159 980 1213 1024 et
1238 983 1359 1040 qua:
1389 968 1646 1023 hesterno
1664 966 1750 1023 die
1774 980 1838 1020 ac

222 1060 623 1118 nudiustertius
656 1062 799 1117 dicta
840 1070 988 1126 sunt,
1034 1060 1319 1131 diligenter
1360 1057 1620 1113 memoria
1654 1066 1839 1111 tenea-

223 1165 369 1217 mus,
391 1166 456 1208 ac
478 1152 648 1209 Deum
670 1167 975 1223 precemur,
1004 1160 1064 1206 ut
1087 1168 1151 1207 ea
1178 1152 1232 1206 in
1254 1160 1437 1207 nostra
1464 1158 1645 1205 mente
1661 1148 1837 1204 deﬁxa

224 1251 607 1311 permaneant,
631 1252 984 1314 nostrumque
1011 1240 1250 1297 studium
1280 1241 1657 1307 conferamus,
1674 1249 1838 1310 atque

221 1324 293 1384 ad
322 1330 472 1388 hunc
502 1330 680 1387 locum
709 1330 1022 1404 frequenter
1050 1331 1403 1388 accedamus.
1433 1330 1525 1386 Sic
1548 1329 1692 1386 enim
1724 1329 1837 1397 ﬁet,

224 1432 282 1475 ut
312 1430 371 1478 et
400 1437 464 1477 ea
493 1438 614 1495 qua
640 1425 887 1495 superius
906 1424 1048 1479 dicta
1074 1433 1201 1479 sunt
1226 1438 1631 1490 conservemus,
1655 1432 1709 1479 et
1734 1423 1837 1479 alia

223 1526 418 1569 rursus
443 1514 788 1584 acquiramus
816 1530 846 1569 :.
865 1515 1091 1586 quodsi
1110 1514 1238 1586 quid
1264 1513 1406 1569 forte
1439 1515 1593 1586 lapsu
1626 1526 1837 1586 tempo-

220 1604 301 1658 ris
328 1604 618 1671 effluxerit,
648 1605 806 1662 facile
830 1607 963 1663 illud
990 1607 1206 1663 assidua
1233 1606 1477 1662 doctrina
1502 1607 1698 1663 exculti
1728 1623 1834 1678 po-

222 1694 451 1751 terimus
471 1711 816 1769 receperam.
840 1698 1025 1767 Neque
1048 1713 1183 1753 vero
1208 1698 1336 1754 sana
1360 1708 1565 1753 tantum
1588 1698 1837 1770 dogmata

220 1787 623 1856 permanebunt
667 1798 732 1846 et
765 1791 1098 1860 incorrupta,
1144 1790 1240 1846 sed
1284 1799 1355 1846 et.
1386 1791 1549 1846 vitam
1598 1801 1836 1857 nostram

221 1878 418 1948 majori
442 1865 584 1935 'cura
615 1887 669 1935 et
696 1880 946 1937 cautione
970 1881 1285 1951 dirigemus,
1326 1890 1536 1937 etcum
1566 1882 1838 1952 voluptate

219 1968 502 2040 animique
527 1971 911 2042 tranquillitate
944 1972 1047 2028 hoc
1091 1988 1286 2027 aevum~
1307 1973 1607 2044 transigere
1634 1974 1834 2029 licebit.

220 2057 357 2114 Nam
380 2075 734 2132 quascumque
756 2062 968 2118 tandem
991 2062 1322 2132 perturbatio
1343 2073 1580 2119 nostram
1602 2065 1835 2120 animam

221 2150 482 2221 exagitet,
510 2151 636 2206 dum
668 2152 723 2207 in
750 2150 892 2208 hunc
922 2154 1099 2209 locum
1114 2155 1497 2223 convenimus,
1528 2155 1687 2211 facile
1717 2158 1837 2211 dis-

220 2242 334 2296 cuti
366 2246 574 2313 poterit
604 2261 619 2298 :
647 2244 1166 2315 quandoquidemtet
1192 2244 1437 2301 Christus
1475 2262 1619 2301 nunc
1660 2250 1833 2316 adest,

220 2342 278 2389 et
304 2336 396 2405 qui
423 2349 547 2392 cum
590 2336 698 2393 ﬁde
726 2336 793 2391 ad
840 2337 988 2392 illum
1018 2337 1267 2403 accedit,
1292 2336 1505 2394 facilem
1543 2339 1836 2409 adepturus

219 2435 306 2479 est
331 2428 690 2483 curationem.
725 2428 1046 2499 Paupertate
1076 2430 1197 2500 quis
1225 2430 1445 2486 assidua
1474 2430 1832 2499 conflictatur,

218 2526 284 2572 et
305 2520 964 2577 necessariisdestituitur
988 2523 1277 2587 alimentis,
1306 2531 1363 2578 et
1390 2522 1530 2579 fame
1558 2524 1835 2581 confectus

219 2625 607 2681 sapenumero'
620 2611 817 2669 lectum
849 2593 999 2683 petiit
1026 2632 1040 2668 :
1072 2623 1248 2670 tamen
1266 2614 1371 2671 huc
1394 2615 1686 2686 ingressus.
1713 2632 1833 2672 cum

220 2703 455 2760 mulierit
479 2704 706 2761 Paulum
737 2706 1029 2775 dicentem,
1061 2708 1115 2763 in
1141 2707 1283 2763 fame
1310 2718 1365 2764 et
1393 2710 1481 2764 siti
1510 2720 1565 2765 et
1596 2710 1835 2767 nuditate

219 2810 284 2848 se
310 2793 537 2866 degere,
553 2810 721 2867 seque
746 2812 854 2852 non
878 2814 1003 2863 uno,
1036 2809 1129 2853 aut
1156 2798 1386 2867 duobus,
1412 2808 1505 2855 aut
1526 2801 1699 2856 tribus
1715 2802 1845 2858 die-

222 2884 343 2951 bus,
376 2885 472 2941 sed
506 2897 765 2957 perpetuo
807 2904 1023 2959 passum
1064 2905 1185 2946 esse
1227 2890 1405 2963 (quod
1429 2892 1645 2962 quidem
1692 2893 1833 2967 iqdi-

216 2992 354 3034 cans
380 2976 581 3045 aiebat,
616 2978 791 3052 Usque
816 2982 1030 3037 initam:
1057 2983 1313 3038 boramet
1353 2985 1697 3051 esurimus,.,et
1726 2986 1837 3040 stti-

221 3083 358 3130 σιω,
388 3069 591 3123 standi
617 3076 821 3141 sumusl
845 3078 870 3129 ι
902 3084 1024 3127 δον.
1054 3074 1108 3128 4.
1142 3068 1265 3141 li],
1289 3074 1645 3130 sufficientem
1673 3091 1836 3131 exeo

224 3159 657 3216 consolationem
689 3163 967 3233 percipiet,
999 3179 1122 3219 cum
1153 3181 1217 3220 ex
1262 3165 1327 3221 iis
1368 3182 1490 3238 qttze
1528 3167 1669 3222 dicta
1709 3178 1836 3224 sunt

218 3248 475 3306 didicerit
497 3251 691 3319 Deum,
720 3270 827 3310 non
847 3256 990 3326 quod
1011 3257 1157 3312 illum
1183 3257 1406 3322 odisset,
1437 3260 1489 3315 in
1517 3271 1834 3332 paupertate

219 3344 431 3400 versari
456 3345 769 3415 permisisse
796 3366 809 3404 :
838 3351 1209 3420 nequeenim,
1228 3351 1274 3407 si
1300 3352 1437 3407 odio
1455 3357 1706 3427 prosequi
1729 3356 1833 3412 hoc

220 3442 393 3501 esset,
428 3435 601 3491 Paulo
630 3453 742 3508 prae
769 3448 982 3497 caeteris
1007 3441 1257 3497 omnibus
1280 3445 1457 3498 amico
1484 3460 1583 3500 suo
1614 3446 1665 3501 id
1695 3447 1838 3502 acci-
1892 3461 1900 3467 ·

217 3523 353 3579 dere
379 3526 716 3595 permisisset
744 3549 760 3584 :
791 3546 975 3585 verum
1004 3533 1145 3603 quod
1183 3532 1253 3589 de
1275 3549 1344 3589 eo
1380 3535 1642 3591 sollicitus
1667 3547 1837 3607 esset,

218 3616 384 3686 eique
415 3617 744 3687 provideret,
790 3629 951 3693 atque
996 3624 1070 3678 ad
1111 3625 1369 3695 majorem
1415 3627 1562 3682 illum
1593 3628 1835 3699 philoso-

222 3706 407 3775 phiam
438 3721 797 3777 promoveret.
842 3713 938 3769 Est
963 3715 1100 3769 alius
1138 3716 1426 3786 quispiam,
1456 3719 1607 3788 cujus
1640 3735 1836 3789 corpus

222 3799 431 3855 morbis
474 3816 539 3857 ac
583 3804 739 3860 malls
772 3806 1071 3863 innumeris
1113 3808 1436 3865 obsidetur?
1466 3811 1834 3869 Snfﬁcientem

221 3887 348 3944 liuic
394 3890 624 3947 aﬁ'erent
675 3896 1101 3953 consolationem
1145 3900 1565 3971 paralyticorum
1610 3903 1834 3959 istorum

220 3994 473 4049 corpora,
509 3991 566 4037 et
595 3997 716 4038 cum
748 3985 851 4040 illis
881 3987 1071 4042 beatus
1106 4004 1169 4043 ac
1196 4006 1501 4060 generosus
1535 3993 1705 4049 Pauli
1728 3996 1838 4049 dis-

219 4070 575 4143 eipulus,.qui
603 4077 874 4145 perpetuis
897 4078 1099 4132 morbis
1126 4078 1556 4146 conflictabatur,
1587 4098 1684 4137 nec
1715 4100 1833 4138 um-

220 4178 436 4231 qttarna
466 4167 625 4238 longa
646 4169 964 4238 mgritudine
990 4172 1313 4241 respirabat,
1347 4175 1488 4244 quod
1510 4176 1672 4230 etiam
1698 4178 1836 4232 Bau-

222 4256 308 4310 Its
340 4257 559 4313 dicebat
609 4277 624 4315 :
667 4260 874 4315 Modico
917 4263 1032 4316 trino
1078 4266 1220 4318 utere
1260 4275 1477 4335 propter
1514 4269 1834 4322 stomaclmm

221 4357 389 4413 tuum,
422 4359 470 4401 et
498 4349 788 4420 frequentes
818 4361 931 4407 tuas
971 4354 1293 4421 inﬁrmitates
1325 4356 1344 4427 (
1372 4358 1420 4410 l.
1457 4356 1589 4410 Tim.
1623 4358 1676 4413 5.
1704 4358 1829 4429 23),

220 4454 329 4494 non
361 4441 677 4511 simpliciter
706 4443 841 4497 dixit
872 4444 1232 4500 inﬁrmitates.
1265 4448 1417 4502 Alius
1443 4450 1709 4521 quispiam
1737 4468 1830 4509 ca.-

220 4529 442 4586 inmniis
478 4533 755 4601 appetitus
782 4546 865 4589 est
894 4535 963 4589 ab
1008 4537 1094 4605 iis,
1144 4539 1234 4609 qui
1278 4554 1525 4609 magnam
1568 4541 1641 4596 illi
1689 4544 1829 4613 apud

219 4623 479 4693 pupulum
500 4622 802 4679 conflarunt
819 4626 1114 4695 infamiam,
1143 4638 1304 4699 atque
1327 4628 1427 4685 hoc
1449 4630 1568 4701 ejus
1592 4632 1828 4689 animum

217 4716 457 4784 graviter
481 4716 629 4787 angit
654 4726 710 4771 et
741 4729 1001 4787 perpetuo
1028 4723 1233 4777 cruciat
1261 4740 1274 4776 :
1309 4724 1352 4777 si
1394 4722 1667 4793 ingressus
1710 4724 1829 4782 fue-

217 4808 308 4871 rit,
338 4814 395 4861 et
422 4806 681 4875 audierit,
703 4807 849 4863 Beati
875 4812 1013 4878 estis,
1042 4828 1161 4866 cum
1184 4812 1544 4869 maledixerint
1573 4817 1711 4871 vobis
1745 4819 1831 4873 Ito-

218 4898 401 4961 νείκεε,
436 4908 491 4951 et
510 4900 738 4954 dixerint
766 4916 914 4976 omne
940 4904 1133 4958 malum
1163 4906 1428 4960 adversum
1459 4923 1545 4962 sos
1583 4912 1830 4965 mentien-

216 5000 333 5043 tes:
362 4991 583 5061 gaudete
625 5003 672 5047 et
709 4993 979 5061 exsultate,
1018 4998 1260 5067 quoniam
1304 5015 1492 5053 merces
1534 5014 1695 5055 vestra
1739 5020 1828 5057 co-

164 5108 175 5117 -
218 5083 366 5152 piosa
391 5082 538 5137 estin
576 5086 953 5155 calisUifatth.
977 5088 1031 5143 5.
1080 5090 1167 5144 il.
1203 5090 1291 5160 l2)
1318 5110 1331 5147 :
1355 5108 1572 5149 omnem
1593 5094 1829 5165 deponet

218 5189 535 5241 maerorem,
554 5186 608 5231 et
630 5193 851 5233 summa~
872 5182 1149 5250 voluptate
1180 5183 1562 5253 perfundatur;
1605 5188 1831 5244 snbsilits

215 5269 362 5323 enim
392 5280 440 5322 et
468 5266 739 5333 exsultate.
782 5272 974 5340 inquit,
1018 5290 1132 5327 cum
1176 5276 1440 5344 injecerint
1478 5280 1613 5335 vobis
1649 5298 1827 5339 nomen

217 5363 414 5415 ntalem
435 5360 589 5428 (Luc.
619 5361 671 5417 6.
700 5362 791 5417 22.
816 5365 932 5431 23).
959 5367 1134 5435 Atque
1156 5367 1276 5422 illos
1299 5370 1517 5438 quidem
1531 5373 1618 5441 qui
1639 5377 1826 5429 convi-

215 5454 316 5507 riis
371 5450 700 5518 afﬁciuntur,
759 5454 861 5509 hoc
913 5456 1075 5509 modo
1127 5459 1436 5512 consolatun
1490 5479 1503 5515 :
1555 5477 1649 5517 eos
1698 5481 1827 5521 vero

214 5544 306 5614 qui
361 5544 621 5601 conviciis
675 5545 949 5614 afﬁciunt,
1012 5550 1168 5603 aliter
1228 5549 1425 5617 terret,
1486 5568 1610 5609 cum
1675 5557 1749 5611 ait
1812 5578 1823 5613 :

216 5638 614 5693 Omne'uerbunt
637 5640 875 5704 otiosum,
922 5640 1059 5710 quod
1098 5643 1293 5712 loqunti
1340 5647 1526 5716 fuerint
1573 5648 1822 5713 homines,

213 5732 429 5785 reddent
456 5734 522 5785 de
548 5747 607 5785 eo
634 5733 907 5795 rationem,
951 5734 1055 5787 sive
1083 5735 1267 5789 bonum
1295 5736 1470 5807 fuerit,
1503 5738 1606 5792 sive
1632 5741 1823 5795 malum

209 5820 430 5892 (Matth.
470 5822 553 5877 12.
588 5820 702 5895 56).
738 5822 979 5878 Filiolam
1018 5824 1280 5897 quispiam
1322 5828 1456 5883 alius
1488 5829 1685 5901 amisit,
1727 5843 1819 5889 aut

1944 502 2255 572 ﬁlium,.ant
2280 504 2446 560 alium
2473 506 2704 584 aliquem
2726 521 2791 562 ex
2820 507 3158 579 propinquis,
3187 517 3245 565 et
3270 508 3358 565 hic
3380 510 3426 566 si
3456 511 3560 567 huc

1944 597 2147 665 venias,
2174 613 2297 653 cum
2325 596 2527 654 Raulus
2564 608 2783 669 propter
2826 611 3148 670 praesentem
3192 604 3357 665 vitam
3400 604 3553 674 inge-

1944 688 2157 754 miscat,
2203 696 2260 745 et
2288 688 2521 745 futuram
2551 690 2742 745 videre
2760 691 2963 761 cupiat,
2982 707 3224 763 eumque
3248 692 3444 750 tmdeat
3472 696 3561 750 hic

1944 780 2144 835 tamdiu
2189 781 2409 847 morari,
2443 780 2733 845 sufﬁcienti
2775 790 2831 838 et
2867 782 2982 853 ipse
3025 786 3421 841 medicamento
3459 801 3559 841 ac-

1941 881 2100 941 cepto
2128 872 2388 938 discedet,
2413 874 2501 930 ubi
2525 873 2791 931 dicentem
2822 875 2973 931 illum
2994 876 3259 933 audiverit
3287 896 3301 933 :
3326 877 3408 934 De
3429 880 3552 934 dor-

1942 965 2217 1020 mientibus
2242 975 2413 1021 autem
2438 969 2558 1023 nolo
2584 985 2671 1024 vos
2699 969 2957 1041 ignorare,
2984 969 3190 1042 fratres,
3219 983 3403 1029 utnon
3431 991 3555 1030 con-

1945 1057 2213 1112 tristemini
2239 1058 2372 1114 sicut
2391 1068 2441 1113 et
2464 1062 2653 1129 ueteri,
2671 1062 2762 1133 qui
2781 1078 2923 1134 spem
2948 1080 3050 1118 non
3071 1065 3257 1121 habent
3284 1066 3333 1138 (Ι
3369 1065 3553 1123 Thess.

1942 1148 1997 1204 4.
2032 1148 2147 1221 12).
2194 1148 2310 1205 Non
2339 1150 2475 1206 dixit
2507 1152 2586 1207 De
2612 1153 2983 1220 morientibus,
3014 1156 3110 1212 sed
3140 1156 3221 1212 De
3249 1158 3551 1221 damnenti-

1943 1237 2055 1305 bus,
2097 1255 2346 1296 somnum
2385 1257 2506 1298 esse
2537 1253 2767 1300 mortem
2796 1245 3114 1303 ostendens.
3148 1247 3217 1306 Ut
3244 1250 3405 1321 igitur
3430 1268 3552 1307 cum

1943 1328 2182 1387 dormire
2223 1332 2510 1400 quemdam
2561 1334 2828 1403 videmus,
2876 1352 2985 1393 non
3033 1339 3331 1408 turbamur,
3378 1360 3555 1415 neque

1942 1436 2177 1478 maerore
2202 1423 2486 1491 efﬁcimur,
2513 1425 2662 1495 illum
2691 1428 2847 1497 plane
2870 1441 3298 1489 resurrecturum
3324 1450 3553 1506 speran-

1944 1523 2026 1567 tes
2058 1530 2071 1566 :
2102 1514 2172 1568 ita
2201 1530 2325 1569 cum
2357 1526 2585 1572 mortem
2611 1518 2813 1575 abiisse
2838 1521 3129 1592 quemdam
3168 1524 3436 1592 videmus,
3466 1530 3554 1583 ni-

1943 1606 2017 1659 ltil
2046 1606 2440 1677 perturbemur,
2465 1626 2640 1681 neque
2664 1612 2847 1669 animo
2870 1614 3217 1671 concidamus
3243 1635 3256 1673 :
3286 1619 3553 1690 siquidem

1942 1699 2045 1754 hoc
2075 1716 2289 1771 quoque
2318 1716 2541 1759 somnus
2561 1713 2676 1770 est;
2707 1706 2967 1776 prolixior
2985 1709 3227 1779 quidem,
3251 1710 3345 1767 sed
3374 1721 3552 1770 tamen

1941 1805 2185 1848 somnus.
2220 1794 2401 1865 Itaque
2420 1796 2762 1854 dormitionis
2785 1801 3005 1855 nomine
3031 1802 3275 1872 lugentes
3298 1807 3550 1861 musella-

1942 1893 2029 1938 tus
2056 1895 2157 1952 est,
2187 1887 2586 1942 accusationem
2623 1890 3129 1948 anteminlidelium
3174 1893 3449 1951 refutavit.
3494 1896 3550 1954 Si

1940 1975 2613 2049 deﬁmctumimpatienter
2633 1981 2804 2053 luges,
2830 1982 3101 2040 inﬁdelem
3130 1986 3277 2043 illum
3301 1988 3549 2056 imitaris,

1940 2070 2032 2140 qui
2063 2072 2476 2127 resurrectionis
2505 2072 2665 2130 ﬁdem
2699 2076 3018 2134 no‘nbabet.
3058 2077 3149 2135 ille
3194 2091 3339 2137 recte
3377 2082 3542 2155 luget,

1942 2171 2126 2233 utpote
2155 2164 2248 2234 qui
2273 2163 2405 2220 nihil
2433 2164 2503 2221 de
2532 2165 2692 2223 rebus
2722 2165 2918 2223 futuris
2946 2169 3311 2242 philosophari
3338 2187 3502 2245 queat
3528 2194 3541 2229 :

1942 2263 1998 2309 tu
2029 2271 2159 2312 vero
2186 2257 2273 2311 cui
2321 2266 2396 2313 tot
2424 2257 2563 2313 datae
2592 2269 2717 2314 sunt
2746 2260 2813 2317 de
2856 2262 3033 2318 futura
3065 2264 3171 2337 vita
3200 2264 3545 2324 demonstra-

1940 2346 2136 2415 tiones,
2165 2361 2325 2419 quam
2354 2348 2425 2405 ob
2453 2364 2671 2406 causam
2717 2352 2769 2407 in
2807 2354 3051 2409 eamdem
3078 2370 3203 2411 cum
3235 2358 3329 2413 illo
3370 2360 3545 2416 imbc-

1939 2439 2213 2495 cillitatem
2236 2440 2570 2498 devolveris?
2600 2443 2889 2519 Pmpterea
2933 2446 3085 2514 dicit,
3134 2446 3213 2504 Ds
3249 2450 3551 2507 dormienti-

1939 2531 2030 2587 bus
2058 2534 2296 2588 nolumus
2325 2551 2412 2590 vos
2454 2537 2711 2607 ignorare,
2744 2548 2797 2592 ut
2842 2555 2944 2594 non
2987 2541 3374 2611 contristentint,
3416 2545 3549 2601 sicut

1939 2634 1987 2679 et
2014 2626 2207 2691 cwteri,
2235 2627 2323 2697 qui
2346 2644 2486 2699 spem
2514 2644 2614 2683 non
2642 2630 2866 2685 habent..

2013 2716 2327 2787 Exemplum
2361 2722 2728 2790 patientic.—
2748 2723 2933 2795 Neque
2973 2741 3103 2783 vero
3143 2744 3210 2784 ex
3241 2728 3391 2787 Novo
3422 2740 3543 2789 tan-

1942 2818 2072 2875 tum,
2094 2808 2191 2865 sed
2204 2811 2372 2867 etiam
2386 2812 2453 2868 ex
2470 2813 2655 2870 Veteri
2674 2815 3026 2874 Testamento
3043 2835 3330 2891 possumus
3354 2840 3551 2883 conso-

1940 2902 2195 2958 lationem
2216 2903 2451 2961 baurire.
2468 2905 2603 2961 Cum
2620 2908 2763 2964 enim
2781 2908 2885 2965 Job
2899 2912 3051 2967 audis
3067 2922 3189 2984 post
3201 2918 3551 2985 pecuniarum

1934 2994 2223 3065 iacturam,
2258 3007 2379 3067 post
2408 2998 2684 3055 interitum
2725 3012 3118 3073 amentorum,
3152 3023 3261 3062 non
3292 3023 3458 3065 unum
3498 3021 3553 3066 et

1940 3086 2096 3153 duos,
2126 3091 2475 3157 aetres,.sed
2506 3092 2773 3163 integrum
2815 3107 3016 3151 coetum
3060 3098 3289 3154 filiorum
3335 3102 3387 3155 in
3434 3103 3552 3173 ipso

1939 3180 2114 3235 aetatis
2157 3179 2292 3237 ﬁore
2334 3183 2601 3249 amisisse,
2647 3196 2770 3255 post
2813 3196 3017 3244 tantam
3062 3192 3227 3248 animi
3271 3197 3547 3264 virtutem,

1940 3273 2184 3343 quamvis
2225 3275 2466 3329 omnium
2513 3277 2589 3331 sis
2637 3278 3071 3347 inﬁrmissimus,
3117 3285 3273 3342 facile
3315 3289 3549 3360 teipsum

1941 3362 2242 3420 rcfocillare
2296 3367 2499 3437 poteris
2538 3384 2602 3423 ac
2648 3369 2897 3426 reﬁcere.
2942 3373 3073 3429 Nam
3125 3385 3180 3431 tu
3224 3378 3470 3448 quidem,
3518 3397 3553 3438 ο

1941 3454 2125 3524 homo,
2156 3460 2438 3528 aegrotanti
2471 3459 2583 3515 ﬁlio
2606 3462 2846 3530 adfuisti,
2879 3464 3293 3526 decttmbentem
3323 3473 3377 3527 in
3408 3474 3553 3531 lecto

1942 3548 2140 3615 vidisti,
2172 3559 2442 3618 postrema
2466 3552 2628 3608 verba
2652 3554 3013 3624 proferentem
3043 3561 3281 3629 audiisti,
3298 3573 3554 3622 ebextro-

1941 3654 2087 3693 mum
2110 3638 2335 3695 halitum
2353 3642 2623 3699 exltalanti
2639 3645 3247 3720 adstitisti,.depressisti
3266 3658 3481 3724 oculos,
3495 3668 3551 3718 et

1939 3747 2001 3787 os
2030 3733 2383 3788 conclusisti:
2406 3746 2461 3790 at
2488 3737 2581 3792 ille
2598 3753 2771 3809 neque
2792 3740 3035 3795 animam
3053 3743 3431 3804 exhalantibus
3456 3750 3551 3805 ad-

1940 3823 2059 3890 fuit,
2079 3839 2179 3879 nec
2200 3827 2537 3897 exspirantes
2553 3831 2788 3898 aspexit,
2813 3846 2996 3887 verum
3018 3842 3289 3906 tamquam
3310 3854 3418 3894 uno
3428 3856 3551 3898 con-

1940 3916 2034 3969 diti
2080 3925 2207 3971 sunt
2243 3921 2722 3991 clunes-sepulcro
2764 3922 2971 3979 aedibus
2999 3928 3131 3992 suis,
3174 3938 3230 3983 et
3270 3930 3324 3984 in
3354 3933 3545 3990 eadem

1941 4024 2124 4064 mensa
2137 4013 2416 4068 cerebrum
2439 4016 2638 4082 pariter
2653 4024 2707 4069 et
2720 4018 2938 4088 sanguis
2956 4018 3297 4089 fundebatur,
3314 4034 3370 4080 et
3384 4024 3550 4097 ligna,

1938 4111 1993 4157 et
2014 4101 2224 4172 tegula‘,
2247 4116 2299 4158 et
2318 4104 2512 4173 pulvis,
2527 4115 2580 4161 et
2594 4122 2784 4177 carnes
2800 4111 3053 4179 concisse,
3077 4123 3131 4169 et
3145 4118 3322 4173 omnia
3344 4121 3550 4190 pariter

1940 4193 2326 4249 miscebantur.
2356 4195 2735 4255 Verumtamen
2764 4211 2885 4271 post
2906 4212 2984 4257 tot
3013 4215 3066 4260 et
3093 4216 3238 4262 tanta
3269 4212 3406 4265 mala
3437 4228 3545 4269 non

1940 4284 2093 4350 luxit,
2114 4299 2219 4339 non
2240 4284 2582 4357 impatienter
2601 4290 2717 4344 tulit
2740 4308 2753 4344 :
2783 4292 2878 4347 sed
2897 4294 3024 4363 quid
3052 4297 3165 4351 ait?
3190 4298 3444 4356 Dominus
3461 4304 3551 4358 dc-

1938 4374 2033 4437 dit,
2054 4373 2305 4430 Dominus
2322 4376 2547 4445 abstulit,
2566 4380 2697 4435 sicut
2725 4380 2947 4439 Domino
2970 4386 3181 4455 placuit,
3201 4392 3274 4445 ita
3290 4402 3336 4447 et
3355 4398 3549 4464 factum

1936 4475 2008 4518 est
2028 4466 2130 4519 .‘sit
2146 4484 2327 4522 nomen
2345 4468 2557 4525 Domini
2577 4470 2896 4529 benedictum
2912 4476 2965 4531 in
2986 4480 3176 4537 uacula
3215 4481 3336 4552 (Job
3356 4486 3407 4540 ι.
3429 4486 3548 4557 Si).

1937 4555 2086 4613 llanc
2107 4573 2206 4613 nos
2220 4574 2436 4632 quoque
2454 4577 2640 4620 vocem
2664 4565 2717 4619 in
2739 4566 2961 4637 singulis
2977 4584 3097 4640 qum
3114 4573 3270 4629 nobis
3296 4555 3549 4634 accidunt

1936 4651 2293 4721 proferamus,
2344 4656 2460 4712 sive
2502 4658 2848 4725 pecuniarum
2884 4663 3116 4733 jactura,
3152 4667 3267 4724 sive
3299 4674 3546 4741 corporis

1937 4744 2250 4813 infirmitas,
2266 4748 2381 4803 sive
2401 4751 2886 4820 contumelia,.sive
2916 4756 3207 4825 calumnia,
3234 4760 3349 4817 sive
3374 4765 3551 4833 quod-

1935 4837 2015 4891 vis
2051 4838 2197 4893 aliud
2227 4838 2520 4897 humanum
2566 4844 2766 4899 malum
2813 4848 3089 4918 acciderit,
3137 4851 3235 4906 ista
3274 4854 3546 4923 dicamus,

1936 4925 2189 4985 Dominus
2210 4931 2367 5000 dedit,
2393 4931 2644 4989 Dominus
2661 4936 2868 4992 abstulit
2893 4956 2911 4993 :
2931 4942 3060 4994 sicut
3081 4941 3307 4999 Domina
3328 4947 3543 5016 placuit,

1934 5019 2007 5072 ita
2036 5030 2082 5074 et
2108 5021 2301 5090 factum
2331 5032 2403 5077 est
2429 5040 2447 5079 :
2478 5025 2542 5077 sit
2569 5042 2753 5082 nomen
2782 5026 2991 5083 Domini
3021 5033 3339 5090 benedictum
3367 5039 3420 5091 in
3447 5056 3544 5093 ste-

1935 5114 2070 5165 cula.
2099 5111 2173 5167 lta
2201 5114 2245 5168 si
2274 5114 2735 5186 pbilosophemur,
2766 5120 2897 5177 nihil
2930 5139 3185 5193 umquam
3217 5128 3341 5181 mali
3372 5130 3545 5199 patie-

1938 5220 2078 5269 mur,
2112 5205 2237 5261 licet
2280 5208 2868 5280 innumerapatiamur
2914 5231 2927 5267 :
2972 5214 3063 5269 sed
3116 5217 3293 5288 majus
3332 5220 3539 5278 lucrum

1935 5303 2037 5356 erit
2065 5318 2224 5372 quam
2249 5302 2527 5371 damnum,
2563 5307 2713 5375 plura
2742 5308 2880 5363 bona
2909 5325 3093 5379 quam.
3116 5312 3256 5369 mala
3293 5331 3391 5385 per
3427 5317 3543 5373 ltzec

1936 5395 2095 5449 verba
2130 5396 2222 5451 tibi
2251 5397 2525 5465 evenient,
2549 5398 2675 5454 dum
2703 5410 2757 5456 et
2784 5404 3077 5474 propitium
3111 5401 3217 5461 tibi
3239 5407 3339 5478 ipsi
3371 5410 3543 5468 Deum

1933 5488 2146 5555 reddes,
2170 5499 2224 5544 et
2240 5490 2442 5546 inimici
2462 5494 2797 5563 tyrannidem
2823 5499 3183 5569 propulsabis.
3201 5498 3373 5559 Simul
3396 5520 3541 5559 entm

1932 5592 2091 5650 atque
2117 5582 2280 5638 verba
2328 5583 2435 5639 illa.
2468 5585 2647 5656 lingua
2687 5590 2941 5658 protulit,
2964 5592 3212 5650 diabolus
3253 5598 3538 5653 Confestim

1930 5672 2192 5729 abscessit
2226 5693 2240 5729 :
2274 5676 2367 5731 illo
2396 5693 2556 5748 porro
2582 5680 2930 5751 abscedente,
2976 5686 3146 5741 nubes
3185 5705 3399 5760 quoque
3444 5694 3535 5747 tri-

1929 5766 2088 5820 stili-.c
2114 5768 2417 5836 discutitur,
2451 5780 2651 5828 etcum
2685 5775 2772 5831 illa
2804 5779 3053 5833 celeriter
3080 5780 3358 5851 aufuginnt
3391 5786 3537 5851 cogi-

1934 5860 2185 5927 tationos,
2216 5878 2334 5927 qua:
2380 5876 2480 5920 nos
2510 5862 2791 5934 afﬂigunt;
2842 5880 2907 5923 ac
2952 5876 3149 5932 L‘l'iCiL‘l‘
3201 5872 3312 5928 lucc
3356 5871 3537 5926 omnia
