  <div class='ocr_page' id='page_1' title='image "/cluster/home/n/w/nwhite01/storage/ocr_20150623/51/pst.000005712502/067.png"; bbox 0 0 4218 6294; ppageno 0'>
   <div class='ocr_carea' id='block_1_1' title="bbox 663 367 839 423">
    <p class='ocr_par' dir='ltr' id='par_1_1' title="bbox 663 367 839 423">
     <span class='ocr_line' id='line_1_1' title="bbox 663 367 839 423; baseline -0.006 0"><span class='ocrx_word' id='word_1_1' title='bbox 663 367 754 423; x_wconf 68' lang='lat'><strong>0&#39;5-</strong></span> <span class='ocrx_word' id='word_1_2' title='bbox 765 367 839 422; x_wconf 76' lang='lat'><strong>67</strong></span> 
     </span>
    </p>
   </div>
   <div class='ocr_carea' id='block_1_2' title="bbox 665 557 1925 585">
    <p class='ocr_par' dir='ltr' id='par_1_2' title="bbox 665 557 1925 585">
     <span class='ocr_line' id='line_1_2' title="bbox 665 557 1925 585; baseline -0.004 -11"><span class='ocrx_word' id='word_1_3' title='bbox 665 557 1925 585; x_wconf 83' lang='lat'><strong>_________________.____._._____..</strong></span> 
     </span>
    </p>
   </div>
   <div class='ocr_carea' id='block_1_3' title="bbox 1979 629 2032 657">
    <p class='ocr_par' dir='ltr' id='par_1_3' title="bbox 1979 629 2032 657">
     <span class='ocr_line' id='line_1_3' title="bbox 1979 629 2032 657; baseline 0 0"><span class='ocrx_word' id='word_1_4' title='bbox 1979 629 2032 657; x_wconf 53' lang='grc' dir='ltr'><strong>κ</strong></span> 
     </span>
    </p>
   </div>
   <div class='ocr_carea' id='block_1_4' title="bbox 1364 333 3236 415">
    <p class='ocr_par' dir='ltr' id='par_1_4' title="bbox 1364 333 3236 415">
     <span class='ocr_line' id='line_1_4' title="bbox 1364 333 3236 415; baseline -0.013 0"><span class='ocrx_word' id='word_1_5' title='bbox 1364 359 1421 415; x_wconf 87' lang='lat' dir='ltr'><strong>S.</strong></span> <span class='ocrx_word' id='word_1_6' title='bbox 1467 355 1754 415; x_wconf 65' lang='lat' dir='ltr'><strong>JOANNIS</strong></span> <span class='ocrx_word' id='word_1_7' title='bbox 1788 347 2283 411; x_wconf 71' lang='lat' dir='ltr'><strong>CHRYSOSTOMI</strong></span> <span class='ocrx_word' id='word_1_8' title='bbox 2323 345 2643 404; x_wconf 75' lang='lat' dir='ltr'><strong>ARCIIIEP.</strong></span> <span class='ocrx_word' id='word_1_9' title='bbox 2685 333 3236 401; x_wconf 72' lang='lat' dir='ltr'><strong>CONSTANTINOP.</strong></span> 
     </span>
    </p>
   </div>
   <div class='ocr_carea' id='block_1_5' title="bbox 3746 318 3920 378">
    <p class='ocr_par' dir='ltr' id='par_1_5' title="bbox 3746 318 3920 378">
     <span class='ocr_line' id='line_1_5' title="bbox 3746 318 3920 378; baseline 0 0"><span class='ocrx_word' id='word_1_10' title='bbox 3746 318 3920 378; x_wconf 70' lang='grc' dir='ltr'><strong>(ιϐ-ϐε</strong></span> 
     </span>
    </p>
   </div>
   <div class='ocr_carea' id='block_1_6' title="bbox 2095 781 2477 860">
    <p class='ocr_par' dir='ltr' id='par_1_6' title="bbox 2095 781 2477 860">
     <span class='ocr_line' id='line_1_6' title="bbox 2095 781 2477 860; baseline -0.008 0"><span class='ocrx_word' id='word_1_11' title='bbox 2095 781 2477 860; x_wconf 77' lang='lat' dir='ltr'><strong>SEBMO</strong></span> 
     </span>
    </p>
   </div>
   <div class='ocr_carea' id='block_1_7' title="bbox 644 1043 2221 1102">
    <p class='ocr_par' dir='ltr' id='par_1_7' title="bbox 644 1043 2221 1102">
     <span class='ocr_line' id='line_1_7' title="bbox 644 1043 2221 1102; baseline -0.005 -7"><span class='ocrx_word' id='word_1_12' title='bbox 644 1051 730 1102; x_wconf 58' lang='lat' dir='ltr'><strong>ID,</strong></span> <span class='ocrx_word' id='word_1_13' title='bbox 766 1048 880 1092; x_wconf 71' lang='grc'><strong>1⁵303</strong></span> <span class='ocrx_word' id='word_1_14' title='bbox 922 1047 1032 1100; x_wconf 80' lang='lat' dir='ltr'><strong>QUI</strong></span> <span class='ocrx_word' id='word_1_15' title='bbox 1074 1046 1462 1091; x_wconf 64' lang='lat' dir='ltr'><strong>CONVENTUI</strong></span> <span class='ocrx_word' id='word_1_16' title='bbox 1505 1044 1820 1092; x_wconf 69' lang='lat' dir='ltr'><strong>BCCLESIB</strong></span> <span class='ocrx_word' id='word_1_17' title='bbox 1861 1043 2221 1087; x_wconf 68' lang='lat' dir='ltr'><strong>DBSEIUEII</strong></span> 
     </span>
    </p>
   </div>
   <div class='ocr_carea' id='block_1_8' title="bbox 2328 1043 3684 1102">
    <p class='ocr_par' dir='ltr' id='par_1_8' title="bbox 2331 1045 3684 1100">
     <span class='ocr_line' id='line_1_8' title="bbox 2331 1045 3684 1100; baseline 0.004 -12"><span class='ocrx_word' id='word_1_18' title='bbox 2331 1071 2348 1100; x_wconf 83' lang='lat'><strong>,</strong></span> <span class='ocrx_word' id='word_1_19' title='bbox 2395 1045 2477 1088; x_wconf 71' lang='grc' dir='ltr'><strong>ΒΤ</strong></span> <span class='ocrx_word' id='word_1_20' title='bbox 2545 1045 2718 1098; x_wconf 81' lang='lat' dir='ltr'><strong>QUOD</strong></span> <span class='ocrx_word' id='word_1_21' title='bbox 2787 1047 2914 1091; x_wconf 73' lang='lat' dir='ltr'><strong>NON</strong></span> <span class='ocrx_word' id='word_1_22' title='bbox 2957 1046 3292 1092; x_wconf 73' lang='lat' dir='ltr'><strong>OPOI&#39;I&#39;BA‘I&#39;</strong></span> <span class='ocrx_word' id='word_1_23' title='bbox 3345 1047 3684 1093; x_wconf 74' lang='grc' dir='ltr'><strong>εΑσιΑιυιι</strong></span> 
     </span>
    </p>
   </div>
   <div class='ocr_carea' id='block_1_9' title="bbox 3755 1050 3940 1094">
    <p class='ocr_par' dir='ltr' id='par_1_9' title="bbox 3755 1050 3940 1094">
     <span class='ocr_line' id='line_1_9' title="bbox 3755 1050 3940 1094; baseline 0 -1"><span class='ocrx_word' id='word_1_24' title='bbox 3755 1050 3940 1094; x_wconf 69' lang='lat' dir='ltr'><strong>SCRI&quot;</strong></span> 
     </span>
    </p>
   </div>
   <div class='ocr_carea' id='block_1_10' title="bbox 719 1134 2221 1205">
    <p class='ocr_par' dir='ltr' id='par_1_10' title="bbox 719 1134 2221 1199">
     <span class='ocr_line' id='line_1_10' title="bbox 719 1134 2221 1199; baseline -0.004 -9"><span class='ocrx_word' id='word_1_25' title='bbox 719 1134 1065 1192; x_wconf 68' lang='lat' dir='ltr'><strong>eruamus</strong></span> <span class='ocrx_word' id='word_1_26' title='bbox 1108 1144 1374 1189; x_wconf 78' lang='lat' dir='ltr'><strong>&#39;rt&#39;rums</strong></span> <span class='ocrx_word' id='word_1_27' title='bbox 1419 1142 1997 1199; x_wconf 71' lang='grc' dir='ltr'><strong>ιίιιεηικιπιςιικ,</strong></span> <span class='ocrx_word' id='word_1_28' title='bbox 2058 1142 2140 1185; x_wconf 72' lang='lat' dir='ltr'><strong>nr</strong></span> <span class='ocrx_word' id='word_1_29' title='bbox 2181 1141 2221 1185; x_wconf 82' lang='lat' dir='ltr'><strong>ll</strong></span> 
     </span>
    </p>
   </div>
   <div class='ocr_carea' id='block_1_11' title="bbox 2328 1134 3933 1205">
    <p class='ocr_par' dir='ltr' id='par_1_11' title="bbox 2328 1136 3933 1205">
     <span class='ocr_line' id='line_1_11' title="bbox 2328 1136 3933 1205; baseline 0.004 -19"><span class='ocrx_word' id='word_1_30' title='bbox 2328 1142 2782 1191; x_wconf 69' lang='lat' dir='ltr'><strong>sscnrr&#39;rtousu</strong></span> <span class='ocrx_word' id='word_1_31' title='bbox 2825 1147 3116 1205; x_wconf 62' lang='lat' dir='ltr'><strong>unus,</strong></span> <span class='ocrx_word' id='word_1_32' title='bbox 3161 1148 3244 1192; x_wconf 73' lang='grc' dir='ltr'><strong>ετ</strong></span> <span class='ocrx_word' id='word_1_33' title='bbox 3284 1147 3347 1192; x_wconf 80' lang='lat' dir='ltr'><strong>ttv</strong></span> <span class='ocrx_word' id='word_1_34' title='bbox 3402 1148 3613 1193; x_wconf 68' lang='lat' dir='ltr'><strong>uorsa</strong></span> <span class='ocrx_word' id='word_1_35' title='bbox 3673 1136 3933 1194; x_wconf 79' lang='lat' dir='ltr'><strong>tu.qu-</strong></span> 
     </span>
    </p>
   </div>
   <div class='ocr_carea' id='block_1_12' title="bbox 723 1248 944 1294">
    <p class='ocr_par' dir='ltr' id='par_1_12' title="bbox 723 1248 944 1294">
     <span class='ocr_line' id='line_1_12' title="bbox 723 1248 944 1294; baseline -0.005 -1"><span class='ocrx_word' id='word_1_36' title='bbox 723 1248 944 1294; x_wconf 69' lang='grc' dir='ltr'><strong>ιητοσ.</strong></span> 
     </span>
    </p>
   </div>
   <div class='ocr_carea' id='block_1_13' title="bbox 2158 1310 2253 1354">
    <p class='ocr_par' dir='ltr' id='par_1_13' title="bbox 2158 1310 2253 1354">
     <span class='ocr_line' id='line_1_13' title="bbox 2158 1310 2253 1354; baseline 0 0"><span class='ocrx_word' id='word_1_37' title='bbox 2158 1310 2253 1354; x_wconf 72' lang='lat'><strong>60</strong></span> 
     </span>
    </p>
   </div>
   <div class='ocr_carea' id='block_1_14' title="bbox 708 1443 2221 1521">
    <p class='ocr_par' dir='ltr' id='par_1_14' title="bbox 708 1443 2221 1521">
     <span class='ocr_line' id='line_1_14' title="bbox 708 1443 2221 1521; baseline -0.007 -11"><span class='ocrx_word' id='word_1_38' title='bbox 708 1457 760 1510; x_wconf 79' lang='lat' dir='ltr'><strong>f.</strong></span> <span class='ocrx_word' id='word_1_39' title='bbox 803 1449 940 1521; x_wconf 83' lang='lat' dir='ltr'><strong>Quid</strong></span> <span class='ocrx_word' id='word_1_40' title='bbox 972 1450 1074 1506; x_wconf 85' lang='lat' dir='ltr'><strong>hoc</strong></span> <span class='ocrx_word' id='word_1_41' title='bbox 1101 1449 1203 1506; x_wconf 85' lang='lat' dir='ltr'><strong>sibi</strong></span> <span class='ocrx_word' id='word_1_42' title='bbox 1253 1448 1401 1506; x_wconf 82' lang='lat' dir='ltr'><strong>vult?</strong></span> <span class='ocrx_word' id='word_1_43' title='bbox 1450 1447 1568 1515; x_wconf 89' lang='lat' dir='ltr'><strong>Quo</strong></span> <span class='ocrx_word' id='word_1_44' title='bbox 1615 1445 1771 1502; x_wconf 90' lang='lat' dir='ltr'><strong>nobis</strong></span> <span class='ocrx_word' id='word_1_45' title='bbox 1815 1443 1945 1500; x_wconf 87' lang='lat' dir='ltr'><strong>festa</strong></span> <span class='ocrx_word' id='word_1_46' title='bbox 1991 1443 2221 1499; x_wconf 89' lang='lat' dir='ltr'><strong>ulterius</strong></span> 
     </span>
    </p>
   </div>
   <div class='ocr_carea' id='block_1_15' title="bbox 635 1533 2222 1618">
    <p class='ocr_par' dir='ltr' id='par_1_15' title="bbox 635 1533 2222 1618">
     <span class='ocr_line' id='line_1_15' title="bbox 635 1533 2222 1618; baseline -0.008 -17"><span class='ocrx_word' id='word_1_47' title='bbox 635 1544 1071 1618; x_wconf 83' lang='lat' dir='ltr'><strong>progrediuntur,</strong></span> <span class='ocrx_word' id='word_1_48' title='bbox 1101 1555 1170 1596; x_wconf 90' lang='lat' dir='ltr'><strong>eo</strong></span> <span class='ocrx_word' id='word_1_49' title='bbox 1211 1541 1448 1597; x_wconf 86' lang='lat' dir='ltr'><strong>minores</strong></span> <span class='ocrx_word' id='word_1_50' title='bbox 1474 1539 1717 1596; x_wconf 69' lang='lat' dir='ltr'><strong>collecta:</strong></span> <span class='ocrx_word' id='word_1_51' title='bbox 1762 1537 1916 1594; x_wconf 81' lang='lat' dir='ltr'><strong>fiunt.</strong></span> <span class='ocrx_word' id='word_1_52' title='bbox 1944 1533 2019 1591; x_wconf 86' lang='lat' dir='ltr'><strong>Ne</strong></span> <span class='ocrx_word' id='word_1_53' title='bbox 2045 1543 2222 1590; x_wconf 90' lang='lat' dir='ltr'><strong>tamen</strong></span> 
     </span>
    </p>
   </div>
   <div class='ocr_carea' id='block_1_16' title="bbox 633 1623 2222 1702">
    <p class='ocr_par' dir='ltr' id='par_1_16' title="bbox 633 1623 2222 1702">
     <span class='ocr_line' id='line_1_16' title="bbox 633 1623 2222 1702; baseline -0.01 -9"><span class='ocrx_word' id='word_1_54' title='bbox 633 1638 837 1693; x_wconf 85' lang='lat' dir='ltr'><strong>idcirco</strong></span> <span class='ocrx_word' id='word_1_55' title='bbox 879 1633 1093 1690; x_wconf 80' lang='lat' dir='ltr'><strong>desides</strong></span> <span class='ocrx_word' id='word_1_56' title='bbox 1137 1634 1305 1702; x_wconf 72' lang='lat' dir='ltr'><strong>simus</strong></span> <span class='ocrx_word' id='word_1_57' title='bbox 1334 1645 1434 1686; x_wconf 87' lang='lat' dir='ltr'><strong>nos</strong></span> <span class='ocrx_word' id='word_1_58' title='bbox 1473 1630 1564 1702; x_wconf 87' lang='lat' dir='ltr'><strong>qui</strong></span> <span class='ocrx_word' id='word_1_59' title='bbox 1610 1629 1863 1684; x_wconf 86' lang='lat' dir='ltr'><strong>adsumus</strong></span> <span class='ocrx_word' id='word_1_60' title='bbox 1895 1643 1910 1682; x_wconf 86' lang='lat'><strong>:</strong></span> <span class='ocrx_word' id='word_1_61' title='bbox 1959 1623 2222 1695; x_wconf 79' lang='lat' dir='ltr'><strong>siquidem</strong></span> 
     </span>
    </p>
   </div>
   <div class='ocr_carea' id='block_1_17' title="bbox 633 1716 2224 1794">
    <p class='ocr_par' dir='ltr' id='par_1_17' title="bbox 633 1716 2224 1794">
     <span class='ocr_line' id='line_1_17' title="bbox 633 1716 2224 1794; baseline -0.011 -8"><span class='ocrx_word' id='word_1_62' title='bbox 633 1731 874 1787; x_wconf 82' lang='lat' dir='ltr'><strong>minores</strong></span> <span class='ocrx_word' id='word_1_63' title='bbox 903 1726 1138 1794; x_wconf 86' lang='lat' dir='ltr'><strong>liunt,si</strong></span> <span class='ocrx_word' id='word_1_64' title='bbox 1187 1723 1582 1779; x_wconf 76' lang='lat' dir='ltr'><strong>multitudinem</strong></span> <span class='ocrx_word' id='word_1_65' title='bbox 1617 1728 1860 1791; x_wconf 83' lang='lat' dir='ltr'><strong>spectes;</strong></span> <span class='ocrx_word' id='word_1_66' title='bbox 1892 1717 1937 1772; x_wconf 92' lang='lat' dir='ltr'><strong>si</strong></span> <span class='ocrx_word' id='word_1_67' title='bbox 1975 1716 2224 1772; x_wconf 78' lang='lat' dir='ltr'><strong>alacrita-</strong></span> 
     </span>
    </p>
   </div>
   <div class='ocr_carea' id='block_1_18' title="bbox 632 1809 2224 1892">
    <p class='ocr_par' dir='ltr' id='par_1_18' title="bbox 632 1809 2224 1892">
     <span class='ocr_line' id='line_1_18' title="bbox 632 1809 2224 1892; baseline -0.008 -16"><span class='ocrx_word' id='word_1_68' title='bbox 632 1832 742 1880; x_wconf 90' lang='lat' dir='ltr'><strong>tem</strong></span> <span class='ocrx_word' id='word_1_69' title='bbox 766 1820 951 1886; x_wconf 88' lang='lat' dir='ltr'><strong>animi,</strong></span> <span class='ocrx_word' id='word_1_70' title='bbox 971 1833 1075 1873; x_wconf 91' lang='lat' dir='ltr'><strong>non</strong></span> <span class='ocrx_word' id='word_1_71' title='bbox 1100 1817 1233 1871; x_wconf 89' lang='lat' dir='ltr'><strong>llunt</strong></span> <span class='ocrx_word' id='word_1_72' title='bbox 1255 1815 1526 1892; x_wconf 76' lang='lat' dir='ltr'><strong>minores:</strong></span> <span class='ocrx_word' id='word_1_73' title='bbox 1555 1826 1779 1867; x_wconf 88' lang='lat' dir='ltr'><strong>numero</strong></span> <span class='ocrx_word' id='word_1_74' title='bbox 1808 1811 1942 1865; x_wconf 83' lang='lat' dir='ltr'><strong>[lunt</strong></span> <span class='ocrx_word' id='word_1_75' title='bbox 1965 1809 2224 1874; x_wconf 81' lang='lat' dir='ltr'><strong>minores,</strong></span> 
     </span>
    </p>
   </div>
   <div class='ocr_carea' id='block_1_19' title="bbox 634 1900 2227 1972">
    <p class='ocr_par' dir='ltr' id='par_1_19' title="bbox 634 1900 2227 1972">
     <span class='ocr_line' id='line_1_19' title="bbox 634 1900 2227 1972; baseline -0.008 -4"><span class='ocrx_word' id='word_1_76' title='bbox 634 1900 985 1968; x_wconf 16' lang='lat' dir='ltr'><strong>nonl&#39;all&#39;ectu.</strong></span> <span class='ocrx_word' id='word_1_77' title='bbox 1015 1909 1185 1966; x_wconf 85' lang='lat' dir='ltr'><strong>Porro</strong></span> <span class='ocrx_word' id='word_1_78' title='bbox 1201 1907 1400 1963; x_wconf 89' lang='lat' dir='ltr'><strong>ideirco</strong></span> <span class='ocrx_word' id='word_1_79' title='bbox 1428 1906 1760 1969; x_wconf 89' lang='lat' dir='ltr'><strong>minuuntur,</strong></span> <span class='ocrx_word' id='word_1_80' title='bbox 1792 1912 1852 1958; x_wconf 91' lang='lat' dir='ltr'><strong>ut</strong></span> <span class='ocrx_word' id='word_1_81' title='bbox 1874 1903 1962 1972; x_wconf 86' lang='lat' dir='ltr'><strong>qui</strong></span> <span class='ocrx_word' id='word_1_82' title='bbox 1990 1902 2042 1956; x_wconf 91' lang='lat' dir='ltr'><strong>in</strong></span> <span class='ocrx_word' id='word_1_83' title='bbox 2074 1901 2227 1956; x_wconf 94' lang='lat' dir='ltr'><strong>vobis</strong></span> 
     </span>
    </p>
   </div>
   <div class='ocr_carea' id='block_1_20' title="bbox 633 1990 2227 2076">
    <p class='ocr_par' dir='ltr' id='par_1_20' title="bbox 633 1990 2227 2076">
     <span class='ocr_line' id='line_1_20' title="bbox 633 1990 2227 2076; baseline -0.008 -18"><span class='ocrx_word' id='word_1_84' title='bbox 633 2005 844 2076; x_wconf 84' lang='lat' dir='ltr'><strong>probati</strong></span> <span class='ocrx_word' id='word_1_85' title='bbox 855 2010 1002 2070; x_wconf 89' lang='lat' dir='ltr'><strong>sunt,</strong></span> <span class='ocrx_word' id='word_1_86' title='bbox 1017 1999 1283 2055; x_wconf 74' lang='lat' dir='ltr'><strong>manifesti</strong></span> <span class='ocrx_word' id='word_1_87' title='bbox 1306 1997 1454 2062; x_wconf 84' lang='lat' dir='ltr'><strong>ﬂant,</strong></span> <span class='ocrx_word' id='word_1_88' title='bbox 1474 2006 1528 2052; x_wconf 89' lang='lat' dir='ltr'><strong>et</strong></span> <span class='ocrx_word' id='word_1_89' title='bbox 1552 1997 1770 2067; x_wconf 85' lang='lat' dir='ltr'><strong>quinam</strong></span> <span class='ocrx_word' id='word_1_90' title='bbox 1795 2010 1862 2049; x_wconf 79' lang='lat' dir='ltr'><strong>ex</strong></span> <span class='ocrx_word' id='word_1_91' title='bbox 1886 1990 2227 2048; x_wconf 84' lang='lat' dir='ltr'><strong>consuetudi—</strong></span> 
     </span>
    </p>
   </div>
   <div class='ocr_carea' id='block_1_21' title="bbox 633 2086 2225 2170">
    <p class='ocr_par' dir='ltr' id='par_1_21' title="bbox 633 2086 2225 2170">
     <span class='ocr_line' id='line_1_21' title="bbox 633 2086 2225 2170; baseline -0.011 -15"><span class='ocrx_word' id='word_1_92' title='bbox 633 2097 978 2170; x_wconf 83' lang='lat' dir='ltr'><strong>ne,quinatn</strong></span> <span class='ocrx_word' id='word_1_93' title='bbox 1007 2093 1309 2150; x_wconf 88' lang='lat' dir='ltr'><strong>divinorum</strong></span> <span class='ocrx_word' id='word_1_94' title='bbox 1353 2090 1689 2161; x_wconf 90' lang='lat' dir='ltr'><strong>eloquiorum</strong></span> <span class='ocrx_word' id='word_1_95' title='bbox 1732 2087 2056 2158; x_wconf 83' lang='lat' dir='ltr'><strong>cupiditate,</strong></span> <span class='ocrx_word' id='word_1_96' title='bbox 2108 2086 2225 2155; x_wconf 86' lang='lat' dir='ltr'><strong>qui-</strong></span> 
     </span>
    </p>
   </div>
   <div class='ocr_carea' id='block_1_22' title="bbox 633 2178 2220 2254">
    <p class='ocr_par' dir='ltr' id='par_1_22' title="bbox 633 2178 2220 2254">
     <span class='ocr_line' id='line_1_22' title="bbox 633 2178 2220 2254; baseline -0.009 -9"><span class='ocrx_word' id='word_1_97' title='bbox 633 2205 758 2246; x_wconf 85' lang='lat' dir='ltr'><strong>nam</strong></span> <span class='ocrx_word' id='word_1_98' title='bbox 807 2187 1051 2244; x_wconf 83' lang='lat' dir='ltr'><strong>lectionis</strong></span> <span class='ocrx_word' id='word_1_99' title='bbox 1079 2182 1371 2254; x_wconf 88' lang='lat' dir='ltr'><strong>spiritualis</strong></span> <span class='ocrx_word' id='word_1_100' title='bbox 1416 2181 1684 2237; x_wconf 89' lang='lat' dir='ltr'><strong>desiderio</strong></span> <span class='ocrx_word' id='word_1_101' title='bbox 1707 2179 1850 2234; x_wconf 88' lang='lat' dir='ltr'><strong>ducti</strong></span> <span class='ocrx_word' id='word_1_102' title='bbox 1876 2178 1943 2234; x_wconf 89' lang='lat' dir='ltr'><strong>ad</strong></span> <span class='ocrx_word' id='word_1_103' title='bbox 1991 2193 2220 2232; x_wconf 89' lang='lat' dir='ltr'><strong>annuam</strong></span> 
     </span>
    </p>
   </div>
   <div class='ocr_carea' id='block_1_23' title="bbox 630 2268 2223 2338">
    <p class='ocr_par' dir='ltr' id='par_1_23' title="bbox 630 2268 2223 2338">
     <span class='ocr_line' id='line_1_23' title="bbox 630 2268 2223 2338; baseline -0.007 -6"><span class='ocrx_word' id='word_1_104' title='bbox 630 2279 894 2337; x_wconf 81' lang='lat' dir='ltr'><strong>ventitent</strong></span> <span class='ocrx_word' id='word_1_105' title='bbox 918 2275 1307 2333; x_wconf 70' lang='lat' dir='ltr'><strong>solemnitatem</strong></span> <span class='ocrx_word' id='word_1_106' title='bbox 1328 2311 1345 2338; x_wconf 92' lang='lat'><strong>,</strong></span> <span class='ocrx_word' id='word_1_107' title='bbox 1371 2272 1626 2327; x_wconf 78' lang='lat' dir='ltr'><strong>sciamus.</strong></span> <span class='ocrx_word' id='word_1_108' title='bbox 1672 2268 2001 2326; x_wconf 66' lang='lat' dir='ltr'><strong>Pracedenti</strong></span> <span class='ocrx_word' id='word_1_109' title='bbox 2045 2268 2223 2322; x_wconf 83' lang='lat' dir='ltr'><strong>domi-</strong></span> 
     </span>
    </p>
   </div>
   <div class='ocr_carea' id='block_1_24' title="bbox 633 2359 2216 2430">
    <p class='ocr_par' dir='ltr' id='par_1_24' title="bbox 633 2359 2216 2430">
     <span class='ocr_line' id='line_1_24' title="bbox 633 2359 2216 2430; baseline -0.01 -3"><span class='ocrx_word' id='word_1_110' title='bbox 633 2372 753 2428; x_wconf 88' lang='lat' dir='ltr'><strong>nica</strong></span> <span class='ocrx_word' id='word_1_111' title='bbox 780 2370 970 2425; x_wconf 75' lang='lat' dir='ltr'><strong>civitas</strong></span> <span class='ocrx_word' id='word_1_112' title='bbox 1013 2368 1100 2422; x_wconf 90' lang='lat' dir='ltr'><strong>hic</strong></span> <span class='ocrx_word' id='word_1_113' title='bbox 1141 2365 1329 2420; x_wconf 88' lang='lat' dir='ltr'><strong>aderat</strong></span> <span class='ocrx_word' id='word_1_114' title='bbox 1352 2364 1598 2417; x_wconf 90' lang='lat' dir='ltr'><strong>universa</strong></span> <span class='ocrx_word' id='word_1_115' title='bbox 1619 2401 1635 2428; x_wconf 88' lang='lat'><strong>,</strong></span> <span class='ocrx_word' id='word_1_116' title='bbox 1687 2359 1844 2430; x_wconf 89' lang='lat' dir='ltr'><strong>plena</strong></span> <span class='ocrx_word' id='word_1_117' title='bbox 1871 2367 2216 2428; x_wconf 87' lang='lat' dir='ltr'><strong>erantsepta,</strong></span> 
     </span>
    </p>
   </div>
   <div class='ocr_carea' id='block_1_25' title="bbox 629 2448 2220 2522">
    <p class='ocr_par' dir='ltr' id='par_1_25' title="bbox 629 2448 2220 2522">
     <span class='ocr_line' id='line_1_25' title="bbox 629 2448 2220 2522; baseline -0.008 -6"><span class='ocrx_word' id='word_1_118' title='bbox 629 2471 688 2516; x_wconf 86' lang='lat' dir='ltr'><strong>et</strong></span> <span class='ocrx_word' id='word_1_119' title='bbox 711 2458 998 2516; x_wconf 84' lang='lat' dir='ltr'><strong>multitudo</strong></span> <span class='ocrx_word' id='word_1_120' title='bbox 1023 2455 1340 2512; x_wconf 62' lang='lat' dir='ltr'><strong>remdentes</strong></span> <span class='ocrx_word' id='word_1_121' title='bbox 1370 2452 1563 2508; x_wconf 87' lang='lat' dir='ltr'><strong>ﬂuctus</strong></span> <span class='ocrx_word' id='word_1_122' title='bbox 1589 2460 1749 2522; x_wconf 89' lang='lat' dir='ltr'><strong>atque</strong></span> <span class='ocrx_word' id='word_1_123' title='bbox 1777 2449 2068 2505; x_wconf 89' lang='lat' dir='ltr'><strong>redeuntes</strong></span> <span class='ocrx_word' id='word_1_124' title='bbox 2095 2448 2220 2504; x_wconf 85' lang='lat' dir='ltr'><strong>imi-</strong></span> 
     </span>
    </p>
   </div>
   <div class='ocr_carea' id='block_1_26' title="bbox 632 2541 2224 2611">
    <p class='ocr_par' dir='ltr' id='par_1_26' title="bbox 632 2541 2224 2611">
     <span class='ocr_line' id='line_1_26' title="bbox 632 2541 2224 2611; baseline -0.008 -4"><span class='ocrx_word' id='word_1_125' title='bbox 632 2550 886 2607; x_wconf 84' lang='lat' dir='ltr'><strong>tabatur:</strong></span> <span class='ocrx_word' id='word_1_126' title='bbox 925 2547 1020 2603; x_wconf 86' lang='lat' dir='ltr'><strong>sed</strong></span> <span class='ocrx_word' id='word_1_127' title='bbox 1048 2546 1179 2602; x_wconf 86' lang='lat' dir='ltr'><strong>mihi</strong></span> <span class='ocrx_word' id='word_1_128' title='bbox 1209 2545 1462 2600; x_wconf 80' lang='lat' dir='ltr'><strong>ﬂuctibus</strong></span> <span class='ocrx_word' id='word_1_129' title='bbox 1512 2543 1617 2598; x_wconf 82' lang='lat' dir='ltr'><strong>illis</strong></span> <span class='ocrx_word' id='word_1_130' title='bbox 1646 2542 1879 2611; x_wconf 82' lang='lat' dir='ltr'><strong>optatior</strong></span> <span class='ocrx_word' id='word_1_131' title='bbox 1923 2549 1978 2595; x_wconf 91' lang='lat' dir='ltr'><strong>et</strong></span> <span class='ocrx_word' id='word_1_132' title='bbox 2024 2541 2224 2610; x_wconf 92' lang='lat' dir='ltr'><strong>gratior</strong></span> 
     </span>
    </p>
   </div>
   <div class='ocr_carea' id='block_1_27' title="bbox 630 2631 2227 2709">
    <p class='ocr_par' dir='ltr' id='par_1_27' title="bbox 630 2631 2227 2709">
     <span class='ocr_line' id='line_1_27' title="bbox 630 2631 2227 2709; baseline -0.009 -10"><span class='ocrx_word' id='word_1_133' title='bbox 630 2651 716 2699; x_wconf 86' lang='lat' dir='ltr'><strong>cst</strong></span> <span class='ocrx_word' id='word_1_134' title='bbox 745 2639 1098 2709; x_wconf 83' lang='lat' dir='ltr'><strong>tranquillitas</strong></span> <span class='ocrx_word' id='word_1_135' title='bbox 1117 2647 1326 2703; x_wconf 89' lang='lat' dir='ltr'><strong>vestra;</strong></span> <span class='ocrx_word' id='word_1_136' title='bbox 1357 2633 1525 2707; x_wconf 83' lang='lat' dir='ltr'><strong>pluris</strong></span> <span class='ocrx_word' id='word_1_137' title='bbox 1552 2649 1652 2705; x_wconf 87' lang='lat' dir='ltr'><strong>ego</strong></span> <span class='ocrx_word' id='word_1_138' title='bbox 1679 2632 1813 2688; x_wconf 89' lang='lat' dir='ltr'><strong>facio</strong></span> <span class='ocrx_word' id='word_1_139' title='bbox 1837 2631 2072 2702; x_wconf 86' lang='lat' dir='ltr'><strong>quietem</strong></span> <span class='ocrx_word' id='word_1_140' title='bbox 2131 2644 2227 2684; x_wconf 88' lang='lat' dir='ltr'><strong>ve-</strong></span> 
     </span>
    </p>
   </div>
   <div class='ocr_carea' id='block_1_28' title="bbox 632 2723 2222 2802">
    <p class='ocr_par' dir='ltr' id='par_1_28' title="bbox 632 2723 2222 2802">
     <span class='ocr_line' id='line_1_28' title="bbox 632 2723 2222 2802; baseline -0.011 -11"><span class='ocrx_word' id='word_1_141' title='bbox 632 2743 824 2797; x_wconf 86' lang='lat' dir='ltr'><strong>stram,</strong></span> <span class='ocrx_word' id='word_1_142' title='bbox 844 2745 1002 2802; x_wconf 87' lang='lat' dir='ltr'><strong>quatn</strong></span> <span class='ocrx_word' id='word_1_143' title='bbox 1026 2729 1312 2784; x_wconf 88' lang='lat' dir='ltr'><strong>tumultum</strong></span> <span class='ocrx_word' id='word_1_144' title='bbox 1335 2736 1389 2782; x_wconf 89' lang='lat' dir='ltr'><strong>et</strong></span> <span class='ocrx_word' id='word_1_145' title='bbox 1406 2725 1588 2780; x_wconf 88' lang='lat' dir='ltr'><strong>turbas</strong></span> <span class='ocrx_word' id='word_1_146' title='bbox 1617 2724 1751 2778; x_wconf 91' lang='lat' dir='ltr'><strong>illas.</strong></span> <span class='ocrx_word' id='word_1_147' title='bbox 1774 2723 1909 2778; x_wconf 82' lang='lat' dir='ltr'><strong>Tum</strong></span> <span class='ocrx_word' id='word_1_148' title='bbox 1941 2729 2222 2790; x_wconf 59' lang='lat' dir='ltr'><strong>praesentia</strong></span> 
     </span>
    </p>
   </div>
   <div class='ocr_carea' id='block_1_29' title="bbox 630 2814 2224 2892">
    <p class='ocr_par' dir='ltr' id='par_1_29' title="bbox 630 2814 2224 2892">
     <span class='ocr_line' id='line_1_29' title="bbox 630 2814 2224 2892; baseline -0.007 -13"><span class='ocrx_word' id='word_1_149' title='bbox 630 2825 976 2879; x_wconf 84' lang='lat' dir='ltr'><strong>dinumerare</strong></span> <span class='ocrx_word' id='word_1_150' title='bbox 1003 2836 1226 2892; x_wconf 88' lang='lat' dir='ltr'><strong>corpora</strong></span> <span class='ocrx_word' id='word_1_151' title='bbox 1253 2819 1467 2885; x_wconf 88' lang='lat' dir='ltr'><strong>licebat,</strong></span> <span class='ocrx_word' id='word_1_152' title='bbox 1492 2832 1632 2873; x_wconf 90' lang='lat' dir='ltr'><strong>nunc</strong></span> <span class='ocrx_word' id='word_1_153' title='bbox 1657 2815 1876 2870; x_wconf 75' lang='lat' dir='ltr'><strong>allectus</strong></span> <span class='ocrx_word' id='word_1_154' title='bbox 1899 2817 2085 2885; x_wconf 88' lang='lat' dir='ltr'><strong>plenos</strong></span> <span class='ocrx_word' id='word_1_155' title='bbox 2107 2814 2224 2884; x_wconf 85' lang='lat' dir='ltr'><strong>pie-</strong></span> 
     </span>
    </p>
   </div>
   <div class='ocr_carea' id='block_1_30' title="bbox 631 2905 2225 2982">
    <p class='ocr_par' dir='ltr' id='par_1_30' title="bbox 631 2905 2225 2982">
     <span class='ocr_line' id='line_1_30' title="bbox 631 2905 2225 2982; baseline -0.006 -13"><span class='ocrx_word' id='word_1_156' title='bbox 631 2915 777 2969; x_wconf 80' lang='lat' dir='ltr'><strong>tatis.</strong></span> <span class='ocrx_word' id='word_1_157' title='bbox 805 2913 863 2969; x_wconf 91' lang='lat' dir='ltr'><strong>Si</strong></span> <span class='ocrx_word' id='word_1_158' title='bbox 888 2912 1008 2982; x_wconf 85' lang='lat' dir='ltr'><strong>quis</strong></span> <span class='ocrx_word' id='word_1_159' title='bbox 1030 2911 1169 2965; x_wconf 89' lang='lat' dir='ltr'><strong>hanc</strong></span> <span class='ocrx_word' id='word_1_160' title='bbox 1195 2923 1492 2980; x_wconf 89' lang='lat' dir='ltr'><strong>paucorum</strong></span> <span class='ocrx_word' id='word_1_161' title='bbox 1518 2907 1791 2962; x_wconf 85' lang='lat' dir='ltr'><strong>hominum</strong></span> <span class='ocrx_word' id='word_1_162' title='bbox 1831 2905 2108 2961; x_wconf 76' lang='lat' dir='ltr'><strong>collectam</strong></span> <span class='ocrx_word' id='word_1_163' title='bbox 2125 2943 2141 2969; x_wconf 93' lang='lat'><strong>,</strong></span> <span class='ocrx_word' id='word_1_164' title='bbox 2169 2912 2225 2959; x_wconf 87' lang='lat' dir='ltr'><strong>et</strong></span> 
     </span>
    </p>
   </div>
   <div class='ocr_carea' id='block_1_31' title="bbox 629 2995 2222 3076">
    <p class='ocr_par' dir='ltr' id='par_1_31' title="bbox 629 2995 2222 3076">
     <span class='ocr_line' id='line_1_31' title="bbox 629 2995 2222 3076; baseline -0.008 -15"><span class='ocrx_word' id='word_1_165' title='bbox 629 3021 698 3061; x_wconf 79' lang='lat' dir='ltr'><strong>cx</strong></span> <span class='ocrx_word' id='word_1_166' title='bbox 726 3003 1048 3076; x_wconf 84' lang='lat' dir='ltr'><strong>pauperibus</strong></span> <span class='ocrx_word' id='word_1_167' title='bbox 1077 3001 1266 3071; x_wconf 85' lang='lat' dir='ltr'><strong>majori</strong></span> <span class='ocrx_word' id='word_1_168' title='bbox 1291 3015 1356 3055; x_wconf 79' lang='lat' dir='ltr'><strong>ex</strong></span> <span class='ocrx_word' id='word_1_169' title='bbox 1397 3006 1547 3070; x_wconf 88' lang='lat' dir='ltr'><strong>parte</strong></span> <span class='ocrx_word' id='word_1_170' title='bbox 1573 3005 1907 3053; x_wconf 83' lang='lat' dir='ltr'><strong>constantem</strong></span> <span class='ocrx_word' id='word_1_171' title='bbox 1928 3037 1942 3061; x_wconf 95' lang='lat'><strong>,</strong></span> <span class='ocrx_word' id='word_1_172' title='bbox 1992 3005 2046 3051; x_wconf 89' lang='lat' dir='ltr'><strong>et</strong></span> <span class='ocrx_word' id='word_1_173' title='bbox 2074 2995 2222 3050; x_wconf 84' lang='lat' dir='ltr'><strong>illam</strong></span> 
     </span>
    </p>
   </div>
   <div class='ocr_carea' id='block_1_32' title="bbox 630 3087 2222 3156">
    <p class='ocr_par' dir='ltr' id='par_1_32' title="bbox 630 3087 2222 3156">
     <span class='ocr_line' id='line_1_32' title="bbox 630 3087 2222 3156; baseline -0.006 -5"><span class='ocrx_word' id='word_1_174' title='bbox 630 3096 918 3151; x_wconf 88' lang='lat' dir='ltr'><strong>multorum</strong></span> <span class='ocrx_word' id='word_1_175' title='bbox 971 3093 1248 3148; x_wconf 87' lang='lat' dir='ltr'><strong>hominum</strong></span> <span class='ocrx_word' id='word_1_176' title='bbox 1294 3106 1364 3146; x_wconf 77' lang='lat' dir='ltr'><strong>es</strong></span> <span class='ocrx_word' id='word_1_177' title='bbox 1403 3088 1656 3144; x_wconf 79' lang='lat' dir='ltr'><strong>divitibus</strong></span> <span class='ocrx_word' id='word_1_178' title='bbox 1707 3087 1910 3156; x_wconf 82' lang='lat' dir='ltr'><strong>majore</strong></span> <span class='ocrx_word' id='word_1_179' title='bbox 1949 3101 2016 3142; x_wconf 77' lang='lat' dir='ltr'><strong>ex</strong></span> <span class='ocrx_word' id='word_1_180' title='bbox 2073 3095 2222 3156; x_wconf 85' lang='lat' dir='ltr'><strong>parte</strong></span> 
     </span>
    </p>
   </div>
   <div class='ocr_carea' id='block_1_33' title="bbox 630 3180 2220 3254">
    <p class='ocr_par' dir='ltr' id='par_1_33' title="bbox 630 3180 2220 3254">
     <span class='ocr_line' id='line_1_33' title="bbox 630 3180 2220 3254; baseline -0.008 -10"><span class='ocrx_word' id='word_1_181' title='bbox 630 3186 913 3246; x_wconf 87' lang='lat' dir='ltr'><strong>conﬂatam</strong></span> <span class='ocrx_word' id='word_1_182' title='bbox 934 3227 950 3250; x_wconf 86' lang='lat'><strong>,</strong></span> <span class='ocrx_word' id='word_1_183' title='bbox 978 3185 1023 3240; x_wconf 88' lang='lat' dir='ltr'><strong>si</strong></span> <span class='ocrx_word' id='word_1_184' title='bbox 1068 3185 1189 3254; x_wconf 88' lang='lat' dir='ltr'><strong>quis</strong></span> <span class='ocrx_word' id='word_1_185' title='bbox 1218 3192 1468 3252; x_wconf 88' lang='lat' dir='ltr'><strong>utrasque</strong></span> <span class='ocrx_word' id='word_1_186' title='bbox 1496 3181 1745 3236; x_wconf 87' lang='lat' dir='ltr'><strong>collectas</strong></span> <span class='ocrx_word' id='word_1_187' title='bbox 1785 3180 1917 3235; x_wconf 84' lang='lat' dir='ltr'><strong>istas</strong></span> <span class='ocrx_word' id='word_1_188' title='bbox 1953 3188 2220 3249; x_wconf 85' lang='lat' dir='ltr'><strong>tamquam</strong></span> 
     </span>
    </p>
   </div>
   <div class='ocr_carea' id='block_1_34' title="bbox 630 3269 2226 3343">
    <p class='ocr_par' dir='ltr' id='par_1_34' title="bbox 630 3269 2226 3343">
     <span class='ocr_line' id='line_1_34' title="bbox 630 3269 2226 3343; baseline -0.009 -9"><span class='ocrx_word' id='word_1_189' title='bbox 630 3281 687 3335; x_wconf 85' lang='lat' dir='ltr'><strong>in</strong></span> <span class='ocrx_word' id='word_1_190' title='bbox 733 3277 928 3332; x_wconf 86' lang='lat' dir='ltr'><strong>trutina</strong></span> <span class='ocrx_word' id='word_1_191' title='bbox 974 3285 1028 3331; x_wconf 92' lang='lat' dir='ltr'><strong>et</strong></span> <span class='ocrx_word' id='word_1_192' title='bbox 1055 3283 1250 3330; x_wconf 86' lang='lat' dir='ltr'><strong>statera</strong></span> <span class='ocrx_word' id='word_1_193' title='bbox 1303 3272 1600 3343; x_wconf 86' lang='lat' dir='ltr'><strong>ponderare</strong></span> <span class='ocrx_word' id='word_1_194' title='bbox 1621 3271 1880 3337; x_wconf 88' lang='lat' dir='ltr'><strong>voluerit,</strong></span> <span class='ocrx_word' id='word_1_195' title='bbox 1915 3269 2050 3323; x_wconf 78' lang='lat' dir='ltr'><strong>hanc</strong></span> <span class='ocrx_word' id='word_1_196' title='bbox 2075 3284 2226 3324; x_wconf 87' lang='lat' dir='ltr'><strong>com-</strong></span> 
     </span>
    </p>
   </div>
   <div class='ocr_carea' id='block_1_35' title="bbox 633 3360 2222 3440">
    <p class='ocr_par' dir='ltr' id='par_1_35' title="bbox 633 3360 2222 3440">
     <span class='ocr_line' id='line_1_35' title="bbox 633 3360 2222 3440; baseline -0.006 -16"><span class='ocrx_word' id='word_1_197' title='bbox 633 3369 804 3440; x_wconf 87' lang='lat' dir='ltr'><strong>periet</strong></span> <span class='ocrx_word' id='word_1_198' title='bbox 857 3365 1287 3437; x_wconf 69' lang='lat' dir='ltr'><strong>praaponderare.</strong></span> <span class='ocrx_word' id='word_1_199' title='bbox 1320 3364 1650 3433; x_wconf 86' lang='lat' dir='ltr'><strong>Quamquam</strong></span> <span class='ocrx_word' id='word_1_200' title='bbox 1697 3362 1872 3427; x_wconf 90' lang='lat' dir='ltr'><strong>enim,</strong></span> <span class='ocrx_word' id='word_1_201' title='bbox 1925 3361 1969 3415; x_wconf 91' lang='lat' dir='ltr'><strong>si</strong></span> <span class='ocrx_word' id='word_1_202' title='bbox 2015 3360 2222 3416; x_wconf 86' lang='lat' dir='ltr'><strong>numeri</strong></span> 
     </span>
    </p>
   </div>
   <div class='ocr_carea' id='block_1_36' title="bbox 630 3452 2221 3526">
    <p class='ocr_par' dir='ltr' id='par_1_36' title="bbox 630 3452 2221 3526">
     <span class='ocr_line' id='line_1_36' title="bbox 630 3452 2221 3526; baseline -0.008 -8"><span class='ocrx_word' id='word_1_203' title='bbox 630 3463 769 3519; x_wconf 81' lang='lat' dir='ltr'><strong>ratio</strong></span> <span class='ocrx_word' id='word_1_204' title='bbox 798 3460 1076 3526; x_wconf 83' lang='lat' dir='ltr'><strong>habeatur,</strong></span> <span class='ocrx_word' id='word_1_205' title='bbox 1103 3457 1341 3513; x_wconf 84' lang='lat' dir='ltr'><strong>minores</strong></span> <span class='ocrx_word' id='word_1_206' title='bbox 1362 3456 1491 3511; x_wconf 89' lang='lat' dir='ltr'><strong>estis</strong></span> <span class='ocrx_word' id='word_1_207' title='bbox 1524 3473 1537 3510; x_wconf 88' lang='lat'>:</span> <span class='ocrx_word' id='word_1_208' title='bbox 1570 3455 1614 3509; x_wconf 90' lang='lat' dir='ltr'><strong>si</strong></span> <span class='ocrx_word' id='word_1_209' title='bbox 1662 3463 1838 3508; x_wconf 88' lang='lat' dir='ltr'><strong>tamen</strong></span> <span class='ocrx_word' id='word_1_210' title='bbox 1879 3452 2221 3522; x_wconf 80' lang='lat' dir='ltr'><strong>cupiditatem</strong></span> 
     </span>
    </p>
   </div>
   <div class='ocr_carea' id='block_1_37' title="bbox 629 3544 2222 3623">
    <p class='ocr_par' dir='ltr' id='par_1_37' title="bbox 629 3544 2222 3623">
     <span class='ocr_line' id='line_1_37' title="bbox 629 3544 2222 3623; baseline -0.007 -14"><span class='ocrx_word' id='word_1_211' title='bbox 629 3554 985 3623; x_wconf 87' lang='lat' dir='ltr'><strong>alfectumque</strong></span> <span class='ocrx_word' id='word_1_212' title='bbox 1003 3559 1324 3620; x_wconf 87' lang='lat' dir='ltr'><strong>spectemus,</strong></span> <span class='ocrx_word' id='word_1_213' title='bbox 1355 3548 1523 3618; x_wconf 90' lang='lat' dir='ltr'><strong>pluris</strong></span> <span class='ocrx_word' id='word_1_214' title='bbox 1553 3546 1780 3602; x_wconf 85' lang='lat' dir='ltr'><strong>faciendi</strong></span> <span class='ocrx_word' id='word_1_215' title='bbox 1798 3545 1948 3600; x_wconf 87' lang='lat' dir='ltr'><strong>estis.</strong></span> <span class='ocrx_word' id='word_1_216' title='bbox 1981 3544 2056 3599; x_wconf 91' lang='lat' dir='ltr'><strong>Ita</strong></span> <span class='ocrx_word' id='word_1_217' title='bbox 2083 3545 2141 3598; x_wconf 81' lang='lat' dir='ltr'><strong>fit</strong></span> <span class='ocrx_word' id='word_1_218' title='bbox 2169 3545 2222 3599; x_wconf 92' lang='lat' dir='ltr'><strong>in</strong></span> 
     </span>
    </p>
   </div>
   <div class='ocr_carea' id='block_1_38' title="bbox 632 3637 2223 3714">
    <p class='ocr_par' dir='ltr' id='par_1_38' title="bbox 632 3637 2223 3714">
     <span class='ocr_line' id='line_1_38' title="bbox 632 3637 2223 3714; baseline -0.008 -13"><span class='ocrx_word' id='word_1_219' title='bbox 632 3647 814 3710; x_wconf 88' lang='lat' dir='ltr'><strong>rebus,</strong></span> <span class='ocrx_word' id='word_1_220' title='bbox 845 3659 962 3714; x_wconf 79' lang='lat' dir='ltr'><strong>qua:</strong></span> <span class='ocrx_word' id='word_1_221' title='bbox 1007 3640 1371 3713; x_wconf 86' lang='lat' dir='ltr'><strong>ponderantur</strong></span> <span class='ocrx_word' id='word_1_222' title='bbox 1411 3656 1424 3692; x_wconf 90' lang='lat'>:</span> <span class='ocrx_word' id='word_1_223' title='bbox 1453 3639 1498 3694; x_wconf 90' lang='lat' dir='ltr'><strong>si</strong></span> <span class='ocrx_word' id='word_1_224' title='bbox 1545 3637 1664 3707; x_wconf 92' lang='lat' dir='ltr'><strong>quis</strong></span> <span class='ocrx_word' id='word_1_225' title='bbox 1687 3637 1873 3691; x_wconf 89' lang='lat' dir='ltr'><strong>decem</strong></span> <span class='ocrx_word' id='word_1_226' title='bbox 1902 3650 2094 3691; x_wconf 89' lang='lat' dir='ltr'><strong>aureos</strong></span> <span class='ocrx_word' id='word_1_227' title='bbox 2115 3645 2223 3690; x_wconf 87' lang='lat' dir='ltr'><strong>sta-</strong></span> 
     </span>
    </p>
   </div>
   <div class='ocr_carea' id='block_1_39' title="bbox 631 3727 2215 3800">
    <p class='ocr_par' dir='ltr' id='par_1_39' title="bbox 631 3727 2215 3800">
     <span class='ocr_line' id='line_1_39' title="bbox 631 3727 2215 3800; baseline -0.006 -10"><span class='ocrx_word' id='word_1_228' title='bbox 631 3749 777 3793; x_wconf 88' lang='lat' dir='ltr'><strong>teras</strong></span> <span class='ocrx_word' id='word_1_229' title='bbox 805 3744 1015 3800; x_wconf 87' lang='lat' dir='ltr'><strong>sumat,</strong></span> <span class='ocrx_word' id='word_1_230' title='bbox 1048 3742 1104 3788; x_wconf 91' lang='lat' dir='ltr'><strong>et</strong></span> <span class='ocrx_word' id='word_1_231' title='bbox 1146 3732 1199 3786; x_wconf 91' lang='lat' dir='ltr'><strong>in</strong></span> <span class='ocrx_word' id='word_1_232' title='bbox 1231 3747 1333 3786; x_wconf 91' lang='lat' dir='ltr'><strong>una</strong></span> <span class='ocrx_word' id='word_1_233' title='bbox 1361 3732 1510 3786; x_wconf 88' lang='lat' dir='ltr'><strong>lance</strong></span> <span class='ocrx_word' id='word_1_234' title='bbox 1554 3729 1821 3798; x_wconf 89' lang='lat' dir='ltr'><strong>deponat,</strong></span> <span class='ocrx_word' id='word_1_235' title='bbox 1854 3743 1917 3783; x_wconf 89' lang='lat' dir='ltr'><strong>ac</strong></span> <span class='ocrx_word' id='word_1_236' title='bbox 1940 3727 2133 3782; x_wconf 89' lang='lat' dir='ltr'><strong>deinde</strong></span> <span class='ocrx_word' id='word_1_237' title='bbox 2166 3727 2215 3780; x_wconf 93' lang='lat' dir='ltr'><strong>in</strong></span> 
     </span>
    </p>
   </div>
   <div class='ocr_carea' id='block_1_40' title="bbox 628 3819 2222 3888">
    <p class='ocr_par' dir='ltr' id='par_1_40' title="bbox 628 3819 2222 3888">
     <span class='ocr_line' id='line_1_40' title="bbox 628 3819 2222 3888; baseline -0.008 -3"><span class='ocrx_word' id='word_1_238' title='bbox 628 3833 795 3886; x_wconf 86' lang='lat' dir='ltr'><strong>altera</strong></span> <span class='ocrx_word' id='word_1_239' title='bbox 823 3839 1039 3884; x_wconf 88' lang='lat' dir='ltr'><strong>centum</strong></span> <span class='ocrx_word' id='word_1_240' title='bbox 1065 3839 1240 3880; x_wconf 73' lang='lat' dir='ltr'><strong>aereos</strong></span> <span class='ocrx_word' id='word_1_241' title='bbox 1270 3837 1544 3886; x_wconf 89' lang='lat' dir='ltr'><strong>nummos;</strong></span> <span class='ocrx_word' id='word_1_242' title='bbox 1579 3820 1832 3884; x_wconf 71' lang='lat' dir='ltr'><strong>trutinam</strong></span> <span class='ocrx_word' id='word_1_243' title='bbox 1859 3819 2070 3888; x_wconf 85' lang='lat' dir='ltr'><strong>quidem</strong></span> <span class='ocrx_word' id='word_1_244' title='bbox 2096 3832 2222 3873; x_wconf 86' lang='lat' dir='ltr'><strong>cen-</strong></span> 
     </span>
    </p>
   </div>
   <div class='ocr_carea' id='block_1_41' title="bbox 630 3911 2218 3975">
    <p class='ocr_par' dir='ltr' id='par_1_41' title="bbox 630 3911 2218 3975">
     <span class='ocr_line' id='line_1_41' title="bbox 630 3911 2218 3975; baseline -0.008 0"><span class='ocrx_word' id='word_1_245' title='bbox 630 3934 740 3975; x_wconf 85' lang='lat' dir='ltr'><strong>tum</strong></span> <span class='ocrx_word' id='word_1_246' title='bbox 795 3920 920 3975; x_wconf 71' lang='lat' dir='ltr'><strong>terei</strong></span> <span class='ocrx_word' id='word_1_247' title='bbox 975 3918 1179 3973; x_wconf 91' lang='lat' dir='ltr'><strong>nummi</strong></span> <span class='ocrx_word' id='word_1_248' title='bbox 1223 3916 1476 3974; x_wconf 83' lang='lat' dir='ltr'><strong>deorsum</strong></span> <span class='ocrx_word' id='word_1_249' title='bbox 1513 3912 1579 3968; x_wconf 90' lang='lat' dir='ltr'><strong>ad</strong></span> <span class='ocrx_word' id='word_1_250' title='bbox 1608 3929 1669 3968; x_wconf 90' lang='lat' dir='ltr'><strong>se</strong></span> <span class='ocrx_word' id='word_1_251' title='bbox 1710 3911 1955 3973; x_wconf 89' lang='lat' dir='ltr'><strong>trahunt,</strong></span> <span class='ocrx_word' id='word_1_252' title='bbox 1986 3919 2218 3964; x_wconf 77' lang='lat' dir='ltr'><strong>attamen</strong></span> 
     </span>
    </p>
   </div>
   <div class='ocr_carea' id='block_1_42' title="bbox 630 4000 2222 4068">
    <p class='ocr_par' dir='ltr' id='par_1_42' title="bbox 630 4000 2222 4068">
     <span class='ocr_line' id='line_1_42' title="bbox 630 4000 2222 4068; baseline -0.009 -2"><span class='ocrx_word' id='word_1_253' title='bbox 630 4013 776 4067; x_wconf 83' lang='lat' dir='ltr'><strong>aurci</strong></span> <span class='ocrx_word' id='word_1_254' title='bbox 816 4011 1000 4066; x_wconf 90' lang='lat' dir='ltr'><strong>decem</strong></span> <span class='ocrx_word' id='word_1_255' title='bbox 1029 4010 1101 4063; x_wconf 90' lang='lat' dir='ltr'><strong>illi</strong></span> <span class='ocrx_word' id='word_1_256' title='bbox 1131 4023 1256 4064; x_wconf 89' lang='lat' dir='ltr'><strong>cum</strong></span> <span class='ocrx_word' id='word_1_257' title='bbox 1288 4007 1466 4061; x_wconf 86' lang='lat' dir='ltr'><strong>habita</strong></span> <span class='ocrx_word' id='word_1_258' title='bbox 1495 4006 1702 4060; x_wconf 87' lang='lat' dir='ltr'><strong>ratione</strong></span> <span class='ocrx_word' id='word_1_259' title='bbox 1735 4002 1971 4057; x_wconf 77' lang='lat' dir='ltr'><strong>materia:</strong></span> <span class='ocrx_word' id='word_1_260' title='bbox 2010 4000 2222 4068; x_wconf 86' lang='lat' dir='ltr'><strong>gravio-</strong></span> 
     </span>
    </p>
   </div>
   <div class='ocr_carea' id='block_1_43' title="bbox 629 4092 2220 4169">
    <p class='ocr_par' dir='ltr' id='par_1_43' title="bbox 629 4092 2220 4169">
     <span class='ocr_line' id='line_1_43' title="bbox 629 4092 2220 4169; baseline -0.01 -11"><span class='ocrx_word' id='word_1_261' title='bbox 629 4120 717 4158; x_wconf 89' lang='lat' dir='ltr'><strong>res</strong></span> <span class='ocrx_word' id='word_1_262' title='bbox 742 4105 846 4157; x_wconf 90' lang='lat' dir='ltr'><strong>sint</strong></span> <span class='ocrx_word' id='word_1_263' title='bbox 875 4117 937 4157; x_wconf 88' lang='lat' dir='ltr'><strong>ac</strong></span> <span class='ocrx_word' id='word_1_264' title='bbox 981 4099 1319 4169; x_wconf 87' lang='lat' dir='ltr'><strong>pretiosiores</strong></span> <span class='ocrx_word' id='word_1_265' title='bbox 1345 4139 1360 4163; x_wconf 89' lang='lat'><strong>,</strong></span> <span class='ocrx_word' id='word_1_266' title='bbox 1391 4105 1595 4149; x_wconf 72' lang='lat' dir='ltr'><strong>natura:</strong></span> <span class='ocrx_word' id='word_1_267' title='bbox 1638 4109 1748 4146; x_wconf 75' lang='lat' dir='ltr'><strong>sua:</strong></span> <span class='ocrx_word' id='word_1_268' title='bbox 1776 4092 2030 4158; x_wconf 89' lang='lat' dir='ltr'><strong>dignitate</strong></span> <span class='ocrx_word' id='word_1_269' title='bbox 2077 4105 2220 4158; x_wconf 74' lang='lat' dir='ltr'><strong>pra:-</strong></span> 
     </span>
    </p>
   </div>
   <div class='ocr_carea' id='block_1_44' title="bbox 630 4183 2220 4265">
    <p class='ocr_par' dir='ltr' id='par_1_44' title="bbox 630 4183 2220 4265">
     <span class='ocr_line' id='line_1_44' title="bbox 630 4183 2220 4265; baseline -0.009 -16"><span class='ocrx_word' id='word_1_270' title='bbox 630 4196 947 4265; x_wconf 85' lang='lat' dir='ltr'><strong>ponderant.</strong></span> <span class='ocrx_word' id='word_1_271' title='bbox 997 4192 1178 4258; x_wconf 86' lang='lat' dir='ltr'><strong>Itaque</strong></span> <span class='ocrx_word' id='word_1_272' title='bbox 1209 4189 1322 4242; x_wconf 82' lang='lat' dir='ltr'><strong>fieri</strong></span> <span class='ocrx_word' id='word_1_273' title='bbox 1351 4195 1557 4256; x_wconf 88' lang='lat' dir='ltr'><strong>potest,</strong></span> <span class='ocrx_word' id='word_1_274' title='bbox 1591 4194 1648 4238; x_wconf 93' lang='lat' dir='ltr'><strong>ut</strong></span> <span class='ocrx_word' id='word_1_275' title='bbox 1670 4185 1758 4252; x_wconf 90' lang='lat' dir='ltr'><strong>qui</strong></span> <span class='ocrx_word' id='word_1_276' title='bbox 1789 4183 1937 4251; x_wconf 88' lang='lat' dir='ltr'><strong>pauci</strong></span> <span class='ocrx_word' id='word_1_277' title='bbox 1973 4192 2095 4236; x_wconf 90' lang='lat' dir='ltr'><strong>sunt</strong></span> <span class='ocrx_word' id='word_1_278' title='bbox 2121 4199 2220 4235; x_wconf 90' lang='lat' dir='ltr'><strong>nu-</strong></span> 
     </span>
    </p>
   </div>
   <div class='ocr_carea' id='block_1_45' title="bbox 633 4273 2221 4352">
    <p class='ocr_par' dir='ltr' id='par_1_45' title="bbox 633 4273 2221 4352">
     <span class='ocr_line' id='line_1_45' title="bbox 633 4273 2221 4352; baseline -0.007 -13"><span class='ocrx_word' id='word_1_279' title='bbox 633 4301 816 4350; x_wconf 87' lang='lat' dir='ltr'><strong>mero,</strong></span> <span class='ocrx_word' id='word_1_280' title='bbox 842 4284 1008 4352; x_wconf 88' lang='lat' dir='ltr'><strong>pluris</strong></span> <span class='ocrx_word' id='word_1_281' title='bbox 1049 4279 1272 4333; x_wconf 80' lang='lat' dir='ltr'><strong>faciendi</strong></span> <span class='ocrx_word' id='word_1_282' title='bbox 1301 4279 1408 4332; x_wconf 90' lang='lat' dir='ltr'><strong>sint</strong></span> <span class='ocrx_word' id='word_1_283' title='bbox 1433 4286 1487 4331; x_wconf 90' lang='lat' dir='ltr'><strong>et</strong></span> <span class='ocrx_word' id='word_1_284' title='bbox 1523 4276 1760 4328; x_wconf 88' lang='lat' dir='ltr'><strong>utiliores</strong></span> <span class='ocrx_word' id='word_1_285' title='bbox 1789 4274 2086 4328; x_wconf 72' lang='lat' dir='ltr'><strong>habeantur</strong></span> <span class='ocrx_word' id='word_1_286' title='bbox 2117 4273 2221 4328; x_wconf 88' lang='lat' dir='ltr'><strong>illis</strong></span> 
     </span>
    </p>
   </div>
   <div class='ocr_carea' id='block_1_46' title="bbox 631 4364 2220 4449">
    <p class='ocr_par' dir='ltr' id='par_1_46' title="bbox 631 4364 2220 4449">
     <span class='ocr_line' id='line_1_46' title="bbox 631 4364 2220 4449; baseline -0.009 -17"><span class='ocrx_word' id='word_1_287' title='bbox 631 4379 720 4449; x_wconf 87' lang='lat' dir='ltr'><strong>qui</strong></span> <span class='ocrx_word' id='word_1_288' title='bbox 762 4390 984 4429; x_wconf 75' lang='lat' dir='ltr'><strong>numero</strong></span> <span class='ocrx_word' id='word_1_289' title='bbox 1006 4373 1158 4426; x_wconf 91' lang='lat' dir='ltr'><strong>multi</strong></span> <span class='ocrx_word' id='word_1_290' title='bbox 1199 4373 1323 4426; x_wconf 91' lang='lat' dir='ltr'><strong>sint.</strong></span> <span class='ocrx_word' id='word_1_291' title='bbox 1355 4368 1459 4424; x_wconf 87' lang='lat' dir='ltr'><strong>Sed</strong></span> <span class='ocrx_word' id='word_1_292' title='bbox 1489 4366 1615 4437; x_wconf 90' lang='lat' dir='ltr'><strong>quid</strong></span> <span class='ocrx_word' id='word_1_293' title='bbox 1646 4381 1744 4435; x_wconf 83' lang='lat' dir='ltr'><strong>ego</strong></span> <span class='ocrx_word' id='word_1_294' title='bbox 1775 4365 1926 4418; x_wconf 81' lang='lat' dir='ltr'><strong>vobis</strong></span> <span class='ocrx_word' id='word_1_295' title='bbox 1977 4364 2220 4432; x_wconf 77' lang='lat' dir='ltr'><strong>exempla</strong></span> 
     </span>
    </p>
   </div>
   <div class='ocr_carea' id='block_1_47' title="bbox 630 4454 2222 4538">
    <p class='ocr_par' dir='ltr' id='par_1_47' title="bbox 630 4454 2222 4538">
     <span class='ocr_line' id='line_1_47' title="bbox 630 4454 2222 4538; baseline -0.009 -18"><span class='ocrx_word' id='word_1_296' title='bbox 630 4469 844 4538; x_wconf 85' lang='lat' dir='ltr'><strong>profero</strong></span> <span class='ocrx_word' id='word_1_297' title='bbox 886 4482 914 4519; x_wconf 92' lang='lat' dir='ltr'><strong>a</strong></span> <span class='ocrx_word' id='word_1_298' title='bbox 944 4465 1105 4520; x_wconf 90' lang='lat' dir='ltr'><strong>rebus</strong></span> <span class='ocrx_word' id='word_1_299' title='bbox 1130 4461 1399 4518; x_wconf 90' lang='lat' dir='ltr'><strong>consuetis</strong></span> <span class='ocrx_word' id='word_1_300' title='bbox 1425 4457 1646 4526; x_wconf 87' lang='lat' dir='ltr'><strong>repetita</strong></span> <span class='ocrx_word' id='word_1_301' title='bbox 1667 4497 1681 4520; x_wconf 92' lang='lat'><strong>,</strong></span> <span class='ocrx_word' id='word_1_302' title='bbox 1711 4470 1830 4509; x_wconf 88' lang='lat' dir='ltr'><strong>cum</strong></span> <span class='ocrx_word' id='word_1_303' title='bbox 1856 4455 2024 4523; x_wconf 88' lang='lat' dir='ltr'><strong>ipsam</strong></span> <span class='ocrx_word' id='word_1_304' title='bbox 2055 4469 2082 4505; x_wconf 88' lang='lat' dir='ltr'><strong>a</strong></span> <span class='ocrx_word' id='word_1_305' title='bbox 2113 4454 2222 4506; x_wconf 89' lang='lat' dir='ltr'><strong>Deo</strong></span> 
     </span>
    </p>
   </div>
   <div class='ocr_carea' id='block_1_48' title="bbox 630 4545 2220 4629">
    <p class='ocr_par' dir='ltr' id='par_1_48' title="bbox 630 4545 2220 4629">
     <span class='ocr_line' id='line_1_48' title="bbox 630 4545 2220 4629; baseline -0.008 -19"><span class='ocrx_word' id='word_1_306' title='bbox 630 4562 889 4629; x_wconf 77' lang='lat' dir='ltr'><strong>prolatam</strong></span> <span class='ocrx_word' id='word_1_307' title='bbox 936 4555 1251 4611; x_wconf 86' lang='lat' dir='ltr'><strong>sententiam</strong></span> <span class='ocrx_word' id='word_1_308' title='bbox 1307 4559 1550 4620; x_wconf 86' lang='lat' dir='ltr'><strong>oporteat</strong></span> <span class='ocrx_word' id='word_1_309' title='bbox 1604 4548 1656 4601; x_wconf 90' lang='lat' dir='ltr'><strong>in</strong></span> <span class='ocrx_word' id='word_1_310' title='bbox 1720 4547 1952 4600; x_wconf 90' lang='lat' dir='ltr'><strong>medium</strong></span> <span class='ocrx_word' id='word_1_311' title='bbox 1998 4545 2220 4599; x_wconf 70' lang='lat' dir='ltr'><strong>afferri?</strong></span> 
     </span>
    </p>
   </div>
   <div class='ocr_carea' id='block_1_49' title="bbox 629 4637 2220 4721">
    <p class='ocr_par' dir='ltr' id='par_1_49' title="bbox 629 4637 2220 4721">
     <span class='ocr_line' id='line_1_49' title="bbox 629 4637 2220 4721; baseline -0.013 -14"><span class='ocrx_word' id='word_1_312' title='bbox 629 4653 763 4721; x_wconf 83' lang='lat' dir='ltr'><strong>Quid</strong></span> <span class='ocrx_word' id='word_1_313' title='bbox 793 4651 948 4721; x_wconf 78' lang='lat' dir='ltr'><strong>igitur</strong></span> <span class='ocrx_word' id='word_1_314' title='bbox 978 4649 1060 4702; x_wconf 89' lang='lat' dir='ltr'><strong>illa</strong></span> <span class='ocrx_word' id='word_1_315' title='bbox 1089 4645 1250 4700; x_wconf 85' lang='lat' dir='ltr'><strong>dicit?</strong></span> <span class='ocrx_word' id='word_1_316' title='bbox 1279 4643 1461 4696; x_wconf 85' lang='lat' dir='ltr'><strong>Melior</strong></span> <span class='ocrx_word' id='word_1_317' title='bbox 1484 4648 1561 4694; x_wconf 85' lang='lat' dir='ltr'><strong>est</strong></span> <span class='ocrx_word' id='word_1_318' title='bbox 1607 4654 1738 4691; x_wconf 83' lang='lat' dir='ltr'><strong>unus</strong></span> <span class='ocrx_word' id='word_1_319' title='bbox 1764 4638 1956 4709; x_wconf 81' lang='lat' dir='ltr'><strong>faciens</strong></span> <span class='ocrx_word' id='word_1_320' title='bbox 1985 4637 2220 4690; x_wconf 82' lang='lat' dir='ltr'><strong>volunta-</strong></span> 
     </span>
    </p>
   </div>
   <div class='ocr_carea' id='block_1_50' title="bbox 632 4725 2214 4805">
    <p class='ocr_par' dir='ltr' id='par_1_50' title="bbox 632 4725 2214 4805">
     <span class='ocr_line' id='line_1_50' title="bbox 632 4725 2214 4805; baseline -0.011 -8"><span class='ocrx_word' id='word_1_321' title='bbox 632 4756 730 4798; x_wconf 86' lang='lat' dir='ltr'><strong>tem</strong></span> <span class='ocrx_word' id='word_1_322' title='bbox 760 4741 992 4804; x_wconf 82' lang='lat' dir='ltr'><strong>Domini,</strong></span> <span class='ocrx_word' id='word_1_323' title='bbox 1026 4754 1175 4805; x_wconf 81' lang='lat' dir='ltr'><strong>quam</strong></span> <span class='ocrx_word' id='word_1_324' title='bbox 1195 4733 1447 4788; x_wconf 81' lang='lat' dir='ltr'><strong>innumeri</strong></span> <span class='ocrx_word' id='word_1_325' title='bbox 1476 4729 1886 4801; x_wconf 79' lang='lat' dir='ltr'><strong>prtevaricatores</strong></span> <span class='ocrx_word' id='word_1_326' title='bbox 1910 4725 2096 4796; x_wconf 82' lang='lat' dir='ltr'><strong>(Eccli.</strong></span> <span class='ocrx_word' id='word_1_327' title='bbox 2127 4727 2214 4781; x_wconf 82' lang='grc'><strong>16.</strong></span> 
     </span>
    </p>
   </div>
   <div class='ocr_carea' id='block_1_51' title="bbox 631 4817 2222 4902">
    <p class='ocr_par' dir='ltr' id='par_1_51' title="bbox 631 4817 2222 4902">
     <span class='ocr_line' id='line_1_51' title="bbox 631 4817 2222 4902; baseline -0.012 -13"><span class='ocrx_word' id='word_1_328' title='bbox 631 4838 708 4902; x_wconf 71' lang='lat'><strong>2&quot;).</strong></span> <span class='ocrx_word' id='word_1_329' title='bbox 748 4834 836 4887; x_wconf 80' lang='lat' dir='ltr'><strong>Est</strong></span> <span class='ocrx_word' id='word_1_330' title='bbox 860 4832 1002 4886; x_wconf 89' lang='lat' dir='ltr'><strong>enim</strong></span> <span class='ocrx_word' id='word_1_331' title='bbox 1024 4869 1039 4893; x_wconf 96' lang='lat'><strong>,</strong></span> <span class='ocrx_word' id='word_1_332' title='bbox 1066 4836 1148 4882; x_wconf 86' lang='lat' dir='ltr'><strong>est</strong></span> <span class='ocrx_word' id='word_1_333' title='bbox 1173 4839 1316 4894; x_wconf 56' lang='lat' dir='ltr'><strong>saepe</strong></span> <span class='ocrx_word' id='word_1_334' title='bbox 1361 4838 1496 4877; x_wconf 92' lang='lat' dir='ltr'><strong>unus</strong></span> <span class='ocrx_word' id='word_1_335' title='bbox 1519 4817 2004 4875; x_wconf 81' lang='lat' dir='ltr'><strong>homo-innumeris</strong></span> <span class='ocrx_word' id='word_1_336' title='bbox 2057 4819 2222 4888; x_wconf 75' lang='lat' dir='ltr'><strong>tequi—</strong></span> 
     </span>
    </p>
   </div>
   <div class='ocr_carea' id='block_1_52' title="bbox 633 4911 2222 4997">
    <p class='ocr_par' dir='ltr' id='par_1_52' title="bbox 633 4911 2222 4997">
     <span class='ocr_line' id='line_1_52' title="bbox 633 4911 2222 4997; baseline -0.011 -18"><span class='ocrx_word' id='word_1_337' title='bbox 633 4927 918 4997; x_wconf 88' lang='lat' dir='ltr'><strong>parandus.</strong></span> <span class='ocrx_word' id='word_1_338' title='bbox 950 4920 1086 4989; x_wconf 86' lang='lat' dir='ltr'><strong>Quid</strong></span> <span class='ocrx_word' id='word_1_339' title='bbox 1115 4919 1233 4973; x_wconf 90' lang='lat' dir='ltr'><strong>dico</strong></span> <span class='ocrx_word' id='word_1_340' title='bbox 1262 4931 1423 4970; x_wconf 92' lang='lat' dir='ltr'><strong>unum</strong></span> <span class='ocrx_word' id='word_1_341' title='bbox 1458 4914 1731 4967; x_wconf 87' lang='lat' dir='ltr'><strong>hominem</strong></span> <span class='ocrx_word' id='word_1_342' title='bbox 1785 4911 1956 4965; x_wconf 88' lang='lat' dir='ltr'><strong>solum</strong></span> <span class='ocrx_word' id='word_1_343' title='bbox 1988 4911 2222 4978; x_wconf 83' lang='lat' dir='ltr'><strong>a-quipa-</strong></span> 
     </span>
    </p>
   </div>
   <div class='ocr_carea' id='block_1_53' title="bbox 632 5003 2222 5076">
    <p class='ocr_par' dir='ltr' id='par_1_53' title="bbox 632 5003 2222 5076">
     <span class='ocr_line' id='line_1_53' title="bbox 632 5003 2222 5076; baseline -0.011 -2"><span class='ocrx_word' id='word_1_344' title='bbox 632 5021 856 5076; x_wconf 80' lang='lat' dir='ltr'><strong>randum</strong></span> <span class='ocrx_word' id='word_1_345' title='bbox 886 5011 1214 5070; x_wconf 84' lang='lat' dir='ltr'><strong>innumeris?</strong></span> <span class='ocrx_word' id='word_1_346' title='bbox 1242 5012 1348 5064; x_wconf 90' lang='lat' dir='ltr'><strong>imo</strong></span> <span class='ocrx_word' id='word_1_347' title='bbox 1377 5017 1488 5062; x_wconf 91' lang='lat' dir='ltr'><strong>toto</strong></span> <span class='ocrx_word' id='word_1_348' title='bbox 1509 5007 1638 5062; x_wconf 89' lang='lat' dir='ltr'><strong>orbe</strong></span> <span class='ocrx_word' id='word_1_349' title='bbox 1682 5016 1943 5060; x_wconf 89' lang='lat' dir='ltr'><strong>terrarum</strong></span> <span class='ocrx_word' id='word_1_350' title='bbox 1968 5003 2143 5056; x_wconf 83' lang='lat' dir='ltr'><strong>utilior</strong></span> <span class='ocrx_word' id='word_1_351' title='bbox 2168 5011 2222 5056; x_wconf 89' lang='lat' dir='ltr'><strong>et</strong></span> 
     </span>
    </p>
   </div>
   <div class='ocr_carea' id='block_1_54' title="bbox 632 5094 2219 5179">
    <p class='ocr_par' dir='ltr' id='par_1_54' title="bbox 632 5094 2219 5179">
     <span class='ocr_line' id='line_1_54' title="bbox 632 5094 2219 5179; baseline -0.008 -18"><span class='ocrx_word' id='word_1_352' title='bbox 632 5109 914 5179; x_wconf 75' lang='lat' dir='ltr'><strong>pretiosior</strong></span> <span class='ocrx_word' id='word_1_353' title='bbox 956 5113 1222 5160; x_wconf 86' lang='lat' dir='ltr'><strong>censetur.</strong></span> <span class='ocrx_word' id='word_1_354' title='bbox 1273 5104 1448 5169; x_wconf 87' lang='lat' dir='ltr'><strong>Atque</strong></span> <span class='ocrx_word' id='word_1_355' title='bbox 1481 5098 1634 5166; x_wconf 82' lang='lat' dir='ltr'><strong>hujus</strong></span> <span class='ocrx_word' id='word_1_356' title='bbox 1663 5098 1738 5150; x_wconf 90' lang='lat' dir='ltr'><strong>rei</strong></span> <span class='ocrx_word' id='word_1_357' title='bbox 1772 5094 2126 5149; x_wconf 89' lang='lat' dir='ltr'><strong>testimonium</strong></span> <span class='ocrx_word' id='word_1_358' title='bbox 2155 5109 2219 5148; x_wconf 79' lang='lat' dir='ltr'><strong>ex</strong></span> 
     </span>
    </p>
   </div>
   <div class='ocr_carea' id='block_1_55' title="bbox 633 5185 2218 5256">
    <p class='ocr_par' dir='ltr' id='par_1_55' title="bbox 633 5185 2218 5256">
     <span class='ocr_line' id='line_1_55' title="bbox 633 5185 2218 5256; baseline -0.014 0"><span class='ocrx_word' id='word_1_359' title='bbox 633 5200 783 5256; x_wconf 80' lang='lat' dir='ltr'><strong>l&#39;auli</strong></span> <span class='ocrx_word' id='word_1_360' title='bbox 819 5198 996 5253; x_wconf 89' lang='lat' dir='ltr'><strong>verbis</strong></span> <span class='ocrx_word' id='word_1_361' title='bbox 1026 5193 1328 5248; x_wconf 79' lang='lat' dir='ltr'><strong>mutuabor.</strong></span> <span class='ocrx_word' id='word_1_362' title='bbox 1361 5192 1492 5243; x_wconf 77' lang='lat' dir='ltr'><strong>Cum</strong></span> <span class='ocrx_word' id='word_1_363' title='bbox 1525 5188 1666 5241; x_wconf 89' lang='lat' dir='ltr'><strong>enim</strong></span> <span class='ocrx_word' id='word_1_364' title='bbox 1706 5185 1978 5240; x_wconf 82' lang='lat' dir='ltr'><strong>hominum</strong></span> <span class='ocrx_word' id='word_1_365' title='bbox 2021 5200 2218 5253; x_wconf 84' lang='lat' dir='ltr'><strong>paupe-</strong></span> 
     </span>
    </p>
   </div>
   <div class='ocr_carea' id='block_1_56' title="bbox 633 5277 2219 5358">
    <p class='ocr_par' dir='ltr' id='par_1_56' title="bbox 633 5277 2219 5358">
     <span class='ocr_line' id='line_1_56' title="bbox 633 5277 2219 5358; baseline -0.012 -10"><span class='ocrx_word' id='word_1_366' title='bbox 633 5310 790 5358; x_wconf 83' lang='lat' dir='ltr'><strong>rum,</strong></span> <span class='ocrx_word' id='word_1_367' title='bbox 836 5298 1152 5345; x_wconf 76' lang='lat' dir='ltr'><strong>vexatorum</strong></span> <span class='ocrx_word' id='word_1_368' title='bbox 1180 5326 1196 5350; x_wconf 94' lang='lat'><strong>,</strong></span> <span class='ocrx_word' id='word_1_369' title='bbox 1242 5283 1663 5352; x_wconf 74' lang='lat' dir='ltr'><strong>eXagitatorum,</strong></span> <span class='ocrx_word' id='word_1_370' title='bbox 1716 5277 2028 5331; x_wconf 86' lang='lat' dir='ltr'><strong>afﬂictorum</strong></span> <span class='ocrx_word' id='word_1_371' title='bbox 2071 5293 2219 5332; x_wconf 75' lang='lat' dir='ltr'><strong>men-</strong></span> 
     </span>
    </p>
   </div>
   <div class='ocr_carea' id='block_1_57' title="bbox 637 5368 2222 5444">
    <p class='ocr_par' dir='ltr' id='par_1_57' title="bbox 637 5368 2222 5444">
     <span class='ocr_line' id='line_1_57' title="bbox 637 5368 2222 5444; baseline -0.011 -4"><span class='ocrx_word' id='word_1_372' title='bbox 637 5391 833 5442; x_wconf 88' lang='lat' dir='ltr'><strong>tionem</strong></span> <span class='ocrx_word' id='word_1_373' title='bbox 883 5380 1116 5442; x_wconf 76' lang='lat' dir='ltr'><strong>fecisset,</strong></span> <span class='ocrx_word' id='word_1_374' title='bbox 1148 5376 1386 5444; x_wconf 87' lang='lat' dir='ltr'><strong>adjecit:</strong></span> <span class='ocrx_word' id='word_1_375' title='bbox 1417 5372 1736 5427; x_wconf 79' lang='lat' dir='ltr'><strong>Circuierunt</strong></span> <span class='ocrx_word' id='word_1_376' title='bbox 1793 5368 1842 5420; x_wconf 86' lang='lat' dir='ltr'><strong>iu</strong></span> <span class='ocrx_word' id='word_1_377' title='bbox 1892 5369 2120 5434; x_wconf 74' lang='lat' dir='ltr'><strong>metatis,</strong></span> <span class='ocrx_word' id='word_1_378' title='bbox 2169 5371 2222 5422; x_wconf 82' lang='lat' dir='ltr'><strong>in</strong></span> 
     </span>
    </p>
   </div>
   <div class='ocr_carea' id='block_1_58' title="bbox 635 5461 2220 5543">
    <p class='ocr_par' dir='ltr' id='par_1_58' title="bbox 635 5461 2220 5543">
     <span class='ocr_line' id='line_1_58' title="bbox 635 5461 2220 5543; baseline -0.01 -15"><span class='ocrx_word' id='word_1_379' title='bbox 635 5479 847 5540; x_wconf 60' lang='lat' dir='ltr'><strong>pellibus</strong></span> <span class='ocrx_word' id='word_1_380' title='bbox 901 5472 1141 5543; x_wconf 76' lang='lat' dir='ltr'><strong>caprinis,</strong></span> <span class='ocrx_word' id='word_1_381' title='bbox 1181 5476 1397 5538; x_wconf 78' lang='lat' dir='ltr'><strong>egentes,</strong></span> <span class='ocrx_word' id='word_1_382' title='bbox 1447 5462 1751 5534; x_wconf 82' lang='lat' dir='ltr'><strong>angustiati,</strong></span> <span class='ocrx_word' id='word_1_383' title='bbox 1801 5462 2001 5530; x_wconf 76' lang='lat' dir='ltr'><strong>aﬁlicti,</strong></span> <span class='ocrx_word' id='word_1_384' title='bbox 2043 5461 2220 5529; x_wconf 79' lang='lat' dir='ltr'><strong>quibus</strong></span> 
     </span>
    </p>
   </div>
   <div class='ocr_carea' id='block_1_59' title="bbox 637 5555 2222 5640">
    <p class='ocr_par' dir='ltr' id='par_1_59' title="bbox 637 5555 2222 5640">
     <span class='ocr_line' id='line_1_59' title="bbox 637 5555 2222 5640; baseline -0.009 -17"><span class='ocrx_word' id='word_1_385' title='bbox 637 5575 817 5640; x_wconf 73' lang='lat' dir='ltr'><strong>dignus</strong></span> <span class='ocrx_word' id='word_1_386' title='bbox 845 5585 942 5621; x_wconf 85' lang='lat' dir='ltr'><strong>non</strong></span> <span class='ocrx_word' id='word_1_387' title='bbox 971 5575 1076 5619; x_wconf 83' lang='lat' dir='ltr'><strong>erat</strong></span> <span class='ocrx_word' id='word_1_388' title='bbox 1120 5563 1333 5615; x_wconf 82' lang='lat' dir='ltr'><strong>mundus</strong></span> <span class='ocrx_word' id='word_1_389' title='bbox 1365 5560 1519 5630; x_wconf 65' lang='grc' dir='ltr'><strong>(Πρὸ.</strong></span> <span class='ocrx_word' id='word_1_390' title='bbox 1549 5559 1634 5613; x_wconf 83' lang='grc' dir='ltr'><strong>Η.</strong></span> <span class='ocrx_word' id='word_1_391' title='bbox 1670 5558 1755 5612; x_wconf 78' lang='grc'><strong>57.</strong></span> <span class='ocrx_word' id='word_1_392' title='bbox 1784 5557 1896 5622; x_wconf 82' lang='grc'><strong>58).</strong></span> <span class='ocrx_word' id='word_1_393' title='bbox 1945 5555 2078 5623; x_wconf 80' lang='lat' dir='ltr'><strong>Quid</strong></span> <span class='ocrx_word' id='word_1_394' title='bbox 2110 5555 2222 5608; x_wconf 85' lang='lat' dir='ltr'><strong>ais?</strong></span> 
     </span>
    </p>
   </div>
   <div class='ocr_carea' id='block_1_60' title="bbox 635 5646 2224 5724">
    <p class='ocr_par' dir='ltr' id='par_1_60' title="bbox 635 5646 2224 5724">
     <span class='ocr_line' id='line_1_60' title="bbox 635 5646 2224 5724; baseline -0.011 -9"><span class='ocrx_word' id='word_1_395' title='bbox 635 5662 944 5715; x_wconf 81' lang='lat' dir='ltr'><strong>Hominibus</strong></span> <span class='ocrx_word' id='word_1_396' title='bbox 972 5655 1247 5724; x_wconf 80' lang='lat' dir='ltr'><strong>egentibus</strong></span> <span class='ocrx_word' id='word_1_397' title='bbox 1270 5694 1283 5719; x_wconf 91' lang='lat'><strong>,</strong></span> <span class='ocrx_word' id='word_1_398' title='bbox 1329 5651 1558 5716; x_wconf 79' lang='lat' dir='ltr'><strong>afﬂictis,</strong></span> <span class='ocrx_word' id='word_1_399' title='bbox 1593 5648 1787 5716; x_wconf 74' lang='lat' dir='ltr'><strong>pttll‘ins</strong></span> <span class='ocrx_word' id='word_1_400' title='bbox 1814 5646 1964 5701; x_wconf 87' lang='lat' dir='ltr'><strong>sedes</strong></span> <span class='ocrx_word' id='word_1_401' title='bbox 1996 5663 2097 5700; x_wconf 90' lang='lat' dir='ltr'><strong>non</strong></span> <span class='ocrx_word' id='word_1_402' title='bbox 2133 5646 2224 5698; x_wconf 81' lang='lat' dir='ltr'><strong>ha-</strong></span> 
     </span>
    </p>
   </div>
   <div class='ocr_carea' id='block_1_61' title="bbox 637 5737 2222 5814">
    <p class='ocr_par' dir='ltr' id='par_1_61' title="bbox 637 5737 2222 5814">
     <span class='ocr_line' id='line_1_61' title="bbox 637 5737 2222 5814; baseline -0.006 -8"><span class='ocrx_word' id='word_1_403' title='bbox 637 5750 883 5806; x_wconf 75' lang='lat' dir='ltr'><strong>bentibus</strong></span> <span class='ocrx_word' id='word_1_404' title='bbox 911 5750 1095 5814; x_wconf 58' lang='lat' dir='ltr'><strong>dignus</strong></span> <span class='ocrx_word' id='word_1_405' title='bbox 1127 5761 1232 5802; x_wconf 88' lang='lat' dir='ltr'><strong>non</strong></span> <span class='ocrx_word' id='word_1_406' title='bbox 1281 5753 1396 5800; x_wconf 82' lang='lat' dir='ltr'><strong>erat</strong></span> <span class='ocrx_word' id='word_1_407' title='bbox 1439 5737 1704 5796; x_wconf 80' lang='lat' dir='ltr'><strong>mundus?</strong></span> <span class='ocrx_word' id='word_1_408' title='bbox 1735 5737 1850 5794; x_wconf 75' lang='lat' dir='ltr'><strong>Non</strong></span> <span class='ocrx_word' id='word_1_409' title='bbox 1896 5738 2037 5793; x_wconf 71' lang='lat' dir='ltr'><strong>vides</strong></span> <span class='ocrx_word' id='word_1_410' title='bbox 2067 5757 2222 5811; x_wconf 78' lang='lat' dir='ltr'><strong>quam</strong></span> 
     </span>
    </p>
   </div>
   <div class='ocr_carea' id='block_1_62' title="bbox 2335 1448 3940 1523">
    <p class='ocr_par' dir='ltr' id='par_1_62' title="bbox 2335 1448 3940 1523">
     <span class='ocr_line' id='line_1_62' title="bbox 2335 1448 3940 1523; baseline 0.004 -22"><span class='ocrx_word' id='word_1_411' title='bbox 2335 1459 2540 1516; x_wconf 88' lang='lat' dir='ltr'><strong>paucos</strong></span> <span class='ocrx_word' id='word_1_412' title='bbox 2564 1455 2670 1502; x_wconf 87' lang='lat' dir='ltr'><strong>tam</strong></span> <span class='ocrx_word' id='word_1_413' title='bbox 2721 1448 2904 1505; x_wconf 90' lang='lat' dir='ltr'><strong>multis</strong></span> <span class='ocrx_word' id='word_1_414' title='bbox 2928 1450 3286 1521; x_wconf 79' lang='lat' dir='ltr'><strong>opposueris?</strong></span> <span class='ocrx_word' id='word_1_415' title='bbox 3310 1449 3495 1518; x_wconf 82' lang='lat' dir='ltr'><strong>Video,</strong></span> <span class='ocrx_word' id='word_1_416' title='bbox 3518 1451 3709 1523; x_wconf 89' lang='lat' dir='ltr'><strong>inquit,</strong></span> <span class='ocrx_word' id='word_1_417' title='bbox 3734 1463 3790 1508; x_wconf 88' lang='lat' dir='ltr'><strong>et</strong></span> <span class='ocrx_word' id='word_1_418' title='bbox 3816 1452 3940 1507; x_wconf 84' lang='lat' dir='ltr'><strong>ideo</strong></span> 
     </span>
    </p>
   </div>
   <div class='ocr_carea' id='block_1_63' title="bbox 2334 1536 3931 1613">
    <p class='ocr_par' dir='ltr' id='par_1_63' title="bbox 2334 1536 3931 1613">
     <span class='ocr_line' id='line_1_63' title="bbox 2334 1536 3931 1613; baseline 0.003 -21"><span class='ocrx_word' id='word_1_419' title='bbox 2334 1536 2444 1593; x_wconf 80' lang='lat' dir='ltr'><strong>dixi</strong></span> <span class='ocrx_word' id='word_1_420' title='bbox 2481 1537 2738 1594; x_wconf 90' lang='lat' dir='ltr'><strong>mundum</strong></span> <span class='ocrx_word' id='word_1_421' title='bbox 2763 1539 2874 1595; x_wconf 87' lang='lat' dir='ltr'><strong>illis</strong></span> <span class='ocrx_word' id='word_1_422' title='bbox 2922 1555 3027 1595; x_wconf 91' lang='lat' dir='ltr'><strong>non</strong></span> <span class='ocrx_word' id='word_1_423' title='bbox 3057 1538 3226 1597; x_wconf 86' lang='lat' dir='ltr'><strong>fuisse</strong></span> <span class='ocrx_word' id='word_1_424' title='bbox 3252 1540 3470 1613; x_wconf 80' lang='lat' dir='ltr'><strong>dignum</strong></span> <span class='ocrx_word' id='word_1_425' title='bbox 3498 1558 3511 1595; x_wconf 88' lang='lat'><strong>:</strong></span> <span class='ocrx_word' id='word_1_426' title='bbox 3555 1551 3680 1597; x_wconf 83' lang='lat' dir='ltr'><strong>nota</strong></span> <span class='ocrx_word' id='word_1_427' title='bbox 3713 1543 3931 1613; x_wconf 80' lang='lat' dir='ltr'><strong>,quippe</strong></span> 
     </span>
    </p>
   </div>
   <div class='ocr_carea' id='block_1_64' title="bbox 2335 1629 3930 1704">
    <p class='ocr_par' dir='ltr' id='par_1_64' title="bbox 2335 1629 3930 1704">
     <span class='ocr_line' id='line_1_64' title="bbox 2335 1629 3930 1704; baseline 0.003 -20"><span class='ocrx_word' id='word_1_428' title='bbox 2335 1629 2468 1685; x_wconf 88' lang='lat' dir='ltr'><strong>mihi</strong></span> <span class='ocrx_word' id='word_1_429' title='bbox 2492 1638 2578 1686; x_wconf 89' lang='lat' dir='ltr'><strong>est</strong></span> <span class='ocrx_word' id='word_1_430' title='bbox 2605 1630 2987 1688; x_wconf 86' lang='lat' dir='ltr'><strong>numismatum</strong></span> <span class='ocrx_word' id='word_1_431' title='bbox 3013 1635 3240 1687; x_wconf 86' lang='lat' dir='ltr'><strong>istorum</strong></span> <span class='ocrx_word' id='word_1_432' title='bbox 3269 1642 3480 1688; x_wconf 76' lang='lat' dir='ltr'><strong>natura.</strong></span> <span class='ocrx_word' id='word_1_433' title='bbox 3508 1633 3565 1689; x_wconf 87' lang='lat' dir='ltr'><strong>Si</strong></span> <span class='ocrx_word' id='word_1_434' title='bbox 3597 1641 3797 1688; x_wconf 84' lang='lat' dir='ltr'><strong>terram</strong></span> <span class='ocrx_word' id='word_1_435' title='bbox 3829 1649 3930 1704; x_wconf 91' lang='lat' dir='ltr'><strong>po-</strong></span> 
     </span>
    </p>
   </div>
   <div class='ocr_carea' id='block_1_65' title="bbox 2335 1724 3935 1796">
    <p class='ocr_par' dir='ltr' id='par_1_65' title="bbox 2335 1724 3935 1796">
     <span class='ocr_line' id='line_1_65' title="bbox 2335 1724 3935 1796; baseline 0.001 -18"><span class='ocrx_word' id='word_1_436' title='bbox 2335 1737 2516 1790; x_wconf 87' lang='lat' dir='ltr'><strong>suero,</strong></span> <span class='ocrx_word' id='word_1_437' title='bbox 2568 1739 2736 1793; x_wconf 87' lang='lat' dir='ltr'><strong>mare,</strong></span> <span class='ocrx_word' id='word_1_438' title='bbox 2763 1739 2939 1796; x_wconf 86' lang='lat' dir='ltr'><strong>reges,</strong></span> <span class='ocrx_word' id='word_1_439' title='bbox 2987 1724 3294 1793; x_wconf 67' lang='lat' dir='ltr'><strong>praefectos,</strong></span> <span class='ocrx_word' id='word_1_440' title='bbox 3315 1732 3371 1780; x_wconf 88' lang='lat' dir='ltr'><strong>et</strong></span> <span class='ocrx_word' id='word_1_441' title='bbox 3399 1725 3564 1780; x_wconf 83' lang='lat' dir='ltr'><strong>totam</strong></span> <span class='ocrx_word' id='word_1_442' title='bbox 3583 1726 3806 1780; x_wconf 79' lang='lat' dir='ltr'><strong>omnino</strong></span> <span class='ocrx_word' id='word_1_443' title='bbox 3836 1741 3935 1780; x_wconf 81' lang='lat' dir='ltr'><strong>na-</strong></span> 
     </span>
    </p>
   </div>
   <div class='ocr_carea' id='block_1_66' title="bbox 2334 1812 3937 1886">
    <p class='ocr_par' dir='ltr' id='par_1_66' title="bbox 2334 1812 3937 1886">
     <span class='ocr_line' id='line_1_66' title="bbox 2334 1812 3937 1886; baseline 0.001 -18"><span class='ocrx_word' id='word_1_444' title='bbox 2334 1821 2508 1868; x_wconf 89' lang='lat' dir='ltr'><strong>turam</strong></span> <span class='ocrx_word' id='word_1_445' title='bbox 2547 1812 2865 1880; x_wconf 85' lang='lat' dir='ltr'><strong>humanam,</strong></span> <span class='ocrx_word' id='word_1_446' title='bbox 2894 1821 2950 1870; x_wconf 89' lang='lat' dir='ltr'><strong>et</strong></span> <span class='ocrx_word' id='word_1_447' title='bbox 2971 1813 3109 1870; x_wconf 90' lang='lat' dir='ltr'><strong>duos</strong></span> <span class='ocrx_word' id='word_1_448' title='bbox 3140 1824 3316 1870; x_wconf 90' lang='lat' dir='ltr'><strong>tresve</strong></span> <span class='ocrx_word' id='word_1_449' title='bbox 3346 1829 3609 1885; x_wconf 83' lang='lat' dir='ltr'><strong>pauperes</strong></span> <span class='ocrx_word' id='word_1_450' title='bbox 3647 1814 3732 1870; x_wconf 90' lang='lat' dir='ltr'><strong>bis</strong></span> <span class='ocrx_word' id='word_1_451' title='bbox 3762 1830 3937 1886; x_wconf 86' lang='lat' dir='ltr'><strong>oppo-</strong></span> 
     </span>
    </p>
   </div>
   <div class='ocr_carea' id='block_1_67' title="bbox 2332 1907 3934 1979">
    <p class='ocr_par' dir='ltr' id='par_1_67' title="bbox 2332 1907 3934 1979">
     <span class='ocr_line' id='line_1_67' title="bbox 2332 1907 3934 1979; baseline -0.001 -17"><span class='ocrx_word' id='word_1_452' title='bbox 2332 1921 2514 1974; x_wconf 90' lang='lat' dir='ltr'><strong>suero,</strong></span> <span class='ocrx_word' id='word_1_453' title='bbox 2545 1907 2878 1962; x_wconf 87' lang='lat' dir='ltr'><strong>confidenter</strong></span> <span class='ocrx_word' id='word_1_454' title='bbox 2927 1923 3166 1964; x_wconf 86' lang='lat' dir='ltr'><strong>asseram</strong></span> <span class='ocrx_word' id='word_1_455' title='bbox 3223 1907 3360 1973; x_wconf 88' lang='lat' dir='ltr'><strong>fore,</strong></span> <span class='ocrx_word' id='word_1_456' title='bbox 3417 1915 3476 1961; x_wconf 93' lang='lat' dir='ltr'><strong>ut</strong></span> <span class='ocrx_word' id='word_1_457' title='bbox 3521 1915 3796 1979; x_wconf 84' lang='lat' dir='ltr'><strong>pauperes</strong></span> <span class='ocrx_word' id='word_1_458' title='bbox 3845 1907 3934 1961; x_wconf 88' lang='lat' dir='ltr'><strong>isti</strong></span> 
     </span>
    </p>
   </div>
   <div class='ocr_carea' id='block_1_68' title="bbox 2333 1997 3933 2071">
    <p class='ocr_par' dir='ltr' id='par_1_68' title="bbox 2333 1997 3933 2071">
     <span class='ocr_line' id='line_1_68' title="bbox 2333 1997 3933 2071; baseline 0 -19"><span class='ocrx_word' id='word_1_459' title='bbox 2333 1997 2762 2068; x_wconf 63' lang='lat' dir='ltr'><strong>praeponderent.</strong></span> <span class='ocrx_word' id='word_1_460' title='bbox 2817 1997 2970 2064; x_wconf 83' lang='lat' dir='ltr'><strong>Quod</strong></span> <span class='ocrx_word' id='word_1_461' title='bbox 2998 1999 3042 2054; x_wconf 93' lang='lat' dir='ltr'><strong>si</strong></span> <span class='ocrx_word' id='word_1_462' title='bbox 3087 1998 3161 2052; x_wconf 93' lang='lat' dir='ltr'><strong>illi</strong></span> <span class='ocrx_word' id='word_1_463' title='bbox 3186 2013 3218 2053; x_wconf 90' lang='lat' dir='ltr'><strong>e</strong></span> <span class='ocrx_word' id='word_1_464' title='bbox 3243 1997 3430 2068; x_wconf 88' lang='lat' dir='ltr'><strong>patriis</strong></span> <span class='ocrx_word' id='word_1_465' title='bbox 3451 1998 3668 2071; x_wconf 66' lang='lat' dir='ltr'><strong>sedibus</strong></span> <span class='ocrx_word' id='word_1_466' title='bbox 3688 1997 3933 2069; x_wconf 80' lang='lat' dir='ltr'><strong>expelle-</strong></span> 
     </span>
    </p>
   </div>
   <div class='ocr_carea' id='block_1_69' title="bbox 2334 2087 3932 2160">
    <p class='ocr_par' dir='ltr' id='par_1_69' title="bbox 2334 2087 3932 2160">
     <span class='ocr_line' id='line_1_69' title="bbox 2334 2087 3932 2160; baseline 0.002 -18"><span class='ocrx_word' id='word_1_467' title='bbox 2334 2087 2548 2154; x_wconf 89' lang='lat' dir='ltr'><strong>bantur,</strong></span> <span class='ocrx_word' id='word_1_468' title='bbox 2589 2097 2766 2144; x_wconf 88' lang='lat' dir='ltr'><strong>tamen</strong></span> <span class='ocrx_word' id='word_1_469' title='bbox 2806 2089 3032 2158; x_wconf 88' lang='lat' dir='ltr'><strong>patriam</strong></span> <span class='ocrx_word' id='word_1_470' title='bbox 3080 2103 3369 2160; x_wconf 89' lang='lat' dir='ltr'><strong>supernam</strong></span> <span class='ocrx_word' id='word_1_471' title='bbox 3413 2088 3708 2145; x_wconf 83' lang='lat' dir='ltr'><strong>Jerusalem</strong></span> <span class='ocrx_word' id='word_1_472' title='bbox 3759 2089 3932 2145; x_wconf 83' lang='lat' dir='ltr'><strong>habe-</strong></span> 
     </span>
    </p>
   </div>
   <div class='ocr_carea' id='block_1_70' title="bbox 2334 2176 3934 2250">
    <p class='ocr_par' dir='ltr' id='par_1_70' title="bbox 2334 2176 3934 2250">
     <span class='ocr_line' id='line_1_70' title="bbox 2334 2176 3934 2250; baseline 0.003 -20"><span class='ocrx_word' id='word_1_473' title='bbox 2334 2176 2481 2232; x_wconf 89' lang='lat' dir='ltr'><strong>bant.</strong></span> <span class='ocrx_word' id='word_1_474' title='bbox 2505 2178 2559 2232; x_wconf 90' lang='lat' dir='ltr'><strong>ln</strong></span> <span class='ocrx_word' id='word_1_475' title='bbox 2591 2188 2903 2249; x_wconf 88' lang='lat' dir='ltr'><strong>paupertate</strong></span> <span class='ocrx_word' id='word_1_476' title='bbox 2930 2180 3093 2234; x_wconf 89' lang='lat' dir='ltr'><strong>vitam</strong></span> <span class='ocrx_word' id='word_1_477' title='bbox 3138 2179 3366 2250; x_wconf 76' lang='lat' dir='ltr'><strong>agebant</strong></span> <span class='ocrx_word' id='word_1_478' title='bbox 3390 2195 3405 2244; x_wconf 85' lang='lat'><strong>;</strong></span> <span class='ocrx_word' id='word_1_479' title='bbox 3433 2190 3487 2234; x_wconf 90' lang='lat' dir='ltr'><strong>at</strong></span> <span class='ocrx_word' id='word_1_480' title='bbox 3515 2181 3711 2250; x_wconf 88' lang='lat' dir='ltr'><strong>pietate</strong></span> <span class='ocrx_word' id='word_1_481' title='bbox 3735 2179 3934 2234; x_wconf 83' lang='lat' dir='ltr'><strong>divites</strong></span> 
     </span>
    </p>
   </div>
   <div class='ocr_carea' id='block_1_71' title="bbox 2331 2266 3932 2338">
    <p class='ocr_par' dir='ltr' id='par_1_71' title="bbox 2331 2266 3932 2338">
     <span class='ocr_line' id='line_1_71' title="bbox 2331 2266 3932 2338; baseline 0.001 -17"><span class='ocrx_word' id='word_1_482' title='bbox 2331 2275 2506 2321; x_wconf 89' lang='lat' dir='ltr'><strong>erant.</strong></span> <span class='ocrx_word' id='word_1_483' title='bbox 2533 2266 2850 2323; x_wconf 84' lang='lat' dir='ltr'><strong>Hominibus</strong></span> <span class='ocrx_word' id='word_1_484' title='bbox 2868 2278 3024 2323; x_wconf 89' lang='lat' dir='ltr'><strong>erant</strong></span> <span class='ocrx_word' id='word_1_485' title='bbox 3048 2269 3242 2334; x_wconf 87' lang='lat' dir='ltr'><strong>odiosi,</strong></span> <span class='ocrx_word' id='word_1_486' title='bbox 3273 2277 3327 2321; x_wconf 90' lang='lat' dir='ltr'><strong>at</strong></span> <span class='ocrx_word' id='word_1_487' title='bbox 3369 2269 3480 2323; x_wconf 87' lang='lat' dir='ltr'><strong>Deo</strong></span> <span class='ocrx_word' id='word_1_488' title='bbox 3508 2270 3668 2338; x_wconf 82' lang='lat' dir='ltr'><strong>grati.</strong></span> <span class='ocrx_word' id='word_1_489' title='bbox 3701 2268 3932 2336; x_wconf 85' lang='lat' dir='ltr'><strong>Quinam</strong></span> 
     </span>
    </p>
   </div>
   <div class='ocr_carea' id='block_1_72' title="bbox 2331 2357 3932 2428">
    <p class='ocr_par' dir='ltr' id='par_1_72' title="bbox 2331 2357 3932 2428">
     <span class='ocr_line' id='line_1_72' title="bbox 2331 2357 3932 2428; baseline 0.001 -17"><span class='ocrx_word' id='word_1_490' title='bbox 2331 2357 2407 2411; x_wconf 92' lang='lat' dir='ltr'><strong>illi</strong></span> <span class='ocrx_word' id='word_1_491' title='bbox 2451 2371 2612 2427; x_wconf 90' lang='lat' dir='ltr'><strong>porro</strong></span> <span class='ocrx_word' id='word_1_492' title='bbox 2649 2358 2816 2412; x_wconf 78' lang='lat' dir='ltr'><strong>sunt?</strong></span> <span class='ocrx_word' id='word_1_493' title='bbox 2846 2358 3054 2425; x_wconf 85' lang='lat' dir='ltr'><strong>Helias,</strong></span> <span class='ocrx_word' id='word_1_494' title='bbox 3087 2357 3335 2426; x_wconf 76' lang='lat' dir='ltr'><strong>Elisteus,</strong></span> <span class='ocrx_word' id='word_1_495' title='bbox 3390 2366 3445 2412; x_wconf 92' lang='lat' dir='ltr'><strong>et</strong></span> <span class='ocrx_word' id='word_1_496' title='bbox 3492 2358 3631 2412; x_wconf 85' lang='lat' dir='ltr'><strong>illius</strong></span> <span class='ocrx_word' id='word_1_497' title='bbox 3670 2359 3932 2428; x_wconf 82' lang='lat' dir='ltr'><strong>temporis</strong></span> 
     </span>
    </p>
   </div>
   <div class='ocr_carea' id='block_1_73' title="bbox 2330 2447 3931 2521">
    <p class='ocr_par' dir='ltr' id='par_1_73' title="bbox 2330 2447 3931 2521">
     <span class='ocr_line' id='line_1_73' title="bbox 2330 2447 3931 2521; baseline 0.001 -19"><span class='ocrx_word' id='word_1_498' title='bbox 2330 2463 2538 2502; x_wconf 88' lang='lat' dir='ltr'><strong>omnes.</strong></span> <span class='ocrx_word' id='word_1_499' title='bbox 2571 2447 2755 2521; x_wconf 86' lang='lat' dir='ltr'><strong>Neque</strong></span> <span class='ocrx_word' id='word_1_500' title='bbox 2801 2464 2930 2504; x_wconf 89' lang='lat' dir='ltr'><strong>vero</strong></span> <span class='ocrx_word' id='word_1_501' title='bbox 2975 2448 3027 2504; x_wconf 92' lang='lat' dir='ltr'><strong>id</strong></span> <span class='ocrx_word' id='word_1_502' title='bbox 3071 2458 3317 2519; x_wconf 83' lang='lat' dir='ltr'><strong>spectes,</strong></span> <span class='ocrx_word' id='word_1_503' title='bbox 3369 2449 3512 2521; x_wconf 90' lang='lat' dir='ltr'><strong>quod</strong></span> <span class='ocrx_word' id='word_1_504' title='bbox 3561 2466 3629 2505; x_wconf 89' lang='lat' dir='ltr'><strong>ne</strong></span> <span class='ocrx_word' id='word_1_505' title='bbox 3673 2451 3931 2506; x_wconf 85' lang='lat' dir='ltr'><strong>alimenta</strong></span> 
     </span>
    </p>
   </div>
   <div class='ocr_carea' id='block_1_74' title="bbox 2329 2538 3934 2609">
    <p class='ocr_par' dir='ltr' id='par_1_74' title="bbox 2329 2538 3934 2609">
     <span class='ocr_line' id='line_1_74' title="bbox 2329 2538 3934 2609; baseline 0.002 -16"><span class='ocrx_word' id='word_1_506' title='bbox 2329 2538 2545 2609; x_wconf 87' lang='lat' dir='ltr'><strong>quidem</strong></span> <span class='ocrx_word' id='word_1_507' title='bbox 2571 2539 2674 2595; x_wconf 88' lang='lat' dir='ltr'><strong>illis</strong></span> <span class='ocrx_word' id='word_1_508' title='bbox 2701 2540 3002 2594; x_wconf 88' lang='lat' dir='ltr'><strong>necessaria</strong></span> <span class='ocrx_word' id='word_1_509' title='bbox 3023 2540 3382 2609; x_wconf 88' lang='lat' dir='ltr'><strong>suppetebant</strong></span> <span class='ocrx_word' id='word_1_510' title='bbox 3405 2556 3418 2592; x_wconf 88' lang='lat'><strong>:</strong></span> <span class='ocrx_word' id='word_1_511' title='bbox 3441 2547 3496 2594; x_wconf 84' lang='lat' dir='ltr'><strong>at</strong></span> <span class='ocrx_word' id='word_1_512' title='bbox 3515 2539 3657 2609; x_wconf 91' lang='lat' dir='ltr'><strong>quod</strong></span> <span class='ocrx_word' id='word_1_513' title='bbox 3674 2556 3734 2594; x_wconf 74' lang='grc' dir='ltr'><strong>ος</strong></span> <span class='ocrx_word' id='word_1_514' title='bbox 3762 2541 3934 2596; x_wconf 72' lang='lat' dir='ltr'><strong>llelia:</strong></span> 
     </span>
    </p>
   </div>
   <div class='ocr_carea' id='block_1_75' title="bbox 2329 2630 3934 2702">
    <p class='ocr_par' dir='ltr' id='par_1_75' title="bbox 2329 2630 3934 2702">
     <span class='ocr_line' id='line_1_75' title="bbox 2329 2630 3934 2702; baseline 0.002 -17"><span class='ocrx_word' id='word_1_515' title='bbox 2329 2631 2518 2685; x_wconf 71' lang='lat' dir='ltr'><strong>caelum</strong></span> <span class='ocrx_word' id='word_1_516' title='bbox 2546 2630 2798 2687; x_wconf 88' lang='lat' dir='ltr'><strong>clauserit</strong></span> <span class='ocrx_word' id='word_1_517' title='bbox 2825 2639 2881 2685; x_wconf 90' lang='lat' dir='ltr'><strong>et</strong></span> <span class='ocrx_word' id='word_1_518' title='bbox 2907 2631 3218 2702; x_wconf 89' lang='lat' dir='ltr'><strong>aperuerit,</strong></span> <span class='ocrx_word' id='word_1_519' title='bbox 3235 2630 3459 2702; x_wconf 87' lang='lat' dir='ltr'><strong>ejusque</strong></span> <span class='ocrx_word' id='word_1_520' title='bbox 3513 2633 3711 2688; x_wconf 89' lang='lat' dir='ltr'><strong>melote</strong></span> <span class='ocrx_word' id='word_1_521' title='bbox 3736 2631 3934 2688; x_wconf 84' lang='lat' dir='ltr'><strong>Jorda-</strong></span> 
     </span>
    </p>
   </div>
   <div class='ocr_carea' id='block_1_76' title="bbox 2329 2721 2874 2779">
    <p class='ocr_par' dir='ltr' id='par_1_76' title="bbox 2329 2721 2874 2779">
     <span class='ocr_line' id='line_1_76' title="bbox 2329 2721 2874 2779; baseline 0 -3"><span class='ocrx_word' id='word_1_522' title='bbox 2329 2737 2452 2776; x_wconf 89' lang='lat' dir='ltr'><strong>nem</strong></span> <span class='ocrx_word' id='word_1_523' title='bbox 2475 2733 2622 2778; x_wconf 89' lang='lat' dir='ltr'><strong>retro</strong></span> <span class='ocrx_word' id='word_1_524' title='bbox 2647 2721 2874 2779; x_wconf 82' lang='lat' dir='ltr'><strong>ﬂexerit.</strong></span> 
     </span>
    </p>
   </div>
   <div class='ocr_carea' id='block_1_77' title="bbox 2403 2813 3932 2886">
    <p class='ocr_par' dir='ltr' id='par_1_77' title="bbox 2403 2813 3932 2886">
     <span class='ocr_line' id='line_1_77' title="bbox 2403 2813 3932 2886; baseline 0.003 -18"><span class='ocrx_word' id='word_1_525' title='bbox 2403 2813 2672 2868; x_wconf 65' lang='lat' dir='ltr'><strong>Invenitur</strong></span> <span class='ocrx_word' id='word_1_526' title='bbox 2715 2815 2768 2868; x_wconf 83' lang='lat' dir='ltr'><strong>in</strong></span> <span class='ocrx_word' id='word_1_527' title='bbox 2799 2831 2881 2869; x_wconf 81' lang='lat' dir='ltr'><strong>eos</strong></span> <span class='ocrx_word' id='word_1_528' title='bbox 2908 2815 2995 2886; x_wconf 82' lang='lat' dir='ltr'><strong>qui</strong></span> <span class='ocrx_word' id='word_1_529' title='bbox 3020 2815 3323 2885; x_wconf 74' lang='lat' dir='ltr'><strong>spectaculis</strong></span> <span class='ocrx_word' id='word_1_530' title='bbox 3361 2815 3632 2870; x_wconf 77' lang='lat' dir='ltr'><strong>intersunt.</strong></span> <span class='ocrx_word' id='word_1_531' title='bbox 3661 2847 3732 2856; x_wconf 93' lang='lat'><strong>—</strong></span> <span class='ocrx_word' id='word_1_532' title='bbox 3757 2816 3932 2886; x_wconf 76' lang='lat' dir='ltr'><strong>Atque</strong></span> 
     </span>
    </p>
   </div>
   <div class='ocr_carea' id='block_1_78' title="bbox 2329 2902 3929 2976">
    <p class='ocr_par' dir='ltr' id='par_1_78' title="bbox 2329 2902 3929 2976">
     <span class='ocr_line' id='line_1_78' title="bbox 2329 2902 3929 2976; baseline 0.003 -18"><span class='ocrx_word' id='word_1_533' title='bbox 2329 2902 2444 2959; x_wconf 63' lang='lat' dir='ltr'><strong>ha‘c</strong></span> <span class='ocrx_word' id='word_1_534' title='bbox 2470 2920 2589 2958; x_wconf 85' lang='lat' dir='ltr'><strong>cum</strong></span> <span class='ocrx_word' id='word_1_535' title='bbox 2619 2905 2752 2960; x_wconf 89' lang='lat' dir='ltr'><strong>mihi</strong></span> <span class='ocrx_word' id='word_1_536' title='bbox 2780 2905 2997 2960; x_wconf 87' lang='lat' dir='ltr'><strong>veniunt</strong></span> <span class='ocrx_word' id='word_1_537' title='bbox 3018 2907 3071 2960; x_wconf 91' lang='lat' dir='ltr'><strong>in</strong></span> <span class='ocrx_word' id='word_1_538' title='bbox 3101 2917 3336 2960; x_wconf 89' lang='lat' dir='ltr'><strong>mentem</strong></span> <span class='ocrx_word' id='word_1_539' title='bbox 3356 2949 3369 2970; x_wconf 87' lang='lat'><strong>,</strong></span> <span class='ocrx_word' id='word_1_540' title='bbox 3402 2907 3640 2976; x_wconf 83' lang='lat' dir='ltr'><strong>gaudeo,</strong></span> <span class='ocrx_word' id='word_1_541' title='bbox 3664 2916 3719 2962; x_wconf 88' lang='lat' dir='ltr'><strong>et</strong></span> <span class='ocrx_word' id='word_1_542' title='bbox 3734 2908 3890 2962; x_wconf 89' lang='lat' dir='ltr'><strong>doleo</strong></span> <span class='ocrx_word' id='word_1_543' title='bbox 3913 2925 3929 2961; x_wconf 86' lang='lat'><strong>:</strong></span> 
     </span>
    </p>
   </div>
   <div class='ocr_carea' id='block_1_79' title="bbox 2329 2996 3932 3067">
    <p class='ocr_par' dir='ltr' id='par_1_79' title="bbox 2329 2996 3932 3067">
     <span class='ocr_line' id='line_1_79' title="bbox 2329 2996 3932 3067; baseline 0.002 -17"><span class='ocrx_word' id='word_1_544' title='bbox 2329 2996 2535 3067; x_wconf 81' lang='lat' dir='ltr'><strong>gaudeo</strong></span> <span class='ocrx_word' id='word_1_545' title='bbox 2560 2996 2775 3066; x_wconf 91' lang='lat' dir='ltr'><strong>quidem</strong></span> <span class='ocrx_word' id='word_1_546' title='bbox 2823 3006 3038 3066; x_wconf 91' lang='lat' dir='ltr'><strong>propter</strong></span> <span class='ocrx_word' id='word_1_547' title='bbox 3091 3013 3188 3053; x_wconf 88' lang='lat' dir='ltr'><strong>vos</strong></span> <span class='ocrx_word' id='word_1_548' title='bbox 3229 2999 3317 3066; x_wconf 91' lang='lat' dir='ltr'><strong>qni</strong></span> <span class='ocrx_word' id='word_1_549' title='bbox 3347 2998 3582 3053; x_wconf 86' lang='lat' dir='ltr'><strong>adestis:</strong></span> <span class='ocrx_word' id='word_1_550' title='bbox 3613 2999 3768 3053; x_wconf 84' lang='lat' dir='ltr'><strong>doleo</strong></span> <span class='ocrx_word' id='word_1_551' title='bbox 3800 3015 3932 3053; x_wconf 81' lang='lat' dir='ltr'><strong>vero</strong></span> 
     </span>
    </p>
   </div>
   <div class='ocr_carea' id='block_1_80' title="bbox 2328 3087 3929 3159">
    <p class='ocr_par' dir='ltr' id='par_1_80' title="bbox 2328 3087 3929 3159">
     <span class='ocr_line' id='line_1_80' title="bbox 2328 3087 3929 3159; baseline 0.003 -21"><span class='ocrx_word' id='word_1_552' title='bbox 2328 3095 2547 3156; x_wconf 84' lang='lat' dir='ltr'><strong>propter</strong></span> <span class='ocrx_word' id='word_1_553' title='bbox 2574 3101 2668 3142; x_wconf 89' lang='lat' dir='ltr'><strong>eos</strong></span> <span class='ocrx_word' id='word_1_554' title='bbox 2695 3088 2784 3157; x_wconf 91' lang='lat' dir='ltr'><strong>qui</strong></span> <span class='ocrx_word' id='word_1_555' title='bbox 2809 3087 3003 3142; x_wconf 89' lang='lat' dir='ltr'><strong>absunt</strong></span> <span class='ocrx_word' id='word_1_556' title='bbox 3033 3087 3229 3142; x_wconf 88' lang='lat' dir='ltr'><strong>:doleo</strong></span> <span class='ocrx_word' id='word_1_557' title='bbox 3256 3087 3426 3152; x_wconf 86' lang='lat' dir='ltr'><strong>valde,</strong></span> <span class='ocrx_word' id='word_1_558' title='bbox 3451 3089 3780 3159; x_wconf 86' lang='lat' dir='ltr'><strong>molesteque</strong></span> <span class='ocrx_word' id='word_1_559' title='bbox 3810 3088 3929 3143; x_wconf 91' lang='lat' dir='ltr'><strong>fero</strong></span> 
     </span>
    </p>
   </div>
   <div class='ocr_carea' id='block_1_81' title="bbox 2327 3177 3931 3245">
    <p class='ocr_par' dir='ltr' id='par_1_81' title="bbox 2327 3177 3931 3245">
     <span class='ocr_line' id='line_1_81' title="bbox 2327 3177 3931 3245; baseline 0.002 -13"><span class='ocrx_word' id='word_1_560' title='bbox 2327 3188 2384 3232; x_wconf 90' lang='lat' dir='ltr'><strong>et</strong></span> <span class='ocrx_word' id='word_1_561' title='bbox 2405 3177 2568 3234; x_wconf 88' lang='lat' dir='ltr'><strong>corde</strong></span> <span class='ocrx_word' id='word_1_562' title='bbox 2610 3187 2879 3234; x_wconf 86' lang='lat' dir='ltr'><strong>conteror.</strong></span> <span class='ocrx_word' id='word_1_563' title='bbox 2911 3178 3039 3245; x_wconf 88' lang='lat' dir='ltr'><strong>Quis</strong></span> <span class='ocrx_word' id='word_1_564' title='bbox 3073 3179 3214 3234; x_wconf 90' lang='lat' dir='ltr'><strong>enim</strong></span> <span class='ocrx_word' id='word_1_565' title='bbox 3234 3188 3317 3235; x_wconf 89' lang='lat' dir='ltr'><strong>est</strong></span> <span class='ocrx_word' id='word_1_566' title='bbox 3345 3179 3482 3234; x_wconf 91' lang='lat' dir='ltr'><strong>adeo</strong></span> <span class='ocrx_word' id='word_1_567' title='bbox 3506 3195 3698 3235; x_wconf 88' lang='lat' dir='ltr'><strong>sensus</strong></span> <span class='ocrx_word' id='word_1_568' title='bbox 3725 3180 3931 3236; x_wconf 82' lang='lat' dir='ltr'><strong>doloris</strong></span> 
     </span>
    </p>
   </div>
   <div class='ocr_carea' id='block_1_82' title="bbox 2327 3269 3923 3341">
    <p class='ocr_par' dir='ltr' id='par_1_82' title="bbox 2327 3269 3923 3341">
     <span class='ocr_line' id='line_1_82' title="bbox 2327 3269 3923 3341; baseline 0.003 -19"><span class='ocrx_word' id='word_1_569' title='bbox 2327 3282 2556 3338; x_wconf 80' lang='lat' dir='ltr'><strong>expers,</strong></span> <span class='ocrx_word' id='word_1_570' title='bbox 2609 3277 2798 3324; x_wconf 90' lang='lat' dir='ltr'><strong>utnon</strong></span> <span class='ocrx_word' id='word_1_571' title='bbox 2841 3269 3022 3325; x_wconf 88' lang='lat' dir='ltr'><strong>doleat</strong></span> <span class='ocrx_word' id='word_1_572' title='bbox 3047 3285 3166 3325; x_wconf 90' lang='lat' dir='ltr'><strong>cum</strong></span> <span class='ocrx_word' id='word_1_573' title='bbox 3218 3271 3270 3324; x_wconf 93' lang='lat' dir='ltr'><strong>in</strong></span> <span class='ocrx_word' id='word_1_574' title='bbox 3298 3286 3360 3325; x_wconf 92' lang='lat' dir='ltr'><strong>ea</strong></span> <span class='ocrx_word' id='word_1_575' title='bbox 3391 3286 3508 3341; x_wconf 68' lang='lat' dir='ltr'><strong>quae</strong></span> <span class='ocrx_word' id='word_1_576' title='bbox 3556 3271 3623 3326; x_wconf 84' lang='lat' dir='ltr'><strong>ad</strong></span> <span class='ocrx_word' id='word_1_577' title='bbox 3651 3272 3923 3326; x_wconf 87' lang='lat' dir='ltr'><strong>diabolum</strong></span> 
     </span>
    </p>
   </div>
   <div class='ocr_carea' id='block_1_83' title="bbox 2327 3359 3927 3433">
    <p class='ocr_par' dir='ltr' id='par_1_83' title="bbox 2327 3359 3927 3433">
     <span class='ocr_line' id='line_1_83' title="bbox 2327 3359 3927 3433; baseline 0.002 -20"><span class='ocrx_word' id='word_1_578' title='bbox 2327 3359 2629 3428; x_wconf 89' lang='lat' dir='ltr'><strong>pertinent,</strong></span> <span class='ocrx_word' id='word_1_579' title='bbox 2673 3361 2790 3429; x_wconf 89' lang='lat' dir='ltr'><strong>plus</strong></span> <span class='ocrx_word' id='word_1_580' title='bbox 2843 3361 3003 3416; x_wconf 89' lang='lat' dir='ltr'><strong>studii</strong></span> <span class='ocrx_word' id='word_1_581' title='bbox 3033 3362 3268 3418; x_wconf 87' lang='lat' dir='ltr'><strong>conferri</strong></span> <span class='ocrx_word' id='word_1_582' title='bbox 3317 3365 3533 3417; x_wconf 84' lang='lat' dir='ltr'><strong>cernat?</strong></span> <span class='ocrx_word' id='word_1_583' title='bbox 3562 3362 3723 3433; x_wconf 83' lang='lat' dir='ltr'><strong>Atqui</strong></span> <span class='ocrx_word' id='word_1_584' title='bbox 3780 3364 3927 3417; x_wconf 86' lang='lat' dir='ltr'><strong>nulla</strong></span> 
     </span>
    </p>
   </div>
   <div class='ocr_carea' id='block_1_84' title="bbox 2327 3451 3927 3524">
    <p class='ocr_par' dir='ltr' id='par_1_84' title="bbox 2327 3451 3927 3524">
     <span class='ocr_line' id='line_1_84' title="bbox 2327 3451 3927 3524; baseline 0.004 -20"><span class='ocrx_word' id='word_1_585' title='bbox 2327 3464 2452 3520; x_wconf 90' lang='lat' dir='ltr'><strong>spes</strong></span> <span class='ocrx_word' id='word_1_586' title='bbox 2483 3451 2648 3506; x_wconf 69' lang='lat' dir='ltr'><strong>venire</strong></span> <span class='ocrx_word' id='word_1_587' title='bbox 2671 3452 2824 3507; x_wconf 90' lang='lat' dir='ltr'><strong>nobis</strong></span> <span class='ocrx_word' id='word_1_588' title='bbox 2849 3453 2932 3506; x_wconf 88' lang='lat' dir='ltr'><strong>vel</strong></span> <span class='ocrx_word' id='word_1_589' title='bbox 2956 3453 3319 3508; x_wconf 80' lang='lat' dir='ltr'><strong>excusationis</strong></span> <span class='ocrx_word' id='word_1_590' title='bbox 3339 3454 3540 3524; x_wconf 89' lang='lat' dir='ltr'><strong>reliqua</strong></span> <span class='ocrx_word' id='word_1_591' title='bbox 3565 3465 3740 3520; x_wconf 90' lang='lat' dir='ltr'><strong>esset,</strong></span> <span class='ocrx_word' id='word_1_592' title='bbox 3771 3457 3816 3510; x_wconf 89' lang='lat' dir='ltr'><strong>si</strong></span> <span class='ocrx_word' id='word_1_593' title='bbox 3841 3457 3927 3510; x_wconf 86' lang='lat' dir='ltr'><strong>vel</strong></span> 
     </span>
    </p>
   </div>
   <div class='ocr_carea' id='block_1_85' title="bbox 2328 3543 3928 3618">
    <p class='ocr_par' dir='ltr' id='par_1_85' title="bbox 2328 3543 3928 3618">
     <span class='ocr_line' id='line_1_85' title="bbox 2328 3543 3928 3618; baseline 0.005 -22"><span class='ocrx_word' id='word_1_594' title='bbox 2328 3543 2534 3613; x_wconf 61' lang='lat' dir='ltr'><strong>mquale</strong></span> <span class='ocrx_word' id='word_1_595' title='bbox 2559 3543 2792 3598; x_wconf 90' lang='lat' dir='ltr'><strong>studium</strong></span> <span class='ocrx_word' id='word_1_596' title='bbox 2820 3544 3153 3600; x_wconf 92' lang='lat' dir='ltr'><strong>conferretur</strong></span> <span class='ocrx_word' id='word_1_597' title='bbox 3183 3564 3195 3600; x_wconf 93' lang='lat'>:</span> <span class='ocrx_word' id='word_1_598' title='bbox 3228 3560 3348 3600; x_wconf 92' lang='lat' dir='ltr'><strong>cum</strong></span> <span class='ocrx_word' id='word_1_599' title='bbox 3373 3556 3551 3601; x_wconf 90' lang='lat' dir='ltr'><strong>autem</strong></span> <span class='ocrx_word' id='word_1_600' title='bbox 3577 3548 3737 3602; x_wconf 86' lang='lat' dir='ltr'><strong>etiam</strong></span> <span class='ocrx_word' id='word_1_601' title='bbox 3769 3549 3928 3618; x_wconf 83' lang='lat' dir='ltr'><strong>longe</strong></span> 
     </span>
    </p>
   </div>
   <div class='ocr_carea' id='block_1_86' title="bbox 2329 3634 3929 3707">
    <p class='ocr_par' dir='ltr' id='par_1_86' title="bbox 2329 3634 3929 3707">
     <span class='ocr_line' id='line_1_86' title="bbox 2329 3634 3929 3707; baseline 0.004 -21"><span class='ocrx_word' id='word_1_602' title='bbox 2329 3643 2582 3702; x_wconf 86' lang='lat' dir='ltr'><strong>superet,</strong></span> <span class='ocrx_word' id='word_1_603' title='bbox 2633 3634 2753 3704; x_wconf 89' lang='lat' dir='ltr'><strong>quis</strong></span> <span class='ocrx_word' id='word_1_604' title='bbox 2788 3635 2943 3689; x_wconf 88' lang='lat' dir='ltr'><strong>nobis</strong></span> <span class='ocrx_word' id='word_1_605' title='bbox 2989 3635 3318 3691; x_wconf 81' lang='lat' dir='ltr'><strong>defensionis</strong></span> <span class='ocrx_word' id='word_1_606' title='bbox 3361 3636 3513 3692; x_wconf 92' lang='lat' dir='ltr'><strong>locus</strong></span> <span class='ocrx_word' id='word_1_607' title='bbox 3565 3637 3929 3707; x_wconf 83' lang='lat' dir='ltr'><strong>relinquitur?</strong></span> 
     </span>
    </p>
   </div>
   <div class='ocr_carea' id='block_1_87' title="bbox 2326 3725 3928 3800">
    <p class='ocr_par' dir='ltr' id='par_1_87' title="bbox 2326 3725 3928 3800">
     <span class='ocr_line' id='line_1_87' title="bbox 2326 3725 3928 3800; baseline 0.004 -22"><span class='ocrx_word' id='word_1_608' title='bbox 2326 3725 2576 3793; x_wconf 85' lang='lat' dir='ltr'><strong>Quotidie</strong></span> <span class='ocrx_word' id='word_1_609' title='bbox 2597 3741 2693 3780; x_wconf 90' lang='lat' dir='ltr'><strong>nos</strong></span> <span class='ocrx_word' id='word_1_610' title='bbox 2726 3727 2948 3781; x_wconf 88' lang='lat' dir='ltr'><strong>invitant</strong></span> <span class='ocrx_word' id='word_1_611' title='bbox 2977 3729 3302 3797; x_wconf 87' lang='lat' dir='ltr'><strong>spectacula,</strong></span> <span class='ocrx_word' id='word_1_612' title='bbox 3325 3745 3422 3784; x_wconf 92' lang='lat' dir='ltr'><strong>nec</strong></span> <span class='ocrx_word' id='word_1_613' title='bbox 3447 3730 3589 3784; x_wconf 90' lang='lat' dir='ltr'><strong>ullus</strong></span> <span class='ocrx_word' id='word_1_614' title='bbox 3619 3731 3928 3800; x_wconf 79' lang='lat' dir='ltr'><strong>pigritatur,</strong></span> 
     </span>
    </p>
   </div>
   <div class='ocr_carea' id='block_1_88' title="bbox 2327 3816 3930 3891">
    <p class='ocr_par' dir='ltr' id='par_1_88' title="bbox 2327 3816 3930 3891">
     <span class='ocr_line' id='line_1_88' title="bbox 2327 3816 3930 3891; baseline 0.003 -22"><span class='ocrx_word' id='word_1_615' title='bbox 2327 3816 2503 3870; x_wconf 85' lang='lat' dir='ltr'><strong>nullus</strong></span> <span class='ocrx_word' id='word_1_616' title='bbox 2526 3825 2606 3870; x_wconf 85' lang='lat' dir='ltr'><strong>est</strong></span> <span class='ocrx_word' id='word_1_617' title='bbox 2635 3817 2723 3886; x_wconf 89' lang='lat' dir='ltr'><strong>qui</strong></span> <span class='ocrx_word' id='word_1_618' title='bbox 2766 3827 3077 3884; x_wconf 87' lang='lat' dir='ltr'><strong>cunctetur;</strong></span> <span class='ocrx_word' id='word_1_619' title='bbox 3114 3820 3292 3875; x_wconf 90' lang='lat' dir='ltr'><strong>nullus</strong></span> <span class='ocrx_word' id='word_1_620' title='bbox 3321 3830 3405 3875; x_wconf 85' lang='lat' dir='ltr'><strong>est</strong></span> <span class='ocrx_word' id='word_1_621' title='bbox 3447 3821 3535 3890; x_wconf 89' lang='lat' dir='ltr'><strong>qui</strong></span> <span class='ocrx_word' id='word_1_622' title='bbox 3588 3822 3930 3891; x_wconf 80' lang='lat' dir='ltr'><strong>negotiorum</strong></span> 
     </span>
    </p>
   </div>
   <div class='ocr_carea' id='block_1_89' title="bbox 2325 3907 3932 3980">
    <p class='ocr_par' dir='ltr' id='par_1_89' title="bbox 2325 3907 3932 3980">
     <span class='ocr_line' id='line_1_89' title="bbox 2325 3907 3932 3980; baseline 0.003 -21"><span class='ocrx_word' id='word_1_623' title='bbox 2325 3907 2703 3976; x_wconf 87' lang='lat' dir='ltr'><strong>occupationes</strong></span> <span class='ocrx_word' id='word_1_624' title='bbox 2741 3908 2995 3963; x_wconf 87' lang='lat' dir='ltr'><strong>obtendat</strong></span> <span class='ocrx_word' id='word_1_625' title='bbox 3026 3949 3042 3973; x_wconf 93' lang='lat'><strong>,</strong></span> <span class='ocrx_word' id='word_1_626' title='bbox 3096 3910 3188 3964; x_wconf 92' lang='lat' dir='ltr'><strong>sed</strong></span> <span class='ocrx_word' id='word_1_627' title='bbox 3246 3919 3512 3980; x_wconf 88' lang='lat' dir='ltr'><strong>tamquam</strong></span> <span class='ocrx_word' id='word_1_628' title='bbox 3566 3911 3798 3980; x_wconf 83' lang='lat' dir='ltr'><strong>expediti</strong></span> <span class='ocrx_word' id='word_1_629' title='bbox 3872 3920 3932 3964; x_wconf 88' lang='lat' dir='ltr'><strong>et</strong></span> 
     </span>
    </p>
   </div>
   <div class='ocr_carea' id='block_1_90' title="bbox 2325 3997 3928 4055">
    <p class='ocr_par' dir='ltr' id='par_1_90' title="bbox 2325 3997 3928 4055">
     <span class='ocr_line' id='line_1_90' title="bbox 2325 3997 3928 4055; baseline 0.002 -5"><span class='ocrx_word' id='word_1_630' title='bbox 2325 3997 2468 4050; x_wconf 88' lang='lat' dir='ltr'><strong>omni</strong></span> <span class='ocrx_word' id='word_1_631' title='bbox 2523 4012 2650 4052; x_wconf 89' lang='lat' dir='ltr'><strong>cura</strong></span> <span class='ocrx_word' id='word_1_632' title='bbox 2694 3997 2851 4052; x_wconf 90' lang='lat' dir='ltr'><strong>soluti</strong></span> <span class='ocrx_word' id='word_1_633' title='bbox 2897 4009 3180 4054; x_wconf 90' lang='lat' dir='ltr'><strong>accurrunt</strong></span> <span class='ocrx_word' id='word_1_634' title='bbox 3213 4015 3402 4055; x_wconf 89' lang='lat' dir='ltr'><strong>omnes</strong></span> <span class='ocrx_word' id='word_1_635' title='bbox 3449 4017 3463 4052; x_wconf 89' lang='lat'><strong>:</strong></span> <span class='ocrx_word' id='word_1_636' title='bbox 3514 4015 3618 4054; x_wconf 92' lang='lat' dir='ltr'><strong>non</strong></span> <span class='ocrx_word' id='word_1_637' title='bbox 3671 4001 3928 4055; x_wconf 87' lang='lat' dir='ltr'><strong>canitiem</strong></span> 
     </span>
    </p>
   </div>
   <div class='ocr_carea' id='block_1_91' title="bbox 2326 4091 3924 4161">
    <p class='ocr_par' dir='ltr' id='par_1_91' title="bbox 2326 4091 3924 4161">
     <span class='ocr_line' id='line_1_91' title="bbox 2326 4091 3924 4161; baseline 0.003 -20"><span class='ocrx_word' id='word_1_638' title='bbox 2326 4103 2492 4142; x_wconf 76' lang='lat' dir='ltr'><strong>senex</strong></span> <span class='ocrx_word' id='word_1_639' title='bbox 2524 4101 2818 4157; x_wconf 80' lang='lat' dir='ltr'><strong>reveretur,</strong></span> <span class='ocrx_word' id='word_1_640' title='bbox 2842 4106 2948 4144; x_wconf 90' lang='lat' dir='ltr'><strong>non</strong></span> <span class='ocrx_word' id='word_1_641' title='bbox 2971 4091 3216 4146; x_wconf 88' lang='lat' dir='ltr'><strong>ardorem</strong></span> <span class='ocrx_word' id='word_1_642' title='bbox 3245 4101 3449 4147; x_wconf 73' lang='lat' dir='ltr'><strong>natura:</strong></span> <span class='ocrx_word' id='word_1_643' title='bbox 3477 4108 3539 4146; x_wconf 90' lang='lat' dir='ltr'><strong>ac</strong></span> <span class='ocrx_word' id='word_1_644' title='bbox 3571 4093 3804 4147; x_wconf 83' lang='lat' dir='ltr'><strong>libidinis</strong></span> <span class='ocrx_word' id='word_1_645' title='bbox 3830 4093 3924 4161; x_wconf 79' lang='lat' dir='ltr'><strong>ju-</strong></span> 
     </span>
    </p>
   </div>
   <div class='ocr_carea' id='block_1_92' title="bbox 2326 4177 3929 4251">
    <p class='ocr_par' dir='ltr' id='par_1_92' title="bbox 2326 4177 3929 4251">
     <span class='ocr_line' id='line_1_92' title="bbox 2326 4177 3929 4251; baseline 0.004 -21"><span class='ocrx_word' id='word_1_646' title='bbox 2326 4177 2480 4232; x_wconf 86' lang='lat' dir='ltr'><strong>venis</strong></span> <span class='ocrx_word' id='word_1_647' title='bbox 2510 4188 2820 4248; x_wconf 91' lang='lat' dir='ltr'><strong>suspcctum</strong></span> <span class='ocrx_word' id='word_1_648' title='bbox 2852 4179 3044 4244; x_wconf 86' lang='lat' dir='ltr'><strong>habet,</strong></span> <span class='ocrx_word' id='word_1_649' title='bbox 3077 4195 3248 4251; x_wconf 89' lang='lat' dir='ltr'><strong>neque</strong></span> <span class='ocrx_word' id='word_1_650' title='bbox 3273 4181 3583 4250; x_wconf 83' lang='lat' dir='ltr'><strong>dignitatem</strong></span> <span class='ocrx_word' id='word_1_651' title='bbox 3615 4197 3764 4235; x_wconf 88' lang='lat' dir='ltr'><strong>suam</strong></span> <span class='ocrx_word' id='word_1_652' title='bbox 3797 4197 3929 4250; x_wconf 89' lang='lat' dir='ltr'><strong>pro-</strong></span> 
     </span>
    </p>
   </div>
   <div class='ocr_carea' id='block_1_93' title="bbox 2326 4267 3927 4340">
    <p class='ocr_par' dir='ltr' id='par_1_93' title="bbox 2326 4267 3927 4340">
     <span class='ocr_line' id='line_1_93' title="bbox 2326 4267 3927 4340; baseline 0.002 -18"><span class='ocrx_word' id='word_1_653' title='bbox 2326 4267 2423 4322; x_wconf 90' lang='lat' dir='ltr'><strong>bro</strong></span> <span class='ocrx_word' id='word_1_654' title='bbox 2449 4283 2508 4323; x_wconf 90' lang='lat' dir='ltr'><strong>se</strong></span> <span class='ocrx_word' id='word_1_655' title='bbox 2528 4269 2742 4324; x_wconf 80' lang='lat' dir='ltr'><strong>allicere</strong></span> <span class='ocrx_word' id='word_1_656' title='bbox 2767 4279 2950 4325; x_wconf 90' lang='lat' dir='ltr'><strong>censet</strong></span> <span class='ocrx_word' id='word_1_657' title='bbox 2975 4271 3277 4340; x_wconf 78' lang='lat' dir='ltr'><strong>0pulentus.</strong></span> <span class='ocrx_word' id='word_1_658' title='bbox 3310 4273 3381 4326; x_wconf 83' lang='lat' dir='ltr'><strong>At</strong></span> <span class='ocrx_word' id='word_1_659' title='bbox 3405 4273 3450 4324; x_wconf 91' lang='lat' dir='ltr'><strong>si</strong></span> <span class='ocrx_word' id='word_1_660' title='bbox 3479 4271 3693 4340; x_wconf 85' lang='lat' dir='ltr'><strong>quidem</strong></span> <span class='ocrx_word' id='word_1_661' title='bbox 3721 4272 3788 4325; x_wconf 88' lang='lat' dir='ltr'><strong>ad</strong></span> <span class='ocrx_word' id='word_1_662' title='bbox 3830 4287 3927 4326; x_wconf 79' lang='lat' dir='ltr'><strong>ec-</strong></span> 
     </span>
    </p>
   </div>
   <div class='ocr_carea' id='block_1_94' title="bbox 2326 4359 3924 4432">
    <p class='ocr_par' dir='ltr' id='par_1_94' title="bbox 2326 4359 3924 4432">
     <span class='ocr_line' id='line_1_94' title="bbox 2326 4359 3924 4432; baseline 0.003 -20"><span class='ocrx_word' id='word_1_663' title='bbox 2326 4359 2541 4412; x_wconf 87' lang='lat' dir='ltr'><strong>clesiam</strong></span> <span class='ocrx_word' id='word_1_664' title='bbox 2569 4361 2887 4415; x_wconf 89' lang='lat' dir='ltr'><strong>veniendum</strong></span> <span class='ocrx_word' id='word_1_665' title='bbox 2917 4361 3014 4428; x_wconf 91' lang='lat' dir='ltr'><strong>sit,</strong></span> <span class='ocrx_word' id='word_1_666' title='bbox 3041 4363 3191 4432; x_wconf 87' lang='lat' dir='ltr'><strong>quasi</strong></span> <span class='ocrx_word' id='word_1_667' title='bbox 3213 4378 3278 4417; x_wconf 86' lang='lat' dir='ltr'><strong>ex</strong></span> <span class='ocrx_word' id='word_1_668' title='bbox 3300 4363 3480 4432; x_wconf 90' lang='lat' dir='ltr'><strong>aliquo</strong></span> <span class='ocrx_word' id='word_1_669' title='bbox 3509 4362 3723 4417; x_wconf 88' lang='lat' dir='ltr'><strong>sublimi</strong></span> <span class='ocrx_word' id='word_1_670' title='bbox 3752 4363 3924 4432; x_wconf 86' lang='lat' dir='ltr'><strong>gradu</strong></span> 
     </span>
    </p>
   </div>
   <div class='ocr_carea' id='block_1_95' title="bbox 2326 4432 3928 4526">
    <p class='ocr_par' dir='ltr' id='par_1_95' title="bbox 2326 4432 3928 4526">
     <span class='ocr_line' id='line_1_95' title="bbox 2326 4432 3928 4526; baseline 0.004 -21"><span class='ocrx_word' id='word_1_671' title='bbox 2326 4462 2380 4505; x_wconf 90' lang='lat' dir='ltr'><strong>et</strong></span> <span class='ocrx_word' id='word_1_672' title='bbox 2408 4451 2609 4508; x_wconf 88' lang='lat' dir='ltr'><strong>honore</strong></span> <span class='ocrx_word' id='word_1_673' title='bbox 2639 4453 2991 4510; x_wconf 81' lang='lat' dir='ltr'><strong>desiliendum</strong></span> <span class='ocrx_word' id='word_1_674' title='bbox 3020 4455 3122 4519; x_wconf 89' lang='lat' dir='ltr'><strong>sit,</strong></span> <span class='ocrx_word' id='word_1_675' title='bbox 3147 4456 3216 4509; x_wconf 91' lang='lat' dir='ltr'><strong>ita</strong></span> <span class='ocrx_word' id='word_1_676' title='bbox 3244 4432 3523 4526; x_wconf 38' lang='lat' dir='ltr'><strong>pigititatur</strong></span> <span class='ocrx_word' id='word_1_677' title='bbox 3544 4467 3597 4510; x_wconf 89' lang='lat' dir='ltr'><strong>et</strong></span> <span class='ocrx_word' id='word_1_678' title='bbox 3621 4465 3795 4525; x_wconf 89' lang='lat' dir='ltr'><strong>torpet</strong></span> <span class='ocrx_word' id='word_1_679' title='bbox 3819 4498 3836 4522; x_wconf 93' lang='lat'><strong>,</strong></span> <span class='ocrx_word' id='word_1_680' title='bbox 3869 4466 3928 4511; x_wconf 91' lang='lat' dir='ltr'><strong>et</strong></span> 
     </span>
    </p>
   </div>
   <div class='ocr_carea' id='block_1_96' title="bbox 2328 4543 3920 4618">
    <p class='ocr_par' dir='ltr' id='par_1_96' title="bbox 2328 4543 3920 4618">
     <span class='ocr_line' id='line_1_96' title="bbox 2328 4543 3920 4618; baseline 0.004 -21"><span class='ocrx_word' id='word_1_681' title='bbox 2328 4543 2544 4597; x_wconf 87' lang='lat' dir='ltr'><strong>inﬂatur</strong></span> <span class='ocrx_word' id='word_1_682' title='bbox 2568 4544 2762 4600; x_wconf 89' lang='lat' dir='ltr'><strong>deinde</strong></span> <span class='ocrx_word' id='word_1_683' title='bbox 2785 4587 2798 4610; x_wconf 87' lang='lat'><strong>,</strong></span> <span class='ocrx_word' id='word_1_684' title='bbox 2851 4547 3002 4615; x_wconf 88' lang='lat' dir='ltr'><strong>quasi</strong></span> <span class='ocrx_word' id='word_1_685' title='bbox 3033 4547 3300 4614; x_wconf 88' lang='lat' dir='ltr'><strong>quidpiam</strong></span> <span class='ocrx_word' id='word_1_686' title='bbox 3327 4547 3483 4602; x_wconf 79' lang='lat' dir='ltr'><strong>fuerit</strong></span> <span class='ocrx_word' id='word_1_687' title='bbox 3513 4547 3626 4604; x_wconf 87' lang='lat' dir='ltr'><strong>Deo</strong></span> <span class='ocrx_word' id='word_1_688' title='bbox 3648 4548 3874 4618; x_wconf 86' lang='lat' dir='ltr'><strong>largitus</strong></span> <span class='ocrx_word' id='word_1_689' title='bbox 3906 4567 3920 4603; x_wconf 93' lang='lat'>:</span> 
     </span>
    </p>
   </div>
   <div class='ocr_carea' id='block_1_97' title="bbox 2325 4637 3924 4706">
    <p class='ocr_par' dir='ltr' id='par_1_97' title="bbox 2325 4637 3924 4706">
     <span class='ocr_line' id='line_1_97' title="bbox 2325 4637 3924 4706; baseline 0.004 -17"><span class='ocrx_word' id='word_1_690' title='bbox 2325 4649 2448 4689; x_wconf 91' lang='lat' dir='ltr'><strong>cum</strong></span> <span class='ocrx_word' id='word_1_691' title='bbox 2478 4650 2604 4690; x_wconf 87' lang='lat' dir='ltr'><strong>vero</strong></span> <span class='ocrx_word' id='word_1_692' title='bbox 2642 4648 2893 4706; x_wconf 80' lang='lat' dir='ltr'><strong>praperat</strong></span> <span class='ocrx_word' id='word_1_693' title='bbox 2939 4637 3006 4691; x_wconf 91' lang='lat' dir='ltr'><strong>ad</strong></span> <span class='ocrx_word' id='word_1_694' title='bbox 3056 4637 3354 4705; x_wconf 89' lang='lat' dir='ltr'><strong>theatrum,</strong></span> <span class='ocrx_word' id='word_1_695' title='bbox 3417 4640 3505 4694; x_wconf 89' lang='lat' dir='ltr'><strong>ubi</strong></span> <span class='ocrx_word' id='word_1_696' title='bbox 3552 4651 3676 4694; x_wconf 88' lang='lat' dir='ltr'><strong>sunt</strong></span> <span class='ocrx_word' id='word_1_697' title='bbox 3724 4641 3924 4696; x_wconf 87' lang='lat' dir='ltr'><strong>lasciva</strong></span> 
     </span>
    </p>
   </div>
   <div class='ocr_carea' id='block_1_98' title="bbox 2325 4729 3928 4803">
    <p class='ocr_par' dir='ltr' id='par_1_98' title="bbox 2325 4729 3928 4803">
     <span class='ocr_line' id='line_1_98' title="bbox 2325 4729 3928 4803; baseline 0.003 -21"><span class='ocrx_word' id='word_1_698' title='bbox 2325 4729 2628 4797; x_wconf 83' lang='lat' dir='ltr'><strong>spectacula</strong></span> <span class='ocrx_word' id='word_1_699' title='bbox 2671 4737 2725 4783; x_wconf 91' lang='lat' dir='ltr'><strong>et</strong></span> <span class='ocrx_word' id='word_1_700' title='bbox 2770 4738 3106 4793; x_wconf 85' lang='lat' dir='ltr'><strong>acroamata,</strong></span> <span class='ocrx_word' id='word_1_701' title='bbox 3161 4746 3268 4785; x_wconf 91' lang='lat' dir='ltr'><strong>non</strong></span> <span class='ocrx_word' id='word_1_702' title='bbox 3322 4732 3594 4786; x_wconf 82' lang='lat' dir='ltr'><strong>existimat</strong></span> <span class='ocrx_word' id='word_1_703' title='bbox 3637 4747 3694 4787; x_wconf 88' lang='lat' dir='ltr'><strong>se</strong></span> <span class='ocrx_word' id='word_1_704' title='bbox 3725 4734 3928 4803; x_wconf 89' lang='lat' dir='ltr'><strong>probro</strong></span> 
     </span>
    </p>
   </div>
   <div class='ocr_carea' id='block_1_99' title="bbox 2325 4820 3921 4894">
    <p class='ocr_par' dir='ltr' id='par_1_99' title="bbox 2325 4820 3921 4894">
     <span class='ocr_line' id='line_1_99' title="bbox 2325 4820 3921 4894; baseline 0.002 -19"><span class='ocrx_word' id='word_1_705' title='bbox 2325 4821 2561 4890; x_wconf 89' lang='lat' dir='ltr'><strong>seipsum</strong></span> <span class='ocrx_word' id='word_1_706' title='bbox 2594 4820 2815 4877; x_wconf 80' lang='lat' dir='ltr'><strong>allicere</strong></span> <span class='ocrx_word' id='word_1_707' title='bbox 2838 4864 2853 4888; x_wconf 88' lang='lat'><strong>,</strong></span> <span class='ocrx_word' id='word_1_708' title='bbox 2901 4836 3006 4876; x_wconf 90' lang='lat' dir='ltr'><strong>non</strong></span> <span class='ocrx_word' id='word_1_709' title='bbox 3034 4822 3246 4877; x_wconf 84' lang='lat' dir='ltr'><strong>divitias</strong></span> <span class='ocrx_word' id='word_1_710' title='bbox 3269 4838 3394 4878; x_wconf 86' lang='lat' dir='ltr'><strong>suas</strong></span> <span class='ocrx_word' id='word_1_711' title='bbox 3421 4839 3519 4878; x_wconf 89' lang='lat' dir='ltr'><strong>nec</strong></span> <span class='ocrx_word' id='word_1_712' title='bbox 3567 4824 3921 4894; x_wconf 72' lang='lat' dir='ltr'><strong>nobilitatem.</strong></span> 
     </span>
    </p>
   </div>
   <div class='ocr_carea' id='block_1_100' title="bbox 2324 4911 3930 4984">
    <p class='ocr_par' dir='ltr' id='par_1_100' title="bbox 2324 4911 3930 4984">
     <span class='ocr_line' id='line_1_100' title="bbox 2324 4911 3930 4984; baseline 0.001 -16"><span class='ocrx_word' id='word_1_713' title='bbox 2324 4911 2474 4968; x_wconf 87' lang='lat' dir='ltr'><strong>Scire</strong></span> <span class='ocrx_word' id='word_1_714' title='bbox 2499 4927 2748 4982; x_wconf 90' lang='lat' dir='ltr'><strong>cuperem</strong></span> <span class='ocrx_word' id='word_1_715' title='bbox 2770 4953 2784 4976; x_wconf 91' lang='lat'><strong>,</strong></span> <span class='ocrx_word' id='word_1_716' title='bbox 2832 4913 2920 4968; x_wconf 89' lang='lat' dir='ltr'><strong>ubi</strong></span> <span class='ocrx_word' id='word_1_717' title='bbox 2953 4928 3094 4967; x_wconf 89' lang='lat' dir='ltr'><strong>nunc</strong></span> <span class='ocrx_word' id='word_1_718' title='bbox 3140 4914 3281 4978; x_wconf 87' lang='lat' dir='ltr'><strong>sint,</strong></span> <span class='ocrx_word' id='word_1_719' title='bbox 3313 4915 3400 4984; x_wconf 89' lang='lat' dir='ltr'><strong>qui</strong></span> <span class='ocrx_word' id='word_1_720' title='bbox 3428 4923 3536 4968; x_wconf 88' lang='lat' dir='ltr'><strong>tum</strong></span> <span class='ocrx_word' id='word_1_721' title='bbox 3586 4915 3680 4968; x_wconf 92' lang='lat' dir='ltr'><strong>illo</strong></span> <span class='ocrx_word' id='word_1_722' title='bbox 3709 4915 3795 4969; x_wconf 88' lang='lat' dir='ltr'><strong>die</strong></span> <span class='ocrx_word' id='word_1_723' title='bbox 3825 4930 3930 4970; x_wconf 89' lang='lat' dir='ltr'><strong>nos</strong></span> 
     </span>
    </p>
   </div>
   <div class='ocr_carea' id='block_1_101' title="bbox 2328 5005 3929 5076">
    <p class='ocr_par' dir='ltr' id='par_1_101' title="bbox 2328 5005 3929 5076">
     <span class='ocr_line' id='line_1_101' title="bbox 2328 5005 3929 5076; baseline 0.001 -17"><span class='ocrx_word' id='word_1_724' title='bbox 2328 5005 2747 5060; x_wconf 87' lang='lat' dir='ltr'><strong>interturbabant</strong></span> <span class='ocrx_word' id='word_1_725' title='bbox 2781 5047 2795 5069; x_wconf 89' lang='lat'><strong>,</strong></span> <span class='ocrx_word' id='word_1_726' title='bbox 2823 5006 3085 5076; x_wconf 89' lang='lat' dir='ltr'><strong>siquidem</strong></span> <span class='ocrx_word' id='word_1_727' title='bbox 3135 5007 3505 5062; x_wconf 85' lang='lat' dir='ltr'><strong>interturbatio</strong></span> <span class='ocrx_word' id='word_1_728' title='bbox 3531 5008 3775 5076; x_wconf 72' lang='lat' dir='ltr'><strong>quaedam</strong></span> <span class='ocrx_word' id='word_1_729' title='bbox 3807 5019 3929 5062; x_wconf 88' lang='lat' dir='ltr'><strong>erat</strong></span> 
     </span>
    </p>
   </div>
   <div class='ocr_carea' id='block_1_102' title="bbox 2334 5097 3923 5168">
    <p class='ocr_par' dir='ltr' id='par_1_102' title="bbox 2334 5097 3923 5168">
     <span class='ocr_line' id='line_1_102' title="bbox 2334 5097 3923 5168; baseline -0.001 -17"><span class='ocrx_word' id='word_1_730' title='bbox 2334 5097 2569 5166; x_wconf 88' lang='lat' dir='ltr'><strong>ipsorum</strong></span> <span class='ocrx_word' id='word_1_731' title='bbox 2595 5098 2878 5166; x_wconf 68' lang='lat' dir='ltr'><strong>praesentia</strong></span> <span class='ocrx_word' id='word_1_732' title='bbox 2907 5115 2919 5152; x_wconf 94' lang='lat'>:</span> <span class='ocrx_word' id='word_1_733' title='bbox 2949 5097 3088 5152; x_wconf 91' lang='lat' dir='ltr'><strong>scire</strong></span> <span class='ocrx_word' id='word_1_734' title='bbox 3117 5112 3370 5167; x_wconf 88' lang='lat' dir='ltr'><strong>cuperem</strong></span> <span class='ocrx_word' id='word_1_735' title='bbox 3406 5097 3532 5167; x_wconf 90' lang='lat' dir='ltr'><strong>quid</strong></span> <span class='ocrx_word' id='word_1_736' title='bbox 3561 5111 3701 5152; x_wconf 91' lang='lat' dir='ltr'><strong>nunc</strong></span> <span class='ocrx_word' id='word_1_737' title='bbox 3731 5107 3923 5168; x_wconf 83' lang='lat' dir='ltr'><strong>agant,</strong></span> 
     </span>
    </p>
   </div>
   <div class='ocr_carea' id='block_1_103' title="bbox 2327 5187 3926 5260">
    <p class='ocr_par' dir='ltr' id='par_1_103' title="bbox 2327 5187 3926 5260">
     <span class='ocr_line' id='line_1_103' title="bbox 2327 5187 3926 5260; baseline 0.001 -19"><span class='ocrx_word' id='word_1_738' title='bbox 2327 5187 2452 5257; x_wconf 89' lang='lat' dir='ltr'><strong>quid</strong></span> <span class='ocrx_word' id='word_1_739' title='bbox 2483 5189 2664 5243; x_wconf 88' lang='lat' dir='ltr'><strong>utilius</strong></span> <span class='ocrx_word' id='word_1_740' title='bbox 2709 5190 2826 5256; x_wconf 89' lang='lat' dir='ltr'><strong>his,</strong></span> <span class='ocrx_word' id='word_1_741' title='bbox 2873 5205 2991 5259; x_wconf 71' lang='lat' dir='ltr'><strong>qure</strong></span> <span class='ocrx_word' id='word_1_742' title='bbox 3021 5190 3174 5245; x_wconf 89' lang='lat' dir='ltr'><strong>nobis</strong></span> <span class='ocrx_word' id='word_1_743' title='bbox 3195 5200 3321 5245; x_wconf 88' lang='lat' dir='ltr'><strong>sunt</strong></span> <span class='ocrx_word' id='word_1_744' title='bbox 3349 5205 3457 5260; x_wconf 66' lang='lat' dir='ltr'><strong>prae</strong></span> <span class='ocrx_word' id='word_1_745' title='bbox 3487 5190 3731 5244; x_wconf 88' lang='lat' dir='ltr'><strong>manibus</strong></span> <span class='ocrx_word' id='word_1_746' title='bbox 3755 5230 3768 5252; x_wconf 94' lang='lat'><strong>,</strong></span> <span class='ocrx_word' id='word_1_747' title='bbox 3803 5190 3926 5243; x_wconf 90' lang='lat' dir='ltr'><strong>illos</strong></span> 
     </span>
    </p>
   </div>
   <div class='ocr_carea' id='block_1_104' title="bbox 2327 5270 3925 5352">
    <p class='ocr_par' dir='ltr' id='par_1_104' title="bbox 2327 5270 3925 5352">
     <span class='ocr_line' id='line_1_104' title="bbox 2327 5270 3925 5352; baseline 0.003 -20"><span class='ocrx_word' id='word_1_748' title='bbox 2327 5289 2569 5348; x_wconf 90' lang='lat' dir='ltr'><strong>occupet.</strong></span> <span class='ocrx_word' id='word_1_749' title='bbox 2602 5280 2712 5335; x_wconf 94' lang='lat' dir='ltr'><strong>lmo</strong></span> <span class='ocrx_word' id='word_1_750' title='bbox 2759 5283 2900 5335; x_wconf 84' lang='lat' dir='ltr'><strong>nulla</strong></span> <span class='ocrx_word' id='word_1_751' title='bbox 2925 5270 3205 5352; x_wconf 71' lang='lat' dir='ltr'><strong>occ&#39;upatio</strong></span> <span class='ocrx_word' id='word_1_752' title='bbox 3247 5283 3364 5336; x_wconf 92' lang='lat' dir='ltr'><strong>illos</strong></span> <span class='ocrx_word' id='word_1_753' title='bbox 3385 5281 3622 5346; x_wconf 88' lang='lat' dir='ltr'><strong>detinet,</strong></span> <span class='ocrx_word' id='word_1_754' title='bbox 3652 5282 3746 5336; x_wconf 87' lang='lat' dir='ltr'><strong>sed</strong></span> <span class='ocrx_word' id='word_1_755' title='bbox 3775 5283 3925 5337; x_wconf 90' lang='lat' dir='ltr'><strong>solus</strong></span> 
     </span>
    </p>
   </div>
   <div class='ocr_carea' id='block_1_105' title="bbox 2328 5371 3922 5442">
    <p class='ocr_par' dir='ltr' id='par_1_105' title="bbox 2328 5371 3922 5442">
     <span class='ocr_line' id='line_1_105' title="bbox 2328 5371 3922 5442; baseline 0 -18"><span class='ocrx_word' id='word_1_756' title='bbox 2328 5372 2512 5425; x_wconf 83' lang='lat' dir='ltr'><strong>fastus.</strong></span> <span class='ocrx_word' id='word_1_757' title='bbox 2565 5372 2681 5438; x_wconf 90' lang='lat' dir='ltr'><strong>Quo</strong></span> <span class='ocrx_word' id='word_1_758' title='bbox 2709 5372 2834 5440; x_wconf 86' lang='lat' dir='ltr'><strong>quid</strong></span> <span class='ocrx_word' id='word_1_759' title='bbox 2865 5372 3104 5426; x_wconf 87' lang='lat' dir='ltr'><strong>insanius</strong></span> <span class='ocrx_word' id='word_1_760' title='bbox 3159 5373 3327 5428; x_wconf 91' lang='lat' dir='ltr'><strong>videri</strong></span> <span class='ocrx_word' id='word_1_761' title='bbox 3360 5371 3570 5442; x_wconf 80' lang='lat' dir='ltr'><strong>potest?</strong></span> <span class='ocrx_word' id='word_1_762' title='bbox 3605 5372 3718 5426; x_wconf 91' lang='lat' dir='ltr'><strong>Cur</strong></span> <span class='ocrx_word' id='word_1_763' title='bbox 3738 5374 3880 5426; x_wconf 90' lang='lat' dir='ltr'><strong>enim</strong></span> <span class='ocrx_word' id='word_1_764' title='bbox 3903 5411 3922 5435; x_wconf 87' lang='lat'><strong>,</strong></span> 
     </span>
    </p>
   </div>
   <div class='ocr_carea' id='block_1_106' title="bbox 2327 5461 3925 5532">
    <p class='ocr_par' dir='ltr' id='par_1_106' title="bbox 2327 5461 3925 5532">
     <span class='ocr_line' id='line_1_106' title="bbox 2327 5461 3925 5532; baseline 0.002 -18"><span class='ocrx_word' id='word_1_765' title='bbox 2327 5477 2510 5531; x_wconf 82' lang='lat' dir='ltr'><strong>quaeso</strong></span> <span class='ocrx_word' id='word_1_766' title='bbox 2529 5505 2544 5526; x_wconf 89' lang='lat'><strong>,</strong></span> <span class='ocrx_word' id='word_1_767' title='bbox 2575 5461 2854 5532; x_wconf 84' lang='lat' dir='ltr'><strong>magnifice</strong></span> <span class='ocrx_word' id='word_1_768' title='bbox 2877 5478 2937 5516; x_wconf 91' lang='lat' dir='ltr'><strong>ac</strong></span> <span class='ocrx_word' id='word_1_769' title='bbox 2959 5464 3191 5532; x_wconf 86' lang='lat' dir='ltr'><strong>superbe</strong></span> <span class='ocrx_word' id='word_1_770' title='bbox 3229 5463 3296 5517; x_wconf 69' lang='lat' dir='ltr'><strong>de</strong></span> <span class='ocrx_word' id='word_1_771' title='bbox 3326 5474 3376 5517; x_wconf 91' lang='lat' dir='ltr'><strong>te</strong></span> <span class='ocrx_word' id='word_1_772' title='bbox 3397 5463 3598 5531; x_wconf 88' lang='lat' dir='ltr'><strong>sentis,</strong></span> <span class='ocrx_word' id='word_1_773' title='bbox 3624 5465 3698 5520; x_wconf 91' lang='lat' dir='ltr'><strong>mi</strong></span> <span class='ocrx_word' id='word_1_774' title='bbox 3727 5461 3925 5519; x_wconf 74' lang='lat' dir='ltr'><strong>homo?</strong></span> 
     </span>
    </p>
   </div>
   <div class='ocr_carea' id='block_1_107' title="bbox 2330 5552 3928 5622">
    <p class='ocr_par' dir='ltr' id='par_1_107' title="bbox 2330 5552 3928 5622">
     <span class='ocr_line' id='line_1_107' title="bbox 2330 5552 3928 5622; baseline 0.003 -17"><span class='ocrx_word' id='word_1_775' title='bbox 2330 5561 2487 5621; x_wconf 86' lang='lat' dir='ltr'><strong>teque</strong></span> <span class='ocrx_word' id='word_1_776' title='bbox 2517 5552 2666 5606; x_wconf 87' lang='lat' dir='ltr'><strong>nobis</strong></span> <span class='ocrx_word' id='word_1_777' title='bbox 2694 5553 2978 5622; x_wconf 85' lang='lat' dir='ltr'><strong>gratiﬁcari</strong></span> <span class='ocrx_word' id='word_1_778' title='bbox 3005 5568 3194 5608; x_wconf 88' lang='lat' dir='ltr'><strong>censes</strong></span> <span class='ocrx_word' id='word_1_779' title='bbox 3216 5596 3229 5620; x_wconf 95' lang='lat'><strong>,</strong></span> <span class='ocrx_word' id='word_1_780' title='bbox 3253 5554 3299 5609; x_wconf 91' lang='lat' dir='ltr'><strong>si</strong></span> <span class='ocrx_word' id='word_1_781' title='bbox 3330 5569 3452 5608; x_wconf 87' lang='lat' dir='ltr'><strong>cum</strong></span> <span class='ocrx_word' id='word_1_782' title='bbox 3484 5556 3586 5610; x_wconf 91' lang='lat' dir='ltr'><strong>huc</strong></span> <span class='ocrx_word' id='word_1_783' title='bbox 3605 5557 3814 5611; x_wconf 86' lang='lat' dir='ltr'><strong>veneris</strong></span> <span class='ocrx_word' id='word_1_784' title='bbox 3839 5567 3928 5609; x_wconf 71' lang='lat' dir='ltr'><strong>st-</strong></span> 
     </span>
    </p>
   </div>
   <div class='ocr_carea' id='block_1_108' title="bbox 2331 5643 3922 5716">
    <p class='ocr_par' dir='ltr' id='par_1_108' title="bbox 2331 5643 3922 5716">
     <span class='ocr_line' id='line_1_108' title="bbox 2331 5643 3922 5716; baseline 0.001 -20"><span class='ocrx_word' id='word_1_785' title='bbox 2331 5643 2539 5708; x_wconf 89' lang='lat' dir='ltr'><strong>tendas,</strong></span> <span class='ocrx_word' id='word_1_786' title='bbox 2573 5651 2626 5697; x_wconf 89' lang='lat' dir='ltr'><strong>et</strong></span> <span class='ocrx_word' id='word_1_787' title='bbox 2650 5659 2766 5713; x_wconf 71' lang='lat' dir='ltr'><strong>qua:</strong></span> <span class='ocrx_word' id='word_1_788' title='bbox 2797 5643 2860 5697; x_wconf 86' lang='lat' dir='ltr'><strong>ad</strong></span> <span class='ocrx_word' id='word_1_789' title='bbox 2907 5643 3134 5699; x_wconf 87' lang='lat' dir='ltr'><strong>salutem</strong></span> <span class='ocrx_word' id='word_1_790' title='bbox 3163 5645 3355 5700; x_wconf 72' lang='lat' dir='ltr'><strong>anima:</strong></span> <span class='ocrx_word' id='word_1_791' title='bbox 3401 5655 3502 5701; x_wconf 63' lang='lat' dir='ltr'><strong>tute</strong></span> <span class='ocrx_word' id='word_1_792' title='bbox 3529 5648 3794 5716; x_wconf 88' lang='lat' dir='ltr'><strong>pertinent</strong></span> <span class='ocrx_word' id='word_1_793' title='bbox 3819 5661 3922 5699; x_wconf 73' lang='lat' dir='ltr'><strong>an.</strong></span> 
     </span>
    </p>
   </div>
   <div class='ocr_carea' id='block_1_109' title="bbox 2329 5733 3927 5810">
    <p class='ocr_par' dir='ltr' id='par_1_109' title="bbox 2329 5733 3927 5810">
     <span class='ocr_line' id='line_1_109' title="bbox 2329 5733 3927 5810; baseline -0.001 -17"><span class='ocrx_word' id='word_1_794' title='bbox 2329 5739 2479 5794; x_wconf 77' lang='lat' dir='ltr'><strong>dias?</strong></span> <span class='ocrx_word' id='word_1_795' title='bbox 2507 5752 2664 5807; x_wconf 82' lang='lat' dir='ltr'><strong>quam</strong></span> <span class='ocrx_word' id='word_1_796' title='bbox 2697 5733 2766 5791; x_wconf 92' lang='lat' dir='ltr'><strong>ob</strong></span> <span class='ocrx_word' id='word_1_797' title='bbox 2791 5749 3038 5803; x_wconf 80' lang='lat' dir='ltr'><strong>causam,</strong></span> <span class='ocrx_word' id='word_1_798' title='bbox 3087 5752 3290 5808; x_wconf 85' lang='lat' dir='ltr'><strong>qu.eso,</strong></span> <span class='ocrx_word' id='word_1_799' title='bbox 3337 5746 3389 5793; x_wconf 92' lang='lat' dir='ltr'><strong>ct</strong></span> <span class='ocrx_word' id='word_1_800' title='bbox 3434 5739 3586 5810; x_wconf 78' lang='lat' dir='ltr'><strong>cujus</strong></span> <span class='ocrx_word' id='word_1_801' title='bbox 3629 5738 3702 5794; x_wconf 88' lang='lat' dir='ltr'><strong>rei</strong></span> <span class='ocrx_word' id='word_1_802' title='bbox 3752 5734 3927 5810; x_wconf 70' lang='lat' dir='ltr'><strong>gratia</strong></span> 
     </span>
    </p>
   </div>
  </div>
