4218 6294
275 418 346 471 69
884 406 949 463 IN
988 392 1514 462 INSCBIPTIONEM
1554 386 1851 446 ALTARIS
1889 386 1907 440 1

2019 381 2085 437 IN
2125 375 2526 435 PRINCIPIUM
2566 371 2921 431 Αοτοιιυιι.
2964 370 3009 428 1.
3513 370 3580 427 7U
3638 358 3661 363 ﬁ

271 535 558 606 gloriaris?
578 548 648 589 an
686 530 758 586 ob
780 524 1027 585 divitias?
1071 538 1140 577 an
1169 518 1238 575 ob
1268 524 1444 572 vestes
1490 506 1721 566 sericas?
1751 503 1877 606 .Cur

276 596 382 686 non
410 628 590 698 potius
620 622 826 695 cogitas
848 618 962 675 illas
986 613 1248 669 vermium
1275 621 1396 664 esse
1419 602 1645 660 stamina
1676 606 1731 653 et
1751 596 1879 698 bar-

277 685 530 775 barorum
560 685 837 771 hominum
885 704 1138 765 inventa?
1159 699 1473 758 meretrices
1515 694 1621 749 illis
1649 704 1713 745 ac
1740 685 1880 742 ntel-

279 813 483 873 |es,-et
527 807 897 880 sepulcrorum
945 798 1312 869 pet'iossores,
1373 803 1437 843 ac
1477 787 1715 880 latrones
1767 778 1883 834 uti?

278 901 504 955 Divitias
527 873 762 969 agnosce
785 890 1048 963 legitimas
1070 928 1086 952 ,
1119 894 1175 941 et
1201 882 1271 938 ab
1310 880 1401 936 illo
1435 873 1655 969 sublimi
1706 882 1875 925 vano-

276 1005 384 1058 que
405 988 546 1043 fastu
570 966 872 1055 aliquando
919 977 1203 1040 delabere;
1233 979 1439 1027 natura:
1467 966 1723 1058 vilitatem
1750 973 1882 1016 con-

277 1055 480 1135 sidera.
511 1077 679 1133 Terra
723 1088 784 1130 es
812 1081 868 1129 et
910 1069 1085 1141 pulvis
1103 1108 1120 1134 ,
1142 1064 1278 1121 cinis
1302 1070 1358 1118 et
1387 1057 1599 1123 favilla,
1627 1055 1806 1109 fumus
1830 1060 1887 1107 et

264 1172 510 1235 .umbra,
546 1167 748 1224 frenum
775 1171 834 1221 et‘
856 1164 957 1219 nos
1002 1159 1151 1216 fani.
1186 1156 1392 1220 Taline,
1425 1165 1643 1223 quaso,
1695 1156 1884 1201 natura

277 1260 568 1332 gloriaris?
592 1258 730 1328 Quid
747 1272 876 1313 vero
899 1268 1019 1311 esse
1046 1257 1223 1323 potest
1247 1246 1417 1321 magis
1438 1241 1722 1299 ridiculum
1746 1239 1771 1332 ξ
1791 1238 1888 1294 Δι-

277 1331 375 1424 qui
394 1352 581 1407 multis
599 1343 911 1405 hominibus
934 1342 1202 1417 imperas?
1220 1338 1359 1410 Quid
1384 1336 1488 1391 hoc
1516 1335 1609 1389 tibi
1643 1331 1883 1404 prodest,

279 1445 427 1517 quod
460 1443 767 1498 hominibus
810 1442 1077 1510 imperes,
1105 1451 1227 1490 cum
1260 1428 1740 1517 perturbationum
1768 1433 1887 1517 tua-

281 1513 407 1591 rum
455 1548 646 1591 servus
692 1541 750 1588 et
792 1530 1037 1600 captivus
1063 1525 1173 1582 sis?
1212 1517 1675 1592 Quemadmodum
1700 1513 1889 1583 siquis

279 1627 430 1683 domi
458 1625 675 1697 quidem
701 1638 734 1678 a
762 1621 976 1678 famulis
1001 1615 1317 1674 verberibus
1341 1626 1406 1667 ac
1422 1608 1729 1667 vulneribus
1753 1620 1889 1660 eon-

280 1718 515 1785 cidatur,
548 1715 679 1772 foris
709 1723 889 1771 autem
916 1713 971 1767 in
998 1710 1174 1766 forum
1197 1705 1451 1770 veniens,
1472 1700 1617 1774 quod
1640 1699 1757 1754 aliis
1784 1697 1889 1751 imo

283 1819 459 1881 pcret,
513 1788 812 1881 glorietur:
844 1808 919 1862 ita
945 1819 1069 1861 cum
1102 1814 1155 1858 te
1199 1800 1450 1857 verberet
1493 1793 1667 1850 inanis
1704 1788 1892 1861 gloriae

282 1900 574 1972 cupiditas,
597 1915 721 1957 cum
751 1898 848 1953 tibi
879 1896 1100 1951 vulnera
1128 1890 1333 1972 indiget
1359 1885 1566 1943 luxuria
1588 1922 1605 1951 ,
1632 1896 1754 1938 cum
1775 1895 1893 1935 om-

282 1970 435 2048 nium
466 1989 932 2061 perturbationum
957 2000 1149 2042 servus
1173 1970 1273 2049 sis,
1301 1978 1547 2051 gloriaris
1565 1974 1711 2048 quod
1758 1987 1891 2044 gen-

287 2085 474 2139 tilibus
502 2084 621 2138 tuis-
644 2079 915 2153 imperes?
939 2078 1116 2149 Atque
1144 2074 1347 2130 utinam
1403 2070 1511 2126 illis
1560 2064 1890 2139 imperares!

286 2172 494 2229 utinam
521 2169 939 2243 atquiparandus
967 2167 1074 2223 illis
1098 2164 1281 2221 esses!

355 2263 412 2318 2.
450 2261 574 2317 Non
599 2261 810 2328 divitia,
835 2259 925 2315 sed
951 2258 1241 2313 diuitiarum
1264 2253 1450 2309 abusus
1476 2251 1897 2305 damnandus.—

288 2356 403 2413 Non
436 2365 496 2410 ut
517 2354 713 2411 divites
733 2365 984 2409 accusem
1016 2350 1135 2405 bare
1150 2347 1302 2413 dico,
1335 2344 1431 2401 sed
1460 2357 1555 2400 eos
1580 2344 1670 2413 qui
1697 2338 1897 2395 divitiis

288 2462 573 2519 perperam
604 2456 849 2501 utuntur.
880 2442 1064 2514 Neque
1088 2441 1232 2497 enim
1263 2438 1465 2494 malum
1499 2443 1625 2491 sunt
1659 2431 1894 2497 divitire,

290 2541 332 2595 si
355 2540 437 2596 eis
459 2546 517 2593 ut
537 2543 754 2609 oportet
781 2536 859 2592 uti
883 2533 1233 2597 voluerimus,
1268 2529 1365 2586 sed
1390 2527 1639 2599 superbia
1667 2532 1725 2580 et
1750 2537 1900 2577 arro-

288 2629 495 2699 gantia.
515 2627 576 2684 Si
596 2624 795 2682 malum
818 2632 1004 2682 essent
1022 2621 1240 2687 divitia,
1264 2631 1603 2691 nequaquam
1623 2613 1691 2671 ad
1720 2614 1898 2669 sinum

291 2719 527 2775 Abrahae
554 2716 842 2787 pervenire
867 2724 1178 2785 optaremus
1202 2724 1394 2766 omnes
1417 2750 1433 2777 ,
1459 2707 1553 2779 qui
1578 2702 1901 2761 vernaculos

291 2810 480 2867 babuit
508 2802 784 2865 trecentos
807 2815 865 2863 et
890 2804 1191 2863 octodecim
1220 2802 1472 2858 famulos.
1502 2799 1621 2855 Non
1647 2804 1775 2854 sunt
1802 2796 1905 2867 igi-

293 2916 383 2959 tttr
426 2901 625 2957 malum
655 2899 858 2954 divitia:
883 2874 1023 2965 ,‘sed
1068 2893 1381 2965 illegitimus
1419 2905 1604 2946 earum
1645 2902 1775 2945 usus
1818 2894 1905 2943 est

293 2992 521 3050 malum.
545 2990 615 3047 Et
636 2988 779 3045 sicut
805 3003 978 3060 nuper
997 2986 1068 3043 de
1096 2984 1359 3042 ebrietate
1383 2981 1547 3039 verba
1566 2979 1772 3036 faciens
1792 2992 1903 3034 non

294 3085 487 3139 vinum
524 3079 844 3138 accusabam
872 3077 951 3153 (ι)
980 3095 997 3146 ;
1024 3076 1226 3149 quippe
1266 3090 1390 3132 cum
1439 3072 1618 3129 omnis
1656 3079 1905 3128 creatura

295 3171 396 3230 Dei
425 3172 567 3228 bona
588 3211 606 3238 ,
634 3169 873 3242 nihilque
898 3165 1251 3239 rejicieudum
1276 3165 1350 3222 sit
1379 3164 1524 3234 quod
1550 3177 1672 3218 cum
1700 3160 1907 3233 gratia-

297 3278 420 3320 rum
447 3262 661 3319 actione
686 3260 981 3333 percipitur
1001 3260 1078 3332 (ι.
1099 3257 1238 3313 Tini.
1270 3257 1324 3314 ι.
1350 3256 1420 3327 ι)
1453 3273 1466 3309 :
1500 3256 1574 3312 ita
1600 3268 1742 3311 nunc
1767 3268 1909 3325 quo-

297 3370 410 3428 que
451 3369 561 3410 nou
586 3353 784 3409 divites
807 3364 1029 3419 accuso,
1067 3364 1245 3421 neque
1271 3348 1527 3419 pecunias
1551 3346 1604 3401 in
1649 3343 1908 3400 invidiam

299 3448 536 3514 adduco,
564 3445 663 3503 sed
690 3444 891 3501 malum
913 3458 1070 3500 usum
1097 3440 1467 3513 pecuniarum,
1496 3445 1556 3495 et
1580 3436 1674 3508 qui
1702 3437 1758 3491 in
1784 3434 1911 3491 libi-

301 3540 460 3595 dines
497 3535 848 3607 impenditur.
866 3534 1160 3605 Propterea
1197 3543 1429 3602 χρήματα
1456 3528 1534 3601 (ὁ)
1562 3526 1801 3598 pecuniae
1830 3524 1915 3581 di-

304 3640 522 3697 cuntur,
550 3638 609 3685 ut
635 3643 735 3683 nos
760 3628 868 3683 illis
905 3636 1151 3693 utamur,
1178 3634 1236 3680 et
1276 3638 1386 3680 non
1412 3624 1521 3679 illze
1557 3621 1713 3678 nobis
1745 3637 1761 3676 :
1790 3633 1915 3691 pro-

306 3730 494 3792 pterea
540 3718 909 3790 possessiones
933 3717 1221 3785 dicuntur,
1253 3724 1313 3771 ut
1356 3729 1458 3770 nos
1492 3713 1612 3769 illas
1641 3712 1917 3783 possidea-

307 3826 468 3877 ntus,
498 3818 556 3865 et
614 3824 723 3865 non
780 3807 889 3864 illm
942 3821 1064 3863 nos.
1113 3806 1222 3863 Cur
1275 3806 1436 3877 igitur
1482 3820 1698 3860 servum
1748 3803 1917 3861 habes

307 3900 629 3957 dominum?
670 3914 769 3955 cur
821 3898 1087 3955 iuvertisti
1129 3896 1412 3954 ordinem?
1454 3897 1526 3953 At
1576 3897 1719 3952 enim
1777 3895 1918 3952 scire

310 4005 697 4064 mrcuperem,
723 3990 852 4063 quid
880 3990 968 4045 illi
999 4002 1142 4044 nunc
1182 3997 1345 4059 agant
1369 3988 1461 4058 qui
1488 3987 1771 4043 collectam
1816 3986 1918 4043 de-

308 4090 634 4149 seruerunt,
671 4090 729 4137 et
769 4081 962 4153 quibus
981 4088 1337 4153 occupentur,
1369 4077 1629 4134 Nimirum
1668 4086 1763 4133 ant
1801 4078 1919 4134 alea

312 4175 541 4241 ludunt,
573 4182 667 4228 ant
688 4174 912 4229 omnino
939 4173 1105 4230 rebus
1129 4172 1479 4231 saecularibus
1499 4211 1517 4239 ,
1539 4187 1663 4243 qua:
1690 4172 1921 4227 tumultu

313 4264 656 4329 redundant,
681 4262 1026 4319 distinentur.
1056 4262 1157 4319 Hic
1176 4264 1223 4319 si
1249 4263 1498 4328 adesses,
1530 4263 1603 4317 mi
1632 4260 1797 4318 homo
1818 4302 1835 4329 ,
1865 4261 1922 4317 in

316 4356 706 4428 tranquillitate
730 4356 969 4427 atquein
994 4364 1152 4428 portu
1172 4370 1357 4413 esses:
1378 4370 1484 4411 non
1512 4354 1786 4426 ingressus
1812 4352 1925 4410 dis-

317 4456 575 4519 pensatur
618 4447 1002 4505 iuterturbaret
1023 4488 1041 4515 ,
1095 4462 1203 4503 non
1243 4456 1562 4518 procurator
1607 4445 1923 4517 interpella-

318 4548 433 4607 ret,
483 4555 592 4595 non
649 4539 879 4595 famulus
914 4539 989 4597 ob
1032 4540 1311 4596 secularia
1360 4540 1573 4611 negotia
1622 4538 1925 4597 molestiam

318 4632 560 4696 all'erret.
589 4647 697 4688 non
719 4632 857 4688 alius
881 4632 1024 4690 ullus
1044 4632 1302 4699 irritaret,
1329 4633 1426 4689 sed
1455 4635 1507 4689 in
1533 4633 1713 4704 quiete
1733 4632 1928 4690 vivens

318 4719 522 4780 divinis
549 4722 869 4779 lectionibus
908 4724 1217 4780 interesses.
1246 4722 1519 4794 Nusquam
1564 4724 1651 4781 hic
1690 4722 1925 4780 ﬂuctus:

321 4830 592 4888 nusquam
644 4815 938 4882 tumultus.
981 4814 1094 4884 ,sed
1151 4814 1456 4873 benedictio
1501 4826 1558 4873 et
1602 4831 1829 4888 preces.
1876 4826 1933 4873 ct

322 4922 510 4965 sermo
536 4906 835 4978 spiritualis
856 4947 875 4976 ,
918 4908 1052 4965 etin
1081 4908 1274 4964 cadum
1316 4908 1712 4980 commigratio,
1740 4916 1797 4965 et
1816 4908 1931 4980 jam

321 5016 387 5056 cx
416 4999 665 5056 boelooo
683 5038 699 5065 ,
727 5008 952 5070 accepto
989 4998 1213 5070 pignore
1240 4998 1392 5069 regni
1435 4999 1725 5068 calorum,
1755 5000 1933 5057 disce-

323 5084 507 5147 dercs.
537 5087 711 5158 Quam
738 5089 811 5145 ob
832 5103 1052 5145 causam
1074 5089 1387 5160 opulentam
1430 5090 1569 5147 banc
1605 5106 1848 5148 mensam
1877 5100 1933 5148 et

325 5181 608 5251 opiparatn
652 5175 909 5237 deserens
930 5222 947 5249 ,
985 5180 1052 5237 ad
1076 5180 1237 5238 aliam
1281 5182 1451 5239 multo
1480 5183 1848 5239 molestiorem
1880 5193 1934 5240 te

329 5269 652 5326 transtulisti
676 5310 692 5334 ,
727 5279 784 5326 et
809 5268 1069 5327 derelicto
1098 5282 1253 5339 portu
1278 5286 1403 5328 eum
1437 5273 1609 5329 turbis
1637 5275 1935 5346 tranquilli-

331 5373 499 5419 tate.
522 5361 906 5419 commutasti?
935 5362 1030 5419 Est
1053 5362 1185 5419 illud
1204 5364 1421 5435 quidem
1446 5380 1630 5437 grave,
1659 5366 1804 5439 quod
1826 5382 1933 5423 non

332 5455 586 5512 intersint
613 5470 878 5527 pauperes
895 5497 914 5521 ,
940 5456 1034 5527 qui
1059 5466 1171 5513 tum
1198 5457 1423 5537 aderant
1449 5477 1464 5513 :
1492 5459 1591 5516 sed
1622 5476 1731 5517 non
1753 5462 1824 5517 ita
1852 5471 1936 5537 ta.

334 5562 459 5604 men
486 5561 689 5619 grave,
717 5554 778 5601 ut
813 5546 956 5619 quod
987 5547 1181 5607 divites
1210 5564 1318 5605 non
1347 5551 1616 5607 intersint.
1647 5551 1785 5622 Quid
1816 5554 1887 5609 ita
1912 5552 1938 5608 ?

337 5699 631 5815 ὣιωο
659 5713 809 5766 supra
844 5702 1017 5755 ttomil.
1051 5713 1219 5757 contra
1256 5707 1479 5759 Eln'iosos
1512 5712 1565 5759 et
1592 5707 1659 5761 de
1698 5714 1939 5763 ttcsurrc-

407 5795 555 5888 (ira
577 5825 750 5883 verbo.
768 5838 926 5891 ne..."
943 5866 957 5888 ,
980 5826 1028 5880 id
1053 5836 1149 5893 cst,
1175 5833 1304 5887 ator,

1985 496 2140 565 Quod
2177 509 2442 566 pauperes
2486 492 2805 555 necessariis
2834 488 3280 558 occupationibus
3314 486 3606 544 detinean—

1989 597 2096 653 tur,
2130 586 2425 658 quotidiani
2452 584 2651 656 opiilcii
2682 582 3063 639 sollicitudine.
3094 579 3343 636 manibus
3372 580 3487 637 suis
3516 577 3596 633 vi-

1986 687 2133 735 ctum
2167 678 2272 755 sibi
2300 686 2679 748 comparantes
2708 693 2721 728 :
2749 674 3150 730 etlucandorum
3180 673 3472 728 liberorum
3502 686 3599 727 cu-

1988 785 2104 827 ram
2127 778 2345 841 gerunt,
2376 782 2601 823 uxorem
2628 774 2864 833 tuentur,
2890 780 2955 820 ac
2985 766 3085 819 nisi
3117 764 3384 830 laborent,
3416 765 3598 818 vivere

1990 872 2284 934 nequeunt.
2320 860 2445 915 Haec
2474 874 2503 913 a
2531 871 2620 915 me
2656 858 2946 923 dicuntur,
2973 871 3080 911 non
3127 866 3185 911 ut
3226 855 3598 911 defensionem

1991 953 2099 1009 illis
2143 966 2487 1027 componam,
2531 948 2627 1005 sed
2673 957 2731 1003 ιιι
2770 947 2964 1003 divites
3015 945 3205 1016 majori
3257 945 3601 1000 accusatione

1990 1059 2115 1101 esse
2174 1043 2367 1115 dignos
2424 1042 2728 1099 ostendam.
2783 1038 2996 1107 Quanto
3058 1036 3249 1107 majori
3312 1036 3601 1092 securitate

1992 1135 2263 1200 fruuntur,
2294 1142 2442 1189 tanto
2474 1133 2643 1204 magis
2666 1129 3083 1195 datnnabuntur,
3106 1127 3249 1198 quod
3273 1126 3432 1196 nullis
3456 1126 3602 1197 ejus-

1992 1227 2136 1284 modi
2164 1226 2326 1281 rebus
2361 1232 2711 1294 occupentur.
3394 1210 3397 1212 ’

2063 1317 2264 1373 Iudicis
2285 1317 2481 1388 peiores
2515 1315 2603 1388 qui
2630 1313 2815 1369 absunt
2833 1311 2899 1367 ab
2917 1310 3150 1366 ecclesia.
3181 1340 3254 1350 —
3275 1308 3465 1365 Nonne
3501 1307 3602 1365 Ju-

1993 1408 2139 1465 daeos
2174 1407 2367 1463 videtis
2389 1448 2405 1475 ,
2438 1406 2551 1462 Deo
2597 1404 2864 1467 rebelles.
2897 1404 2986 1474 qui
3029 1401 3253 1473 Spiritui
3293 1410 3478 1457 sancto
3526 1417 3607 1458 re-

1994 1502 2226 1566 sistunt,
2285 1499 2450 1555 duros
2495 1499 2614 1554 illos
2661 1497 2913 1552 cervice?
2962 1496 3057 1551 His
3112 1496 3335 1550 omnino
3392 1493 3604 1565 pejores

1995 1602 2157 1659 sunt,
2193 1591 2285 1663 qui
2327 1606 2433 1647 non
2483 1600 2768 1645 venerunt.
2798 1587 2911 1643 Illis
2960 1588 3004 1641 si
3062 1586 3300 1643 dixerint
3345 1585 3605 1641 sacerdo-

1996 1693 2083 1741 tes
2127 1693 2334 1753 septem
2377 1681 2571 1738 dicbus
2610 1682 2678 1736 ab
2718 1680 2974 1749 operibus
3015 1678 3368 1743 cessandum,
3401 1676 3485 1733 vel
3511 1677 3609 1732 de-

1996 1793 2156 1846 cem,
2188 1776 2273 1833 vel
2318 1776 2547 1847 viginti,
2591 1774 2679 1830 vel
2732 1774 2981 1845 triginta,
3032 1787 3137 1826 non
3186 1771 3605 1827 contradicunt:

1998 1871 2214 1927 tametsi
2244 1870 2371 1941 quid
2401 1869 2489 1924 illa
2518 1870 2795 1924 vacatione
2824 1866 3104 1921 molestius
3128 1864 3241 1919 fieri
3268 1864 3485 1935 potest?
3514 1860 3609 1918 Fo-

1997 1977 2087 2017 res
2116 1960 2441 2027 occludunt,
2471 1973 2573 2015 nec
2600 1959 2778 2030 ignem
2805 1956 3143 2016 accendunt.
3176 1970 3279 2010 nec
3307 1968 3501 2026 aquam
3532 1952 3610 2010 fe-

1997 2060 2160 2118 runt,
2192 2066 2366 2122 neque
2406 2049 2553 2106 aliud
2590 2048 2881 2121 quidquam
2922 2048 2988 2101 ad
3018 2045 3283 2117 ejusmodi
3326 2061 3480 2100 usum
3510 2060 3608 2114 ag-

1998 2142 2150 2214 gredi
2177 2143 2283 2199 illis
2326 2141 2653 2214 permittitur
2677 2158 2691 2195 :
2724 2140 2819 2198 sed
2847 2138 2959 2195 otio
2982 2147 3252 2208 tamquam
3284 2148 3473 2192 catena
3501 2137 3613 2190 viu-

2000 2235 2234 2303 ciuntur,
2262 2244 2317 2291 et
2342 2249 2410 2291 ne
2449 2243 2561 2290 tum
2582 2232 2800 2304 quidem
2832 2230 3228 2287 contradicunt.
3254 2231 3323 2283 At
3351 2244 3452 2297 ego
3475 2226 3610 2283 nihil

2002 2325 2109 2382 tale
2132 2324 2255 2381 dico
2276 2367 2292 2393 ,
2324 2321 2432 2381 non
2475 2325 2685 2395 impero
2711 2331 2767 2378 ut
2795 2331 3002 2393 septem
3032 2312 3292 2377 decemve
3325 2318 3517 2375 diebus
3541 2317 3613 2373 ab

2001 2416 2577 2488 opcribusabstineas,
2608 2416 2706 2473 sed
2731 2414 2868 2470 duas
2890 2414 3021 2469 mibi
3046 2412 3157 2491 diei
3188 2414 3349 2467 horas
3378 2421 3431 2465 ut
3458 2425 3611 2465 com-

2002 2507 2212 2575 modes,
2234 2508 2473 2579 reliquas
2514 2509 2630 2578 ipse
2652 2505 2748 2562 tibi
2779 2505 2981 2560 habeas
3000 2547 3013 2569 ,
3041 2513 3097 2562 et
3129 2518 3201 2559 ne
3231 2502 3371 2558 banc
3390 2502 3610 2574 quidem

2003 2601 2137 2657 milii
2169 2615 2478 2656 mensuram
2525 2599 2843 2657 contribuis.
2876 2597 2989 2652 lmo
3018 2612 3149 2652 vero
3192 2594 3325 2650 mihi
3370 2610 3436 2649 ne
3473 2609 3616 2649 eunt-

2005 2692 2196 2749 modes
2220 2692 2357 2747 duas
2395 2690 2593 2754 horas,
2634 2689 2730 2746 sed
2763 2688 2857 2744 tibi
2886 2687 3011 2759 ipsi,
3055 2688 3115 2742 tit
3142 2703 3209 2742 ex
3237 2686 3482 2743 oratione
3526 2700 3618 2754 pa-

2007 2790 2149 2837 trum
2195 2782 2432 2852 aliquam
2464 2778 2890 2836 consolationem
2939 2778 3207 2849 percipias
3231 2817 3247 2843 ,
3288 2785 3348 2832 ut
3393 2776 3619 2833 benedi-

2007 2872 2278 2927 ctionibus
2303 2871 2498 2944 plenus
2526 2870 2781 2938 recedas,
2812 2878 2873 2925 ut
2914 2871 3063 2924 omni
3108 2884 3173 2925 es
3216 2877 3367 2939 parte
3394 2884 3620 2925 securus

2007 2961 2195 3030 abeas,
2222 2970 2282 3017 ut
2305 2961 2674 3032 spiritualibus
2696 2964 2936 3032 acceptis
2954 2960 3121 3016 armis
3149 2959 3381 3017 invictus
3402 2961 3621 3017 diabolo

2010 3061 2067 3108 et
2090 3052 2519 3124 inexpugnabilis
2542 3051 2661 3109 ﬁas.
2690 3051 2832 3121 Quid
2851 3052 3140 3123 jucundius
3158 3091 3176 3119 ,
3204 3067 3427 3123 quasso,
3458 3065 3621 3123 quam

2012 3144 2102 3201 bic
2120 3144 2367 3200 versari?
2393 3143 2452 3202 Si
2473 3145 2618 3200 enim
2647 3153 2790 3199 totos
2808 3143 2927 3199 dies
2956 3143 3046 3201 hic
3073 3143 3373 3215 transigere
3398 3157 3623 3201 ttecesse

2011 3245 2179 3302 esset,
2206 3235 2337 3309 quid
2366 3235 2720 3307 praclarius?
2747 3234 2877 3306 quid
2910 3234 3099 3301 tutius,
3132 3234 3221 3290 ubi
3252 3244 3332 3291 tot
3360 3242 3491 3291 sunt
3513 3235 3623 3292 fra-

2016 3336 2147 3395 tres,
2175 3327 2268 3383 ubi
2293 3326 2524 3399 Spiritus
2544 3336 2790 3395 sanctus,
2815 3325 2906 3383 ubi
2938 3326 3149 3383 medius
3172 3327 3352 3393 Jesus,
3384 3338 3441 3384 et
3466 3327 3626 3385 Pater

2014 3419 2175 3489 ejus?
2208 3417 2432 3491 Qualem
2469 3417 2631 3473 aliam
2672 3418 2836 3474 talem
2880 3411 3354 3491 congregatiotmm
3385 3414 3629 3493 qttzeris?

2015 3509 2233 3579 qualem
2256 3509 2422 3565 alium
2447 3518 2698 3566 senatum
2714 3510 2741 3564 2
2759 3510 2977 3582 qualem
3004 3512 3377 3569 conventum?
3401 3513 3507 3568 'l‘ot
3532 3512 3629 3570 bo-

2019 3602 2107 3657 nis
2134 3600 2332 3657 referta
2358 3611 2442 3657 est
2472 3616 2680 3670 mensa,
2704 3610 2787 3658 tot
2821 3602 2983 3660 lectio
3009 3603 3325 3675 Scriptum,
3350 3615 3428 3660 tot
3455 3604 3628 3662 bene-

2018 3695 2306 3761 dictiones,
2337 3703 2415 3751 tot
2441 3710 2649 3767 preces,
2673 3703 2753 3753 tot
2779 3696 2881 3767 ipsi
2906 3712 3231 3769 congressus
3260 3716 3274 3753 :
3302 3708 3360 3754 et
3388 3708 3443 3754 tu
3469 3700 3631 3755 aliam

2020 3789 2486 3847 conversationem
2505 3798 2562 3845 et
2591 3790 2860 3861 colloquia
2886 3800 3103 3860 spectas
3123 3792 3149 3846 ?
3175 3790 3418 3861 Quanam
3449 3804 3632 3849 autem

2022 3880 2178 3935 venia
2207 3877 2403 3951 dignus
2423 3879 2723 3937 censebere
2741 3881 2767 3935 ?
2798 3880 2924 3937 ιιωο
2964 3897 2995 3936 a
3037 3897 3125 3939 me
3151 3882 3293 3938 dicta
3335 3875 3496 3951 sunt,
3525 3899 3631 3939 non

2023 3980 2084 4027 ιιι
2108 3984 2205 4025 vos
2232 3970 2463 4027 audiatis
2491 3989 2504 4026 :
2539 3987 2719 4043 neque
2747 3973 2893 4029 enim
2922 3988 3022 4029 vos
3047 3974 3458 4029 medicamentis
3482 3977 3632 4045 ejus.

2024 4065 2173 4120 modi
2198 4064 2470 4137 indigetis,
2496 4065 2588 4135 qui
2615 4066 2749 4137 ipsis
2771 4066 3027 4136 operibus
3048 4080 3210 4123 sanos
3236 4082 3335 4121 vos
3354 4083 3476 4125 esse
3495 4083 3637 4125 com-

2028 4157 2337 4229 probastis,
2385 4157 2480 4229 qui
2529 4155 2803 4221 obeditis,
2850 4157 2942 4228 qui
2974 4165 3124 4212 tanto
3169 4159 3348 4213 studio
3397 4169 3636 4217 vestrum

2027 4261 2271 4304 amorem
2292 4248 2647 4304 ostendistis:
2670 4247 2767 4304 sed
2794 4248 2864 4304 ad
2892 4264 2988 4304 vos
3011 4248 3128 4304 lttt-c
3152 4247 3295 4305 dicta
3322 4260 3451 4306 sunt
3472 4267 3504 4307 a
3525 4268 3635 4321 me,

2028 4340 2090 4397 ut
2118 4356 2185 4396 ex
2211 4340 2364 4397 vobis
2390 4340 2614 4397 audiant
2639 4341 2731 4411 qui
2758 4357 2865 4396 non
2894 4341 3113 4396 adsunt.
3142 4340 3321 4397 Nolite
3347 4341 3532 4399 dicere
3554 4360 3639 4400 so.

2031 4434 2142 4489 lum
2176 4449 2207 4487 a
2239 4447 2327 4488 me
2350 4440 2633 4489 accusatos
2660 4446 2758 4488 eos
2784 4447 2907 4488 esse
2939 4433 3031 4503 qui
3073 4449 3180 4488 non
3210 4449 3471 4489 venerunt
3497 4477 3513 4501 ,
3542 4437 3641 4493 sed

2033 4532 2201 4580 totam
2242 4538 2274 4579 a
2318 4522 2582 4594 principio
2610 4523 2716 4579 illis
2755 4523 3057 4581 orationem
3098 4534 3335 4581 narrate.
3371 4525 3643 4585 Revocate

2033 4618 2144 4675 illis
2184 4618 2237 4672 itt
2283 4618 2598 4673 memoriam
2624 4615 2878 4683 ludit-os,
2918 4626 3173 4673 revocate
3222 4617 3276 4672 in
3322 4622 3640 4676 memoriam

2035 4709 2251 4781 negotia
2281 4708 2559 4773 mularia
2592 4726 2607 4762 :
2634 4707 2800 4765 dicite
2824 4717 3029 4780 quanto
3058 4710 3402 4779 priestautior
3427 4713 3499 4767 sit
3539 4712 3645 4768 isto

2035 4811 2336 4857 conventus
2361 4816 2379 4855 :
2408 4801 2570 4856 dicite
2598 4809 2857 4872 quantum
2886 4815 3012 4872 erga
3047 4816 3136 4857 res
3173 4801 3479 4859 mundanas
3525 4813 3640 4861 stu-

2036 4892 2185 4949 dium
2214 4892 2507 4950 esbibeaut
2526 4933 2542 4960 ,
2573 4892 2739 4949 dicite
2775 4903 2974 4965 quanta
3002 4907 3214 4949 merces
3240 4894 3365 4949 illos
3395 4906 3640 4959 maneat,

2038 4984 2129 5055 qui
2148 4983 2237 5040 hic
2260 4994 2674 5055 congregantur.
2694 4983 2752 5041 Si
2775 4985 2919 5040 enim
2941 4992 3147 5039 tantum
3169 4984 3415 5042 dixeritis
3433 5004 3653 5044 accusa-

2039 5075 2262 5133 tos'illos
2283 5092 2316 5132 a
2334 5092 2423 5133 me
2444 5076 2633 5143 fuisse,
2657 5078 2789 5133 iram
2816 5077 3141 5144 excitabitis,
3164 5087 3219 5135 et
3234 5080 3431 5136 vulnus
3452 5079 3659 5152 inﬂige-

2040 5167 2132 5233 tis,
2149 5184 2256 5223 non
2285 5168 2605 5225 medicinam
2631 5169 2995 5226 admovebitis
3023 5187 3037 5224 :
3064 5170 3149 5226 sin
3178 5180 3359 5227 autem
3397 5172 3519 5228 illos
3548 5174 3640 5229 do-

2040 5262 2262 5321 cueritis
2290 5279 2377 5321 me
2401 5280 2509 5321 non
2531 5274 2803 5337 tamquam
2828 5267 3102 5323 inimicum
3124 5282 3431 5334 accusasse,
3461 5287 3649 5327 verum

2042 5365 2315 5429 tamquam
2343 5360 2579 5417 amicum
2605 5359 2919 5429 indoluisse,
2942 5369 3105 5434 atque
3127 5362 3232 5418 illis
3252 5367 3653 5434 persuaseritis,

2044 5451 2096 5507 F
2096 5454 2312 5508 Meliora
2362 5469 2472 5509 esss
2533 5456 2745 5509 rulime
2796 5457 3075 5511 amicorum
3099 5497 3116 5522 ,
3167 5473 3324 5526 quam
3371 5469 3655 5529 spontanee

2045 5546 2222 5602 mlo
2248 5546 2572 5601 inimicorum
2602 5545 2787 5617 (Prov.
2816 5547 2908 5602 27.
2938 5547 3028 5619 6),
3056 5549 3456 5605 accusationem
3484 5551 3653 5606 multa

2044 5654 2169 5695 cum
2198 5637 2473 5709 voluptate
2518 5638 2813 5710 suscipient
2842 5658 2856 5693 :
2885 5653 2993 5695 non
3036 5639 3180 5694 enim
3214 5639 3285 5695 ad
3313 5641 3515 5708 verba,
3559 5644 3655 5699 sed

2047 5730 2114 5785 ad
2144 5730 2463 5787 sententiam
2491 5729 2723 5787 dicentis
2755 5731 3057 5788 attenderit.
3090 5730 3167 5788 Ita
3204 5732 3399 5789 fratres
3443 5745 3654 5791 vestros

2050 5832 2258 5882 curate.
2283 5823 2447 5883 Nobis
2483 5824 2670 5883 salutis
2711 5824 2951 5882 otuniutu
2990 5835 3229 5882 vestrum
3257 5862 3274 5894 ,
3298 5824 3388 5898 qui
3417 5827 3656 5898 adestis,
