4218 6294
648 338 711 399 7t
1250 319 1256 323 ’
1358 348 1416 408 s.
1454 323 1735 410 mmsis
1771 352 2249 415 CttHYSOSTOlll
2288 362 2606 428 ARClllEP.
2648 362 3212 441 cossra’srnvor...
3868 349 3950 453 τά

638 459 724 512 ἀι
741 461 877 513 ratio
897 458 1190 530 reddenda,
1205 464 1379 534 vobis,
1406 472 1703 540 cornui‘qut
1726 473 1938 525 absunt.
1957 472 2074 526 Non
2102 486 2231 543 pos-

636 561 824 604 sum.
862 550 963 621 ipsi
999 568 1097 622 per
1130 558 1231 611 nos
1256 571 1382 613 cum
1421 559 1525 615 illis
1558 560 1613 616 in
1649 558 1971 630 colloquium
2012 562 2230 633 venire,

612 640 736 711 per
760 656 854 698 vos
871 657 995 700 ctua
1023 646 1127 703 illis
1154 648 1214 705 iu
1237 650 1567 731 adloquium
1587 651 1865 709 veniamus
1883 694 1899 717 ,
1922 665 1977 709 et
2004 670 2101 725 per
2132 670 2229 712 ve-

624 744 802 790 stram
828 738 1183 799 eruditionem
1216 760 1232 797 :
1262 746 1335 801 sit
1360 745 1515 801 nobis
1544 744 1713 801 instar
1740 747 1919 816 pontis
1951 747 2230 817 cujusdam

632 841 759 899 erga
785 827 907 885 illos
937 834 1138 890 caritas
1173 848 1354 893 vestra
1380 851 1397 892 :
1428 835 1634 894 efficite
1652 847 1710 892 ut
1744 853 1841 909 per
1872 838 2110 911 linguam
2138 855 2230 898 ve-

632 925 799 973 stram
829 921 998 977 nostri
1028 938 1305 981 sermones
1328 925 1397 981 ad
1438 924 1648 981 illorum
1687 941 1847 985 aures
1873 929 2225 999 trajiciantur.

630 1006 906 1067 Sufﬁciat
930 1011 1157 1070 fortasse
1198 1030 1318 1087 qua
1358 1015 1592 1073 diximus
1613 1017 1682 1074 de
1718 1017 1844 1083 illis,
1873 1020 1962 1090 qui
1982 1021 2227 1078 collecta

632 1116 740 1158 non
769 1102 1056 1170 intersunt.
1085 1120 1260 1177 neque
1288 1107 1575 1179 quidquam
1605 1117 1693 1165 est
1730 1108 2058 1167 addendum.
2087 1112 2223 1169 Nam

627 1193 777 1262 plum
804 1195 1021 1265 quidem
1046 1196 1227 1255 dicere
1257 1201 1639 1273 potuissemus,
1670 1201 1775 1257 sed‘
1805 1218 1873 1258 ne
1893 1211 2061 1260 totum
2089 1213 2225 1261 tem-

625 1299 727 1356 pus
753 1286 806 1341 in
836 1288 1099 1357 ejusmodi
1129 1291 1499 1371 accusationes
1529 1292 1919 1363 impendamus,
1947 1303 2005 1350 et
2029 1296 2097 1351 sd
2122 1310 2221 1353 vos

623 1379 772 1447 ipsos
791 1419 811 1445 ,
845 1380 933 1449 qui
968 1379 1199 1447 adestis,
1221 1382 1347 1438 hinc
1378 1383 1750 1439 utilitas'nulla
1783 1387 2049 1453 dimanet,
2080 1402 2215 1459 age,

621 1469 775 1526 vobis
798 1472 965 1526 etiam
994 1472 1267 1528 insolitum
1296 1490 1360 1530 ac
1388 1490 1586 1531 novum
1623 1476 1889 1547 quoddam
1933 1480 2215 1548 opsonium

619 1574 961 1631 appousmus
993 1579 1007 1615 :
1050 1563 1323 1619 insolitum
1370 1574 1549 1621 autem
1590 1581 1655 1622 ac
1693 1583 1886 1622 novum
1922 1568 2077 1637 dico,
2106 1585 2212 1625 non

621 1650 803 1706 habits
827 1652 1044 1709 ratione
1060 1669 1259 1710 mense
1286 1656 1576 1727 spiritualis
1596 1696 1612 1725 ,
1644 1657 1744 1714 sed
1768 1658 1976 1716 aurium
2004 1670 2212 1717 vestra-

616 1757 736 1799 rum
769 1742 945 1800 habita
977 1746 1203 1801 ratione.

688 1834 740 1889 3.
769 1832 1151 1905 Superioribus
1176 1838 1311 1909 apud
1335 1854 1430 1896 vos
1452 1840 1643 1898 diebus
1666 1842 1735 1900 de
1755 1846 2063 1915 apostolicis
2093 1862 2213 1903 rer-

612 1923 696 1979 bis
726 1916 949 1995 ,‘deque
997 1928 1317 1999 evangelicis
1362 1930 1747 2009 disseruimus,
1792 1949 1915 1990 cum
1962 1935 2031 1992 de
2073 1934 2207 1992 Juda

612 2013 773 2071 verba
799 2014 1097 2072 faceremus
1126 2018 1203 2090 (α)
1238 2038 1250 2074 :
1278 2019 1630 2078 disseruimus
1653 2034 1705 2077 et
1738 2024 1807 2080 de
1838 2026 2160 2095 prOpltelicis
2189 2045 2204 2094 ;

613 2103 873 2161 hodierno
906 2106 994 2163 die
1031 2109 1275 2165 volumus
1319 2111 1386 2166 de
1432 2114 1811 2191 Apostolorum
1851 2118 2000 2173 Actis
2044 2119 2204 2175 verba

608 2194 806 2251 facere.
837 2196 1125 2267 Propterea
1152 2200 1425 2255 insolitum
1443 2202 1561 2266 disi
1588 2205 1868 2275 opsonium
1896 2218 1951 2263 et
1979 2225 2085 2263 non
2117 2210 2203 2264 in-

607 2286 844 2340 solitum.
871 2287 986 2343 Non
1019 2290 1289 2346 insolitum
1334 2293 1547 2363 quidem
1574 2338 1589 2362 ,
1612 2297 1756 2366 quod
1789 2298 1855 2353 ad
1883 2301 2076 2355 seriem
2116 2316 2203 2356 sa-

607 2392 817 2432 crarum
876 2381 1138 2448 pertineat
1185 2384 1579 2453 Scripturarum
1614 2406 1627 2440 :
1669 2389 1937 2445 insolitum
1981 2402 2196 2458 autem,

602 2466 745 2535 quod
788 2482 946 2524 aures
987 2471 1212 2526 fortasse
1254 2483 1445 2529 vestra:
1492 2477 1711 2532 minime
1755 2480 1861 2534 sint
1908 2484 2200 2537 narrationi

602 2556 865 2625 ejusmodi
910 2570 1157 2615 assuetae.
1186 2561 1361 2616 Multis
1387 2564 1601 2633 quidem
1632 2577 1778 2622 certe
1804 2586 1905 2625 nec
1929 2581 2087 2627 notus
2114 2584 2197 2629 est

604 2649 739 2704 liber
770 2651 866 2703 isle
897 2667 911 2702 :
941 2666 973 2706 a
1013 2653 1193 2706 multis
1220 2670 1405 2707 rursus
1431 2670 1553 2710 cum
1578 2657 1755 2714 clarus
1780 2670 1833 2714 ct
1870 2673 2088 2730 apertus
2114 2666 2195 2719 vi-

600 2742 810 2809 deatur,
843 2751 1019 2799 tamen
1049 2747 1409 2800 contemnitur
1441 2766 1453 2802 :
1488 2758 1541 2803 et
1572 2750 1654 2804 his
1678 2751 1892 2819 quidem
1920 2757 2152 2825 cognitio
2174 2798 2191 2826 ,

586 2832 703 2887 illis
728 2842 907 2888 autem
936 2834 1225 2905 ignorantia
1268 2838 1601 2893 occasionem
1637 2840 1791 2895 all'ert
1831 2845 2190 2919 negligentiae.

600 2919 667 2976 Ut
692 2920 856 2993 igitur
874 2933 927 2978 et
956 2924 1045 2993 qui
1069 2941 1175 3001 non
1206 2938 1507 2995 noverunt,
1537 2936 1593 2985 et
1617 2931 1705 3001 qui
1737 2932 1881 2987 clare
1906 2950 1965 2989 se
1994 2935 2196 2992 intelli-

592 3029 721 3085 gere
746 3016 1092 3081 arbitrantur,
1123 3017 1315 3074 multas
1342 3019 1395 3073 in
1425 3035 1491 3074 eo
1520 3024 1806 3089 profundas
1834 3034 1885 3081 et
1912 3026 2189 3085 abstrusas

594 3121 715 3162 esse
743 3108 1037 3163 sententias
1058 3109 1266 3164 discant
1290 3151 1306 3177 ,
1342 3126 1521 3180 Operm
1555 3115 1782 3183 pretium
1814 3115 1970 3172 fuerit
1999 3121 2188 3187 ambo-

595 3213 711 3251 rum
752 3199 1125 3269 negligentiam
1159 3200 1416 3257 hodierno
1440 3203 1527 3257 die
1552 3206 1842 3276 corrigere.
1873 3206 2028 3264 Prius
2053 3212 2190 3266 scia-

594 3301 714 3343 mus
742 3302 877 3357 opus
904 3297 987 3345 est
1007 3330 1021 3355 ,
1062 3289 1180 3359 quis
1207 3291 1398 3347 librum
1426 3294 1700 3363 soripserit
1729 3313 1743 3347 :
1774 3297 1859 3351 hic
1883 3300 2026 3354 enim
2046 3301 2185 3372 opti-

595 3391 714 3430 tuus
744 3376 1099 3447 lndagationis
1131 3389 1213 3433 est
1240 3381 1375 3434 ordo
1394 3423 1409 3447 ,
1443 3392 1498 3436 ut
1534 3382 1603 3438 de
1631 3394 1849 3441 auctore
1875 3387 2179 3458 videamus,

590 3477 659 3519 an
698 3466 858 3521 homo
881 3467 989 3533 sit,
1019 3482 1085 3521 an
1116 3485 1242 3523 vero
1270 3470 1407 3525 Deus
1436 3487 1451 3526 :
1479 3487 1542 3527 ac
1571 3472 1613 3527 si
1640 3473 1801 3530 homo
1829 3478 2043 3546 quidem
2078 3481 2179 3549 sit,

588 3558 895 3622 rejiciamus
931 3574 945 3611 :
984 3558 1159 3615 Nolite
1204 3561 1349 3616 enim
1374 3605 1389 3626 ,
1432 3564 1626 3634 inquit,
1673 3583 1850 3622 vocare
1886 3572 2179 3641 magistrum

588 3664 741 3717 super
767 3658 949 3702 terram
976 3650 995 3719 (
1022 3649 1207 3704 Matth.
1236 3653 1327 3707 23.
1353 3654 1406 3722 8)
1437 3672 1451 3707 :
1482 3658 1562 3710 sin
1590 3668 1767 3712 alitem
1798 3659 1957 3726 Deus,
1987 3662 2180 3719 admit-

590 3746 761 3790 tamus
795 3756 808 3790 :
839 3740 1069 3793 caelestis
1110 3742 1251 3795 enim
1292 3752 1373 3795 est
1402 3753 1457 3796 et
1484 3759 1710 3815 superna
1742 3748 1922 3804 schola
1953 3760 2134 3807 nostra
2159 3794 2173 3818 ,

586 3826 848 3894 siquidem
888 3828 1003 3882 talis
1048 3840 1129 3884 est
1168 3831 1397 3900 dignitas
1425 3834 1577 3904 hujus
1621 3838 1809 3903 tlgeatri
1834 3882 1848 3905 ,
1884 3850 1939 3894 ut
1968 3842 2036 3897 ab
2074 3842 2171 3897 ho-

585 3916 817 3969 minibus
844 3918 995 3982 nihil,
1022 3920 1114 3973 sed
1146 3938 1238 3990 per
1268 3920 1509 3978 homines
1538 3941 1567 3978 a
1602 3927 1708 3981 Deo
1737 3928 2027 3987 discamus.

660 4003 817 4057 Tituli
842 4005 1125 4079 Scriptum
1145 4026 1243 4062 non
1284 4015 1632 4079 prwtcreundi.
1665 4045 1728 4056 —
1759 4019 2168 4088 Disquireudum

582 4096 734 4150 nobis
754 4105 865 4162 est,
892 4098 1010 4167 quis
1045 4102 1321 4169 scripserit
1341 4144 1353 4165 ,
1383 4116 1435 4158 et
1462 4108 1672 4174 quando
1701 4110 1994 4178 scripserit,
2022 4122 2077 4167 et
2103 4115 2168 4171 de

580 4186 791 4253 quibus,
821 4198 875 4241 et
898 4204 998 4256 qua
1022 4189 1089 4243 de
1118 4206 1277 4245 causa
1309 4205 1632 4265 praeceptum
1662 4199 1749 4265 sit,
1778 4211 1834 4254 ut
1874 4202 1961 4255 ille
1990 4205 2039 4257 in
2071 4205 2168 4261 hac

578 4275 911 4331 solemnitate
958 4288 1221 4347 egeretur.
1250 4279 1381 4337 Nam
1412 4292 1523 4339 toto
1548 4284 1789 4344 fortassis
1815 4306 1955 4345 anno
1980 4293 2079 4364 legi
2106 4295 2168 4348 li-

584 4364 736 4418 brum
766 4381 868 4419 non
896 4369 1102 4423 auditis.
1164 4371 1448 4427 Enimvero
1487 4374 1590 4434 hoc
1616 4396 1825 4450 quoque
1852 4399 2011 4440 nosse
2041 4402 2164 4455 pro-

579 4458 698 4510 dest
727 4477 740 4511 :
772 4470 836 4511 ac
862 4457 1055 4512 deinde
1084 4464 1433 4529 qurercndum
1458 4475 1537 4520 est
1607 4484 1707 4535 qua
1739 4471 1807 4528 de
1834 4490 1992 4529 causa
2022 4475 2163 4532 hunc

576 4547 783 4602 titulum
812 4563 921 4619 pra:
961 4565 1020 4604 sc
1062 4554 1225 4619 lcrat,
1253 4554 1380 4609 Acta
1403 4558 1781 4626 Apostolorum.
1812 4563 1995 4637 Neque
2016 4570 2159 4624 enim

577 4648 778 4693 temere
807 4641 1157 4708 prmtcrcundi
1194 4654 1318 4699 sunt
1348 4648 1482 4701 tituli
1507 4690 1522 4715 ,
1552 4667 1724 4721 neque
1751 4656 2029 4711 confestim
2059 4660 2159 4714 ini-

568 4730 697 4783 tium
721 4729 839 4783 libri
862 4730 1227 4802 attingendum
1254 4744 1337 4790 est
1367 4758 1379 4793 :
1408 4738 1501 4793 sed
1534 4744 1679 4809 prius
1702 4743 1819 4799 libri
1853 4757 2052 4804 nomen
2072 4752 2156 4805 vi-

568 4817 820 4873 dendum.
849 4820 980 4877 Nam
1007 4825 1453 4893 quemadmodum
1498 4832 1550 4886 in
1580 4836 1731 4889 nobis
1765 4850 1835 4891 ex
1864 4842 2040 4911 capite
2070 4859 2157 4897 re-

565 4907 766 4977 liquum
807 4926 1001 4983 corpus
1047 4914 1105 4967 lit
1136 4916 1341 4985 notius,
1389 4930 1444 4976 et
1470 4938 1699 4991 superne
1745 4907 2029 4988 imminens
2078 4936 2151 4991 illi

561 4998 727 5053 iacies
752 5001 1087 5057 manifestum
1128 5003 1259 5060 illud
1309 5009 1479 5065 reddit
1506 5053 1520 5079 ,
1550 5015 1627 5068 sic
1648 5031 1679 5069 a
1704 5022 1963 5088 superiori
2003 5034 2151 5094 parte

562 5089 844 5159 impositus
868 5095 1030 5148 textui
1063 5097 1246 5153 titulus
1268 5098 1319 5154 in
1350 5101 1523 5160 fronte
1543 5106 1802 5177 reliquam
1828 5114 2148 5184 scripturam

559 5182 723 5238 emcit
759 5186 1048 5241 notiorem.
1092 5187 1281 5246 Nonne
1330 5192 1432 5250 hoc
1471 5196 1665 5253 videtis
1698 5202 1750 5254 in
1783 5182 1952 5273 regiis
1985 5209 2144 5263 etiam

559 5278 897 5347 imaginibus,
928 5288 990 5335 ut
1017 5296 1227 5339 sursum
1259 5287 1472 5355 quidem
1503 5292 1671 5359 posita
1701 5293 1769 5348 sit
1800 5295 1991 5367 imago,
2024 5315 2146 5370 qum

557 5369 695 5435 regis
718 5383 910 5422 nomen
940 5373 1256 5441 inscriptum
1287 5377 1464 5444 habet,
1490 5380 1711 5437 inferius
1743 5384 1792 5437 in
1826 5385 1936 5441 basi
1965 5369 2144 5445 trium-

555 5460 691 5526 phus
734 5460 905 5529 regis,
939 5462 1189 5520 victorias
1224 5478 1278 5524 et
1316 5472 1569 5539 praeclara
1607 5475 1841 5532 facinora
1890 5480 2142 5553 inscripta

554 5547 755 5605 habet?
784 5550 927 5607 Idem
960 5554 1011 5608 in
1042 5554 1331 5629 Scripturis
1359 5564 1481 5620 licet
1510 5581 1754 5624 cernere.
1784 5570 2004 5629 Sursum
2027 5547 2142 5646 qui-

552 5642 670 5696 dt'tlt
698 5643 905 5714 depicta
941 5655 1024 5701 est
1049 5648 1221 5722 imago
1248 5655 1388 5723 regia
1418 5677 1431 5712 :
1464 5658 1681 5714 inferius
1711 5676 1887 5721 autem
1922 5642 2137 5726 victoria

614 5756 685 5813 (η)
724 5755 835 5805 \idc
860 5759 1091 5808 monilu'u
1116 5762 1172 5809 ad
1200 5762 1438 5816 homiliatn
1463 5768 1511 5818 iu
1537 5770 1720 5823 ludam.

2342 483 2596 557 inscripta
2621 498 2782 546 estet
2808 500 3008 564 u~opa.-a
3040 505 3097 552 et
3130 514 3218 555 res
3242 515 3433 558 omnes
3470 505 3731 581 purelare
3747 521 3937 581 μιν.

2338 572 2415 629 Ita
2445 575 2669 667 facimus
2697 581 2856 637 etiam
2875 625 2892 652 ,
2919 600 3041 641 cum
3069 590 3348 660 epistolam
3380 572 3793 667 Was}
3826 620 3934 660 non

2336 666 2595 722 continuo
2623 671 2895 730 vinculum
2920 677 3199 747 solVimus,
3231 666 3683 756 neque‘contlnuo
3708 709 3830 763 qua:
3852 697 3937 751 in-

2336 766 2423 813 tus
2450 759 2619 817 latent
2642 805 2659 829 ,
2692 763 2919 838 legiinus
2950 790 2963 827 :
2992 771 3089 827 sed
3114 778 3351 833 exterius
3377 780 3601 849 positam
3630 759 3935 856 inscriptio-

2333 864 2457 907 nem
2499 855 2647 923 prius
2686 864 3054 929 percurrimus
3077 907 3094 933 ,
3124 875 3191 923 et‘
3215 883 3284 925 ex
3322 870 3412 927 ills
3455 872 3713 931 discimus
3746 855 3806 932 et
3839 880 3933 949 qui

2330 943 2639 1013 miserit,.et
2672 963 2702 1002 a
2732 966 2841 1022 quo
2871 956 3033 1025 recipi
3060 956 3269 1014 debeat.
3299 963 3695 1036 A‘nnmrigitur
3731 943 3947 1031 absus;
3966 1000 3970 1011 ς

2328 1031 2457 1088 dum
2482 1045 2589 1103 est',
2618 1047 2686 1095 ut‘
2704 1041 2758 1095 in
2785 1043 2944 1099 rebus
2966 1047 3181 1117 quidem
3211 1031 3570 1126 maioribus
3574 1066 3785 1112 tantum
3810 1045 3932 1115 stir-

2328 1121 2404 1178 dil
2425 1124 2811 1199 adhibeamus,
2836 1128 3010 1205 neque
3033 1121 3502 1211 commoveatnur,
3528 1156 3622 1202 aut
3648 1151 3945 1219 perturbev

2326 1229 2469 1284 mur,
2495 1218 2805 1278 sed'ordine
2829 1224 3035 1295 singula
3069 1243 3449 1298 percurramus
3478 1257 3491 1292 :
3522 1236 3623 1294 hoc
3648 1254 3781 1296 vero
3804 1240 3930 1297 loco

2323 1321 2468 1379 aegre
2515 1309 2787 1382 feramus,
2833 1326 2888 1374 et
2928 1320 3209 1378 confestim
3255 1324 3464 1383 initium
3506 1332 3929 1401 aggrediamur?

2324 1396 2496 1456 Vultis
2522 1401 3049 1479 intelligere'quanta
3076 1416 3146 1468 sit
3170 1414 3251 1470 vis
3275 1417 3450 1484 tituli,
3482 1396 3681 1492 quanta
3706 1425 3791 1481 sit”
3809 1427 3926 1482 vir-

2322 1494 2443 1554 tus,
2491 1500 2724 1562 quantus
2763 1494 2818 1551 in
2848 1496 3244 1570 Scripturarum
3291 1506 3457 1565 initiis
3503 1512 3813 1587 reconditus
3850 1518 3925 1573 sit

2321 1576 2651 1637 thesaurus?
2670 1586 3002 1655 Auscultate,
3028 1608 3097 1648 ne
3121 1609 3397 1653 sacrorum
3421 1586 3703 1659 Librorum
3718 1634 3721 1637 -
3736 1606 3925 1663 titulos

2316 1674 2693 1731 enutemnati's.
2714 1678 2953 1736 Athenas
2970 1682 3255 1753 aliquando
3280 1687 3477 1755 Paulus
3499 1691 3771 1764 ingressus
3797 1708 3877 1753 est
3892 1714 3942 1756 ‘:-

2319 1761 2433 1818 inec
2470 1763 2689 1822 historia
2745 1769 2942 1841 scripta
2981 1783 3076 1830 est
3107 1777 3160 1831 iu
3208 1776 3312 1834 hoc
3365 1780 3482 1851 ipso
3535 1761 3703 1852 libro;
3760 1804 3919 1858 repe-

2317 1854 2383 1908 rit
2432 1853 2486 1909 in
2532 1856 2665 1913 urbe
2705 1874 2811 1915 non
2852 1863 3046 1919 llbrum
3105 1882 3353 1937 sacrum,
3387 1872 3481 1928 sed
3530 1873 3798 1932 idolorum
3826 1853 3915 1933 iu-

2317 1956 2429 2004 tare
2460 1970 2473 2005 :
2508 1949 2907 2020 inscriptionem
2953 1960 3155 2028 reperit
3199 1978 3320 2033 quas
3358 1968 3437 2021 sic
3471 1965 3689 2035 habuit,
3717 1969 3915 2028 lsxoro

2314 2039 2428 2095 Deo
2457 2041 2596 2108 (Act.
2628 2045 2713 2102 l7.
2742 2046 2834 2116 25)
2866 2068 2880 2103 :
2913 2064 3085 2120 neque
3114 2055 3391 2121 praeteriit,
3408 2056 3502 2112 sed
3535 2058 3693 2129 hujus
3725 2061 3913 2117 inscri-

2310 2131 2508 2199 ptionis
2550 2133 2736 2190 altaris
2780 2152 2944 2207 opera
2986 2141 3159 2211 ipsum
3188 2145 3358 2201 altare
3387 2149 3670 2206 subvertit.
3712 2154 3925 2210 Paulus-

2310 2220 2399 2276 ille
2425 2234 2662 2291 sanctus,
2691 2230 2778 2298 qui
2809 2228 3041 2300 Spiritus
3064 2236 3289 2305 gratiam
3319 2238 3573 2309 habebat,
3597 2244 3783 2300 altaris
3823 2247 3907 2301 in-

2307 2316 2650 2385 scriptionem
2691 2336 2797 2377 non
2827 2327 3083 2393 prmteriit
3101 2369 3115 2392 ,
3138 2338 3194 2383 et
3221 2338 3274 2383 tu
3298 2331 3695 2403 Scripturarum
3725 2338 3921 2396 titulos

2307 2410 2582 2473 praeteris?
2602 2411 2693 2468 Ille
2714 2415 2853 2484 quod
2873 2417 3230 2477 Athenienses
3247 2422 3544 2481 idololalra'.
3556 2430 3904 2499 scripserant,

2308 2512 2413 2550 non
2441 2500 2645 2567 omisit,
2666 2512 2721 2559 et
2744 2513 2799 2559 tu
2829 2523 2947 2575 qum
2974 2508 3206 2579 Spiritus
3233 2524 3453 2571 sanctus
3479 2523 3693 2588 scripsit
3719 2539 3897 2578 neces-

2302 2589 2440 2640 saria
2484 2604 2607 2686 esse
2653 2608 2759 2649 non
2808 2601 3184 2669 censuram
3225 2605 3447 2663 tandem
3494 2613 3649 2667 venia
3704 2614 3902 2686 dignus

2300 2676 2450 2731 crisl
2487 2676 2676 2736 Verum
2705 2685 2848 2741 enim
2873 2703 3003 2745 vero
3029 2701 3288 2760 quantam
3319 2702 3593 2769 pepererit
3616 2676 3917 2763 utilitatem

2302 2766 2418 2823 hazc
2456 2769 2732 2842 inscriptio
2768 2776 3064 2837 videamus.
3092 2782 3224 2840 Cum
3250 2766 3553 2858 ergo'allari
3582 2793 3918 2867 insculptami

2298 2857 2698 2929 inscriptionem
2736 2874 2936 2924 tantam
2977 2872 3174 2929 videris
3212 2857 3586 2947 supﬁditasse
3621 2857 3909 2954 virtutem,

2297 2948 2464 3005 multo
2492 2954 2660 3037 magis
2688 2971 2717 3010 a
2744 2958 3140 3030 Scripturarum
3164 2966 3605 3039 inscriptionibus
3640 2975 3697 3030 id
3713 2948 3912 3046 perlici-

2302 3056 2461 3108 posse
2492 3035 2781 3118 intelliges.
2810 3049 3086 3122 Ingressus
3112 3067 3199 3113 est
3226 3035 3415 3116 urbem
3443 3064 3661 3133 Paulus,
3696 3035 3911 3128 invenit“

2294 3130 2481 3197 altare,
2509 3136 2595 3190 eui
2616 3147 2730 3191 erat
2757 3138 3072 3212 inscriptum
3101 3146 3288 3219 Ignoto
3319 3151 3447 3207 Deo.
3470 3130 3729 3223 Quid'iuit
3756 3178 3895 3231 opus

2292 3219 2433 3276 facto
2457 3222 2483 3277 τ
2510 3222 2748 3282 Gentiles
2772 3241 2931 3286 erant
2957 3248 3168 3304 omnes,
3201 3238 3349 3309 impii
3380 3219 3569 3301 omnes
3594 3268 3608 3303 :
3638 3219 3901 3329 quid’igi-r

2292 3318 2377 3365 tur
2406 3311 2706 3373 faciendum
2748 3319 2890 3377 fuit?
2922 3325 2994 3380 De
3015 3322 3314 3398 Evangeliis
3358 3334 3520 3389 verba
3565 3311 3783 3396 facere?
3812 3311 3892 3399 At

2286 3403 2733 3465 s-bsannassent.
2761 3411 2897 3469 Num
2944 3416 3013 3472 de
3047 3420 3427 3489 prephetarum
3473 3427 3624 3485 libris
3647 3472 3663 3496 ,
3692 3434 3776 3487 vel
3820 3436 3890 3490 d‘c

2287 3494 2419 3564 legis
2442 3499 2707 3575 mandatis
2731 3504 2755 3557 i
2775 3504 2845 3558 At
2866 3521 2971 3561 non
2992 3510 3371 3569 credidissent.
3403 3518 3541 3583 Quid
3562 3494 3692 3592 ergo
3721 3523 3892 3580 fecit?

2287 3586 2532 3642 Accurrit
2554 3589 2627 3645 ad
2659 3593 2846 3659 altare,
2870 3606 2925 3651 et
2963 3599 3072 3653 suis
3101 3600 3338 3670 ipsorum
3366 3609 3530 3663 armis
3554 3586 3738 3668 hostes
3758 3618 3889 3669 suti-

2285 3677 2412 3743 egit.
2444 3680 2616 3749 Atque
2659 3680 2760 3737 hoc
2799 3685 2929 3741 illud
2970 3699 3051 3744 est
3089 3692 3237 3760 quod
3271 3694 3516 3766 dicebat,
3552 3700 3744 3757 Factus
3768 3723 3883 3759 sum

2284 3768 2513 3847 omnibus
2538 3774 2726 3838 omnia,
2756 3773 2953 3831 ludatis
2995 3788 3251 3849 tamquam
3275 3784 3522 3854 Judteus',
3556 3791 3617 3843 iis
3648 3795 3732 3860 qui
3772 3797 3883 3849 sine

2281 3855 2389 3921 lege
2412 3842 2595 3921 erant,
2630 3861 2884 3933 tamquan
2922 3868 3031 3921 sine
3072 3842 3181 3940 logs
3217 3889 3374 3927 essent
3410 3878 3428 3944 (
3458 3842 3521 3931 1.,
3538 3842 3727 3935 σρνίό

2282 3946 2426 4002 Vidit
2463 3950 2662 4019 altare,
2693 3954 2823 4010 vidit
2855 3957 3256 4029 inscriptionem
3283 4007 3297 4026 ,
3337 3966 3627 4023 insurrexit
3654 3974 3875 4040 Spit’im.

2278 4038 2421 4094 Talis
2440 4044 2582 4097 enim
2605 4055 2687 4100 est
2707 4048 2935 4117 Spiritus
2962 4055 3129 4122 gratia
3158 4077 3171 4113 :
3201 4056 3365 4111 efﬁcit
3407 4068 3460 4113 ut
3505 4062 3593 4129 qui
3634 4038 3751 4117 eam
3785 4082 3883 4118 re—

2275 4133 2514 4198 Ccperint
2538 4176 2552 4199 ,
2587 4136 2821 4206 undique
2851 4139 3053 4196 lucrum
3083 4145 3375 4214 colligant;
3411 4149 3531 4203 talia
3571 4161 3695 4205 sunt
3720 4168 3871 4209 arma

2276 4230 2456 4275 nostra
2486 4224 2801 4293 spiritualia.
2832 4227 2899 4283 In
2929 4234 3270 4299 captivitatem
3296 4238 3461 4304 enim,
3508 4239 3697 4309 inquit,
3731 4246 3869 4295 redi-

2272 4324 2438 4380 gentes
2462 4298 2661 4370 omnem
2700 4298 3013 4376 intellecturi:
3039 4325 3091 4378 in
3118 4325 3409 4395 obsequium
3434 4298 3623 4385 Clu-ian
3746 4333 3866 4389 Cor.

2274 4404 2359 4457 10.
2390 4404 2490 4478 5).
2528 4408 2667 4465 Vidit
2702 4426 2830 4483 ergo
2872 4415 3063 4484 altare,
3109 4434 3207 4474 nec
3237 4419 3627 4489 refurmidavit,
3656 4427 3748 4479 sed
3800 4429 3879 4481 ad'

2270 4496 2503 4566 seipsum
2555 4502 2721 4559 altare
2752 4507 2981 4563 traduxit
3012 4529 3025 4564 :
3061 4512 3145 4566 vel
3191 4514 3365 4581 potius
3387 4516 3618 4591 ptuissis
3658 4519 3827 4573 litoris
3847 4564 3865 4587 ,

2266 4588 2382 4656 ejus
2408 4603 2624 4655 sensum
2648 4602 3022 4655 transmutavit
3046 4624 3059 4657 :
3084 4611 3139 4657 et
3167 4588 3616 4675 quemadmodum
3646 4613 3696 4665 in
3723 4613 3864 4669 bello

2263 4678 2369 4734 dux
2400 4685 2667 4740 exercitus
2692 4688 2734 4741 si
2760 4702 3080 4758 generosum
3110 4696 3330 4750 militem
3361 4697 3412 4751 in
3438 4699 3614 4756 hostili
3648 4705 3761 4759 acie
3796 4707 3863 4759 ti-

2261 4768 2433 4836 derit,
2468 4779 2523 4827 et
2565 4789 2717 4831 coma
2763 4780 3083 4847 prehensum
3125 4783 3190 4839 ad
3236 4786 3405 4841 aciem
3456 4790 3677 4846 militem
3714 4795 3858 4847 illum

2263 4864 2628 4932 transtulerit,
2662 4878 2823 4938 atque
2866 4880 2923 4925 ut
2964 4886 3059 4941 pro
3097 4888 3157 4928 se
3202 4887 3442 4946 pugnet,
3475 4880 3715 4937 ell'eccrit
3744 4907 3755 4942 :
3789 4887 3857 4939 ita
3911 4876 3914 4880 ’

2258 4969 2469 5025 quoque
2496 4957 2690 5013 Paulus
2734 4962 2840 5030 egit
2864 5004 2879 5028 ,
2910 4978 3031 5018 cum
3074 4974 3342 5035 tamquam
3386 4971 3441 5025 in
3479 4973 3711 5029 hestiuin
3744 4981 3858 5033 acie

2259 5045 2662 5116 inscriptionem
2688 5049 2844 5105 altari
2876 5052 3191 5125 iusculptam
3221 5057 3531 5115 oll'endisset
3553 5103 3569 5129 ,
3602 5064 3671 5119 ad
3702 5081 3853 5121 suam

2254 5138 2423 5191 aciem
2456 5140 2747 5207 transtulit,
2776 5150 2833 5194 ut
2862 5143 3120 5200 adversus
3146 5147 3499 5205 Athenienses
3525 5167 3645 5206 cum
3690 5155 3857 5210 Paulo

2254 5239 2545 5297 pugnaret,
2580 5245 2684 5286 non
2721 5247 2841 5286 cum
2879 5234 3304 5293 "Atheniensibus
3351 5240 3571 5297 Paulum
3608 5260 3854 5313 percute-

2255 5331 2335 5374 ret
2368 5342 2382 5375 :
2412 5322 2619 5391 gladius
2644 5326 2787 5378 enim
2815 5337 2929 5382 erat
2959 5328 3400 5399 Atheniensium,
3425 5334 3569 5390 ensis
3595 5348 3710 5392 erat
3748 5340 3849 5392 lto-

2251 5411 2411 5465 stium
2459 5412 2545 5466 illa
2603 5414 2918 5485 inscriptio:
2951 5419 3042 5473 sed
3090 5420 3179 5476 hic
3224 5424 3370 5481 ensis
3410 5424 3641 5483 hostium
3686 5443 3850 5499 caput

2250 5504 2560 5570 amputavit.
2592 5504 2706 5560 Non
2740 5508 2811 5561 ita
2838 5509 3079 5566 mirabile
3107 5511 3328 5579 fuisset,
3353 5518 3396 5569 si
3418 5518 3539 5587 quis
3562 5519 3726 5589 ipsius
3758 5537 3846 5576 ar-

2249 5594 2349 5647 mis
2378 5609 2471 5650 eos
2500 5596 2786 5653 devicisset
2815 5620 2827 5655 :
2860 5600 2961 5657 hoc
2996 5604 3138 5658 enim
3166 5607 3360 5660 merito
3386 5610 3580 5664 accidit
3610 5631 3622 5666 :
3656 5627 3840 5667 verum

2249 5682 2375 5737 illud
2406 5700 2600 5741 novum
2640 5699 2722 5743 est
2747 5698 2801 5743 et
2828 5690 3084 5759 insolens,
3111 5710 3230 5749 cum
3262 5695 3489 5751 hostium
3520 5711 3663 5754 arma
3698 5709 3836 5755 tam-

2252 5790 2407 5843 quam
2432 5778 2707 5836 macltiuas
2740 5779 2982 5839 [testibus
3006 5783 3351 5841 admovcuuts
3376 5828 3391 5856 ,
3420 5803 3538 5843 cum
3582 5788 3786 5860 gladius
3807 5832 3826 5857 ,
