4218 6294
232 379 302 441 75
858 369 920 424 IN
955 356 1486 422 INSCRIPTIONEM
1527 348 1822 410 ALTARIS
1863 345 1952 402 ΕΤ
1992 346 2059 402 IN
2097 341 2515 402 PRINCIPIUM'
2541 337 2898 404 ACTORUM.
2941 337 2982 394 1.
3493 332 3563 388 74

241 507 391 566 quem
417 490 471 543 in
505 500 606 541 nos
632 489 866 556 gestant,
897 480 984 534 hic
1013 478 1120 534 illis
1144 473 1302 531 letale
1331 470 1526 566 γυπιιὲ
1559 463 1772 566 infligit.

309 586 364 638 ι.
397 579 746 648 Comparatur
771 574 966 630 Paulus
993 587 1107 625 rion
1135 566 1348 620 Doride.
1387 592 1454 602 —
1484 559 1631 614 Talis
1647 556 1847 626 quippe

243 677 414 731 virtus
457 682 542 728 est
568 669 820 741 Spiritus.
856 665 928 720 Ita
975 660 1245 734 quondam
1275 657 1384 728 egit
1428 655 1590 710 etiam
1635 648 1799 705 David
1830 661 1850 700 :

244 767 408 823 exivit
452 764 618 819 armis
651 760 846 824 nudus,
901 765 959 811 ut
1003 752 1144 808 nuda
1183 749 1351 820 gratia
1395 745 1488 799 Dei
1540 744 1846 812 appareret.

246 859 386 913 Nihil
413 857 582 918 enim,
616 851 806 922 inquit,
831 849 1123 904 humanum
1161 843 1251 906 sit,
1301 836 1514 909 quando
1562 845 1660 902 pro
1697 828 1851 922 nobi

249 961 448 1021 pugnat
480 931 639 1002 Dens.
675 920 852 999 Exivit
889 954 1018 1010 ergo
1045 935 1220 991 nudus
1247 931 1433 993 armis,
1463 937 1518 981 et
1569 923 1760 980 turrim
1787 920 1844 974 il-

250 1044 353 1096 lam
380 1038 599 1109 dejecit.
634 1034 832 1091 Deinde
855 1047 976 1086 cum
1005 1028 1171 1084 armis
1214 1025 1504 1080 destitutus
1530 1025 1694 1078 esset.
1725 1029 1851 1070 cur-

250 1151 375 1188 rens
407 1132 641 1202 gladium
680 1125 914 1184 Coliathi
944 1121 1144 1191 rapuit,
1169 1128 1328 1187 atque
1358 1116 1430 1169 ita
1456 1110 1666 1202 barbari
1697 1112 1854 1202 caput

248 1196 548 1295 ampuiavit
578 1241 590 1276 :
624 1221 693 1274 ita
723 1230 934 1288 quoque
967 1212 1159 1267 Paulus
1187 1212 1237 1263 in
1263 1209 1360 1261 hac
1391 1201 1738 1295 inscriptione
1769 1196 1854 1251 fe-

251 1289 356 1368 cit:
377 1321 554 1382 Atque
601 1319 658 1364 ut
693 1306 1026 1361 manifestior
1055 1301 1144 1355 fiat
1166 1298 1402 1353 victoria:
1452 1292 1662 1358 modus,
1687 1289 1855 1343 virtu-

253 1421 360 1463 tem
384 1380 538 1462 vobis
559 1399 919 1471 inscriptionis
949 1393 1260 1451 declarabo.
1289 1390 1471 1444 Altare
1499 1386 1661 1456 igitur
1691 1380 1859 1437 Athe-

255 1507 339 1558 nis
367 1503 566 1558 Paulus
597 1499 837 1558 invcnit,
865 1495 951 1548 cui
983 1491 1292 1559 inscriptum
1334 1492 1484 1548 erat,
1518 1480 1702 1550 Ignoto
1730 1475 1857 1528 Deo.

257 1596 388 1664 Quis
411 1607 589 1647 autem
614 1593 704 1645 ille
733 1591 1077 1656 erat'ignotus
1096 1581 1235 1646 ,_nisi
1256 1572 1536 1633 Christus?
1569 1569 1729 1664 Vides
1753 1581 1860 1637 quo

256 1660 829 1757 limtoittscriptionem
853 1676 1158 1746 captivitate
1177 1669 1434 1731 liberarit,
1463 1680 1566 1718 non
1590 1660 1860 1757 ut-datnno

256 1750 500 1832 alliceret
522 1750 618 1828 “cos
639 1773 731 1844 qui
754 1771 1104 1837 scripserunt,
1135 1763 1226 1816 sed
1245 1769 1300 1814 ut
1321 1773 1416 1813 eos
1442 1756 1619 1810 salvos
1637 1750 1860 1815 faceret,

255 1873 445 1939 eisque
485 1863 798 1937 prodesset?
820 1860 955 1930 Quid
989 1857 1185 1927 igitur?
1225 1869 1290 1907 an
1325 1857 1542 1920 propter
1565 1844 1860 1905 Christum,

257 1935 397 2014 dicet
445 1935 656 2026 aliquis,
699 1952 836 2009 istud
861 1953 1190 2019 scripserant
1233 1938 1628 1998 Athenienses?
1653 1935 1708 1990 Si
1739 1948 1863 2026 pro-

259 2063 376 2120 pter
404 2022 674 2103 Christum
698 2043 820 2098 inec
849 2040 1204 2096 Athenienses
1225 2033 1586 2102 scripsissent,
1619 2040 1707 2081 res
1729 2022 1864 2120 adeo

261 2114 523 2195 inhabilis
545 2154 650 2192 non
697 2136 882 2190 fuisset
909 2145 1128 2186 :verum
1155 2129 1258 2181 hoc
1285 2134 1369 2180 est
1403 2121 1669 2185 mirabile,
1720 2114 1862 2187 quod

261 2235 334 2287 iiii
361 2231 578 2302 quidem
623 2229 779 2302 aliter
799 2206 1138 2297 scripserint,
1189 2218 1275 2271 hic
1329 2226 1506 2269 autem
1539 2210 1693 2266 aliter
1735 2207 1863 2261 illttd

262 2326 494 2394 potuerit
523 2326 828 2377 immutare.
852 2317 1041 2386 Operm
1064 2313 1293 2383 pretium
1326 2319 1408 2364 est
1431 2307 1575 2377 prius
1601 2305 1862 2364 dicamus,

259 2391 362 2488 qua
396 2418 470 2471 de
522 2429 682 2470 causa
723 2407 1036 2478 scripserint
1081 2403 1457 2466 Athenienses,
1511 2396 1694 2467 Ignoto
1735 2391 1862 2488 Deo.

261 2482 566 2574 Quamnam
617 2504 776 2573 igitur
816 2501 886 2554 ob
921 2511 1142 2553 causam
1164 2490 1526 2561 scripserunt?
1562 2485 1752 2574 Multos
1792 2482 1865 2534 illi

265 2573 402 2654 licus
437 2597 724 2659 habebant,
754 2596 837 2647 vel
881 2591 1055 2661 potius
1085 2587 1280 2640 multos
1325 2582 1600 2637 daemones
1631 2595 1644 2629 :
1680 2573 1868 2628 Omnes

263 2695 460 2760 quippe
487 2690 558 2740 dii
584 2687 806 2756 gentium
834 2680 1088 2734 dwnmm'a
1131 2677 1306 2744 (Paul.
1353 2674 1442 2729 95.
1475 2669 1566 2743 5
1593 2668 1870 2760 llabebant

263 2759 316 2836 et
361 2759 563 2849 patrios
589 2783 644 2829 et
690 2772 1021 2844 mrcgrinos.
1070 2769 1273 2822 Videtis
1323 2772 1519 2834 quanta
1571 2760 1768 2816 irrisio.
1813 2759 1867 2812 Si

264 2848 410 2926 enim
463 2872 603 2922 Deus
629 2873 732 2929 est,
784 2879 890 2917 non
928 2873 1006 2915 ρει
1052 2857 1367 2929 peregrinus
1407 2851 1715 2922 :siqnident
1749 2848 1870 2901 uni-

266 2962 407 3017 versi
457 2971 722 3013 terrarum
769 2955 915 3010 orbis
963 2960 1049 3005 est
1100 2950 1368 3003 dominus.
1403 2944 1673 3011 Quesdam
1712 2942 1872 3011 igitur

266 3055 492 3108 istorum
522 3051 658 3104 alios
681 3063 709 3101 a
742 3045 980 3117 patribus
1007 3044 1118 3096 suis
1146 3051 1397 3109 acceptos
1425 3036 1713 3100 habebant,
1738 3034 1872 3086 alios

268 3162 295 3201 ει
329 3143 574 3197 ﬁnitimis
593 3138 920 3199 nationibus,
942 3145 1123 3203 utpote
1149 3147 1177 3185 a
1213 3129 1428 3201 Scythis
1454 3170 1469 3194 ,
1498 3144 1529 3182 a
1551 3125 1869 3190 Thracibus,

269 3240 336 3291 ab
365 3234 638 3306 Egyptiis
673 3250 684 3285 :
715 3229 857 3300 quod
885 3227 928 3280 si
959 3225 1193 3296 profana:
1220 3221 1377 3291 periti
1392 3221 1582 3276 essetis
1608 3217 1870 3272 eruditio—

270 3337 374 3392 nis,
408 3331 504 3382 has
534 3326 694 3380 etiam
727 3321 876 3375 vobis
898 3332 1084 3373 omnes
1110 3314 1356 3369 historias
1393 3311 1698 3365 recitarem.
1727 3308 1873 3373 Quo-

270 3427 412 3478 niam
444 3422 603 3490 igitur
632 3430 820 3470 omnes
841 3414 909 3468 ab
933 3412 1083 3465 initio
1109 3425 1214 3463 non
1235 3413 1604 3474 susceperant,
1639 3402 1732 3455 sed
1768 3401 1874 3454 illis

270 3514 464 3570 invecti
497 3509 751 3581 paulatim
789 3505 1021 3568 fuerant,
1055 3501 1143 3554 alii
1181 3498 1395 3571 quidem
1449 3504 1660 3566 patrum
1691 3500 1871 3555 actate,

271 3609 361 3660 alii
385 3620 513 3658 vero
550 3603 788 3671 ipsorum
815 3608 1076 3665 tempore,
1114 3592 1499 3646 convenientes
1528 3587 1780 3640 dixerunt
1809 3582 1874 3636 ad

274 3701 504 3756 invicem
535 3714 548 3749 :
577 3689 1038 3761 Quemadmodum
1057 3686 1188 3740 istos
1211 3681 1607 3752 ignorabamus,
1637 3675 1878 3746 quando.

274 3792 489 3862 quidem
518 3789 664 3857 ipsos
692 3784 946 3849 deinceps
970 3777 1274 3844 accepimus
1328 3781 1382 3827 et
1412 3771 1725 3841 agnovimus
1761 3785 1775 3820 :
1806 3765 1876 3818 ita

275 3857 390 3938 fieri
419 3887 615 3949 potest,
651 3884 709 3928 ut
748 3874 821 3927 sit
840 3870 1032 3939 aliquis
1059 3867 1192 3920 alius
1215 3867 1446 3934 ignotus,
1477 3861 1566 3930 qui
1615 3873 1772 3912 verus
1810 3857 1880 3911 sit

279 3948 443 4040 Deus,
470 3970 566 4027 sed
588 3987 618 4024 a
657 3967 814 4022 nobis
841 3964 1061 4016 minime
1104 3957 1374 4028 cognitus,
1408 3954 1499 4023 qui
1531 3969 1561 4006 a
1593 3951 1750 4005 nobis
1794 3948 1877 4001 itt-

278 4068 402 4121 sciis
426 4071 712 4133 propterea
741 4055 1042 4125 negligatur
1068 4059 1125 4106 et
1156 4047 1516 4132 noncolatur.
1549 4041 1690 4109 Quid
1721 4040 1882 4108 igitur

280 4131 572 4211 fecerunt?
602 4154 763 4205 Aram
789 4151 1077 4202 erexerunt
1103 4183 1117 4204 ,
1147 4152 1199 4195 et
1249 4137 1657 4206 inscripserunt,
1691 4131 1880 4202 Ignoto

281 4248 411 4312 Deo,
450 4254 505 4299 ut
540 4257 634 4312 per
661 4237 1062 4306 inscriptionem
1120 4234 1219 4286 hoc
1249 4227 1631 4297 significarent,
1657 4223 1710 4279 Si
1745 4224 1883 4276 forte

283 4339 550 4412 quispiam
579 4333 647 4387 sit
675 4331 812 4385 alius
838 4329 998 4387 Deus,
1017 4324 1106 4393 qui
1135 4323 1371 4376 nonduin
1393 4319 1546 4372 nobis
1569 4317 1882 4380 innotuerit,

285 4433 425 4484 hunc
447 4409 607 4482 etiam
630 4423 889 4478 colemus.
912 4418 1044 4471 Vide
1066 4415 1404 4469 immodicam
1426 4409 1884 4481 superstitionem.

287 4526 578 4592 Propterea
602 4515 736 4572 dixit
761 4530 791 4568 a
824 4510 1084 4582 principio
1133 4507 1349 4569 Paulus,
1387 4503 1486 4556 Per
1523 4503 1694 4555 omnia
1743 4499 1887 4570 quasi

285 4613 736 4688 superstitiosiores
779 4621 866 4662 vos
905 4605 1046 4658 video
1099 4603 1256 4672 (Act.
1295 4596 1476 4653 Π.Ξὲ
1510 4599 1526 4665 )
1559 4611 1701 4650 :non
1742 4595 1884 4648 enim

280 4687 444 4765 vobis
470 4713 627 4758 notos
653 4697 995 4754 solummodo
1024 4694 1197 4749 colitis
1224 4692 1376 4755 deos,
1406 4689 1500 4744 sed
1553 4703 1648 4742 eos
1675 4687 1837 4742 etiam
1869 4727 1882 4749 ,

287 4797 560 4870 qttirvohis
589 4792 828 4858 nondum
849 4785 1201 4870 innotuerint.
1248 4781 1639 4849 lnscripscrant
1669 4777 1739 4832 illi
1763 4777 1888 4847 qui-

288 4893 437 4952 dem,
468 4883 803 4958 fgno‘oDeo,
837 4885 932 4934 sed
964 4877 1162 4932 Paulus
1209 4876 1593 4940 interpretatus
1608 4879 1730 4935 est;
1765 4884 1889 4922 nam

291 4985 365 5037 illi
391 4981 610 5050 quidem
642 4977 693 5031 id
720 4975 788 5030 de
816 4973 936 5028 aliis
966 4971 1232 5032 dixerant,
1266 4976 1321 5021 at
1364 4966 1493 5020 illttd
1516 4967 1628 5034 ipse
1659 4963 1892 5018 traduxit

288 5076 355 5130 ad
384 5073 679 5136 Christum,
722 5077 778 5123 et
802 5065 865 5120 in.
883 5063 1245 5135 captivitatem
1290 5073 1506 5113 sensum
1542 5056 1786 5126 redegit,
1837 5065 1892 5107 et

250 5226 259 5230 _
291 5166 344 5221 itt
385 5179 486 5221 sua
515 5176 700 5217 secum
728 5158 844 5214 acie
881 5154 1165 5211 collocavit
1195 5168 1210 5204 :
1245 5150 1407 5217 Quem
1435 5149 1571 5202 enim
1597 5149 1892 5219 ignorantes

291 5275 379 5316 vos
399 5257 589 5318 colitis,
619 5253 753 5307 hunc
775 5265 868 5320 ego
894 5247 1031 5303 vobis
1051 5241 1423 5312 annuntio(lb.
1452 5256 1500 5293 υ.
1523 5239 1638 5310 28).
1673 5238 1846 5308 inquit
1874 5253 1889 5301 ;

293 5353 510 5421 ignotus
531 5346 679 5402 enim
709 5343 846 5397 alius
893 5339 1034 5394 Deus
1070 5353 1177 5400 non
1207 5347 1310 5399 est,
1366 5333 1468 5389 nisi
1499 5331 1763 5387 Christus.
1818 5333 1897 5384 Ac

295 5444 418 5496 vide
469 5437 812 5511 prudentiam
855 5430 1212 5501 spiritualem.
1240 5426 1510 5496 Objecturi
1539 5425 1796 5492 deinceps
1823 5423 1897 5477 illi

296 5543 474 5595 erant,
503 5530 650 5585 Nova
680 5527 924 5598 quasdam
952 5524 1200 5593 dogmata
1223 5518 1408 5582 infers
1431 5517 1649 5572 auribus
1677 5515 1895 5578 nostris,

298 5626 452 5682 novis
479 5621 645 5678 rebus
694 5618 882 5676 studes
907 5658 922 5681 ,
955 5616 1122 5670 Deum
1152 5613 1380 5673 invehis,
1408 5625 1564 5679 quem
1615 5624 1720 5662 non
1752 5607 1904 5660 novi-

300 5733 440 5772 ntus.
482 5714 552 5771 Ut
582 5713 742 5783 igitur
773 5711 874 5764 illis
929 5707 1288 5779 suspicionem
1320 5704 1580 5758 eximeret
1625 5699 1899 5763 novitatis,

301 5825 465 5882 seque
497 5820 698 5863 novum
745 5802 909 5858 Deum
945 5799 1162 5854 minimc
1207 5796 1498 5868 prmdicarc
1548 5793 1898 5862 ostenderet,

1955 457 2049 513 sed
2081 472 2240 528 quem
2275 456 2372 528 ipsi
2423 454 2573 527 prius
2614 453 2760 509 cuitu
2791 450 3162 508 honorandum
3189 459 3510 507 censuerant
3545 491 3561 515 ,

1953 549 2203 619 adiunxit
2226 559 2280 604 et
2306 549 2461 615 dixit,
2495 548 2659 614 Quem
2680 547 2974 619 ignorantes
2999 542 3188 612 colitis,
3211 559 3328 598 eum
3357 557 3449 613 ego
3473 557 3562 595 υοο

1957 639 2032 693 bis
2055 641 2327 693 annuntio.
2358 638 2465 693 Vos
2491 653 2580 694 me
2604 636 2957 708 przevenistis,
2989 634 3158 705 inquit
3184 650 3199 700 ;
3228 632 3565 704 praedicatio-

1959 745 2082 786 nem
2111 746 2286 786 meam
2311 729 2489 786 cultus
2517 739 2697 785 vester
2723 727 3142 809 praeoccupaxit.
3166 725 3246 782 Ne
3275 726 3438 798 igitur
3462 725 3535 781 ob
3554 752 3567 767 -

1954 821 2152 890 jiciatis
2199 837 2398 875 novum
2433 836 2464 877 a
2517 836 2606 876 me
2638 821 2806 877 Deum
2838 819 3024 875 inferri
3053 837 3066 873 :
3091 817 3235 873 hunc
3286 817 3432 873 enim
3463 830 3563 870 an-

1961 912 2149 967 nuntio
2174 928 2332 982 quem
2356 928 2451 968 vos
2467 913 2643 968 colitis
2670 913 2998 984 ignorantes,
3030 925 3134 965 non
3158 910 3320 980 digno
3349 908 3565 979 quidem
3625 907 3632 914 “

1963 1003 2145 1066 modo,
2180 1005 2274 1059 sed
2307 1016 2483 1060 tamen
2514 1005 2708 1060 colitis.
2737 1003 2854 1058 Non
2905 1003 3050 1058 enim
3080 1003 3186 1058 tale
3212 1002 3428 1057 Christo
3455 1003 3565 1056 eri-

1959 1097 2106 1166 gitur
2123 1097 2311 1161 altare,
2345 1098 2439 1152 sed
2474 1097 2766 1152 animatum
2816 1097 2985 1152 altare
3014 1111 3077 1151 ac
3123 1096 3438 1167 spirituale;
3472 1111 3567 1149 ve—

1962 1198 2263 1242 rumtamen
2293 1189 2360 1243 ab
2387 1187 2491 1243 hoc
2519 1188 2586 1244 ad
2616 1188 2747 1243 illud
2778 1203 2874 1242 vos
2901 1203 3118 1258 possum
3151 1187 3466 1257 perducere.
3493 1185 3567 1241 Ita

1961 1298 2184 1354 quoque
2213 1283 2384 1337 Judaei
2414 1285 2684 1355 quondam
2739 1285 2945 1340 cultum
2995 1284 3360 1340 exhibebant:
3389 1284 3483 1338 sed
3536 1298 3563 1336 a

1962 1378 2233 1446 corporali
2265 1378 2412 1431 cultu
2437 1387 2795 1442 recesserunt,
2819 1387 2868 1432 et
2893 1376 2960 1431 ad
2978 1375 3310 1447 spiritualem
3342 1374 3569 1429 traducti

1964 1479 2106 1532 sunt,
2129 1469 2217 1538 qui
2241 1468 2585 1522 crediderunt
2611 1484 2817 1523 omnes.
2854 1468 3014 1523 Vides
3037 1467 3186 1522 Pauli
3213 1466 3571 1537 sapientiam?

1969 1561 2118 1614 vides
2168 1561 2551 1630 prudentiam?
2599 1560 2750 1615 vides
2781 1577 2888 1630 quo
2940 1570 3095 1630 pacto
3147 1560 3268 1614 illos
3312 1558 3572 1614 devicerit

1968 1667 2075 1707 non
2122 1652 2463 1722 evangelicis,
2495 1667 2600 1705 non
2628 1651 2960 1722 pr0pbeticis
2989 1667 3116 1705 usus
3155 1650 3333 1718 dictis,
3361 1650 3454 1704 sed
3488 1650 3572 1702 in-

1967 1743 2290 1812 scriptione?
2311 1743 2427 1797 Noli
2450 1758 2600 1813 ergo,
2626 1743 2922 1805 carissime,
2942 1742 3247 1797 divinorum
3266 1740 3574 1810 inscriptio-

1969 1852 2092 1891 nem
2123 1837 2458 1906 eloquiorum
2491 1836 2946 1905 praetermittere:
2978 1851 3101 1890 nam
3155 1836 3200 1889 si
3252 1844 3490 1890 attentus
3520 1837 3573 1888 ei

1970 1929 2191 1998 vigilans
2225 1928 2412 1994 fueris,
2445 1929 2606 1982 etiam
2640 1929 2692 1982 in
2719 1928 2912 1982 alienis
2942 1929 3074 1982 utile
3101 1926 3374 1997 quidpiam
3404 1925 3582 1982 oﬂ'en.

1969 2021 2064 2074 des
2099 2038 2112 2073 :
2145 2021 2225 2074 sin
2250 2033 2430 2075 autem
2464 2021 2740 2091 negligens
2789 2036 2852 2076 ac
2879 2021 3168 2086 remissus,
3200 2037 3269 2076 ne
3298 2021 3428 2091 ipsae
3452 2021 3572 2091 quiJ

1969 2113 2090 2167 dem
2116 2113 2206 2166 tibi
2229 2129 2396 2168 sacrae
2423 2112 2615 2167 Litera:
2648 2113 2906 2182 prodesse
2933 2120 3200 2182 poterunt.
3229 2111 3362 2166 Nam
3385 2127 3579 2183 quem-

1971 2203 2258 2257 admodum
2291 2205 2379 2272 qui
2435 2205 2576 2258 lucra
2624 2203 2771 2256 ttovit
2810 2204 3062 2272 colligere
3088 2243 3104 2268 ,
3153 2203 3389 2272 undique
3430 2204 3575 2258 lucra

1971 2294 2177 2364 Colligit
2209 2312 2223 2347 :
2256 2294 2327 2347 ita
2354 2304 2408 2349 et
2431 2294 2473 2347 is
2514 2293 2609 2364 qtti
2636 2296 2855 2348 minime
2888 2295 3057 2358 novit,
3081 2295 3327 2363 quamvis
3359 2295 3576 2349 thesau-

1973 2403 2089 2440 rum
2115 2387 2396 2452 invenerit,
2430 2387 2604 2440 inanis
2631 2387 2850 2440 recedit.
2881 2386 3053 2439 Vultis
3073 2395 3128 2440 et
3156 2387 3381 2440 alterum
3404 2387 3580 2441 simile

1975 2489 2348 2550 argumentum
2378 2480 2429 2532 in
2471 2479 2706 2532 medium
2739 2477 2982 2543 afferam,
3011 2480 3151 2548 quod
3195 2480 3331 2533 alius
3361 2480 3578 2550 quidem

1977 2570 2085 2624 alio
2113 2585 2276 2624 sensu
2325 2570 2566 2639 protulit,
2596 2569 2692 2623 scd
2733 2572 3058 2637 evangelista
3092 2571 3197 2624 vim
3243 2586 3430 2626 eorum
3462 2585 3581 2640 qua:

1976 2659 2117 2714 dicta
2167 2662 2368 2712 fuerant
2399 2660 2464 2712 ad
2494 2675 2553 2713 se
2581 2660 2856 2714 traduxit?
2890 2659 3071 2728 itaque
3091 2660 3376 2731 diligenter
3401 2670 3579 2715 atten-

1975 2749 2122 2822 dite,
2141 2759 2199 2804 ut
2223 2749 2371 2802 illum
2398 2765 2612 2819 quoque
2638 2750 2859 2805 discatis
2878 2751 3210 2806 intellectum
3236 2751 3303 2806 ad
3324 2752 3581 2806 obedien-

1977 2841 2103 2894 dum
2130 2839 2347 2894 Christo
2375 2840 2427 2894 in
2451 2842 2812 2908 captivitatem
2827 2843 3095 2912 redegisse
3120 2842 3196 2913 (2.
3219 2841 3339 2897 Cor.
3374 2845 3459 2897 i0.
3489 2844 3578 2914 5):

1979 2940 2034 2984 ut
2065 2930 2306 2995 discatis,
2340 2930 2384 2984 si
2433 2931 2606 2985 aliena
2638 2947 2924 3001 possumus
2954 2935 3003 2987 in
3035 2934 3398 3002 captivitatem
3433 2934 3577 2987 redi-

1976 3035 2124 3090 gere,
2157 3021 2322 3074 multo
2349 3023 2516 3091 magis
2543 3037 2641 3075 nos
2667 3023 2717 3076 in
2767 3025 2994 3093 pmpriis
3022 3028 3402 3096 negotiaturus,
3436 3042 3583 3094 qua:-

1979 3123 2228 3183 stttmque
2257 3114 2512 3171 facturos.
2542 3115 2790 3170 Pontifex
2825 3129 2942 3171 erat
2988 3117 3116 3172 anni
3145 3119 3286 3172 illius
3313 3118 3542 3188 Caiphas
3569 3135 3581 3171 :

1980 3221 2102 3260 nam
2128 3217 2179 3261 et
2212 3207 2312 3262 hoc
2334 3209 2433 3260 fuit
2456 3207 2692 3262 Judaicae
2713 3211 3069 3279 improbitatis
3102 3214 3391 3281 :qttoniam
3420 3211 3587 3281 digni-

1981 3308 2143 3353 tatem
2191 3301 2578 3356 sacerdotalem
2612 3302 2748 3356 adeo
2801 3303 3161 3372 deturpabant
3191 3347 3207 3369 ,
3266 3315 3321 3358 ut
3368 3307 3587 3359 venales

1985 3394 2264 3464 pontifices
2303 3393 2613 3448 redderent.
2665 3397 2834 3449 Antea
2863 3411 2991 3450 vero
3023 3412 3128 3450 non
3156 3397 3226 3450 ita
3257 3398 3437 3464 tiebat,
3489 3399 3586 3452 sed

1981 3486 2094 3540 sola
2126 3493 2298 3540 morte
2332 3484 2601 3554 pontificis
2635 3477 2995 3540 saecrdo’titnu
3021 3489 3406 3542 terminabatur
3433 3507 3447 3543 :
3473 3499 3585 3544 lunt

1983 3590 2112 3631 vero
2142 3575 2303 3629 etiam
2332 3579 2572 3630 viventes
2605 3576 2807 3630 honore
2837 3591 2896 3630 se
2935 3578 3275 3631 abdicabant.
3327 3579 3461 3633 Cum
3492 3581 3590 3650 igi-

1987 3678 2070 3722 tur
2093 3668 2234 3722 illius
2262 3669 2387 3722 anni
2420 3669 2658 3737 pontifex
2689 3677 2834 3723 esset
2863 3669 3115 3737 Caiphas,
3148 3669 3365 3724 .ludaeos
3399 3672 3590 3725 adver-

1984 3774 2078 3814 sus
2106 3758 2378 3814 Christum
2408 3760 2652 3813 armabat
2703 3774 2764 3812 ac
2795 3759 3010 3814 dicebat
3039 3778 3051 3813 :
3085 3761 3234 3814 llunc
3265 3762 3400 3815 mori
3429 3777 3590 3832 opor-

1987 3859 2059 3906 tet
2089 3868 2246 3906 :cum
2276 3860 2456 3905 tamen
2486 3852 2618 3904 nihil
2653 3852 2876 3905 haberet
2901 3851 3042 3920 quod
3075 3853 3123 3906 ei
3175 3853 3454 3921 obiiceret,
3495 3855 3591 3909 sed

1987 3944 2184 3998 invidia
2206 3945 2380 3997 solum
2415 3943 2734 3996 tabesceret.
2763 3942 2836 3996 Ea
2870 3959 3098 4010 namque
3121 3943 3333 3997 invidiae
3355 3955 3440 3998 est
3462 3961 3592 3999 con-

1987 4037 2139 4101 ditio,
2168 4036 2325 4089 talem
2371 4046 2711 4103 acceptorum
2762 4035 3145 4089 beneficiorum
3177 4038 3475 4091 mercedem
3510 4055 3593 4093 re-

1990 4129 2192 4198 pendit.
2252 4127 2404 4183 Unde
2437 4126 2748 4180 insidiarum
2780 4143 2996 4181 eausatn
3048 4131 3293 4198 aperiens
3338 4130 3591 4196 dicebat,

1993 4220 2215 4290 Expedit
2249 4230 2299 4272 ut
2327 4235 2455 4272 unus
2488 4220 2635 4271 homo
2672 4220 2941 4280 moriatur,
2977 4229 3023 4271 et
3075 4236 3174 4272 non
3223 4231 3327 4272 tota
3358 4239 3480 4290 gens
3507 4239 3594 4291 pe-

1990 4312 2300 4380 reaonan.
2329 4312 2415 4366 11.
2440 4312 2551 4379 50).
2582 4311 2752 4380 Hujus
2782 4312 2928 4365 vcrhi
2958 4316 3126 4365 virtus
3149 4312 3268 4386 vide
3300 4329 3408 4381 quo
3437 4324 3595 4384 pacto

1994 4406 2044 4458 in
2072 4415 2283 4458 nostras
2318 4413 2496 4472 partes
2525 4402 2820 4466 transierit,
2848 4412 2904 4454 ut
2931 4403 3195 4472 intelligas
3233 4405 3455 4458 verbum
3479 4407 3592 4475 qui-

1992 4498 2112 4551 dem
2137 4495 2302 4549 fuisse
2333 4494 2647 4558 sacerdotis,
2675 4505 2727 4544 at
2755 4507 2971 4547 sensum
2993 4495 3324 4562 spiritualem
3357 4495 3469 4550 fieri
3503 4515 3596 4566 po-

1996 4593 2179 4644 tuisse.
2210 4587 2432 4658 Errpedit
2455 4597 2508 4640 ut
2527 4604 2659 4640 unus
2685 4586 2835 4640 homo
2859 4587 3125 4653 moriatur,
3150 4598 3194 4640 et
3222 4605 3321 4642 non
3349 4599 3453 4645 tota
3475 4608 3599 4662 gens

1997 4689 2184 4752 pereat.
2214 4678 2328 4732 Hoc
2357 4687 2526 4732 autem
2556 4694 2587 4730 a
2608 4678 2876 4746 semetipso
2902 4694 3000 4732 non
3031 4678 3248 4745 dicebat,
3285 4681 3476 4751 inquit,
3508 4683 3598 4736 sed

1999 4774 2120 4811 cum
2157 4771 2290 4814 esset
2315 4765 2556 4832 pontifex
2587 4770 2711 4819 anni
2737 4768 2902 4822 illius.
2923 4769 3251 4834 prop/tetulit
3278 4766 3384 4837 (Ib.
3411 4786 3456 4823 v.
3478 4771 3591 4840 51),

2000 4851 2144 4920 quod
2166 4854 2307 4906 mori
2324 4853 2604 4909 Christum
2625 4863 2911 4926 oporteret
2933 4873 3039 4911 non
3062 4859 3225 4912 modo
3253 4875 3350 4930 pro
3362 4859 3390 4913 J
3399 4861 3590 4928 ttdazls,

2001 4947 2095 5002 sed
2124 4955 2176 5000 et
2204 4963 2301 5016 pro
2329 4957 2442 5004 tota
2469 4960 2630 5019 gente
2657 4969 2669 5006 :
2698 4963 2986 5022 propterea
3011 4954 3252 5020 dicebat,
3279 4955 3505 5024 Expedit
3532 4967 3591 5012 ut

1999 5055 2136 5092 unus
2170 5041 2431 5093 moriatur
2457 5041 2634 5100 homo.
2667 5053 2715 5096 et
2747 5061 2850 5097 non
2893 5054 3001 5097 tota
3035 5065 3154 5118 gens
3184 5059 3380 5117 pereat.
3421 5049 3591 5103 Vides

2002 5139 2297 5210 potentiam
2325 5136 2441 5200 Dei,
2466 5150 2572 5207 quo
2619 5142 2783 5206 pacto
2810 5133 3048 5203 linguam
3081 5142 3236 5202 cogat
3261 5132 3604 5188 inimicorum

2003 5248 2098 5303 pro
2126 5230 2350 5283 veritate
2377 5227 2539 5281 verba
2572 5225 2791 5280 facere?

2071 5323 2125 5377 5.
2160 5318 2417 5390 Neaphyti
2438 5320 2524 5387 qui
2546 5316 2651 5370 veri
2681 5318 2801 5369 sint.
2825 5346 2898 5357 —
2917 5315 2986 5373 Ut
3017 5316 3176 5386 igitur
3205 5315 3496 5386 Scriptura:
3520 5332 3609 5373 sa.

2005 5429 2110 5469 περ
2139 5413 2319 5466 titulos
2348 5425 2454 5464 non
2480 5409 2976 5478 prmtermittamus,
3001 5407 3331 5462 sufﬁcienter
3361 5409 3476 5464 haac
3526 5411 3608 5465 di-

2006 5521 2088 5563 cta
2121 5509 2247 5569 sint,
2277 5507 2319 5558 si
2353 5502 2489 5558 forte
2520 5501 2880 5557 recordemini
2909 5519 2922 5553 :
2955 5515 3208 5568 cuperent
3237 5511 3419 5555 autem
3447 5503 3609 5556 etiam

2009 5604 2190 5660 dicere
2236 5602 2359 5672 quis
2390 5602 2458 5653 sit
2503 5607 2691 5650 auctor
2720 5595 2861 5659 libri,
2896 5604 2951 5649 et
2993 5596 3209 5664 quando
3233 5636 3247 5658 ,
3293 5609 3507 5665 quaque
3545 5595 3611 5650 de

2009 5710 2169 5751 causa
2191 5694 2338 5748 illum
2364 5690 2659 5758 scripserit.
2692 5687 2799 5742 Sed
2831 5686 2947 5741 haec
2975 5686 3186 5739 interim
3219 5696 3398 5739 mente
3433 5697 3611 5741 teneao

2015 5803 2170 5856 mus;
2203 5785 2287 5842 illa
2321 5797 2448 5839 vero
2477 5781 2711 5836 crastino
2738 5776 2847 5832 die.
2881 5778 2923 5830 si
2975 5776 3114 5830 Deus
3164 5777 3387 5832 voluerit
3409 5817 3424 5846 ,
3455 5778 3623 5833 restiv
