4218 6294
654 354 726 409 75
1350 345 1407 399 S.
1448 342 1728 399 JUANNIS
1766 335 2241 399 CIIRYSOSTOMI
2284 336 2599 392 ARClllEP.
2630 337 3166 393 CONSTANTINOP.
3882 339 3951 393 78

658 475 890 521 tuemus.
919 462 1088 519 Statui
1137 474 1387 530 namque,
1415 458 1553 527 quod
1582 457 1848 526 reliquum
1884 462 1987 517 est,
2032 463 2241 504 sermo-

663 571 785 610 nem
816 555 881 608 ad
923 568 1093 620 nuper
1119 547 1445 605 illuminatos
1482 557 1821 603 convertere.
1864 544 2042 613 Nuper
2064 553 2240 593 autem

662 644 988 698 illuminatos
1017 641 1228 711 appello
1266 654 1371 693 non
1399 653 1518 703 eos,
1553 638 1644 707 qtti
1674 646 1798 691 ante
1842 634 1976 687 duos
2005 641 2057 685 et
2086 640 2196 683 tres
2222 667 2239 693 ,

657 750 832 802 neque
859 734 946 803 qui
976 731 1314 789 autedecem
1345 730 1462 785 dies
1490 727 1773 783 illuminati
1824 733 1948 778 sunt
1992 732 2193 775 tantum
2224 761 2239 784 ,

651 829 746 883 sed
791 841 885 880 eos
922 827 1081 880 etiam
1110 826 1198 895 qui
1259 833 1389 878 ante
1428 838 1664 887 annum,
1692 830 1848 888 atque
1894 816 2029 871 adeo
2073 815 2241 868 multo

610 952 623 962 -
650 928 775 971 ante
802 928 1043 986 tempore
1068 934 1081 969 :
1107 914 1539 985 quandoquidem
1588 912 1685 964 hos
1710 921 1923 979 quoque
1946 907 2023 960 sic
2053 904 2238 973 appel-

652 1010 747 1065 lari
779 1018 1010 1080 oportet.
1038 1009 1093 1064 Si
1115 1010 1257 1062 enim
1290 1008 1341 1061 in
1365 1003 1656 1060 excolenda
1691 1004 1865 1055 anima
1893 1008 2073 1052 nostra
2100 997 2239 1050 mul-

650 1110 762 1157 tum
793 1102 956 1156 studii
985 1101 1391 1156 exitibuerimus
1424 1138 1441 1163 ,
1492 1110 1781 1168 possumus
1809 1103 1863 1148 et
1891 1100 2010 1161 post
2050 1091 2236 1144 decem

646 1212 815 1251 annm
853 1210 1021 1263 nuper
1051 1193 1330 1247 illuminati
1353 1206 1493 1251 esse.
1521 1190 1565 1243 si
1593 1188 1745 1243 nobis
1776 1186 2059 1255 ingenitam
2091 1198 2119 1235 a
2148 1183 2240 1234 ba-

646 1290 895 1357 ptismate
926 1285 1258 1355 iuventutem
1307 1279 1825 1336 conservaverimus.
1872 1276 2053 1344 Neque
2094 1275 2234 1326 enim

644 1392 815 1447 nuper
853 1378 1206 1429 illuminatum
1251 1372 1413 1427 efficit
1454 1380 1681 1438 tempus,
1712 1367 1808 1421 sed
1854 1366 1961 1420 vita
2016 1363 2233 1426 munda,

643 1482 764 1519 cum
797 1464 910 1519 fieri
940 1465 1131 1532 possit,
1162 1472 1217 1516 ut
1246 1472 1364 1529 post
1387 1460 1524 1514 duos
1542 1461 1701 1514 etiam
1723 1459 1858 1521 dies,
1891 1456 1978 1523 qui
2012 1456 2105 1507 sibi
2131 1470 2221 1507 nor

644 1566 851 1617 Caveat,
878 1552 1249 1623 appellationis
1274 1551 1431 1620 hujus
1461 1550 1772 1620 dignitatem
1798 1548 2026 1601 amittat.
2057 1549 2232 1613 Atque

642 1645 802 1713 hujus
834 1645 911 1699 rei
958 1643 1109 1698 vobis
1147 1642 1456 1712 exemplum
1505 1638 1795 1710 proferam,
1824 1652 1929 1707 quo
1958 1645 2112 1705 pacto
2144 1636 2233 1703 qui

601 1772 605 1781 ι
643 1753 815 1805 nuper
841 1737 1177 1790 illuminatus
1203 1745 1355 1800 erat,
1381 1734 1560 1787 statim
1586 1742 1703 1802 post
1729 1730 1864 1784 duos
1892 1730 2007 1783 dies
2032 1738 2083 1781 et
2110 1744 2236 1797 gra-

643 1828 769 1880 tiam
791 1836 846 1881 et
876 1827 1138 1879 honorem
1192 1840 1361 1895 nuper
1390 1820 1670 1877 illuminati
1698 1820 1953 1874 amiserit.
1988 1818 2100 1871 Hoc
2138 1835 2233 1869 au-

644 1926 747 1972 tem
775 1916 1076 1985 exemplum
1128 1915 1329 1968 idcirco
1358 1929 1389 1966 a
1418 1928 1505 1967 me
1536 1912 1803 1981 profertur
1828 1951 1844 1973 ,
1893 1920 1948 1963 ut
1978 1925 2097 1963 cum
2143 1909 2224 1960 la-

642 2022 796 2077 psum
845 2008 1006 2061 istum
1036 2004 1292 2069 videritis,
1322 2003 1549 2057 salutem
1580 2013 1811 2055 vestram
1861 2000 1912 2052 in
1950 2007 2063 2053 tuto
2108 2014 2235 2051 con-

642 2099 895 2152 stituatis.
933 2096 1049 2151 Non
1081 2096 1227 2155 enim
1276 2104 1478 2149 tantum
1525 2108 1715 2147 eorum
1773 2092 2021 2159 exemplo
2085 2091 2234 2145 vobis

641 2190 913 2262 proposito
940 2190 1030 2259 qui
1061 2196 1364 2250 steterunt,
1400 2186 1493 2241 sed
1531 2200 1719 2238 eorum
1758 2184 1941 2247 etiam,
1974 2184 2061 2252 qui
2096 2197 2225 2250 sup-

644 2280 862 2349 plantati
902 2290 1064 2343 sunt,
1118 2276 1420 2347 corrigendi
1473 2276 1603 2329 estis
1654 2284 1707 2327 et
1756 2273 1996 2327 sanandi.
2045 2271 2229 2327 Simon

640 2372 830 2440 Ilagns
854 2384 1147 2423 conversus
1175 2379 1321 2433 erat,
1374 2366 1564 2435 inquit,
1620 2375 1675 2419 et
1719 2365 2018 2435 baptizatus
2045 2364 2229 2415 adhae-

641 2464 793 2517 rebat
819 2448 1085 2528 Philippo,
1120 2460 1305 2512 videns
1344 2460 1494 2525 signa
1528 2474 1540 2509 :
1574 2456 1668 2510 sed
1716 2465 1831 2525 post
1888 2469 2080 2523 paucos
2116 2454 2231 2507 dies

638 2552 815 2607 statim
840 2552 904 2604 ad
938 2552 1205 2621 prepriam
1244 2564 1491 2603 reversus
1529 2557 1614 2601 est
1649 2548 1963 2614 nequitiam,
1994 2556 2046 2600 et
2076 2562 2225 2598 suam

640 2644 865 2697 salutem
892 2657 1071 2696 emere
1120 2641 1338 2710 pecunia
1372 2639 1603 2692 volebat.
1632 2636 1768 2705 Quid
1809 2652 1937 2706 ergo
1969 2652 2137 2704 nuper
2168 2636 2228 2687 il-

640 2733 898 2787 lumiuato
923 2732 1057 2786 dixit
1088 2732 1280 2785 Petrus
1301 2732 1325 2781 ?
1374 2730 1439 2782 In
1486 2730 1602 2800 felle
1649 2728 2003 2780 amaritudinis
2027 2737 2073 2780 et
2102 2728 2228 2780 obli-

638 2825 837 2895 gatione
858 2824 1130 2893 iniquitatis
1152 2822 1291 2875 video
1321 2830 1368 2874 te
1395 2836 1500 2873 esse
1521 2834 1539 2872 :
1564 2820 1795 2887 quocirca
1824 2817 1985 2870 Deum
2008 2834 2153 2886 roga,
2183 2818 2225 2869 si

638 2922 769 2987 [orte
790 2917 1074 2968 remittatur
1103 2914 1189 2966 tibi
1215 2913 1322 2966 Iurc
1346 2910 1568 2980 nequitia
1592 2911 1726 2979 (Act.
1756 2909 1790 2964 8
1833 2908 1921 2963 25.
1940 2908 2055 2977 2‘2).
2085 2908 2228 2961 Non-

637 3007 765 3061 dum
796 3008 1068 3075 ingressus
1094 3014 1176 3059 est
1196 3002 1511 3064 certamina,
1541 3011 1595 3054 et
1624 3001 1800 3054 statim
1830 2999 2048 3067 indigno
2073 2998 2226 3052 venia

636 3111 762 3152 casu
797 3098 1072 3166 prolapsus
1098 3102 1200 3150 est.
1232 3093 1299 3149 Ut
1354 3094 1515 3161 igitur
1541 3102 1659 3161 post
1698 3090 1832 3144 duos
1858 3090 1975 3144 dies
2027 3090 2223 3143 cadere

636 3203 937 3260 possumus,
960 3198 1015 3241 et
1046 3202 1215 3256 nuper
1254 3183 1538 3239 illuminati
1574 3182 1980 3253 appellationem
2012 3191 2064 3234 et
2098 3196 2223 3250 gra-

638 3282 764 3333 tiam
794 3278 1052 3349 perdere:
1085 3277 1157 3331 ita
1183 3292 1392 3346 quoque
1422 3283 1540 3344 post
1566 3274 1752 3328 decem
1791 3288 1853 3327 ac
1902 3272 2084 3341 viginti
2122 3287 2221 3325 an-

636 3386 754 3435 nos,
780 3380 835 3425 et
862 3370 927 3423 ad
956 3368 1113 3423 finem
1140 3384 1305 3437 usque
1328 3369 1447 3421 vita:
1479 3381 1761 3435 possumus
1782 3366 2093 3435 pratclarum
2121 3364 2223 3418 hoc

634 3471 793 3530 atque
825 3458 1180 3514 venerandum
1209 3475 1403 3512 nomen
1434 3473 1497 3511 ac
1529 3474 1641 3512 rem
1672 3472 2012 3512 conservare.
2043 3459 2219 3525 Atque

636 3551 739 3606 hoc
767 3552 960 3605 Paulus
993 3560 1216 3605 testatur
1234 3550 1531 3619 apostolus,
1559 3549 1646 3618 qui
1676 3549 1727 3602 in
1750 3557 2026 3603 senectute
2053 3548 2222 3601 maxi-

634 3658 723 3697 me
748 3642 969 3697 illustris
994 3641 1113 3695 fuit.
1134 3640 1268 3696 Nam
1292 3642 1543 3710 quoniam
1588 3656 1615 3693 a
1643 3647 1832 3693 natura
1862 3654 1965 3692 non
1998 3650 2078 3692 est
2107 3640 2221 3693 lucc

636 3733 913 3795 iuventus.
943 3732 1039 3788 sed
1078 3734 1356 3803 utriusque
1400 3731 1655 3803 propositi
1696 3742 1971 3801 compotes
1996 3747 2215 3795 sumus;

634 3833 693 3877 ut
721 3823 801 3877 vel
856 3838 1220 3889 senescamus,
1249 3824 1333 3877 vel
1368 3824 1590 3890 juvenes
1618 3836 1944 3887 maneamus,
1974 3838 2002 3875 a
2036 3832 2218 3876 nOser

633 3916 830 3987 pendet
866 3915 1105 3970 arbitrio.
1153 3916 1208 3969 In
1234 3930 1459 3983 corpore
1497 3913 1711 3983 quidem
1753 3914 1877 3968 licet
1918 3929 2078 3967 omne
2107 3926 2219 3967 sm-

631 4008 776 4062 dium
806 4008 924 4076 quis
973 4006 1219 4061 adhibeat
1247 4046 1261 4069 ,
1294 4006 1416 4059 licet
1463 4021 1677 4059 omnem
1725 4004 1954 4073 lapidem
1984 4012 2213 4069 moveat,

634 4098 754 4152 licet
780 4097 905 4152 illud
938 4097 1156 4151 minime
1187 4105 1361 4157 vexet,
1393 4096 1517 4150 licet
1568 4095 1711 4149 domi
1753 4096 2043 4157 contineat,
2093 4096 2218 4149 licet

632 4188 903 4243 laboribus
942 4187 1072 4241 illud
1119 4195 1173 4240 et
1213 4186 1481 4241 continuis
1540 4184 1793 4255 operibus
1823 4200 1927 4238 non
1970 4184 2166 4254 affligat
2200 4202 2213 4237 :

632 4290 807 4335 tamen
840 4295 902 4334 ex
936 4279 1053 4347 lege
1077 4288 1279 4332 natura:
1302 4278 1379 4331 sic
1401 4293 1611 4347 quoque
1638 4278 1792 4347 plane
1813 4286 2062 4331 senectus
2089 4277 2216 4330 illud

634 4370 865 4425 invadet.
894 4370 949 4424 In
976 4370 1152 4423 anima
1182 4385 1309 4422 vero
1338 4384 1441 4422 non
1489 4370 1559 4423 ita
1608 4372 1664 4423 lit
1692 4385 1706 4423 :
1736 4368 1830 4423 sed
1862 4370 1905 4421 si
1939 4369 2080 4422 illaut
2111 4371 2214 4422 mi-

630 4464 773 4516 nime
801 4475 983 4523 vexes,
1012 4474 1185 4529 neque
1212 4459 1557 4513 saecularibus
1601 4474 1719 4513 eam
1746 4459 2015 4513 laboribus
2039 4460 2215 4514 curis-

627 4567 730 4620 que
758 4550 1039 4604 mundanis
1058 4550 1354 4613 excrucies,
1381 4549 1714 4618 juventutem
1755 4564 1903 4603 suam
1956 4563 2214 4619 perpetuo

631 4644 843 4705 retinet,
880 4642 1206 4712 illzesamque
1256 4650 1560 4695 conservat.
1592 4640 1779 4696 Nonne
1810 4642 2001 4697 videtis
2034 4642 2130 4697 has
2159 4644 2211 4697 in

628 4733 762 4787 ca-lo
802 4734 937 4787 fixas
965 4732 1182 4788 stellas?
1208 4731 1324 4786 Jam
1362 4748 1455 4801 per
1484 4748 1653 4787 annos
1682 4733 1857 4788 sexies
1884 4733 2028 4788 mille
2059 4736 2213 4789 nobis

630 4826 828 4892 lucent,
862 4841 959 4879 nec
990 4826 1222 4895 ipsarum
1258 4826 1363 4879 ulla
1394 4824 1530 4880 facta
1556 4834 1639 4880 est
1664 4827 1961 4880 obscurior.
1986 4826 2134 4894 Quod
2166 4828 2210 4881 si

628 4918 714 4971 ubi
734 4927 934 4971 natura:
952 4933 1036 4971 res
1054 4925 1156 4980 est,
1175 4920 1245 4971 ita
1271 4931 1459 4972 recens
1473 4926 1527 4971 et
1550 4917 1780 4971 vividum
1801 4918 1977 4971 lumen
2002 4935 2212 4973 reman-

628 5009 701 5061 sit
727 5025 738 5058 :
771 5008 863 5061 ubi
894 5008 1182 5063 voluntatis
1220 5024 1309 5061 res
1358 5016 1475 5073 est,
1504 5024 1679 5062 nonne
1719 5008 1887 5062 multo
1914 5010 2079 5078 magis
2107 5012 2210 5066 tale

629 5098 989 5167 permanebit,
1025 5100 1183 5169 quale
1209 5099 1277 5153 ab
1300 5098 1449 5153 initio
1477 5098 1725 5152 refulsit?
1756 5098 1865 5151 lmo
1893 5114 2020 5152 vero
2050 5100 2091 5153 si
2118 5116 2210 5153 ve-

630 5190 810 5252 limus,
840 5205 943 5243 non
975 5190 1077 5243 tale
1108 5199 1310 5243 tantum
1352 5190 1701 5259 permanebit,
1753 5189 1848 5243 sed
1878 5188 2207 5257 splendidius

624 5282 783 5335 etiam
815 5281 937 5346 erit,
970 5281 1047 5334 sic
1093 5289 1153 5333 ut
1197 5281 1339 5348 ipsos
1372 5280 1531 5333 etiam
1558 5280 1689 5334 solis
1708 5279 1886 5333 radios
1907 5281 2201 5335 aemuletur.

630 5372 745 5425 Vin’
779 5380 832 5425 tu
864 5371 1160 5442 intelligere
1211 5387 1317 5441 quo
1366 5380 1522 5440 pacto
1579 5385 1863 5440 possumus
1896 5372 2053 5425 etiam
2086 5383 2207 5441 post

627 5463 843 5531 longum
872 5470 1081 5529 tempus
1117 5476 1239 5515 esse
1292 5476 1463 5529 nuper
1492 5460 1804 5514 illuminati?
1836 5461 1969 5515 Audi
2014 5464 2203 5532 quibus

623 5554 800 5607 verbis
823 5551 1017 5607 Paulus
1045 5552 1287 5607 homines
1309 5553 1475 5607 multo
1504 5561 1626 5606 ante
1657 5562 1898 5622 tempore
1932 5554 2197 5612 illumina-

624 5650 705 5695 tos
735 5644 1039 5713 alloquatur
1071 5642 1253 5696 :lnter
1294 5660 1417 5713 quos
1462 5644 1636 5697 lucetis
1683 5645 1813 5697 sicut
1840 5646 2109 5701 luminaria
2148 5651 2200 5703 in

623 5732 829 5798 mundo,
852 5733 1049 5787 verbum
1073 5734 1186 5787 vita'
1206 5736 1511 5789 continentes
1533 5735 1600 5789 ad
1624 5736 1837 5807 gloriam
1856 5753 2015 5791 meant
2042 5738 2197 5810 (Plii-

2355 449 2483 519 lipp.
2510 450 2565 504 2.
2589 450 2673 505 15.
2703 449 2810 517 16).
2835 449 3079 504 Veterem
3104 442 3443 523 laceramque
3469 460 3675 507 vestem
3699 453 3948 512 exuistis.

2351 542 2613 609 spirituali
2643 551 2913 611 unguento
2939 541 3162 597 delibuti
3191 545 3351 609 estis,
3406 545 3555 599 liberi
3602 561 3789 599 omnes
3826 545 3946 599 facti

2351 632 2481 684 estis
2510 649 2525 686 :
2554 648 2713 685 nemo
2738 633 2993 701 deinceps
3020 633 3085 686 ad
3128 636 3361 702 priorem
3389 635 3570 690 redeat
3603 639 3939 693 servitutem.

2349 723 2557 777 Bellum
2586 724 2852 791 quoddam
2877 738 2944 778 ac
2980 733 3251 778 certamen
3283 734 3409 778 sunt
3449 741 3536 780 res
3566 727 3701 780 ista.

2420 817 2739 871 Athletartnn
2767 820 2995 887 probatio
3025 820 3077 871 in
3108 818 3407 889 Olympicis.
3442 849 3514 860 -—
3541 819 3707 873 Nemo
3732 828 3941 883 certat,

2347 909 2435 978 qui
2467 924 2655 963 servus
2682 910 2753 963 sit
2789 928 2801 963 :
2836 926 2995 964 nemo
3026 911 3212 963 militat
3239 912 3326 979 qui
3356 912 3425 963 sit
3464 910 3691 965 famulus
3720 930 3733 963 :
3764 911 3858 966 sed
3899 912 3944 967 si

2346 1015 2535 1054 servus
2561 1000 3023 1069 deprehendatur,
3049 1016 3113 1055 ex
3138 1002 3257 1053 albo
3286 1000 3507 1053 militum
3534 1016 3653 1055 cum
3681 1002 3945 1070 supplicio

2345 1092 2581 1158 eiicitur.
2615 1091 2796 1162 Neque
2823 1108 2951 1146 vero
2982 1094 3034 1145 in
3065 1092 3163 1146 hac
3192 1101 3395 1145 tantum
3422 1090 3604 1145 militia
3630 1130 3647 1155 ,
3681 1091 3776 1146 sed
3806 1103 3862 1147 et
3894 1093 3942 1147 iu

2344 1183 2635 1255 Olympicis
2663 1184 3043 1238 certaminibus
3076 1184 3215 1236 idem
3258 1184 3357 1236 iste
3402 1198 3516 1238 mos
3544 1182 3769 1237 obtinet.
3816 1184 3945 1239 Post

2344 1276 2557 1344 triginta
2588 1276 2730 1330 enim
2769 1276 2883 1329 dies
2917 1274 3004 1329 hic
3032 1283 3330 1328 transactus
3354 1314 3369 1338 ,
3401 1277 3457 1328 in~
3478 1274 3789 1329 snburbium
3822 1276 3942 1330 illos

2342 1368 2562 1421 eductos
2583 1369 3011 1431 circumvehuut,
3042 1378 3093 1421 et
3125 1376 3236 1421 toto
3265 1367 3484 1421 sedente
3513 1366 3721 1422 theatro
3744 1369 3943 1422 clamat

2344 1475 2519 1528 przcco
2552 1478 2566 1513 :
2592 1460 2729 1513 Num
2762 1461 2881 1529 quis
2913 1460 3050 1513 hunc
3076 1459 3329 1513 accusat?
3370 1460 3437 1511 ita
3471 1468 3527 1511 ut
3554 1460 3696 1513 omni
3728 1460 3941 1514 servilis

2340 1551 2662 1607 conditionis
2699 1552 3001 1619 suspicione
3032 1550 3250 1618 depulsa
3277 1591 3291 1611 ,
3326 1550 3379 1603 in
3419 1550 3706 1604 certamina
3740 1552 3934 1619 pedem

2342 1644 2551 1697 inferat.
2600 1642 2753 1709 Quod
2783 1642 2825 1695 si
2860 1641 3185 1695 diabolns'in
3226 1656 3425 1711 agones
3462 1656 3590 1696 suos
3619 1656 3803 1697 servos
3830 1660 3936 1699 non

2340 1735 2603 1801 admittit,
2632 1750 2737 1806 quo
2766 1743 2922 1805 pacto
2953 1743 3028 1797 tu,
3058 1749 3179 1787 cum
3212 1734 3413 1802 peccati
3444 1748 3633 1787 servus
3660 1736 3896 1789 evaseris
3918 1777 3935 1799 ,

2342 1827 2393 1879 in
2425 1824 2623 1880 Chriin
2663 1836 2935 1881 certamen
2978 1825 3183 1894 ingredi
3228 1823 3431 1878 audes?
3469 1823 3582 1878 lllie
3620 1827 3836 1895 quidem
3864 1829 3936 1881 ait

2340 1932 2537 1986 pra-co,
2568 1916 2703 1972 Num
2730 1916 2849 1985 quis
2886 1915 3043 1985 hujus
3071 1916 3141 1968 sit
3165 1916 3483 1969 accusator?
3510 1915 3596 1971 hic
3622 1932 3749 1971 vero
3776 1917 3935 1971 Chri-

2340 2020 2454 2061 snis
2479 2024 2581 2061 non
2608 2009 2679 2062 ita
2701 2007 2848 2073 dicit,
2873 2007 2967 2061 sed
2992 2007 3237 2076 quamvis
3256 2020 3443 2061 omnes
3462 2017 3587 2061 ante
3612 2007 3935 2076 baptismum

2343 2099 2488 2152 illum
2520 2108 2792 2162 accusent,
2818 2097 2967 2163 dicit,
2995 2097 3105 2167 Ego
3131 2096 3279 2151 illum
3302 2096 3577 2150 admittam
3603 2108 3657 2152 et
3679 2100 3939 2153 servitute

2349 2189 2606 2249 liberabo,
2631 2200 2790 2259 atque
2818 2188 2869 2242 in
2897 2189 3199 2243 libertatem
3222 2188 3544 2242 vindicatum
3567 2189 3619 2242 in
3642 2190 3936 2243 certamina

2339 2280 2692 2335 introducam.
2730 2280 2886 2334 \‘ides
2915 2278 3251 2348 agonotbetze
3278 2279 3655 2349 benignitatem
3676 2280 3701 2330 ’ἒ
3727 2279 3843 2333 Non
3871 2295 3935 2333 ea

2338 2376 2526 2443 quarrit
2547 2391 2663 2445 quat
2688 2373 3092 2445 praecesserint;
3123 2372 3216 2426 sed
3237 2387 3422 2427 eorum
3449 2388 3569 2442 qua:
3595 2387 3937 2442 consequun-

2338 2474 2442 2528 tur,
2465 2466 2629 2534 exigit
2655 2466 2937 2518 rationem.
2969 2464 3102 2517 Cum
3130 2477 3319 2517 servus
3344 2478 3513 2529 esses,
3538 2463 3680 2517 mille
3710 2478 3928 2518 accusa-

2338 2565 2481 2611 tores
2508 2557 2761 2620 habebas,
2794 2555 3199 2619 conscientiam,
3232 2565 3450 2623 peccata
3471 2598 3485 2618 ,
3517 2554 3790 2609 daemones
3817 2571 3929 2609 om-

2334 2664 2447 2703 nes.
2471 2649 2655 2703 Nullus
2679 2663 2782 2713 me,
2802 2649 2991 2715 inquit,
3015 2648 3225 2699 illorum
3245 2646 3528 2701 adversum
3548 2654 3599 2701 te
3618 2648 3931 2708 commovit,

2337 2758 2510 2811 neque
2539 2753 2587 2795 te
2620 2743 2753 2794 meis
2781 2740 3160 2793 certaminibus
3191 2738 3477 2825 indignum.
3492 2738 3705 2802 censui,
3738 2738 3831 2794 sed
3862 2739 3930 2793 ad

2336 2834 2503 2889 luctas
2529 2832 2740 2896 admisi,
2770 2848 2873 2885 non
2902 2830 2972 2883 ob
3008 2839 3149 2885 tuam
3182 2831 3518 2901 dignitatem,
3537 2829 3633 2885 sed
3660 2830 3730 2883 ob
3756 2846 3931 2884 meam

2332 2927 2734 2996 benignitatem.
2768 2925 2920 2979 Mane
2943 2924 3101 2993 igitur
3121 2939 3183 2979 ac
3205 2924 3440 2988 decerta,
3466 2924 3579 2978 sive
3602 2924 3929 2978 currendum

2336 3019 2425 3079 sit,
2470 3019 2583 3071 sive
2630 3017 2863 3087 pugilatu
2890 3057 2905 3082 ,
2938 3016 3049 3070 sive
3080 3018 3353 3084 pancratio
3382 3013 3694 3068 certandum
3724 3014 3815 3081 sit,
3862 3030 3933 3069 ne

2335 3112 2545 3166 occulte
2568 3152 2583 3177 ,
2615 3126 2683 3165 ne
2713 3120 2915 3165 temere
2938 3149 2952 3175 ,
2988 3123 3086 3163 nec
3136 3108 3187 3161 in
3230 3122 3423 3161 vanum
3468 3106 3731 3161 decertes.
3790 3107 3929 3161 Audi

2330 3205 2456 3275 quid
2484 3206 2653 3274 egerit
2694 3204 2908 3257 Paulus.
2948 3200 3238 3257 Confestim
3270 3200 3358 3253 ubi
3399 3198 3468 3254 de
3496 3200 3709 3253 lavacro
3735 3214 3931 3254 ascen-

2329 3297 2445 3359 dit,
2494 3297 2670 3351 statim
2724 3305 2843 3366 post
2893 3294 3215 3364 baptismum
3266 3292 3613 3356 decermbat,
3669 3278 3930 3360 prmdica;

2329 3388 2418 3443 bat
2450 3429 2466 3453 ,
2499 3390 2747 3456 quoidam
2776 3387 2862 3441 hic
2887 3397 2968 3443 est
2996 3385 3162 3441 Filius
3196 3384 3322 3447 Dei,
3353 3392 3407 3436 et
3429 3383 3642 3437 Judaeos
3663 3384 3774 3453 jam
3806 3383 3929 3437 inde

2327 3496 2355 3532 a
2388 3482 2561 3549 primo
2580 3480 2668 3533 die
2686 3478 3042 3533 confundebat
3066 3478 3201 3549 (Act.
3226 3474 3280 3529 9.
3300 3474 3416 3543 22).
3452 3477 3520 3530 At
3547 3484 3602 3529 tu
3634 3475 3928 3545 pra-dicare

2326 3586 2433 3625 non
2463 3580 2634 3640 potes,
2655 3585 2829 3639 neque
2851 3568 3069 3623 verbum
3097 3568 3353 3621 doctrina:
3381 3567 3585 3622 habes?
3612 3566 3775 3637 Igitur
3793 3581 3924 3635 epe-

2326 3662 2474 3715 ribus
2501 3672 2556 3715 et
2592 3661 3001 3715 conversatione
3030 3663 3406 3729 actionumque
3448 3658 3731 3729 splendore
3762 3657 3916 3713 doce.

2325 3751 2513 3807 Luceat
2538 3753 2681 3806 enim
2709 3795 2722 3816 ,
2754 3752 2923 3820 inquit
2948 3794 2960 3813 ,
2990 3752 3083 3805 lita:
3118 3762 3282 3805 vestra
3310 3768 3481 3805 coram
3511 3752 3796 3805 hominibus
3822 3794 3836 3810 ,
3865 3762 3921 3804 tu

2322 3844 2521 3896 videant
2547 3860 2701 3911 opera
2728 3854 2888 3898 vestra
2914 3844 3063 3909 bona,
3090 3854 3137 3895 et
3160 3843 3443 3913 gloriﬁcent
3472 3841 3676 3897 Patrem
3698 3853 3917 3896 oestrum

2324 3934 2408 4001 qui
2436 3934 2487 3987 in
2516 3935 2651 3987 carlis
2681 3934 2982 4002 «((Matth.
3006 3936 3059 3989 5.
3086 3935 3199 4005 16).
3222 3934 3337 3987 Non
3369 3944 3517 4002 potes
3541 3933 3756 3989 Iudaeos
3787 3951 3917 3989 voce

2322 4025 2688 4079 eonfuudcre?
2715 4026 2821 4080 Fac
2851 4036 2904 4079 ut
2934 4036 3019 4079 tua
3051 4024 3459 4079 conversatione
3485 4025 3879 4079 confundantur
3898 4068 3913 4088 ,

2324 4115 2406 4170 fac
2451 4126 2507 4171 ut
2547 4127 2988 4172 commoveantur
3025 4125 3111 4170 tua
3155 4117 3448 4170 mutatione
3487 4118 3734 4186 gentiles.
3779 4117 3913 4171 Cum

2324 4210 2463 4263 enim
2490 4209 2720 4263 viderint
2750 4225 2873 4263 eum
2896 4211 2983 4277 qui
3015 4210 3261 4273 lascivus,
3295 4223 3488 4278 pravus
3512 4250 3528 4273 ,
3559 4223 3622 4262 ac
3642 4210 3917 4279 negligens

2322 4312 2375 4356 et
2399 4313 2679 4371 corruptus
2703 4311 2837 4367 erat,
2863 4302 3041 4356 subito
3072 4301 3236 4355 fuisse
3266 4309 3547 4365 mutatum,
3578 4311 3629 4355 et
3654 4312 3771 4371 post
3797 4318 3914 4355 ιιιιι-

2328 4398 2580 4450 tationem
2608 4412 2671 4450 ex
2698 4398 2861 4466 gratia
2884 4396 3228 4450 mutationem
3250 4411 3313 4449 ex
3337 4395 3743 4449 conversatione
3764 4396 3912 4450 exhi-

2321 4486 2523 4552 buisse,
2546 4502 2723 4542 nonne
2745 4486 3154 4551 confundentur,
3178 4496 3232 4540 et
3251 4486 3431 4541 dicent
3450 4487 3499 4541 id
3521 4486 3660 4558 quod
3683 4487 3750 4542 de
3768 4503 3915 4543 caeco

2320 4576 2486 4631 «Ιυάτεί
2517 4579 2783 4647 quondam
2810 4577 3089 4641 dicebant,
3128 4576 3226 4630 llic
3250 4588 3357 4643 est,
3392 4576 3511 4631 Non
3543 4589 3617 4632 est
3645 4580 3766 4644 ille,
3797 4578 3913 4633 lino

2320 4669 2427 4737 ipse
2454 4680 2524 4722 est
2564 4669 2743 4739 (Joan.
2772 4670 2827 4724 9.
2859 4668 2911 4723 8.
2942 4667 3038 4739 9)?
3065 4669 3199 4724 Sunt
3228 4670 3369 4723 enim
3402 4669 3517 4723 haec
3546 4670 3707 4725 verba
3735 4669 3910 4725 homi-

2322 4777 2446 4814 num
2472 4761 2839 4824 confusurum,
2866 4761 2934 4815 de
2962 4762 3179 4816 nomine
3204 4762 3302 4816 sibi
3331 4772 3457 4816 noto
3480 4762 3747 4827 dubitare,
3774 4766 3912 4817 inter

2319 4866 2379 4905 se
2404 4851 2682 4915 dissidere,
2715 4852 2943 4921 propriae
2966 4852 3309 4906 conscientia:
3336 4852 3555 4907 minime
3579 4853 3824 4917 credere,
3849 4870 3910 4909 ac

2319 4957 2387 4996 ne
2408 4943 2520 4996 suis
2547 4942 2761 5013 quidem
2791 4944 2980 4997 oculis.
3010 4942 3102 4997 Ille
3130 4943 3423 4998 caecitatem
3452 4944 3789 5014 corporalem
3818 4946 3910 4997 ab-

2314 5033 2465 5100 jecit,
2490 5040 2546 5087 tu
2569 5034 2897 5102 spiritualem
2923 5033 3219 5088 caecitatem
3242 5033 3520 5101 abjecisti;
3550 5036 3639 5090 ille
3664 5035 3716 5089 in
3738 5037 3907 5090 solem

2319 5123 2459 5179 hunc
2484 5126 2737 5195 respexit.
2763 5132 2817 5178 tu
2852 5124 2903 5179 in
2931 5124 3149 5193 justitiae
3177 5126 3344 5180 solem
3374 5125 3600 5197 respice.
3633 5128 3905 5197 Aguovisti

2319 5216 2597 5272 Dominum
2625 5234 2638 5269 :
2664 5216 2747 5271 fac
2772 5216 2931 5287 igitur
2948 5232 3010 5272 ea
3032 5233 3149 5289 qua:
3176 5218 3275 5273 hac
3298 5220 3569 5289 agnitione
3594 5221 3703 5276 sint
3722 5221 3902 5292 digna,

2316 5317 2373 5362 ut
2406 5316 2461 5363 et
2486 5310 2737 5364 caelorum
2767 5324 2987 5377 regnum
3016 5311 3318 5379 assequaris
3337 5352 3352 5376 ,
3386 5313 3552 5380 gratia
3579 5322 3633 5366 et
3662 5313 3902 5384 benigni-

2315 5408 2423 5454 tate
2449 5400 2654 5453 Domini
2684 5400 2851 5455 nostri
2876 5396 3002 5455 .lesu
3026 5399 3243 5463 Christi,
3277 5416 3372 5469 per
3396 5416 3554 5471 quem
3576 5411 3632 5456 et
3656 5416 3779 5457 cum
3800 5417 3906 5472 quo

2314 5491 2457 5545 Patri
2502 5492 2668 5562 gloria
2694 5532 2708 5557 ,
2741 5492 2911 5545 honor
2932 5532 2946 5556 ,
2978 5492 3259 5562 imperium
3286 5534 3299 5557 ,
3334 5507 3435 5547 una
3480 5507 3600 5547 cum
3633 5504 3819 5549 sancto
3844 5509 3903 5548 ac

2310 5582 2523 5637 vivifico
2548 5584 2767 5653 Spiritu,
2794 5599 2932 5639 nunc
2952 5592 3005 5641 et
3035 5599 3267 5655 semper,
3297 5593 3351 5641 et
3377 5588 3429 5639 in
3456 5584 3649 5639 secula
3678 5586 3894 5642 saculo-

2311 5691 2451 5730 rum.
2486 5676 2677 5730 Amen.
