4218 6294
232 349 293 406 73
781 369 846 425 IN
889 359 1425 423 mscmp'nomsu
1464 358 1769 420 ATTARIS
1808 362 1895 418 ET
1935 355 2001 414 lN
2043 351 2439 410 pmcmwn
2479 347 2842 406 MZTORULL
2906 344 2947 403 ι.
3451 347 3520 404 78

222 460 358 532 πρὸς
397 457 530 519 τοὺς
557 456 954 525 νεοςςωτίστους
981 458 1211 526 ἀγαγεῖν
1243 459 1339 510 τὸν
1372 456 1552 524 λόγον.
1593 456 1820 525 N50290:-

223 545 446 605 τίστους
472 540 533 594 δέ
557 540 728 608 λέγω,
767 539 886 609 οὐχὶ
915 540 1043 603 τοὺς
1083 540 1192 611 πρὸ
1225 539 1320 595 δύο
1349 539 1445 592 καὶ
1478 537 1668 609 τριῶν,
1702 537 1824 591 ούδέ

227 627 333 698 1:90
355 626 493 680 δέκα
530 623 758 696 ἡμερῶν
781 621 1153 692 φωτισθέντας
1182 624 1364 695 μόνον,
1403 621 1541 676 ἀλλά
1567 621 1662 675 καὶ
1695 621 1824 684 τοὺς

225 710 332 782 πρὸ
375 706 666 771 ἐνιαυτοῦ,
704 708 799 760 καὶ
855 708 984 770 τοὺς
1003 707 1122 778 πρὸ
1165 707 1414 769 πλείονος
1461 706 1658 777 χρόνου
1683 720 1698 735 ο
1727 704 1823 757 καὶ

223 794 334 860 7&9
360 792 461 846 καὶ
513 789 744 852 τούτους
787 786 932 843 οὕτω
963 788 1070 860 χρὴ
1120 789 1328 843 καλεῖν.
1369 789 1430 842 El
1479 787 1588 857 7&9
1623 786 1824 856 πολλὴν

225 874 468 945 σπουδὴν
494 872 922 942 ἐπιδεικνύμεθα
960 872 1091 943 περὶ
1117 871 1216 942 τὴν
1262 869 1472 924 ἐαυτῶν
1511 869 1710 940 ψυχὴν,
1738 869 1825 934 ἐξ·

225 974 344 1012 εστι
374 957 476 1012 καὶ
503 957 642 1027 μετά
671 955 814 1008 δέκα
838 955 936 1022 ἐτη
976 949 1118 1008 εἶναι
1145 953 1562 1024 νεοφωτίστους,
1594 952 1690 1007 ἐάν
1723 951 1824 1023 τὴν

225 1041 461 1111 νεότητα
497 1041 597 1110 τὴν
642 1038 752 1092 ἀπὸ
783 1038 876 1091 τοῦ
921 1037 1270 1108 φωτίσματος
1299 1035 1663 1108 ἐγγινομένην
1691 1036 1825 1107 ἡμῖν

221 1122 608 1192 διασώσωμεν.
636 1121 773 1175 Οὐδὲ
799 1119 911 1192 γάρ
957 1123 986 1174 0
1028 1119 1219 1191 χρόνος
1266 1120 1412 1171 ποιεῖ
1438 1116 1822 1188 νεοφώτιστον,

220 1206 340 1262 ἀλλ’
371 1209 402 1260 0
446 1205 560 1275 βίος
604 1207 634 1258 0
663 1204 938 1276 καθαρός·
988 1204 1228 1274 ἐγχωρεῖ
1257 1202 1369 1274 7&9
1410 1204 1506 1256 καὶ
1550 1200 1692 1273 μετὰ
1731 1200 1825 1256 δύο

222 1289 442 1362 ἡμέρας
469 1286 737 1342 ἀπολέσαι
756 1287 818 1340 τὸ
843 1286 1062 1359 ἀξίωμα
1086 1287 1184 1357 τῆς
1215 1285 1590 1358 προσηγορίας
1618 1284 1711 1338 τὸν
1746 1285 1823 1356 μὴ

224 1373 592 1444 προσέχοντα.
625 1367 738 1423 Καὶ
770 1362 973 1424 τούτου
996 1368 1348 1441 παράδειγμα
1382 1368 1513 1439 ὑμῖν
1544 1367 1676 1439 ἐρῶ,
1705 1368 1825 1431 πῶς

223 1454 588 1526 νεοφώτιστος
614 1451 817 1515 εὐθέως
856 1450 1110 1506 ἀπώλεσε
1154 1451 1297 1521 μετά
1336 1450 1431 1505 δύο
1460 1452 1678 1522 ἡμέρας
1727 1450 1824 1504 καὶ

223 1541 324 1610 τὴν
353 1538 519 1610 χάριν
573 1534 669 1590 τοῦ
707 1534 1069 1604 νεοφωτίστου
1102 1535 1198 1588 καὶ
1233 1535 1332 1606 τὴν
1365 1535 1552 1606 τιμήν.
1579 1535 1742 1603 Λέγω
1766 1533 1824 1586 δέ

223 1623 286 1677 τὺ
315 1620 700 1692 παράδειγμα,
736 1618 823 1671 ῖνα
867 1617 1070 1681 ίδόντες
1097 1618 1160 1671 τὸ
1200 1617 1422 1690 πτῶμα,
1445 1616 1823 1689 ἀσφαλίσησθε

222 1707 323 1776 τὴν
376 1701 597 1766 ἐαυτῶν
647 1701 942 1772 σωτηρίαν.
976 1701 1051 1754 Οὐ
1097 1698 1209 1772 γὰρ
1254 1701 1364 1755 ἀπὸ
1399 1700 1512 1755 τῶν
1569 1700 1824 1756 ἐστώτων

225 1790 372 1859 ὑμᾶς
400 1788 586 1859 μόνον,
615 1784 755 1839 ἀλλά
779 1785 874 1837 καὶ
899 1783 1010 1837 ἀπὸ
1033 1783 1142 1837 τῶν
1175 1783 1656 1852 ύπεσκελισμένων
1683 1782 1827 1854 διορ-

222 1871 460 1926 θοῦσθαι
499 1869 607 1942 χρὴ
649 1869 747 1923 καὶ
775 1866 1124 1940 θεραπεύειν.
1160 1867 1345 1938 Σίμων
1378 1866 1407 1918 0
1455 1867 1630 1938 μάγος
1664 1881 1826 1936 μετε-

221 1957 443 2018 ϐάλετο,
475 1954 646 2024 φησὶ,
687 1953 779 2007 καὶ
817 1951 1140 2022 βαπτισθεὶς
1171 1949 1607 2022 προσκαρτερῶν
1644 1946 1714 2022 ἦν
1746 1948 1826 2020 τῷ

221 2039 499 2107 Φιλίππῳ,
532 2036 754 2108 θεωρῶν
776 2037 844 2088 τά
874 2037 1080 2107 σημεῖα
1101 2051 1113 2066 ’
1156 2033 1293 2088 ἀλλά
1325 2035 1446 2105 μετ’
1475 2033 1664 2102 ὀλίγας
1689 2034 1827 2105 ὴμέ-

224 2141 324 2194 ρας
359 2122 571 2184 εὐθέως
612 2119 920 2191 ἐπανῆλθεν
957 2118 1052 2170 ἐπὶ
1090 2119 1191 2189 τὴν
1230 2117 1428 2171 ἐαυτοῦ
1471 2119 1695 2183 κακίαν,
1730 2117 1827 2172 καὶ

221 2208 309 2261 διά
336 2205 642 2277 χρημάτων
678 2202 932 2257 ἐϐούλετο
963 2201 1064 2273 τὴν
1113 2201 1387 2273 σωτηρίαν
1431 2201 1719 2273 πρίασθαι.
1760 2202 1825 2254 Τί

221 2288 314 2345 οὖν
343 2306 481 2360 φησι
520 2287 598 2360 τῷ
626 2287 976 2357 νευφωτίστῳ
1017 2287 1046 2339 0
1076 2285 1318 2357 Πέτρος;
1361 2287 1467 2351 Eu;
1502 2283 1702 2354 χολὴν
1734 2296 1828 2338 πι-

223 2374 397 2441 κρίας
443 2371 544 2426 καὶ
581 2370 938 2440 σύνδεσμον
969 2367 1210 2434 ἀδικίας
1243 2366 1361 2436 ὁρῶ
1400 2383 1475 2422 σε
1502 2369 1650 2422 ὄντα
1670 2385 1684 2400 ’
1733 2367 1824 2422 διὸ

224 2457 475 2526 δεήθητι
521 2454 630 2510 τοῦ
679 2454 904 2522 Κυρίου
923 2493 939 2514 ,
973 2455 1028 2507 εί
1074 2452 1195 2521 ἄρα
1231 2451 1604 2521 ἀφεθήσεταί
1639 2467 1742 2507 σοι
1785 2453 1824 2519 ἡ

225 2543 404 2596 κακία
433 2540 611 2608 αὕτη.
636 2537 805 2593 Οὔπω
847 2535 1007 2608 ἐνέϐη
1037 2538 1118 2600 είς
1153 2535 1282 2600 τοὺς
1324 2535 1566 2604 ἀγῶνας,
1599 2536 1696 2590 καὶ
1734 2537 1826 2589 εύ-

226 2626 361 2689 θέως
399 2628 600 2681 ἔπεσεν
641 2623 723 2685 εἰς
777 2620 983 2692 πτῶμα
1014 2620 1421 2689 ἀσύγγνωστον.
1472 2620 1688 2691 Ὥσπερ
1732 2615 1827 2674 οὖν

232 2714 340 2766 ἐστι
384 2709 530 2778 μετὰ
574 2706 668 2760 δύο
720 2705 938 2777 ἡμέρας
989 2705 1215 2770 πεσεῖν,
1264 2704 1360 2758 καὶ
1415 2703 1684 2757 ἀπολέσαι
1726 2704 1826 2774 τὴν

231 2792 605 2865 προσηγορίαν
647 2789 742 2844 τοῦ
775 2787 1138 2857 νεοφωτίστου
1190 2788 1287 2840 καὶ
1316 2786 1418 2858 τὴν
1457 2788 1644 2860 χάριν,
1683 2786 1827 2841 οὕτω

229 2880 319 2930 καί
349 2873 494 2945 μετά
512 2873 646 2926 δέκα
670 2870 766 2942 ἐτη
799 2872 895 2924 καὶ
927 2871 1101 2924 εἴκοσι
1134 2871 1229 2923 καὶ
1262 2869 1425 2941 μέχρι
1454 2870 1556 2940 τῆς
1590 2871 1825 2942 ἐσχάτης

228 2959 442 3031 ἡμέρας
484 2959 632 3012 ἐστιν
680 2953 828 3024 ἐχειν
867 2953 962 3007 καὶ
1003 2951 1258 3024 λαμπρὸν
1286 2952 1446 3006 τοῦτο
1487 2955 1583 3007 καὶ
1627 2953 1824 3024 σεμνὸν

227 3043 401 3114 δνομά
436 3059 496 3095 τε
519 3039 616 3096 καὶ
645 3040 903 3113 πρᾶγμα.
933 3038 1044 3090 Καὶ
1069 3036 1260 3090 τούτου
1290 3038 1502 3110 μάρτυς
1527 3039 1827 3103 ἀπόστολος

233 3129 468 3192 Παῦλος,
501 3128 559 3179 ἐν
587 3126 738 3196 γήρα
782 3122 1095 3192 διαλάμψας
1134 3122 1420 3192 μειζόνως.
1467 3122 1689 3194 Ἐπειδὴ
1719 3123 1828 3193 7&9

228 3215 263 3285 ἠ
288 3213 482 3281 νεότης
511 3210 655 3278 αῦτη
697 3209 798 3261 οὐκ
828 3207 938 3261 ἀπὸ
964 3205 1203 3276 φύσεως,
1241 3206 1358 3260 ἀλλ’
1389 3207 1658 3278 ἑκατέρας
1687 3223 1826 3278 προ-

230 3297 494 3366 αιρέσεως
523 3294 686 3365 ἡμεῖς
736 3291 905 3362 ἐσμεν
928 3288 1143 3359 κύριοι,
1194 3290 1289 3344 καὶ
1331 3291 1392 3343 τὸ
1440 3292 1682 3362 γηρᾶσαι
1733 3292 1829 3344 καὶ

233 3386 412 3452 μεῖναι
433 3380 592 3442 νέους
624 3379 681 3432 ἐν
712 3378 846 3448 ἡμῖν
871 3378 991 3430 ἐστι
1017 3375 1289 3445 κείμενον.
1327 3376 1452 3430 Ἐπὶ
1480 3377 1580 3448 μὲν
1601 3376 1712 3448 γάρ
1733 3377 1828 3430 τοῦ

233 3468 485 3538 σώματος
514 3464 616 3518 κᾶν
662 3461 880 3538 ἀπαντά
909 3477 994 3525 τις
1040 3459 1439 3534 ἐπισπουδάζῃ,
1468 3460 1575 3514 κᾶν
1610 3460 1831 3516 ἅπαντά

230 3532 953 3620 τιξπραγματεύηταιξκαὶ
984 3532 1398 3616 μὴκατατρίϐη
1421 3545 1481 3598 τὸ
1513 3545 1696 3616 σῶμα,
1723 3545 1829 3600 κᾶν

231 3637 356 3704 ποιῇ
411 3631 598 3703 μένειν
639 3629 818 3693 ἔνδον,
863 3629 969 3681 κάν
1019 3632 1095 3698 μὴ
1145 3629 1436 3700 κατατείνῃ
1480 3631 1594 3692 τοῖς
1642 3629 1829 3692 πόνοις

233 3717 364 3771 αὐτὸ
395 3715 618 3777 καὶτοῖς
651 3712 933 3783 συνεχέσιν
964 3711 1169 3781 ἔργοις,
1196 3711 1414 3774 πάντως
1444 3712 1588 3765 κατά
1608 3713 1701 3766 τὸν
1728 3713 1830 3782 τῆς

237 3799 452 3871 φύσεως
477 3799 640 3870 νόμον
674 3795 952 3859 καὶοῦτως
971 3795 1104 3849 αὐτὸ
1134 3795 1506 3867 καταλήψεται
1531 3796 1593 3849 τὸ
1614 3798 1792 3868 γῆρας
1811 3814 1824 3827 ·

236 3887 326 3938 ἐπὶ
351 3884 407 3936 δέ
442 3883 539 3951 τῆς
573 3881 750 3951 ψυχῆς
779 3881 878 3950 οὐχ
898 3878 1102 3942 οὕτως’
1134 3877 1249 3932 ἀλλ’
1289 3877 1354 3932 ἂν
1386 3879 1460 3948 μὴ
1491 3882 1830 3952 κατατρίϐῃς

236 3967 426 4038 αὐτὴν,
474 3963 608 4035 μηδὲ
655 3961 770 4036 [59]
815 3959 1143 4035 κατατείνῃς
1175 3962 1358 4024 πόνοις
1413 3961 1687 4031 βιωτικοῖς
1736 3969 1830 4020 καὶ

237 4054 530 4122 κοσμικαῖς
575 4047 842 4118 φροντίσι,
889 4044 1042 4116 μένει
1080 4045 1374 4110 διαπαντὸς
1419 4048 1700 4118 ἀκραιφνῆ
1731 4052 1831 4121 τὴν

231 4135 464 4205 νεότητα
494 4129 848 4201 διατηροῦσα.
865 4129 978 4199 Οὐχ
996 4129 1160 4199 ὁρᾶτε
1183 4128 1407 4193 τούτους
1434 4131 1560 4193 τοὺς
1593 4132 1830 4202 ἀστέρας

232 4218 356 4280 τοὺς
389 4217 447 4268 ἐν
476 4217 589 4278 τοῖς
628 4212 917 4284 ούρανοῖς;
959 4211 1334 4283 Ἐξακισχίλια
1357 4213 1544 4267 λοιπὸν
1573 4217 1703 4286 ἡμῖν
1735 4215 1828 4287 ἔτη

233 4301 507 4369 φαίνουσι,
547 4298 643 4352 καὶ
675 4295 850 4359 οὐδεὶς
888 4296 1068 4348 αὐτῶν
1101 4296 1479 4367 ἀμαυρότερος
1500 4298 1742 4365 γέγονεν.
1767 4299 1828 4351 Εἰ

233 4390 287 4442 δὲ
315 4386 446 4440 ἔνθα
476 4378 664 4454 φύσις,
701 4382 875 4447 οὕτως
910 4373 1126 4452 ἔμεινεν
1160 4383 1397 4453 ἀκμαῖον
1427 4384 1487 4437 τὸ
1521 4385 1664 4454 φῶς·
1702 4386 1831 4441 ἔνθα

236 4469 580 4542 προαίρεσις,
611 4467 672 4520 οὐ
703 4464 882 4535 πολλῴ
921 4465 1124 4536 μᾶλλον
1157 4468 1311 4536 μενεῖ
1340 4467 1604 4533 τοιοῦτον,
1632 4463 1743 4523 οἷον
1771 4472 1829 4537 ἐξ
1855 4464 1866 4469 ’

235 4554 408 4624 ἀρχῆς
440 4551 686 4621 ἐλαμψιη
718 4548 936 4604 Μᾶλλον
956 4549 1032 4615 δέ,
1059 4548 1153 4602 ἐὰν
1176 4549 1472 4620 ἐθέλωμεν,
1501 4553 1562 4604 ού
1590 4553 1829 4608 τοιοῦτον

238 4637 394 4708 μόνον
434 4636 606 4707 μενεῖ,
637 4632 776 4687 ἀλλὰ
827 4633 920 4687 καὶ
971 4632 1354 4705 λαμπρότερον
1392 4634 1580 4699 ἔσται,
1613 4636 1689 4701 ὡς
1733 4641 1829 4690 καὶ

235 4722 366 4791 πρδς
400 4720 575 4782 αὑτὰς
612 4715 945 4786 ἁμιλλᾶσθαι
968 4716 1069 4779 τὰς
1106 4716 1341 4786 ἡλιακὰς
1370 4717 1613 4782 ἀκτῖνας.
1639 4719 1828 4773 Βούλει
1863 4743 1880 4751 ~

237 4804 429 4874 μαθεῖν
460 4803 580 4863 πῶς
617 4800 794 4867 ἔξεστι
839 4801 932 4864 καὶ
973 4799 1112 4870 μετά
1146 4799 1336 4870 χρόνον
1383 4797 1523 4856 εἶναι
1566 4806 1828 4872 νεοφωτί-

236 4907 426 4954 στους;
465 4889 734 4941 Ἀκουσον
754 4884 805 4937 τί
835 4901 997 4954 φησιν
1026 4886 1054 4936 0
1087 4884 1302 4948 Παῦλος
1336 4886 1472 4957 πρὸς
1507 4886 1829 4958 ἀνθρώπους

235 4974 339 5045 πρὸ
365 4970 566 5026 πολλοῦ
587 4970 682 5024 τοῦ
708 4968 901 5039 χρόνου
927 4968 1376 5038 πεφωτισμένους
1396 4987 1410 5000 ·
1448 4971 1552 5024 Ἐν
1574 4967 1663 5037 οἷς
1695 4974 1830 5040 φαί-

235 5059 412 5119 νεσθε
441 5055 524 5121 ὠς
567 5051 882 5123 φωστῆρες
915 5051 985 5104 ἐν
1015 5052 1240 5120 κόσμῳ,
1277 5054 1466 5122 λόγον
1510 5053 1662 5122 ζωῆς
1694 5055 1830 5108 ἐπέ-

237 5157 449 5210 χοντες
472 5140 561 5204 είς
587 5137 871 5204 καύχημα
900 5136 1052 5205 ἐμοί.
1091 5136 1462 5191 ’Λπεδύσασθε
1502 5139 1562 5192 τὸ
1598 5139 1827 5193 παλαιὸν

237 5226 326 5278 καὶ
344 5221 646 5294 διερρωγὸς
673 5221 908 5290 ἱμάτιον,
939 5219 1237 5289 ἡλείψασθε
1269 5220 1332 5273 τὸ
1369 5223 1540 5294 μύρον
1573 5223 1634 5276 τὸ
1665 5243 1828 5279 πνευ-

240 5307 488 5379 ματικδν,
515 5304 791 5376 ἐλεύθεροι
825 5305 1027 5367 πάντες
1075 5304 1331 5373 ἐγένεσθε
1353 5322 1364 5334 ·
1411 5306 1600 5377 μηδεὶς
1641 5308 1828 5363 λοιπὸν

241 5393 329 5445 ἐπὶ
357 5395 457 5463 τὴν
494 5390 739 5445 δουλείαν
780 5388 1165 5461 ἐπανερχὲσθω
1196 5390 1294 5461 τὴν
1327 5391 1621 5462 προτέραν.
1662 5394 1827 5448 Πόλε-

242 5479 333 5549 μος
361 5478 484 5532 ἐστι
511 5475 582 5528 τά
605 5475 907 5545 πράγματα
935 5473 1032 5526 καὶ
1052 5473 1226 5540 ἀγών.

566 5857 835 5941 [Ἀτιιιιι.
882 5855 994 5917 (Ἕκ.
1046 5859 1145 5921 LI.

2003 457 2197 519 Οὐδεὶς
2226 455 2554 528 ἀγωνίζεται
2585 456 2796 526 δοῦλος,
2834 456 3010 521 οὐδεὶς
3049 459 3407 528 στρατεύεται
3447 469 3526 519 οί⁶

1927 537 2092 612 κέτης
2113 555 2128 571 ο
2163 540 2279 594 ἀλλ’
2313 539 2408 593 ἐάν
2445 539 2559 612 ἀλῷ
2591 539 2780 605 δοῦλος
2813 540 2912 606 ὢν,
2957 541 3097 612 μετά
3133 545 3408 615 τιμωρίας
3433 548 3528 600 ἐκ-

1926 621 2181 677 ϐάλλεται
2225 622 2319 676 τοῦ
2358 621 2468 677 τῶν
2514 622 2863 696 στρατιωτῶν
2909 623 3239 694 καταλόγου.
3283 625 3402 682 Οὐκ
3434 631 3529 683 ἐπὶ

1923 703 2028 775 τῆς
2065 705 2361 773 στρατείας
2385 706 2444 761 δέ
2482 705 2709 778 ταύτης,
2737 705 2879 761 ἀλλά
2917 708 3013 760 καί
3041 708 3136 762 ἐπὶ
3159 709 3294 764 -τῶν
3331 710 3530 782 Ὀλυμ-

1927 787 2142 841 πιακῶν
2174 788 2404 858 ἀγώνων
2434 789 2498 842 τὸ
2515 789 2650 843 αὐτὸ
2677 789 2838 844 τοῦτο
2857 789 2980 856 ἔθος
2999 794 3212 863 κρατεῖ.
3233 793 3391 848 Μετά
3415 792 3528 862 γάρ

1926 869 2027 934 τάς
2045 871 2342 942 τριάκοντα
2372 873 2590 944 ἡμέρας
2631 872 2731 935 τάς
2765 871 3002 927 ἐνταῦθα
3036 874 3406 943 ἀναγαγόντες
3431 876 3531 930 αύ-

1925 955 2055 1017 τοὺς
2076 956 2158 1024 εἰς
2187 955 2249 1008 τὸ
2290 956 2620 1026 προάστειον
2648 955 3003 1027 περιάγουσι,
3045 958 3141 1011 καὶ
3168 957 3264 1011 τοῦ
3295 957 3527 1030 θεάτρου

1927 1036 2244 1108 καθημένου
2271 1038 2496 1103 παντὸς,
2531 1037 2630 1110 βοᾷ
2652 1040 2681 1092 0
2719 1038 2917 1111 κήρυξ,
2941 1037 3034 1108 Μή
3061 1057 3148 1104 τις
3171 1039 3361 1094 τούτου
3393 1058 3527 1095 κατ-

1925 1124 2148 1192 ηγορεῖ;
2191 1123 2335 1176 ὥστε
2368 1123 2534 1176 αὐτὸν
2580 1121 3105 1191 ἀποσκευασάμενον
3146 1123 3248 1195 τῆς
3276 1122 3528 1189 δουλείας

1925 1204 2025 1275 τὴν
2054 1204 2316 1276 ὑποψίαν,
2341 1205 2516 1270 οῦτως
2545 1207 2627 1270 είς
2666 1207 2794 1270 τοὺς
2833 1206 3056 1275 ἀγῶνας
3089 1205 3350 1278 ἐμϐῆναι.
3379 1208 3443 1262 Εἰ
3467 1208 3528 1264 δέ

1925 1290 1955 1342 0
1994 1287 2240 1352 διάϐολος
2268 1291 2332 1343 οὺ
2365 1290 2579 1361 δέχεται
2614 1290 2835 1359 δούλους
2867 1293 2950 1355 είς
2987 1292 3116 1355 τοὺς
3152 1291 3372 1360 ἀγῶνας
3399 1293 3530 1357 τοὺς

1928 1370 2148 1438 ἑαυτοῦ,
2182 1371 2303 1436 πῶς
2331 1374 2396 1427 σὺ
2429 1373 2636 1446 τολμᾷς
2671 1373 2857 1438 δοῦλος
2888 1375 3183 1446 γενόμενος
3210 1374 3309 1444 τῆς
3340 1376 3527 1446 ἁμαρ·

1925 1454 2049 1519 τίας
2088 1457 2171 1519 είς
2208 1457 2337 1521 τοὺς
2367 1457 2589 1526 ἀγῶνας
2631 1458 2867 1530 ἐμϐῆναι
2899 1459 2996 1512 τοῦ
3047 1459 3326 1531 Χριστοῦς
3380 1460 3533 1514 Ἐκεῖ

1931 1539 2029 1608 μὲν
2052 1539 2081 1590 0
2111 1538 2287 1608 κηρυξ
2305 1539 2475 1607 λέγει,
2496 1540 2584 1611 Μή
2605 1557 2693 1604 τις
2712 1541 2902 1595 τούτου
2927 1545 3262 1613 κατήγορος;
3291 1542 3530 1597 ἐνταῦθα

1926 1621 1984 1674 δὲ
2032 1622 2062 1674 0
2109 1621 2497 1693 X9am0coﬁx
2529 1623 2674 1677 οὕτω
2726 1624 2906 1695 λέγει·
2957 1626 3097 1680 ἀλλά
3143 1625 3247 1680 κάν
3288 1627 3530 1691 ἅπαντες

1929 1703 2097 1756 αὑτοῦ
2123 1705 2554 1774 κατηγορήσωσι
2596 1706 2708 1776 πρὸ
2752 1707 2848 1762 τοῦ
2893 1707 3310 1781 βαπτίσματος,
3340 1709 3530 1778 λέγει,

1936 1786 2628 1860 Ἐγὼδέξομαιαύτδν,καὶ
2655 1792 3108 1866 ἀποσκευάσομαι
3131 1795 3230 1865 τῆς
3258 1794 3528 1858 δουλείας,

1880 1897 1910 1916 ι
1929 1873 2024 1923 καὶ
2046 1872 2281 1943 ποιήσας
2309 1870 2598 1946 ἐλεύθερον
2626 1876 2706 1940 εις
2730 1875 2857 1940 τοὺς
2879 1875 3100 1946 ἀγῶνας
3123 1875 3343 1942 εἰσάξω.
3375 1872 3532 1940 Εἶδες

1931 1953 2348 2025 φιλανθρωπίαν
2384 1956 2764 2025 ἀγωνοθέτους
2815 1961 2888 2013 Ού
2944 1958 3099 2031 ζητεί
3139 1959 3210 2014 τά
3251 1958 3528 2030 πρότερα.

1929 2037 2068 2092 ἀλλά
2099 2037 2212 2092 τῶν
2241 2038 2382 2109 μετά
2409 2041 2589 2096 ταῦτα
2617 2041 2849 2106 εὐθύνας
2880 2043 3125 2098 ἀπαιτεῖ.
3165 2043 3294 2097 Ὅτε
3342 2041 3532 2105 δοῦλος

1928 2117 2016 2194 ἧς,
2055 2122 2286 2194 μυρίους
2319 2119 2467 2196 εἶχες
2497 2127 2859 2199 κατηγόρους,
2896 2128 2953 2182 :0
2977 2127 3238 2192 συνειδὸς,
3260 2128 3328 2183 τά
3348 2128 3533 2198 ἀμαρ-

1936 2210 2173 2278 ιήματα,
2205 2209 2336 2273 τοὺς
2361 2208 2628 2281 δαίμονας
2666 2210 2934 2276 ἅπαντας.
2973 2212 3165 2276 Οὐδείς
3211 2229 3306 2284 με,
3337 2212 3529 2283 φησὶν,

1928 2291 2155 2345 ἐκείνων
2189 2290 2411 2364 ἐκίνησε
2446 2296 2590 2350 κατά
2633 2296 2750 2362 σοῦ,
2793 2297 2915 2352 οὐδὲ
2953 2296 3185 2369 ἐνόμισά
3216 2313 3278 2350 σε
3309 2295 3532 2364 ἀνάξιον

1928 2375 2039 2428 τῶν
2061 2375 2296 2445 ἀγώνων
2324 2377 2434 2432 τῶν
2460 2380 2634 2451 ἐμῶν,
2665 2380 2781 2434 ἀλλ’
2817 2377 3089 2453 ἐδεξάμην
3121 2383 3203 2446 εἰς
3233 2381 3303 2435 τά
3337 2379 3535 2437 παλαί-

1932 2475 2138 2529 σματα,
2178 2462 2281 2515 οὐκ
2318 2462 2430 2515 ἀπὸ
2468 2463 2573 2535 τῆς
2606 2465 2767 2530 ἀξίας
2801 2467 2903 2538 τῆς
2957 2466 3080 2537 σῆς,
3131 2465 3246 2519 ἀλλ’
3294 2464 3406 2520 ἀπὸ
3430 2468 3533 2536 τῆς

1929 2543 2072 2614 ἐμῆς
2097 2543 2528 2615 φιλανθρωπίας.
2557 2547 2700 2601 Μένε
2740 2549 2920 2603 τοίνυν
2953 2552 3048 2604 καὶ
3092 2546 3387 2617 ἀγωνίζου,
3424 2549 3534 2602 κᾶν

1928 2625 2144 2696 τρέχειν
2172 2627 2291 2698 δέῃ,
2320 2627 2424 2682 κᾶν
2457 2632 2775 2698 πυκτεύειν,
2803 2632 2911 2687 κᾶν
2949 2632 3388 2702 παγκρατιάζειν
3407 2649 3420 2662 ·
3453 2632 3534 2704 μὴ

1931 2708 2162 2780 ἀδήλως,
2190 2711 2326 2783 μηδὲ
2359 2712 2566 2779 ἁπλῶς,
2599 2715 2735 2787 μηδὲ
2771 2719 2916 2788 εἰκῆ.
2947 2720 3216 2772 Ἄκουσον
3245 2715 3300 2771 τί
3338 2718 3530 2788 ἐποίη-

1933 2808 2024 2846 σεν
2060 2795 2088 2846 0
2138 2794 2376 2858 Παῦλος·
2419 2797 2637 2862 Εὐθέως
2675 2800 2783 2853 ἀπὸ
2811 2801 2923 2854 τῶν
2972 2801 3233 2871 ναμάτων
3286 2800 3531 2865 ἀναϐὰς,

1931 2876 2131 2957 αὐτίκα
2165 2878 2274 2931 ἀπὸ
2306 2880 2399 2932 τοῦ
2441 2882 2821 2954 βαπτίσματος
2859 2885 3183 2956 ἠγωνίζετο,
3231 2886 3533 2957 ἐκήρυττεν

1930 2959 2014 3012 ὅτι
2042 2952 2216 3022 οὗτός,
2238 2961 2389 3015 ἐστιν
2422 2966 2451 3016 0
2480 2965 2608 3030 Υίὺς
2650 2952 2746 3022 τοῦ
2788 2952 2957 3021 Θεοῦ·
2990 2971 3084 3022 καὶ
3117 2952 3374 3040 συνέχυντ⁹
3405 2969 3534 3032 τοὺς

1943 3041 2232 3106 Ἰουδαίους
2275 3045 2384 3098 ἀπὸ
2423 3047 2669 3120 πρώτης.
2712 3049 2853 3102 Ἀλλ’
2887 3053 2949 3104 ού
3020 3051 3254 3105 δύνασαι
3292 3051 3531 3122 κηρῦξαι

1932 3126 2018 3190 σὺ,
2061 3126 2182 3179 οὐδὲ.
2229 3127 2376 3197 ἔχεις
2421 3128 2802 3185 διδασκαλικὸν
2832 3133 3024 3201 λόγον;
3073 3134 3284 3188 Οὐκοῦν
3321 3133 3535 3199 δίδαξον

1894 3228 1896 3230 τ
1929 3206 2020 3260 διά
2042 3208 2151 3262 τῶν
2193 3209 2376 3280 ἔργων
2409 3212 2506 3265 καὶ
2536 3214 2636 3284 τῆς
2687 3213 2986 3281 πολιτείας,
3019 3216 3111 3272 διὰ
3151 3217 3254 3286 τῆς
3285 3217 3537 3290 λαμπρό-

1929 3306 2088 3360 τητος
2121 3292 2233 3346 τῶν
2277 3291 2549 3365 πράξεων.
2593 3298 2898 3366 Λαμψὰτω
2927 3299 3057 3370 7&9,
3111 3300 3269 3371 φησὶ,
3308 3299 3376 3354 τὸ
3405 3299 3536 3371 φῶς

1931 3372 2102 3441 ὑμῶν
2173 3377 2523 3446 ἔμπροσθεν
2582 3379 2703 3434 τῶν
2733 3383 3086 3450 ἀνθιώπων,
3141 3381 3303 3451 ἔπωζ·
3364 3384 3537 3439 ῖδασι

1931 3456 2005 3509 τὰ
2059 3460 2217 3512 καλὰ
2250 3460 2394 3530 ἔργα
2436 3462 2626 3530 ὑμῶν,
2668 3463 2768 3517 καὶ
2810 3463 3124 3528 δοξάσωσι
3161 3467 3268 3521 τὸν
3297 3468 3536 3538 Πατέρα

1930 3539 2102 3611 ὑμῶν
2132 3544 2241 3596 τὸν
2286 3545 2358 3598 ἐν
2388 3546 2514 3612 τοῖς
2560 3548 2864 3616 οὐρανοῖς.
2898 3551 2974 3602 υύ
3020 3551 3248 3605 δύνασαι
3279 3556 3536 3625 συγχέειν

1945 3625 2232 3708 ξίουδαίους
2279 3627 2368 3681 διὰ
2405 3630 2504 3699 τῆς
2540 3630 2758 3701 φωνῆςς
2797 3632 3032 3703 Ποίησον
3076 3635 3277 3698 αὐτοὺς
3329 3653 3536 3708 συγχυ-

1934 3706 2102 3792 θῆναι
2128 3708 2216 3792 διά
2245 3713 2345 3782 τῆς
2378 3712 2677 3779 πολιτείας,
2719 3715 2946 3787 ποίησον
2982 3719 3076 3770 καὶ
3117 3719 3387 3790 Ἕλληνας
3418 3706 3533 3792 [60]

1933 3788 2311 3874 θορυϐηθῆναι
2354 3793 2444 3848 διά
2486 3797 2586 3866 τῆς
2638 3797 2966 3870 μεταϐολῆς.
3021 3801 3192 3855 Ὅταν
3236 3788 3343 3874 7&9
3383 3788 3535 3856 ἴδωσῖ

1932 3871 2023 3924 τὸν
2051 3874 2159 3944 πρὸ
2183 3876 2374 3928 τούτου
2401 3878 2629 3949 ἀσελγῆ,
2646 3879 2740 3934 τὸν
2767 3883 3026 3954 πονηρὸν,
3047 3884 3139 3938 τὸν
3159 3871 3531 3957 ἠμελημένον,

1930 3957 2022 4042 τδν
2046 3957 2467 4030 διεφθαρμένον,
2499 3963 2695 4033 ἀθρόον
2736 3966 3239 4037 μεταϐεϐλημένον,
3273 3971 3366 4022 καὶ
3397 3972 3537 4042 μετά

1932 4041 2031 4110 τῆς
2052 4042 2369 4126 ’μεταϐολῆς
2413 4045 2516 4116 τῆς
2553 4049 2694 4102 κατά
2723 4050 2822 4121 τὴν
2876 4051 3058 4125 χάριν,
3097 4041 3406 4126 μεταϐολὴν
3434 4055 3535 4126 τὴν

1933 4123 2076 4176 κατὰ
2107 4123 2205 4195 τὴν
2232 4127 2509 4183 πολιτείαν
2541 4123 2972 4204 ἐνδεικνύμενον,
3001 4134 3062 4187 ού
3097 4123 3535 4208 συγχυθήσονται

1933 4206 2028 4257 καὶ
2053 4207 2292 4290 ἐροῦσιν,
2322 4211 2461 4282 ὅπερ
2490 4213 2582 4267 ἐπὶ
2618 4214 2712 4267 τοῦ
2753 4210 2958 4284 τυφλοῦ
2986 4220 3036 4270 οἰ
3072 4206 3534 4290 ’1ουδαῖσιέλεγὸν

1937 4307 2090 4353 ποτε,
2125 4288 2319 4361 Οὗτός
2339 4296 2532 4361 ἐστιν,
2564 4301 2677 4352 οὐκ
2707 4299 2882 4354 ἐστιν
2921 4297 3120 4369 οὗτος,
3162 4306 3347 4372 αὑτός
3368 4288 3535 4373 ἐστι;

1934 4374 2369 4460 Συγκεχυ-μένων
2415 4379 2525 4452 γάρ
2555 4381 2731 4438 ταῦτα
2764 4383 2830 4438 τά
2877 4387 3121 4456 ῥήματα,
3167 4388 3536 4460 ἀμφιϐάλλειν

1934 4457 2063 4526 περὶ
2095 4457 2190 4511 τοῦ
2223 4462 2528 4532 γνωρίμου,
2553 4465 2964 4531 διαστασιάζειν
3006 4470 3143 4540 πρὸς
3176 4457 3424 4536 ἑαυτοὺς,
3455 4475 3535 4546 τῷ

1933 4539 2120 4610 οἰκείῳ
2171 4545 2438 4600 συνειδότι
2477 4548 2552 4621 μὴ
2604 4549 2918 4616 πιστεύειν,
2968 4539 3106 4623 μηδέ
3163 4558 3275 4619 τοῖς
3321 4539 3534 4611 ἑαυτῶν

1933 4623 2270 4713 ὀφθαλμοῖς.
2299 4629 2598 4685 Ἀπέϐαλεν
2630 4633 2838 4696 ἐκεῖνος
2859 4636 2957 4703 τὴν
2992 4637 3313 4709 σωματικὴν
3344 4642 3535 4713 πήρω-

1935 4723 2040 4793 σιν,
2073 4709 2349 4775 ἀπέϐαλες
2392 4715 2456 4768 σὺ
2486 4714 2587 4785 τὴν
2623 4715 2863 4787 ψυχικὴν
2912 4719 3166 4790 πήρωσιν
3187 4737 3201 4751 ·
3235 4709 3536 4793 ἀνέϐλεψεν

1932 4789 2141 4856 ἐκεῖνος
2165 4795 2245 4858 είς
2283 4795 2374 4848 τὸν
2410 4797 2561 4866 ἥλιον
2591 4798 2802 4866 τοῦτον,
2838 4789 3142 4872 ἀνάϐλεψον
3177 4805 3240 4859 σὺ
3273 4807 3409 4877 πρὸς
3442 4789 3535 4860 τὸν

1931 4874 2083 4961 ἥλιον
2115 4881 2215 4948 τῆς
2246 4879 2620 4952 δικαιοσύνης.
2648 4883 2927 4953 Ἐπέγνως
2955 4885 3046 4940 τὸν
3069 4874 3379 4961 Δεσπότηνο
3408 4890 3538 4957 ἄξια

1933 4958 2120 5045 τοίνυν
2174 4963 2387 5033 πρᾶξον
2417 4964 2519 5035 τῆς
2549 4967 2904 5035 ἐπιγνώσεως
2929 4986 2943 4999 °
2979 4970 3066 5024 ἵνα
3111 4972 3203 5026 καὶ
3240 4958 3344 5044 τῆς
3381 4973 3538 5045 βασι-

1931 5041 2208 5133 λείας-τῶν
2233 5050 2482 5120 οὐρανῶν
2505 5051 2793 5125 ἐπιτύχῃς,
2820 5055 3004 5125 χάριτι
3035 5056 3128 5108 καί
3151 5041 3538 5133 φιλανθρωπίᾳ

1931 5126 2025 5213 τοῦ
2062 5130 2270 5213 Κυρίου
2293 5133 2453 5204 ἡμῶν
2495 5135 2669 5206 Ἰησοῦ
2705 5138 2968 5209 Χριστοῦ,
3004 5139 3073 5193 δι’
3105 5133 3165 5193 οὗ
3201 5143 3296 5193 καὶ
3330 5126 3449 5213 μεθ’
3475 5126 3539 5199 οὗ

1930 5210 2009 5297 τῷ
2043 5212 2222 5286 Πατρὶ
2279 5217 2441 5283 δόξα,
2479 5219 2650 5290 τιμὴ,
2699 5223 2922 5292 κράτος,
2967 5222 3085 5294 ἅμα
3131 5226 3207 5296 τῷ
3257 5210 3398 5297 ἁγίῳ
3442 5233 3539 5283 καί

1932 5290 2182 5367 ζωοποιῷ
2214 5300 2516 5372 Πνεύματι,
2546 5304 2643 5359 νῦν
2666 5307 2758 5359 καὶ
2791 5307 2898 5374 ἀεὶ,
2933 5307 3027 5361 καὶ
3059 5311 3138 5372 είς
3179 5311 3305 5376 τοὺς
3335 5313 3538 5376 αἰῶνας

1930 5375 2036 5429 τῶν
2066 5380 2297 5438 αἰώνων.
2337 5385 2534 5456 Ἀμήν.
