4218 6294
208 366 274 423 ΤΙ
1338 364 1407 424 IN
1431 360 1975 420 ‘INSCBH’TIONEM
2018 361 2369 420 ACTORUM.
2409 360 2453 421 ΙΙ
2932 426 2935 428 ,
3469 366 3539 419 ‘78

682 487 1431 514 —-—-—-——-——J———————o——

1658 498 1805 506 —-———-

1436 500 1655 509 ..Ψ-’-

334 498 671 513 -ο-υ--υ

3165 493 3473 502 —————.—-———.—.

2218 498 2428 507 -ορ-

2430 499 2521 507 .-

220 597 344 643 ςυι
388 596 457 641 ιιι
488 598 726 643 ητειι
763 595 1060 641 κοοιισιΑ
1092 594 1300 639 ιοπθο
1325 591 1724 637 ικτιιινλιιο
1751 591 1826 634 CE

1933 590 2122 634 ΞΕΔΤΑ
2152 589 2471 635 οοιιιῖοτλ
2504 590 2718 647 ESSET,
2749 589 2965 637 SBIIO
2993 588 3268 633 ιιιιιτυο
3315 588 3379 632 ll
3428 588 3557 632 lN-'

240 730 245 731 ν
302 694 735 747 SCRIPTIONEI
762 702 1067 747 ACTOBUI
1096 699 1558 753 Ανοετοιοιοκ
1584 701 1599 741 τ
1633 699 1713 742 ΒΤ
1755 699 1821 742 γι

1933 674 2137 742 ίόωί
2184 698 2463 743 νῐκτυτε
2494 701 2707 746 ACTA!
2753 700 3109 746 ῠπιιθιιςιι
3151 699 3297 745 esss
3343 700 3545 745 status

302 802 378 847 AC
411 802 772 848 ,ιηιλοσιιε
810 803 826 845 2
873 803 955 846 ετ
994 800 1330 857 QUATENUS
1373 798 1700 843 DIFFBBAT
1745 798 1781 841 Δ
1826 796 2027 841 ειθκιε
2056 796 2497 842 εοιενειιεΑτιο
2544 780 2655 865 (α).
2808 795 2813 799 ’

1525 945 1803 959 μ--ῄ

293 1076 347 1133 Ι.
376 1074 613 1133 Ecclesia
631 1092 723 1133 nec
743 1075 1171 1149 persecutionibua
1184 1091 1276 1132 nec
1294 1074 1398 1131 alio
1415 1074 1565 1130 modo
1584 1073 1817 1129 vincitur.

219 1194 288 1210 -—
306 1167 518 1225 Rursus
540 1169 607 1224 ad
628 1176 853 1224 matrem
876 1179 1115 1224 nostram
1137 1169 1299 1240 longo
1316 1166 1597 1241 intervallo
1619 1162 1822 1221 reversi

218 1275 413 1316 sumus
435 1301 451 1324 .
483 1262 552 1316 ad
590 1260 949 1317 desideratam
977 1270 1034 1318 et
1064 1275 1245 1334 caram
1286 1262 1539 1317 omnibus
1562 1260 1702 1315 hanc
1726 1273 1820 1313 ec-

217 1353 461 1409 clesiam.
480 1352 555 1409 ad
584 1362 822 1410 nostram
847 1361 905 1410 et
928 1354 1169 1409 omnium
1193 1352 1544 1410 ecclesiarum
1568 1358 1820 1406 matrem.

218 1442 353 1499 Nam
377 1454 555 1501 mater
576 1445 790 1516 quidem
814 1456 899 1501 est
927 1460 1037 1500 non
1061 1443 1202 1515 quod
1226 1444 1495 1516 antiquior
1522 1452 1726 1498 tantum
1755 1440 1825 1497 sit

219 1544 469 1606 tempore
492 1553 507 1589 :
530 1535 626 1593 sed
645 1535 788 1608 quod
810 1536 1178 1607 apostolorum
1204 1535 1449 1591 manibus
1471 1534 1542 1590 sit
1564 1533 1780 1590 fundata
1809 1550 1824 1592 :

215 1640 381 1697 quam
428 1627 500 1682 ob
541 1641 759 1683 ausam
804 1626 1079 1683 multotiea
1122 1636 1341 1699 propter
1384 1625 1580 1709 Christi
1627 1641 1825 1681 nomen

216 1732 438 1785 eversa,
469 1717 667 1775 Christi
693 1720 889 1776 virtute
913 1734 1103 1775 rursus
1128 1727 1213 1776 est
1237 1728 1438 1775 erecta.
1471 1718 1655 1790 Neque
1679 1716 1824 1774 enim

215 1810 536 1880 apostolica
578 1820 785 1866 tantum
826 1827 1019 1867 manus
1066 1812 1209 1867 illam
1252 1810 1539 1868 fundarunt
1565 1854 1581 1879 ,
1632 1810 1728 1868 sed
1772 1821 1829 1867 et

217 1902 394 1971 ipsius
439 1903 804 1974 apostolorum
843 1902 1056 1959 Domini
1090 1904 1368 1960 decretum
1409 1904 1555 1959 illam
1594 1918 1735 1959 novo
1772 1912 1829 1959 et

220 1992 483 2047 inusitato
529 1996 843 2050 munitionis
883 2010 1083 2066 genere
1106 1996 1355 2051 munivit.
1384 1996 1502 2052 Non
1528 1996 1671 2052 enim
1694 2012 1828 2053 coa-

216 2086 514 2155 gmentatis
552 2086 710 2157 lignis
742 2097 797 2142 et
823 2088 1086 2158 lapidibus
1106 2098 1255 2159 septa
1286 2089 1585 2145 construxit
1605 2130 1622 2154 ,
1652 2106 1827 2159 neque

218 2174 362 2231 fossa
388 2178 630 2232 exterius
652 2178 810 2233 ducta
836 2178 1188 2235 circumdedit
1212 2193 1304 2236 aut
1332 2181 1469 2252 palis
1494 2180 1704 2248 deﬁxis,
1735 2192 1829 2238 aut

219 2265 466 2322 turribus
490 2269 837 2325 extediiicatis
857 2270 1002 2326 illam
1027 2271 1287 2333 munivit;
1318 2270 1413 2327 sed
1434 2272 1542 2326 duo
1564 2272 1703 2331 nuda
1734 2288 1825 2327 so-

222 2355 331 2410 lum
359 2357 527 2412 verba
556 2360 801 2427 protulit,
826 2370 881 2417 et
907 2360 1024 2417 hzec
1050 2362 1125 2416 illi
1151 2362 1366 2417 fuerunt
1392 2364 1560 2418 instar
1584 2364 1745 2431 muri,
1774 2374 1830 2420 et

225 2446 424 2507 turris.
453 2456 512 2501 et
540 2447 697 2505 fuste
719 2492 736 2517 ,
763 2458 819 2506 et
840 2451 1075 2521 cujusvis
1102 2454 1221 2508 loco
1247 2454 1585 2510 munimenti.
1614 2455 1683 2511 Et
1708 2472 1830 2526 qua:

223 2537 445 2592 tandem
486 2536 578 2593 illa
617 2550 747 2595 sunt
786 2542 953 2597 verba
975 2585 992 2610 ,
1019 2558 1141 2614 qua
1170 2553 1371 2600 tantam
1401 2548 1509 2600 vim
1541 2546 1830 2604 obtinent?

226 2629 403 2699 Super
428 2630 559 2686 hanc
587 2644 784 2703 petram
810 2636 1073 2705 mdiﬁcabo
1098 2637 1381 2705 Eccledmn
1407 2656 1569 2695 "team
1595 2657 1615 2695 :
1640 2652 1687 2696 et
1712 2658 1834 2711 por-

228 2729 291 2771 ta:
310 2720 468 2788 inferi
489 2737 590 2776 non
614 2725 957 2794 prmalebimt
974 2727 1214 2783 Moeram
1233 2744 1344 2782 eam
1358 2729 1575 2800 (Matth.
1604 2732 1690 2787 l6.
1714 2733 1828 2804 l8).

227 2807 341 2866 Hoc
364 2825 557 2866 murus
581 2806 662 2867 est
682 2852 702 2878 ,
731 2814 832 2870 hoc
859 2825 1069 2886 septum
1094 2858 1109 2885 ,
1138 2818 1242 2874 hoc
1269 2820 1661 2877 munimentum
1684 2865 1698 2887 ,
1729 2822 1833 2879 hoc

228 2913 417 2971 portus
446 2913 502 2959 et
538 2904 816 2977 refugium.
850 2907 931 2964 Tu
960 2924 1091 2965 vero
1117 2912 1736 2985 quaminexpugnabilis
1762 2920 1833 2971 sit

226 2993 314 3047 hic
360 3010 591 3063 murus,
633 2997 757 3054 inde
802 3002 1091 3071 perpende.
1138 3002 1321 3074 Neque
1362 3007 1507 3060 enim
1554 3006 1831 3063 hominum

226 3093 439 3141 tantum
466 3087 689 3145 insidias
714 3089 971 3147 adversus
995 3108 1114 3173 eam
1145 3096 1281 3150 dixit
1309 3112 1415 3151 non
1442 3099 1830 3167 praevalituras,

225 3177 321 3231 sed
353 3194 457 3233 nec
490 3180 634 3250 ipsas
664 3180 859 3237 inferni
888 3184 1182 3240 machinas.
1214 3186 1391 3244 Porta
1417 3190 1584 3256 enim,
1617 3192 1787 3264 inquit
1814 3234 1829 3261 ,

225 3270 378 3341 inferi
432 3288 536 3326 non
576 3274 919 3344 praeualebunt
956 3277 1198 3333 adversus
1250 3296 1383 3334 eant.
1411 3280 1529 3338 Non
1569 3284 1742 3353 dixit,
1777 3285 1832 3341 In

227 3361 373 3417 illum
398 3378 508 3418 non
535 3364 756 3431 irruent,
782 3368 899 3433 sed,
924 3368 1178 3424 Adversus
1198 3387 1307 3425 eam
1328 3390 1429 3427 non
1451 3376 1795 3444 praevalebunt
1816 3394 1835 3432 :

229 3468 353 3508 nam
384 3454 592 3509 irruent
617 3455 722 3511 illae
752 3458 967 3529 quidem
993 3502 1009 3526 ,
1042 3461 1138 3516 sed
1169 3462 1313 3517 illam
1346 3478 1455 3520 non
1480 3469 1829 3538 superabunt.

226 3543 330 3599 Sed
355 3545 485 3614 quid
510 3545 640 3613 illud
662 3556 782 3612 est,
807 3548 984 3605 Porta:
1016 3553 1209 3622 inferi?
1237 3554 1374 3611 forte
1397 3572 1628 3629 namque
1648 3560 1834 3617 obscu-

228 3650 343 3689 rum
368 3644 457 3690 est
477 3636 699 3693 dictum.
723 3640 1007 3697 Discamus
1028 3644 1153 3713 quid
1176 3646 1243 3699 sit
1269 3658 1419 3715 porta
1443 3650 1606 3714 urbis.
1630 3662 1683 3707 et
1710 3663 1835 3709 tunc

230 3724 465 3780 sciemus
492 3727 619 3796 quid
659 3729 729 3783 sit
767 3742 919 3801 porta
948 3732 1123 3787 inferi.
1175 3735 1335 3792 Porta
1364 3740 1511 3795 urbis
1538 3752 1617 3795 est
1658 3743 1835 3801 aditus

231 3817 281 3869 iu
310 3817 503 3873 urbem
535 3836 548 3871 :
577 3820 753 3891 itaque
783 3835 935 3893 porta
962 3825 1117 3881 inferi
1141 3837 1224 3883 est
1249 3831 1566 3899 periculum,
1595 3836 1737 3905 quod
1765 3836 1833 3891 ad

230 3906 433 3962 inferos
477 3909 667 3965 tendit.
699 3910 851 3979 Quod
896 3914 1056 3985 igitur
1100 3918 1176 3972 ait
1201 3958 1215 3984 ,
1245 3929 1327 3974 est
1372 3920 1635 3990 ejusmodi
1666 3943 1679 3979 :
1708 3925 1834 3983 licet

230 3998 437 4055 immnt
461 4009 519 4056 et
538 4003 796 4073 impetum
823 4008 1019 4063 faciant
1039 4018 1181 4065 tanta
1205 4014 1459 4082 pericula,
1488 4028 1548 4071 ut
1567 4018 1632 4073 ad
1659 4023 1830 4089 ipsum

230 4104 324 4145 nos
352 4092 660 4163 prmcipites
684 4108 844 4167 agant
889 4100 1155 4158 infernum
1184 4146 1213 4172 ,ν
1245 4106 1485 4163 Ecclesia
1517 4124 1696 4167 manet
1726 4116 1829 4169 im-

228 4194 392 4239 muta.
444 4186 663 4243 Poterat
691 4190 778 4246 ille
815 4193 1030 4261 quidem
1070 4212 1174 4251 non
1203 4200 1519 4270 permittere
1541 4244 1556 4266 ,
1590 4212 1650 4258 ut
1682 4207 1829 4262 nulla

228 4275 365 4329 mala
408 4279 818 4348 experiremur:
846 4300 941 4340 cur
981 4302 1110 4357 ergo
1146 4289 1429 4358 permisit?
1466 4293 1622 4361 Quod
1662 4300 1831 4352 multo

230 4369 400 4438 magis
426 4371 515 4433 sit,
547 4386 707 4440 quam
743 4378 1064 4433 tentationes
1090 4366 1412 4449 prohibere,
1445 4386 1487 4439 si
1516 4387 1640 4442 dum
1669 4389 1830 4446 adve-

225 4458 341 4513 nire
374 4461 696 4517 tentationes
738 4465 898 4533 sinit,
931 4468 1065 4523 nihil
1096 4480 1272 4527 tamen
1304 4488 1370 4529 ex
1398 4461 1583 4532 earum
1615 4481 1828 4536 incursu

225 4550 347 4603 mali
376 4567 477 4605 nos
505 4551 646 4609 ferre
675 4560 977 4626 permittat;
1004 4561 1202 4620 idcirco
1227 4582 1414 4623 omnes
1434 4574 1679 4629 accidere
1710 4583 1826 4630 ten-

226 4646 455 4699 tationes
481 4647 642 4713 sivit,
674 4658 733 4703 ut
768 4651 1128 4722 probatiorem
1161 4657 1304 4713 illam
1332 4661 1579 4719 redderet
1608 4683 1621 4717 :
1652 4665 1824 4735 siqni-

283 4779 575 4857 (u)_.colla‘t.a
596 4796 708 4857 cum
732 4793 810 4857 iis.
833 4786 1111 4857 Colbertino
1133 4792 1276 4854 5058,
1301 4797 1385 4857 qui
1407 4796 1573 4847 deﬁcit
1612 4800 1749 4851 initio
1773 4809 1826 4853 ct

222 4840 347 4923 anc“;
363 4850 467 4923 {fon
654 4846 900 4923 hactenus
920 4840 1152 4923 godicem'
1162 4840 1385 4923 mitiga

295 4906 747 4982 ξιτψ
766 4909 995 4982 Ecclesia.
1012 4914 1234 4982 Libanius
1256 4918 1306 4965 in
1324 4906 1825 4982 antiochiddéiifﬁl

224 4965 450 5045 notitiam
540 4967 663 5017 duas
683 4968 833 5021 fuisse
857 4973 1011 5045 urbes
1033 4976 1256 5045 divisam,
1294 4965 1709 5045 ana-{fax
1728 4965 1825 5037 hoc

223 5030 1039 5110 ﬂ-antl‘qur'ttnlqumsecuudum
1082 5030 1276 5088 Orontis
1309 5042 1440 5110 ﬂuvii
1472 5030 1823 5110 «sufﬁgit;

220 5091 487 5167 occupabat
509 5091 929 5167 terr-{spatium}
954 5097 1160 5167 alteram
1184 5112 1376 5167 novam,
1404 5091 1453 5153 in
1480 5091 1818 5167 ejuSde'n—iaﬂ—u:

223 5148 467 5227 vii_ui§ula
482 5157 642 5227 sitam,
660 5148 814 5227 forma
836 5160 1058 5219 rotunda,
1082 5174 1194 5227 quae
1209 5148 1685 5227 quinque—pontibus
1692 5148 1820 5220 iiii-

218 5222 326 5284 qua:
344 5212 667 5284 iungebatur.
684 5222 735 5284 tn
757 5231 895 5284 κελαι.)
914 5232 1006 5268 seu
1030 5212 1821 5284 satiqua'exsttsai$165268};-

218 5276 393 5356 2;”
416 5277 662 5356 3W0“;
684 5276 899 5356 mndata,
930 5287 985 5330 ut
1007 5284 1121 5356 dicit
1148 5276 1356 5356 humilia;
1382 5290 1517 5356 initio
1535 5276 1819 5356 iiiir‘yslas'iJ-

220 5346 325 5408 [qua
360 5350 383 5408 ε⁹
411 5338 629 5408 ideoque
670 5338 928 5408 apostolica
967 5353 1165 5395 vocatur
1203 5361 1230 5396 a
1270 5338 1819 5408 Thwdoretoﬂzretwin

218 5394 448 5480 (31:0?ti
481 5394 825 5480 Alesandrino.
850 5404 1001 5480 relata
1045 5394 1633 5480 iteineoclesia—dic'i'tiir:

221 5458 561 5569 apggllationis
572 5463 755 5525 duplex
782 5466 975 5539 videtur
999 5481 1142 5519 causa
1169 5458 1414 5543 tuismet
1438 5458 1633 5540 audiit};
1655 5458 1816 5534 ὧἶῖῖῖ

221 5529 272 5565 ur
360 5522 473 5569 sita.
500 5528 555 5569 et
576 5526 706 5569 quod
748 5533 1016 5569 animumita
1036 5536 1099 5569 at.
1121 5533 1350 5569 annumin
1388 5536 1583 5569 (nmini.
1621 5540 1814 5569 φηςι-οη..

218 5522 473 5604 geist-ta,
489 5522 1105 5604 etquodsntiquitushatr
1120 5522 1351 5604 apostolis
1388 5522 1814 5604 tuadéia'iuiéééii

219 5581 745 5660 fil}?_lice_t_tti_uliotie_s
781 5581 980 5660 propter
1001 5581 1170 5643 Christi
1193 5581 1815 5660 'iiathén'éié‘réfiiiﬁiéi

220 5646 311 5715 ties
327 5652 493 5715 erecta
510 5646 680 5715 denuo
703 5646 1050 5711 fuci-ignaua,
1084 5662 1267 5715 tamen,
1303 5646 1393 5709 seu
1418 5646 1613 5713 ieiér‘fs'
1633 5646 1812 5715 nomen

220 5714 310 5751 non
332 5708 565 5758 amiserat
589 5712 741 5759 etiam
759 5708 981 5775 tempore
1005 5708 1216 5766 aucturis
1237 5708 1812 5789 tilironiciQAle—sandrini;

213 5764 713 5836 fultamﬁntimhim
738 5785 973 5827 memorat
1007 5779 1297 5829 Athanasius
1321 5790 1449 5831 tonio
1473 5788 1529 5833 ad
1553 5787 1811 5836 Antiochu-

1975 947 2263 957 —————-——_

1930 1068 2055 1126 dem
2082 1068 2368 1126 Tribulatio
2397 1070 2692 1141 patientiam
2718 1079 2981 1142 operatur,
3010 1066 3255 1140 patientia
3281 1078 3397 1120 sero
3420 1077 3545 1135 pro-

1933 1159 2182 1215 bationem
2213 1161 2233 1231 (
2263 1160 2416 1218 Rom.
2443 1161 2499 1217 5.
2527 1162 2581 1217 3.
2608 1160 2644 1216 4
2666 1160 2709 1232 ).
2739 1162 2919 1232 Atque
2947 1169 3006 1215 ut
3050 1156 3243 1228 majori
3290 1170 3415 1219 cum
3441 1169 3544 1208 ex-

1932 1254 2115 1306 cessu‘
2142 1252 2393 1309 virtutem
2421 1266 2573 1308 suam
2616 1252 2903 1320 ostendat,
2947 1266 3012 1307 ex
3055 1250 3183 1321 ipsis
3222 1246 3544 1317 eamportis

1929 1342 2087 1414 eripit
2129 1345 2336 1400 mortis.
2376 1338 2663 1415 Propterea
2694 1352 3070 1415 tempestatem
3109 1342 3233 1399 sivit
3277 1340 3540 1397 excitari;

1937 1446 1993 1489 et
2038 1437 2205 1506 mergi
2252 1436 2498 1507 cymbam
2546 1435 2767 1497 minime
2808 1435 2951 1490 sivit.
2995 1433 3086 1489 Sic
3126 1432 3540 1504 gubernatorem

1937 1541 2154 1598 quoque
2182 1526 2481 1591 laudamus,
2505 1542 2611 1583 non
2636 1542 2758 1583 cum
2788 1525 3041 1582 secundis
3067 1524 3240 1581 ventis
3262 1522 3540 1594 navigans,

1938 1636 2115 1690 neque
2142 1637 2263 1676 cum
2289 1636 2323 1676 a
2352 1621 2515 1693 puppi
2541 1619 2794 1677 flantibus
2820 1618 3333 1685 auris.incolumem
3364 1614 3545 1671 navim

1930 1723 2143 1779 servat;
2175 1712 2269 1769 sed
2305 1728 2431 1769 cum
2470 1713 2607 1768 mari
2646 1712 2897 1784 procellis
2924 1711 3125 1785 agitato
3148 1752 3165 1780 ,
3205 1724 3269 1765 ac
3294 1706 3549 1764 ﬂuetibus

1938 1805 2437 1874 ell'ervescentibus,
2468 1822 2532 1863 ac
2553 1814 2876 1877 tempestate
2898 1814 3169 1863 commota
3191 1818 3345 1859 suam
3372 1804 3545 1857 artem

1930 1898 2189 1955 adversus
2220 1900 2490 1971 impetum
2521 1910 2803 1956 ventorum
2824 1898 3069 1971 opponit,
3097 1905 3153 1952 et
3179 1895 3447 1966 navigium
3475 1909 3544 1948 ex

1934 1992 2125 2047 mediis
2163 1992 2418 2063 procellis
2455 1993 2663 2048 salvum
2690 1992 2895 2049 educit.
2922 1992 2995 2048 lta
3024 1991 3152 2047 fecit
3182 1998 3239 2046 et
3264 1988 3530 2045 Christus.

1936 2082 2071 2137 Dum
2104 2092 2373 2153 tamquam
2401 2084 2669 2154 navigium
2692 2083 2745 2139 in
2775 2083 2909 2139 mari
2942 2081 3239 2139 Ecclesium
3269 2094 3459 2137 rursus
3487 2080 3539 2133 in

1937 2172 2140 2228 mundo
2168 2172 2295 2229 ferri
2327 2173 2611 2244 permisit,
2644 2189 2818 2245 neque
2846 2173 3039 2229 fluctus
3073 2172 3319 2240 sedavit,
3347 2170 3445 2226 sed
3474 2185 3540 2223 ex

1937 2264 2192 2321 ﬂuctibus
2231 2266 2469 2336 eripuit:
2500 2283 2606 2322 non
2649 2264 3171 2337 mare'compescuit
3194 2306 3211 2332 ,
3242 2263 3339 2320 sed
3366 2262 3543 2317 navim

1936 2353 2321 2425 communivit;
2351 2367 2409 2414 et
2432 2374 2555 2415 cum
2585 2368 2871 2431 surgerent
2902 2358 3137 2429 undique
3160 2356 3377 2429 populi,
3408 2363 3544 2412 tam-

1938 2463 2097 2519 quam
2126 2451 2255 2503 saevi
2286 2450 2479 2506 auctus
2503 2491 2520 2519 ,
2552 2460 2608 2508 et
2634 2452 2853 2522 maligni
2889 2442 3111 2521 spiritus
3148 2461 3417 2521 tamquam
3445 2448 3542 2503 ad-

1932 2542 2072 2596 versi
2097 2542 2313 2613 quidam
2342 2544 2483 2598 venti
2514 2545 2568 2599 in
2593 2558 2713 2600 eam
2739 2544 3033 2610 irruerent,
3056 2543 3285 2599 excitata
3313 2541 3546 2613 undique

1940 2642 2283 2705 tempestate,
2310 2637 2532 2693 multam
2562 2636 2741 2693 attulit
2771 2638 3031 2694 Ecclesia
3060 2637 3500 2709 tranquillitatem
3532 2654 3544 2689 :

1938 2724 2190 2796 quodque
2214 2728 2505 2795 permirum
2538 2743 2668 2783 sane
2698 2728 2795 2783 fuit
2818 2772 2833 2794 ,
2868 2745 2973 2784 non
3015 2728 3178 2785 modo
3209 2729 3385 2784 navim
3418 2741 3543 2799 pro-

1933 2816 2065 2871 cella
2090 2832 2195 2871 non
2221 2818 2421 2885 obruit,
2444 2819 2537 2875 sed
2559 2829 2615 2875 et
2637 2822 2924 2890 procellam
2945 2821 3134 2893 cymba
3158 2821 3383 2875 sedavit.
3408 2819 3544 2874 Nam

1934 2907 2204 2961 continua:
2248 2911 2699 2980 persequutiones
2741 2927 2849 2967 non
2888 2912 3049 2966 modo
3093 2911 3391 2968 Ecclesium
3438 2926 3546 2965 non

1933 2996 2377 3066 aubmerserunt,
2428 2999 2525 3055 sed
2575 3000 2647 3056 ab
2694 3001 2933 3057 Ecclesia
2978 3013 3103 3058 sunt
3147 3002 3367 3058 sedatae.
3427 3002 3547 3071 Quo

1940 3082 2159 3141 tandem
2184 3097 2360 3156 pacto,
2390 3097 2445 3143 et
2470 3105 2701 3161 quorum
2725 3094 2929 3161 opera?
2957 3093 3125 3161 llujus
3152 3094 3435 3148 sententia:
3464 3094 3547 3148 ni—

1940 3176 2137 3231 mirum
2165 3178 2238 3232 ita
2269 3182 2627 3248 pronuntiata
2648 3223 2663 3247 ,
2698 3182 2869 3237 Porta:
2895 3184 3174 3256 inferinou
3199 3184 3549 3256 prmalebuut

1938 3264 2180 3321 adversus
2208 3284 2323 3323 eam
2345 3268 2563 3341 (lauit.
2596 3272 2681 3327 16.
2714 3272 2824 3343 18).
2853 3274 3024 3342 Quam
3048 3275 3215 3330 multa
3236 3275 3410 3331 Grzcci
3432 3291 3552 3331 nio-

1941 3356 2021 3411 liti
2049 3368 2195 3425 sunt,
2225 3368 2284 3414 ut
2306 3361 2527 3416 verbum
2555 3361 2660 3418 hoc
2685 3364 2958 3430 tollerent,
2988 3372 3046 3420 ut
3070 3367 3395 3422 sententiam
3422 3367 3545 3423 irri-

1939 3456 2046 3502 tam
2069 3448 2383 3516 redderent,
2404 3466 2577 3523 neque
2598 3463 2884 3524 potuerunt
2910 3456 3244 3511 dissolvere?
3271 3456 3365 3513 Dei
3391 3458 3549 3531 quip-

1942 3556 2008 3610 pe
2042 3543 2309 3597 sententia
2350 3555 2485 3598 eiat.
2527 3545 2597 3601 Et
2623 3546 3075 3616 quemadmodum
3106 3549 3390 3615 turrimex
3416 3551 3549 3605 ada-

1939 3632 2192 3687 mantinis
2218 3639 2475 3688 structam
2499 3634 2763 3705 lapidibus
2788 3678 2803 3703 ,
2837 3637 2981 3692 ferro
3008 3637 3234 3693 ﬁrmiter
3262 3638 3503 3710 junctam
3529 3682 3547 3707 ,

1940 3722 2124 3778 hostes
2146 3724 2380 3796 undique
2399 3726 2444 3781 si
2469 3727 2773 3796 verberent,
2797 3745 2973 3799 neque
2996 3741 3317 3787 structuram
3342 3734 3545 3798 laxant.

1940 3828 2116 3884 neque
2159 3817 2681 3885 coagmentationem
2712 3820 3046 3886 dissolvunt,
3091 3823 3185 3877 sed
3218 3823 3384 3879 illa-sa
3414 3812 3555 3881 turii'

1941 3915 2215 3973 manente,
2241 3923 2339 3963 nec
2362 3908 2482 3963 ullis
2503 3912 2857 3967 incommodis
2872 3913 3087 3980 aﬂ'ecta,
3105 3916 3323 3995 suisque
3346 3918 3547 3974 viribus

1940 3998 2214 4053 exhaustis
2255 4000 2538 4057 discedunt
2586 4021 2600 4057 :
2644 4007 2721 4059 sic
2767 4006 3020 4061 nimirum
3067 4020 3122 4063 et
3168 4011 3393 4065 verbum
3444 4012 3547 4066 hoc

1938 4102 2209 4161 tamquam
2236 4092 2398 4147 altam
2428 4097 2714 4165 quamdam
2744 4098 2930 4153 turrim
2964 4100 3016 4154 iti
3053 4100 3231 4156 medio
3258 4103 3405 4158 orbis
3432 4112 3542 4159 ter-

1936 4198 2117 4237 rarum
2142 4182 2367 4239 ﬁrmiter
2392 4190 2795 4255 communitam,
2823 4205 2943 4245 cum
2969 4190 3141 4247 Grmci
3167 4194 3402 4265 undique
3424 4213 3545 4252 ver-

1934 4274 2216 4333 berassent
2239 4320 2252 4340 ,
2293 4295 2414 4333 cuin
2446 4281 2592 4335 illam
2620 4284 2831 4339 ﬁrmam
2869 4284 3255 4354 reddiderunt,
3291 4296 3401 4344 tum
3429 4292 3544 4345 suis

1938 4370 2140 4424 viribus
2168 4370 2350 4425 fractis
2378 4383 2606 4427 mortem
2638 4373 2908 4429 obierunt.
2942 4375 3079 4444 Quid
3109 4379 3252 4433 enim
3283 4380 3544 4437 adversus

1934 4464 2073 4517 lianc
2101 4464 2423 4519 sententiam
2452 4482 2557 4519 non
2582 4466 2868 4535 machinati
2895 4469 3055 4523 sunt?
3080 4469 3423 4528 Exercitnum
3446 4473 3542 4530 de-

1932 4552 2101 4608 lectus
2133 4537 2449 4623 habebatur,
2480 4573 2632 4612 arma
2660 4560 3010 4614 movebantur
3032 4605 3046 4625 ,
3077 4577 3232 4633 reges
3255 4565 3539 4621 armaban-

1934 4654 2036 4712 tur,
2054 4649 2236 4717 populi
2253 4648 2752 4715 commovebantur,
2772 4651 2936 4706 urbes
2954 4653 3537 4725 insurgebant.judices

1930 4740 2411 4806 cxcandcsccbant,
2442 4757 2605 4797 omne
2637 4744 2884 4815 supplicii
2915 4760 3085 4816 genus
3113 4751 3536 4820 excogitabatur,

1930 4835 2107 4889 nullus
2125 4850 2298 4904 pinna:
2317 4834 2506 4890 modus
2527 4836 2893 4905 omittebatur,
2914 4839 3072 4908 ignis,
3097 4838 3321 4909 ferrum,
3346 4843 3538 4901 dentes

1928 4924 2180 4989 ferarum,
2207 4926 2525 4995 pnecipitia,
2550 4926 2970 4994 submersiones,
2999 4930 3334 5001 barathrum,
3359 4950 3531 5005 equu-

1926 5015 2061 5083 leus,
2084 5032 2214 5071 crux
2244 5028 2298 5072 et
2327 5016 2533 5083 fornax,
2564 5028 2621 5075 et
2640 5020 2816 5074 omnia
2844 5036 2964 5091 qua:
2991 5010 3242 5092 umquam
3266 5026 3381 5081 visa
3404 5038 3531 5083 sunt

1926 5116 2212 5173 tormenta,
2241 5108 2291 5163 in
2319 5110 2551 5164 medium
2582 5110 2992 5179 proferebantur
3016 5130 3028 5164 :
3057 5115 3244 5185 ingens
3264 5116 3529 5173 minarum

1924 5217 2116 5271 agmen
2143 5245 2157 5267 ,
2200 5202 2463 5258 honorum
2507 5205 2919 5273 pollicitationes
2962 5208 3300 5276 innumerae,
3347 5223 3399 5267 ut
3446 5214 3532 5269 illa

1923 5293 2140 5363 quidem
2172 5295 2378 5349 ratione
2410 5303 2705 5359 terrerent,
2740 5296 2839 5352 hac
2868 5313 2996 5355 vero
3026 5301 3299 5356 mollirent
3325 5313 3381 5357 et
3407 5304 3530 5357 alli-

1923 5397 2129 5441 cereut.
2162 5388 2376 5443 Nullum
2405 5388 2563 5457 igitur
2592 5384 2816 5456 fraudis,
2846 5392 3053 5448 nullum
3074 5396 3341 5452 violentia:
3362 5412 3533 5467 genus

1924 5480 2455 5550 prmtermittebatur.
2487 5480 2617 5536 Nam
2649 5492 2703 5537 et
2731 5493 2907 5551 patres
2937 5486 3076 5548 illius
3109 5485 3445 5555 prodebant,
3478 5502 3543 5543 οι·

1926 5571 2013 5625 ﬁlii
2046 5584 2223 5641 patres
2250 5587 2355 5625 non
2385 5572 2777 5642 agnoscebant,
2806 5584 3008 5632 matres
3032 5573 3249 5637 suorum
3281 5587 3527 5648 pertuum

1919 5663 2369 5717 obliviscehantur
2396 5703 2411 5729 ,
2444 5673 2497 5722 ct
2541 5672 2743 5720 naturis
2795 5666 2938 5735 leges
2986 5669 3384 5731 evertebantnr.
3421 5669 3526 5723 Ve-

1918 5764 2221 5808 rumtamen
2263 5768 2330 5809 ne
2373 5756 2450 5809 sic
2479 5756 2693 5825 quidem
2723 5758 2979 5815 Ecclesiae
3020 5758 3366 5815 fundamenta
3397 5776 3529 5815 con-

1919 5859 2075 5898 cussa
2096 5853 2245 5898 sunt:
2263 5854 2316 5899 et
2336 5847 2579 5915 quamvis
2595 5847 2663 5902 ab
2687 5849 2801 5919 ejus
2823 5851 3136 5924 propinquis
3163 5851 3362 5908 bellum
3391 5853 3527 5908 in.li~
