4218 6294
716 362 785 419 τε
1467 362 1524 417 s.
1546 360 1830 421 JOANNlS
1868 357 2346 421 cuavsos'tent
2372 359 2681 423 metuar.
2714 369 3249 438 CONSTANTINOP.

714 493 859 536 ι-ιιιιιι
878 487 1043 545 esset,
1064 494 1165 535 non
1191 488 1364 534 tamen
1386 480 1449 535 ad
1468 494 1650 535 muros
1670 496 1838 552 usque
1855 482 2019 552 ipsius
2036 477 2294 550 pervenit,

716 582 935 643 propter
958 570 1081 625 illttd
1109 558 1328 626 verbum
1349 574 1490 643 quod
1513 574 1590 629 sic
1610 574 1811 641 habuit,
1838 577 2013 633 Porta:
2024 578 2174 647 inferi
2197 592 2297 631 non

714 665 1052 738 prmalcbunt
1077 664 1317 720 adversus
1336 682 1465 719 cuin.
1488 667 1606 723 Noli
1628 670 1771 725 enim
1796 671 1847 726 id
1869 682 2130 743 spectare,
2153 674 2296 745 quod

713 756 934 810 verbum
957 765 1089 819 erat,
1120 756 1237 821 sed,
1260 756 1398 827 quod
1423 760 1638 813 verbum
1666 760 1756 815 Dei
1786 778 1800 815 :
1822 762 2081 830 siquidem
2107 766 2295 822 cadum

711 845 878 900 verbo
904 844 1132 901 firmavit
1179 846 1318 902 Deus
1346 846 1531 919 (Psal.
1562 849 1649 903 32.
1679 849 1787 919 6),
1817 860 1869 907 et
1910 861 2102 908 terram
2134 864 2296 910 verbo

710 951 874 1006 super
896 950 1061 1007 aquas
1087 936 1321 993 fundavit
1345 937 1512 1010 (Psal.
1543 940 1664 996 105.
1692 940 1772 1010 5),
1795 950 1846 995 et
1872 941 2047 998 ell‘ecit
2063 986 2077 1011 ,
2102 955 2158 999 ut
2180 945 2296 1000 lucc

707 1027 875 1082 densa
905 1027 1187 1098 gravisque
1217 1039 1403 1083 natura
1441 1031 1510 1086 ab
1540 1032 1627 1087 illa
1675 1034 1775 1088 levi
1805 1031 2051 1105 fluxaque
2079 1046 2293 1092 susten-

712 1128 939 1183 taretur,
960 1130 1011 1173 ct
1033 1135 1198 1185 mare,
1216 1121 1367 1190 cujus
1388 1124 1466 1177 vis
1489 1124 1765 1188 indomita.
1782 1127 1925 1197 quod
1950 1137 2025 1183 tot
2048 1127 2293 1186 fluctibus

708 1225 772 1266 ac
803 1210 1049 1282 procellis
1075 1227 1134 1267 se
1161 1213 1387 1277 extollit,
1417 1215 1664 1273 imbecilli
1691 1219 1830 1275 vallo
1855 1235 2034 1276 arena:
2060 1208 2293 1293 undique

711 1318 805 1369 per
835 1301 1050 1355 verlmm
1082 1319 1237 1357 suum
1267 1305 1501 1361 vallavit.
1528 1304 1667 1378 Ergo
1693 1312 1782 1381 qui
1807 1312 1997 1367 caelum
2021 1314 2183 1369 verbo
2205 1314 2294 1369 flr-

708 1393 895 1459 mavit,
929 1395 1016 1461 qtti
1050 1404 1244 1448 tetram
1277 1394 1534 1463 fraudavit,
1558 1400 1647 1470 qui
1672 1416 1820 1456 mare
1848 1402 2289 1471 circumvallavit,

703 1486 831 1558 quid
863 1488 1073 1543 miraris
1096 1528 1111 1551 ,
1140 1488 1184 1542 si
1216 1489 1506 1547 Ecclesiam
1532 1493 1665 1547 ca'lo
1688 1536 1702 1559 ,
1737 1504 1878 1551 terra
1906 1495 2146 1568 marique
2170 1510 2290 1569 pre-

705 1580 979 1635 tiosiorem
1006 1595 1190 1637 rursus
1215 1582 1317 1638 hoc
1346 1585 1509 1641 verbo
1538 1586 1799 1641 munivit?

774 1672 828 1725 2.
881 1670 1110 1727 Ecclesia
1158 1676 1409 1745 quomodo
1458 1675 1696 1746 fundata.
1744 1705 1815 1717 —
1859 1676 2086 1745 Quando
2131 1677 2291 1749 igitur

700 1763 837 1816 adeo
869 1763 1060 1816 stabile
1099 1773 1180 1818 est
1209 1774 1263 1819 et
1292 1766 1667 1821 inconcussum
1694 1767 1977 1824 aedificium
1996 1809 2014 1836 ,
2044 1769 2183 1825 adeo
2209 1768 2289 1824 in-

699 1855 1053 1924 evpugnabile
1085 1857 1492 1919 munimentum.
1522 1874 1624 1929 qua
1655 1860 1860 1914 ratione
1886 1863 2113 1931 apostoli
2138 1863 2285 1931 jece-

698 1945 806 1998 rint
834 1944 1172 1999 fundamenta
1190 1988 1205 2012 ,
1240 1947 1534 2014 videmnus,
1559 1965 1719 2019 quam
1743 1950 2062 2020 profundam
2090 1951 2287 2008 fossam

689 2035 983 2099 duxerint,
1018 2046 1071 2088 ιιι
1102 2037 1472 2091 inconcussum
1502 2037 1653 2093 fieret
1681 2040 1984 2095 tedificium.
2014 2041 2127 2095 Non
2161 2058 2286 2112 pro-

698 2126 913 2180 l'nndam
948 2126 1141 2182 fossam
1164 2128 1446 2194 duxerunt,
1469 2144 1640 2200 neque
1664 2139 1812 2186 tanto
1838 2132 2021 2186 labore
2047 2133 2286 2203 indigue-

697 2228 838 2271 runt.
865 2218 1000 2287 Quid
1031 2220 1138 2273 ita?
1165 2218 1325 2275 Vetus
1348 2222 1597 2276 invenere
1626 2219 2053 2291 fundamentum,
2081 2225 2222 2295 quod
2254 2240 2284 2280 a

700 2308 973 2377 prophetis
996 2311 1193 2379 jactqu
1222 2320 1359 2365 erat.
1392 2311 1461 2368 Ut
1484 2312 1642 2382 igitur
1670 2312 1832 2368 homo
1851 2355 1864 2378 ,
1888 2315 1975 2384 qtti
2000 2318 2284 2371 maximam

696 2399 911 2453 dnntum
943 2400 1300 2456 a-dificaturus
1326 2404 1428 2468 sit,
1476 2414 1752 2475 postquam
1783 2416 1939 2462 vetus
1980 2416 2033 2462 et
2075 2409 2285 2463 firmum

694 2505 758 2543 ac
782 2490 971 2545 stabile
992 2490 1391 2548 fundamentum
1413 2494 1654 2562 offendit,
1686 2511 1791 2550 non
1825 2499 2066 2552 vectibus
2094 2499 2286 2554 funda-

664 2588 670 2595 ‘
696 2595 873 2637 menta
905 2586 1199 2651 subvertit,
1229 2601 1331 2640 non
1361 2587 1560 2656 lapides
1590 2588 1707 2643 loco
1729 2598 1940 2656 movet,
1972 2590 2065 2645 sed
2098 2591 2286 2645 immo-

698 2684 809 2727 tmn
849 2666 1029 2729 sitiens
1052 2716 1065 2737 ,
1106 2686 1300 2730 novum
1331 2677 1613 2732 aedilicium
1655 2678 1917 2748 imponit:
1947 2681 2025 2736 sic
2061 2691 2117 2736 ct
2150 2696 2282 2749 apo-

695 2766 817 2819 stoli
847 2780 967 2820 cum
998 2780 1243 2837 magnum
1272 2768 1409 2822 istud
1430 2768 1747 2823 exstructuri
1770 2778 1947 2824 essent
1974 2770 2278 2837 aedificium,

699 2858 992 2915 Ecclesiam
1013 2900 1027 2923 ,
1055 2875 1173 2929 qua:
1200 2860 1395 2929 ubique
1422 2866 1681 2914 terrarum
1711 2862 1962 2930 erigitur,
2005 2877 2110 2916 non
2153 2878 2281 2932 pro-

698 2948 914 3003 fundam
940 2948 1135 3003 fossam
1166 2949 1470 3016 duxerunt,
1510 2950 1602 3006 sed
1634 2950 1851 3005 invento
1877 2953 2045 3008 veteri
2090 2952 2282 3007 funda-

697 3050 877 3095 mento
904 3041 1280 3111 prophetarum
1301 3082 1315 3107 ,
1340 3042 1468 3097 illud
1495 3042 1714 3097 minime
1741 3042 2149 3109 subvertcrunt,
2183 3060 2285 3101 nec

698 3133 976 3187 :mlificinm
1006 3143 1057 3186 et
1085 3133 1384 3187 doctrinam
1419 3133 1765 3189 immutarunt
1792 3149 1805 3187 :
1838 3134 1932 3189 sed
1971 3134 2059 3189 illa
2088 3135 2282 3189 intacta

697 3239 846 3277 suam
874 3224 1068 3280 deinde
1092 3225 1394 3295 imposuere
1419 3225 1715 3280 doctrinam
1739 3267 1754 3293 ,
1797 3225 1935 3281 hanc
1963 3226 2167 3282 scilicet
2188 3242 2283 3281 uo-

699 3331 815 3369 vam
845 3315 1096 3370 Ecclesiae
1131 3315 1309 3371 fidem.
1350 3318 1523 3385 Atque
1568 3326 1626 3372 ut
1656 3316 1916 3388 intelligas
1961 3327 2113 3372 vetus
2159 3316 2283 3372 illos

697 3408 1094 3462 t'umlameutmn
1129 3410 1246 3464 loco
1268 3425 1371 3463 non
1403 3406 1666 3476 movisse,
1695 3411 1788 3465 sed
1814 3426 1977 3480 super
1997 3411 2125 3466 illud
2153 3411 2283 3466 tedi-

698 3502 919 3566 licasse,
950 3502 1243 3568 Sapientem
1276 3502 1449 3569 ipsum
1479 3502 1829 3557 architectum
1859 3502 2077 3557 Paulum
2121 3505 2278 3570 audi,

698 3589 851 3641 nobis
873 3599 1113 3643 exactam
1144 3589 1508 3646 :edificationis
1527 3590 1855 3662 diligentiam
1883 3594 2243 3651 declarantem
2267 3614 2280 3651 :

696 3680 955 3747 siquidem
981 3680 1090 3748 ipse
1111 3682 1325 3750 sapiens
1347 3693 1428 3739 est
1452 3681 1797 3739 architectus.
1830 3683 1897 3739 Ut
1922 3686 2123 3756 sapiens
2140 3686 2280 3740 enim

695 3772 1013 3836 architectus,
1046 3772 1228 3842 inquit,
1258 3775 1643 3841 fundamentum
1664 3778 1809 3845 posui
1840 3777 1913 3849 (l.
1936 3776 2053 3832 Cor.
2084 3781 2136 3832 5.
2168 3781 2280 3851 10).

696 3860 800 3914 Sed
830 3862 1134 3927 videamus,
1166 3880 1269 3933 qua
1314 3867 1518 3920 ratione
1548 3864 1951 3923 fundamentum
1985 3870 2154 3940 ipsum
2186 3887 2281 3940 po-

698 3953 883 4007 snerit.
917 3954 1091 4022 Super
1119 3955 1278 4017 aliml,
1305 3958 1507 4027 inquit,
1542 3958 1942 4014 fundamentum
1975 3969 2126 4015 vetus
2158 3979 2283 4031 pro-

700 4046 994 4112 phetarum.
1030 4043 1182 4099 Unde
1222 4047 1270 4099 id
1300 4049 1546 4101 constat?
1570 4049 1690 4102 Jam
1730 4066 1830 4103 non
1865 4052 1982 4105 eatis
2026 4053 2244 4121 hospites
2270 4094 2283 4115 ,

701 4136 867 4202 inquit
887 4176 901 4197 ,
934 4136 1022 4187 sed
1056 4137 1181 4189 cit-es
1210 4148 1499 4192 sanctorum
1519 4179 1534 4205 ,
1568 4142 1964 4210 supertedi/tcnti
1991 4159 2143 4213 super
2170 4148 2289 4212 fun-

699 4226 989 4275 damentum
1033 4227 1372 4292 apostolorum
1410 4239 1457 4282 et
1501 4232 1861 4301 prop/telarum
1906 4232 2067 4305 (Epit.
2110 4235 2163 4287 Ξ.
2202 4236 2283 4289 l9.

700 4314 817 4386 20).
858 4315 1015 4369 Vides
1047 4315 1443 4373 fundamentum
1471 4363 1482 4384 ,
1513 4332 1565 4375 et
1594 4322 1993 4378 fundamentum
2018 4367 2032 4391 ,
2060 4327 2286 4381 alterunt

703 4408 1099 4476 priqihctarnm,
1127 4410 1348 4463 alterum
1367 4415 1753 4480 apostolorum,
1788 4415 1929 4487 quod
1956 4431 2114 4486 supra
2143 4420 2286 4488 posi-

701 4510 811 4552 tuut
841 4508 943 4554 est.
978 4500 1041 4553 lit
1068 4502 1207 4569 quod
1240 4517 1367 4555 Sane
1406 4505 1599 4558 mirum
1640 4516 1755 4571 est,
1798 4522 1903 4562 non
1949 4510 2126 4563 statim
2171 4520 2290 4578 post

704 4593 1296 4661 prophetasvenerunt
1344 4598 1607 4664 apostoli,
1666 4596 1757 4652 sed
1813 4600 2033 4653 multum
2084 4601 2286 4655 interea

705 4696 911 4754 tempus
937 4687 1172 4753 t.‘l:IpSt:tll
1195 4697 1294 4739 est.
1318 4686 1451 4753 Quid
1488 4689 1595 4741 ita?
1616 4689 1768 4756 Quod
1790 4692 1856 4743 ita
1886 4691 2080 4745 faciant
2101 4693 2285 4760 optimi

702 4776 896 4843 quique
935 4777 1208 4830 architctti
1240 4797 1252 4831 :
1288 4779 1371 4830 uhi
1416 4780 1643 4847 jecnt'int
1693 4780 2129 4848 fundamentum,
2182 4799 2286 4836 non

704 4868 981 4923 confestim
1013 4871 1293 4923 a-ditit-imn
1346 4877 1821 4941 superimponunt,
1870 4890 1937 4929 ne
1979 4874 2113 4929 forte
2159 4875 2285 4929 dum

707 4964 877 5016 inullis
905 4978 966 5015 at:
997 4978 1182 5018 recens
1204 4974 1281 5017 est
1314 4965 1641 5019 fundamenti
1674 4977 1969 5031 structura,
1999 4984 2161 5036 grave
2200 4986 2290 5037 pa—

706 5058 895 5107 l'lt'lllll]
941 5056 1145 5122 pondus
1183 5058 1398 5111 minime.
1439 5056 1575 5112 ferre
1614 5060 1801 5127 IDUSall.
1838 5061 2121 5128 Propterea
2165 5076 2287 5115 cum

707 5147 860 5215 longo
906 5158 1139 5215 tempore
1195 5149 1390 5202 firmari
1449 5148 1648 5217 lapides
1694 5151 1944 5217 siverint,
2002 5153 2086 5205 ubi
2142 5163 2288 5205 recte

705 5249 1101 5303 (-oagtnentatns
1148 5239 1261 5292 illos
1308 5239 1535 5293 viderint
1582 5250 1637 5293 et
1684 5252 2022 5309 compactos,
2080 5254 2204 5297 tunc
2235 5254 2287 5297 et

706 5331 963 5397 parietum
997 5331 1187 5383 molem
1218 5330 1507 5397 imponunt.
1545 5331 1616 5385 lta
1648 5347 1857 5401 quoque
1877 5333 1997 5385 fecit
2024 5332 2285 5399 Christus,

708 5440 825 5474 rum
861 5428 1232 5490 propin-tarum
1262 5424 1661 5477 l‘nu.l.unmtttttn
1702 5425 1751 5477 in
1776 5414 2072 5479 auditurum
2098 5430 2285 5479 incuti-

710 5516 803 5567 lms
832 5515 1006 5581 deligi,
1037 5532 1095 5565 ar
1130 5516 1277 5569 firma
1302 5533 1328 5563 ιι
1352 5516 1459 5567 ίίιιιὶ
1489 5514 1789 5569 doctrinam
1816 5517 2047 5579 sivisset.
2076 5521 2287 5588 quando

710 5606 978 5659 immobile
1006 5607 1130 5658 vidit
1159 5624 1216 5657 ac
1246 5607 1433 5661 stabile
1461 5606 1743 5661 :cdifitinm
1772 5624 1909 5673 esse,
1954 5611 2164 5679 quando
2190 5613 2285 5664 dco

710 5706 807 5751 lixa
837 5702 1079 5768 dogmata
1114 5718 1185 5752 su.
1207 5716 1282 5764 ra,
1314 5702 1387 5755 sic
1419 5712 1472 5756 ut
1502 5715 1719 5772 possiem
1746 5719 1934 5755 novatn
1968 5706 2125 5758 etiam
2154 5704 2289 5757 lianc

711 5795 1093 5864 {‘itilflztljtlzlitlll
1125 5795 1279 5855 ferre,
1332 5807 1447 5849 tunc
1489 5800 1753 5861 apostolus
1798 5795 1954 5858 misit,
2004 5797 2089 5869 qui
2132 5812 2287 5867 supra

2410 478 2811 539 fundamentum
2846 489 3224 560 prophetarum
3247 496 3500 558 Ecclesiae
3528 505 3759 573 parietes
3797 514 3999 567 est-ita-

2409 582 2557 667 rent.
2586 575 2788 633 Idcirco
2814 577 2918 635 non
2954 583 3107 651 dixit,
3138 588 3382 647 mdilicati
3410 610 3572 667 super
3594 576 3996 665 fundamenttun

2411 666 2810 759 prepltetarum,
2844 674 2937 729 sed
2967 675 3398 751 Supermdiﬁcati,
3430 666 3590 759 supra
3620 692 3827 749 scilicet
3862 694 4000 751 aedi-

2407 756 2570 811 licati.
2603 760 2708 815 Sed
2732 778 2840 832 quo
2870 775 3023 834 pacto
3049 768 3246 827 fuerint
3270 756 3542 845 :cdificati,
3573 783 3873 841 videamus.

2477 848 2791 921 Expfattatio
2817 859 2974 923 ,tituli
3007 862 3121 916 Act.
3165 865 3374 935 Apost.;
3408 870 3698 939 ditia-entia
3728 892 3844 946 quc
3870 877 4001 931 inter

2403 943 2648 998 actionem
2663 955 2710 1000 et
2730 948 3029 1005 miraculum
3040 967 3063 1016 ;
3073 954 3233 1009 altera
3245 957 3534 1025 dilatentur
3548 963 3679 1019 inter
3693 943 4000 1022 miraculum

2402 1042 2662 1125 erectam.
2679 1066 2751 1078 -
2763 1036 2916 1095 Unde
2941 1057 3067 1097 vero
3090 1044 3143 1098 id
3160 1052 3582 1117 cognoscemus?
3598 1053 3774 1121 Unde,
3789 1071 3998 1125 quasso,

2400 1122 2632 1188 aliunde,
2651 1142 2810 1198 quam
2828 1146 2893 1185 ex
2907 1132 3161 1188 Actorum
3182 1134 3347 1205 libro,
3361 1136 3429 1194 de
3442 1154 3549 1207 quo
3559 1150 3613 1197 et
3629 1122 4001 1214 superioribus

2400 1214 2588 1272 diebus
2603 1217 2990 1277 disseruimus?
3008 1224 3254 1283 Fortasse
3269 1245 3501 1301 namque
3511 1232 3749 1290 debitum
3766 1237 3895 1295 inde
3904 1255 4001 1294 vo-

2399 1306 2482 1361 bis
2506 1310 2756 1380 exiguum
2785 1312 2999 1383 aliquod
3027 1316 3307 1385 debemus,
3329 1322 3471 1391 quod
3499 1322 3765 1384 hodierno
3789 1328 3882 1386 die
3904 1345 3989 1386 no-

2398 1413 2550 1454 cesse
2574 1412 2658 1455 est
2688 1404 3078 1472 persolvamus.
3113 1407 3392 1476 Quodnam
3424 1413 3585 1483 igitur
3611 1416 3741 1473 illud
3771 1430 3858 1474 est
3890 1421 3997 1477 de—

2398 1488 2608 1545 bitum?
2652 1491 2829 1562 Ipsum
2870 1496 3081 1560 titulum
3122 1499 3243 1555 libri
3287 1502 3625 1574 interpretari
3654 1509 3996 1567 studeamus.

2396 1577 2513 1633 Non
2542 1580 2685 1637 enim
2712 1581 2880 1639 facilis
2903 1594 2987 1641 est
3005 1597 3314 1660 etapertus,
3328 1591 3468 1651 sicut
3480 1593 3700 1665 plurimi
3724 1598 3997 1655 arbitran-

2398 1679 2502 1733 tur,
2533 1670 2637 1726 sed
2669 1672 3013 1742 inquisitione
3048 1678 3214 1733 multa
3258 1680 3480 1753 indiget.
3524 1684 3783 1754 Quisnam
3832 1690 3997 1760 igitur

2393 1769 2480 1815 est
2520 1761 2640 1817 libri
2684 1763 2905 1820 titulus?
2929 1770 3057 1822 Acta
3098 1769 3483 1840 Apostolorum.
3524 1775 3716 1834 Nonne
3758 1780 3995 1837 dilucida

2395 1868 2482 1909 res
2512 1855 2722 1911 videtur
2746 1872 2889 1924 esse,
2919 1875 3096 1916 nonne
3139 1862 3283 1918 clara
3312 1866 3584 1935 omnibus,
3622 1878 3785 1940 atque
3810 1873 3992 1927 mani-

2394 1942 2568 1999 festa?
2591 1945 2698 2001 Sed
2722 1948 2768 2002 si
2798 1949 2971 2005 velitis
2998 1956 3208 2023 assequi
3242 1970 3303 2011 ea
3334 1972 3455 2026 qua:
3476 1958 3750 2027 dicuntur,
3783 1974 3989 2032 quanta

2394 2034 2530 2089 tituli
2566 2035 2722 2104 hujus
2748 2038 3084 2109 profunditas
3130 2044 3223 2111 sit,
3266 2046 3533 2103 videbitis.
3567 2047 3677 2105 Cur
3700 2052 3844 2106 enim
3883 2068 3992 2109 non

2389 2123 2546 2191 dixit,
2580 2125 2830 2183 Miracula
2864 2131 3283 2201 Apostolorum?
3307 2151 3404 2193 cur
3433 2154 3539 2195 non
3576 2141 3866 2214 inscripsit,
3894 2143 3993 2199 Sir“

2389 2228 2493 2283 gna
2524 2216 2925 2285 Apostolorum,
2953 2232 3045 2277 aut
3074 2223 3314 2281 Virtutes
3337 2242 3402 2283 ac
3428 2229 3666 2302 prodigia
3695 2234 3987 2302 Apostolo-

2391 2320 2531 2369 rum,
2560 2306 2653 2361 sed
2683 2317 2885 2364 tantum
2914 2311 3039 2365 Acta
3058 2313 3461 2381 Apostolorum!
3502 2318 3618 2375 Non
3655 2321 3800 2377 enim
3845 2323 3990 2381 idem

2388 2406 2514 2451 sunt
2538 2407 2654 2453 acta
2695 2400 2949 2471 etsigna,
2983 2418 3088 2458 non
3119 2404 3259 2461 idem
3297 2417 3414 2463 acta
3453 2421 3508 2466 et
3556 2413 3848 2479 miracula;
3881 2432 3990 2470 non

2392 2486 2531 2543 idem
2559 2500 2704 2555 sunt,
2731 2501 2849 2547 acta
2876 2503 2930 2549 et
2963 2495 3199 2567 prodigia
3242 2507 3299 2554 et
3333 2486 3559 2557 virtutes
3587 2521 3601 2557 :
3632 2503 3729 2558 sed
3762 2504 3988 2560 multum

2391 2577 2531 2633 inter
2559 2589 2782 2650 utraque
2811 2582 3097 2641 discrimen
3145 2598 3249 2642 est.
3299 2589 3396 2644 Est
3432 2593 3576 2648 enim
3626 2606 3806 2650 actum
3852 2610 3991 2667 opus

2389 2670 2619 2738 propria:
2657 2671 2913 2742 cujusque
2941 2673 3253 2746 diligentia,
3299 2680 3616 2737 miraculum
3654 2699 3787 2740 vero
3817 2686 3988 2742 divini

2389 2761 2628 2816 muneris
2656 2772 2737 2816 est
2765 2762 3105 2822 beneficium.
3137 2767 3298 2824 Vides
3318 2782 3517 2839 quanta
3544 2773 3616 2827 sit
3638 2774 3777 2830 inter
3802 2785 3986 2831 actum

2387 2859 2442 2904 et
2472 2850 2785 2908 miraculum
2805 2854 3147 2911 dideren‘tia?
3177 2859 3370 2914 Actum
3397 2870 3480 2915 est
3506 2861 3860 2920 lmmauorum
3884 2879 3983 2920 su-

2388 2940 2579 2996 dornnt
2630 2944 2875 3010 eﬂ‘ectus,
2929 2948 3244 3003 miraculum
3294 2950 3488 3006 divinae
3528 2953 3863 3011 liberalitatis
3902 2967 3987 3012 est

2388 3031 2655 3100 Specimen
2676 3049 2690 3087 :
2709 3044 2884 3090 actum
2905 3051 2933 3090 a
2959 3047 3138 3091 nostra
3165 3040 3436 3096 voluntate
3460 3041 3606 3098 ducit
3624 3043 3853 3112 initium,
3884 3048 3989 3101 mi-

2388 3123 2629 3177 raculum
2669 3138 2698 3178 a
2719 3125 2886 3194 gratia
2913 3128 3089 3181 divina
3113 3128 3555 3202 trahit'originem
3574 3174 3590 3197 .
3616 3142 3671 3189 et
3694 3133 3798 3190 hoc
3820 3136 3985 3192 carie-

2388 3210 2486 3265 stis
2509 3221 2592 3267 est
2619 3215 2823 3281 auxilii,
2859 3216 2985 3271 illud
3038 3218 3255 3274 immani
3302 3230 3389 3276 est
3423 3222 3652 3278 arbitrii.
3683 3227 3875 3280 Actum
3915 3242 3983 3281 ex

2387 3310 2615 3373 utroque
2642 3308 2965 3373 contexitur,
2993 3324 3059 3363 ex
3091 3320 3273 3365 nostra
3300 3311 3572 3382 diligentia
3611 3324 3667 3369 et
3710 3331 3777 3370 ex
3811 3318 3984 3387 gratia

2387 3391 2568 3447 divina
2609 3412 2623 3448 :
2664 3396 2977 3452 miraculum
3000 3401 3168 3454 solam
3191 3401 3412 3457 exhibet
3435 3403 3704 3459 calestem
3732 3408 3983 3476 gratiam,

2388 3498 2564 3554 neque
2606 3485 2889 3543 sudoribus
2934 3491 3132 3545 nostris
3173 3491 3394 3563 indiget.
3436 3495 3626 3549 Actum
3667 3504 3750 3549 est
3801 3497 3984 3566 probis

2390 3574 2629 3629 moribus
2654 3590 2795 3643 esse,
2821 3588 3048 3646 castum,
3079 3581 3402 3650 modestum,
3446 3583 3539 3637 ira:
3576 3585 3859 3656 imperare,
3886 3602 3985 3640 cn-

2390 3663 2640 3741 piditates
2667 3667 2932 3739 subigere,
2963 3670 3139 3741 largiri
3165 3674 3554 3747 eleemosyuas,
3600 3674 3982 3747 benignitatem

2390 3754 2662 3821 exhibere,
2692 3772 2908 3814 onmem
2938 3763 3187 3817 virtutem
3214 3780 3467 3821 exercere
3497 3784 3512 3821 :
3540 3767 3642 3822 hoc
3666 3778 3746 3822 est
3770 3771 3912 3825 actio
3930 3781 3986 3825 et

2392 3845 2543 3900 labor
2566 3854 2621 3900 et
2644 3847 2809 3902 sudor
2835 3861 3035 3905 noster.
3079 3851 3387 3910 Miraculum
3427 3865 3511 3911 est
3550 3855 3824 3914 d:cmones
3864 3860 3984 3915 abi-

2389 3950 2537 4006 gere,
2581 3949 2878 3995 cxeaecatos
2912 3943 3093 3999 oculos
3120 3945 3350 4015 aperire,
3392 3947 3725 4025 leprosorum
3752 3965 3983 4022 corpora

2393 4027 2682 4096 mundare,
2735 4032 2968 4086 resoluta
3028 4037 3268 4091 membra
3320 4039 3693 4109 compingere,
3740 4053 3987 4097 mortuos

2392 4120 2671 4183 suscitare.
2717 4120 2818 4175 alia
2870 4123 3131 4193 ejusmodi
3162 4126 3293 4180 mira
3334 4142 3496 4197 Opera
3542 4141 3771 4198 patrare.
3821 4129 3987 4188 Vides

2393 4222 2646 4279 quantmn
2675 4213 2744 4266 sit
2769 4214 2909 4268 inter
2949 4226 3068 4270 aeta
3112 4226 3166 4271 et
3208 4217 3459 4272 miracula
3489 4218 3799 4285 discrimen,
3848 4207 3990 4278 inter

2394 4307 2854 4361 conversationem
2897 4316 2953 4362 et
2982 4309 3154 4379 signa,
3195 4308 3333 4364 inter
3369 4309 3698 4381 diligentiam
3746 4321 3986 4369 nostram

2394 4401 2447 4447 et
2470 4397 2690 4463 gratiam
2725 4396 2853 4449 Dei?

2470 4487 2519 4541 5.
2554 4484 2653 4569 δ’ἱς
2683 4497 2736 4541 et
2760 4488 2987 4542 alterum
3018 4487 3110 4542 tibi
3142 4487 3427 4544 discrimen
3454 4489 3776 4572 ostendam?
3796 4490 3990 4549 Vestra

2396 4580 2538 4635 enim
2554 4562 2711 4635 causa
2730 4581 2987 4635 hodierno
3007 4582 3093 4638 die
3121 4583 3393 4638 institutus
3413 4562 3653 4639 cst-hicn
3674 4600 3762 4641 me
3782 4599 3987 4655 sermo,

2399 4681 2456 4725 ut
2495 4671 2617 4740 quid
2664 4672 2735 4726 sit
2782 4673 3097 4726 miraculum
3143 4673 3463 4749 signumque
3501 4673 3777 4729 discatis‘.
3820 4676 3994 4745 Maius

2397 4762 2607 4832 quidem
2637 4774 2718 4817 est
2741 4763 3076 4830 miraculum,
3106 4779 3171 4817 ac
3203 4764 3611 4829 formidabilius,
3650 4778 3714 4819 ac
3742 4775 3991 4821 naturam

2401 4867 2633 4909 nostram
2678 4863 2966 4925 exsuperat
3012 4873 3024 4908 :
3065 4855 3204 4909 actio
3252 4870 3381 4910 vero
3422 4865 3476 4910 et
3524 4856 3865 4911 conversatio
3906 4872 3995 4913 res

2400 4950 2609 5020 quidem
2637 4960 2717 5004 est
2750 4950 2915 5020 signis
2958 4950 3152 5013 minor,
3187 4949 3280 5004 sed
3312 4949 3493 5003 utilior
3536 4957 3590 5003 et
3630 4949 3992 5015 fructuosior;

2400 5044 2697 5114 estquippe
2737 5042 2977 5095 laborum
3021 5041 3296 5110 prcctnium
3337 5050 3391 5094 et
3428 5039 3716 5111 diligentia:
3761 5054 3991 5095 merces.

2401 5138 2572 5205 Atque
2607 5146 2663 5188 ut
2704 5134 2970 5201 intelligas
2998 5132 3409 5188 fructuosiorem
3450 5145 3571 5187 esse
3618 5141 3779 5202 atque
3814 5132 3997 5186 utilio-

2402 5242 2512 5281 rem
2540 5227 2693 5297 signo
2736 5226 3022 5286 actionem,
3055 5225 3195 5279 actio
3242 5224 3455 5294 quidem
3498 5225 3637 5278 bona
3678 5225 3842 5278 etiam
3874 5223 3997 5278 sine

2402 5324 2566 5389 signis
2591 5335 2704 5385 eos,
2738 5335 2767 5373 a
2796 5319 2989 5389 quibus
3017 5326 3227 5387 peracta
3255 5316 3433 5381 fuerit,
3463 5315 3751 5371 introducit
3790 5314 3842 5370 in
3884 5331 3998 5369 (3:15-

2404 5418 2510 5470 lum
2541 5436 2553 5469 :
2582 5418 2899 5470 miraculum
2928 5424 3105 5470 autem
3136 5423 3190 5468 et
3218 5414 3427 5482 signum
3469 5411 3671 5479 absque
3697 5424 3998 5465 conversa-

2404 5514 2545 5567 tione
2564 5511 2826 5566 deducere
2848 5508 2913 5563 ad
2935 5506 3193 5562 vestibula
3223 5505 3310 5559 illa
3335 5520 3439 5558 non
3466 5513 3703 5573 possunt.
3722 5503 3841 5568 Quo
3867 5517 3998 5553 vero

2400 5616 2555 5677 pacto
2592 5605 2641 5659 id
2686 5605 2796 5667 fiat,
2844 5599 3121 5656 ostendam
3168 5615 3179 5651 :
3225 5612 3319 5651 vos
3349 5604 3525 5650 autem
3557 5591 3993 5656 animadvertite,

2462 5742 2475 5771 ι
2514 5738 2665 5797 (ῖοιιιη
2705 5742 2898 5794 Oportet
2920 5733 3047 5785 enim
3070 5746 3149 5783 eos
3178 5732 3265 5783 illa
3294 5731 3437 5782 ιιργὸα
3473 5726 3663 5781 omnino
3701 5726 3994 5791 intelligere,

2397 5816 2563 5866 tmnpe
2590 5800 2879 5849 ntirucnlnm
2904 5803 2946 5848 et
2967 5797 3171 5860 signum.
