4218 6294
212 367 269 424 οι
1412 358 1479 415 IN
1519 353 2059 414 tuscutp'rtousu
2086 350 2436 410 Acrouuu.
2469 349 2534 406 ιι.
3440 328 3513 382 63

213 500 313 553 «pia
340 483 554 537 ratione
600 480 835 552 priorem
873 478 1048 534 locum
1079 475 1358 533 obtineant
1383 473 1642 537 actiones,
1683 471 1805 526 cuni

213 575 278 629 ds
301 572 742 628 remuneratione
767 570 1028 627 mercedis
1048 569 1224 641 agitur
1248 585 1263 621 :
1284 580 1391 638 qua
1419 564 1629 621 ratione
1657 561 1811 632 signa

212 664 450 735 quidem,
493 666 541 722 si
585 665 701 721 sola
729 663 856 732 sint,
887 677 1001 730 eos,
1050 662 1142 734 qui
1183 659 1273 716 illa
1321 656 1601 731 patrarint,
1634 653 1813 710 salvos

214 773 318 812 non
347 757 549 822 faciant
576 757 750 813 tactio
776 770 903 813 vero
930 755 1159 812 seorsim
1184 762 1395 824 sumpta
1424 750 1567 807 nulla
1598 762 1659 804 re
1676 746 1815 802 indi-

213 860 338 921 geat
362 838 471 905 alia
501 848 571 904 ad
595 863 693 905 eos
715 848 1021 915 salvandos,
1053 846 1145 918 qui
1174 860 1296 903 eam
1327 841 1623 915 possident.
1659 837 1816 894 Multi

214 944 383 997 dicent
413 939 562 1007 ntilti,
600 940 767 1013 inquit
797 938 1064 1006 Christus,
1092 938 1148 992 in
1171 937 1265 992 illa
1290 936 1395 1001 die,
1424 932 1667 1000 Domine,
1699 929 1813 986 Do-

213 1034 370 1101 tuine,
392 1048 563 1089 nonac
587 1032 642 1087 in
661 1036 862 1087 nomine
880 1038 968 1086 tuo
993 1026 1450 1101 prophetavintus?
1474 1026 1581 1081 hoc
1606 1024 1819 1095 signum

213 1132 299 1180 est
348 1130 409 1180 et
459 1123 811 1188 miraculum;
852 1119 1044 1177 Nonne
1096 1120 1148 1174 in
1192 1119 1398 1174 nomine
1440 1126 1527 1197 tuo
1566 1113 1822 1170 damonis

215 1216 378 1271 multa
406 1216 670 1287 ejccimus,
697 1223 747 1269 et
784 1215 839 1270 in
869 1214 1073 1270 nomine
1117 1224 1203 1267 tuo
1230 1212 1437 1266 virtutes
1473 1208 1662 1264 uanitas
1698 1204 1823 1277 {eci-

216 1324 328 1362 nuis
352 1304 572 1378 (lauit.
607 1305 660 1361 7.
686 1304 822 1378 ἣν
850 1304 1015 1362 Vides
1035 1304 1234 1375 ubique
1261 1303 1412 1374 signa
1436 1310 1495 1359 et
1519 1296 1817 1355 miracula:

216 1396 503 1453 videamus
525 1395 653 1466 quid
677 1396 821 1453 dicat
849 1396 1015 1454 Deus.
1041 1395 1178 1463 Quia
1201 1392 1343 1451 nuda
1361 1400 1518 1450 erant
1541 1389 1821 1455 miracula,

219 1504 319 1545 nec
364 1489 574 1560 uspiam
617 1489 979 1556 conversatio,
1032 1486 1329 1554 Discedite,
1384 1484 1589 1555 inquit,
1630 1498 1663 1535 ιι
1687 1497 1824 1550 ⁶ιιιε,

219 1582 391 1637 nescia
421 1598 508 1637 vos
530 1622 547 1648 ,
576 1582 662 1653 qui
691 1580 975 1651 operamini
1001 1579 1317 1650 iniquitatem
1344 1574 1510 1648 (Ibid.
1540 1591 1589 1629 υ.
1620 1571 1737 1646 13).
1768 1571 1827 1629 Si

222 1688 328 1729 non
362 1674 512 1729 nosti
535 1687 652 1739 eos,
669 1672 812 1729 unde
842 1672 938 1728 tibi
956 1672 1186 1727 innotuit
1209 1684 1304 1726 eos
1332 1667 1666 1739 iniquitatem
1692 1678 1827 1736 ope-

222 1766 369 1821 rari?
405 1765 478 1822 Ut
504 1762 772 1837 intelligas
811 1764 964 1833 illud,
996 1762 1183 1819 Nescio
1211 1780 1320 1830 eos,
1351 1776 1458 1816 non
1487 1758 1826 1831 ignorantiae,

219 1855 315 1913 sed
339 1856 453 1911 odii
478 1863 535 1912 et
558 1854 858 1912 aversionis
885 1868 1028 1910 esse.
1061 1851 1250 1909 Nescia
1277 1869 1381 1908 vos.
1407 1850 1580 1920 Quam
1605 1851 1676 1906 ob
1700 1865 1830 1907 cau-

221 1964 336 2005 sam
356 1949 583 2021 quaso?
615 1947 805 2004 Nonne
830 1949 886 2003 in
912 1948 1115 2003 nomine
1144 1956 1233 2002 tuo
1262 1946 1517 2001 damonis
1545 1944 1784 2016 ejecirmts
1804 1941 1832 1995 2

223 2040 519 2112 Propterea
565 2055 666 2097 vos
711 2040 838 2097 odio
888 2052 1206 2109 prosequor,
1255 2046 1312 2093 et
1352 2049 1594 2103 eversor,
1639 2033 1830 2104 inquit,

226 2134 351 2205 quia
407 2148 479 2189 ne
518 2133 678 2190 donis
718 2131 934 2205 quidem
978 2131 1216 2202 acceptis
1258 2129 1513 2186 meliores
1558 2125 1831 2193 evasistis,

224 2224 367 2295 quod
396 2234 548 2281 tanto
573 2224 780 2287 honore
798 2222 1079 2289 cumulati,
1110 2222 1164 2277 in
1186 2221 1378 2278 eadem
1406 2218 1610 2275 malitia
1637 2214 1836 2289 persti-

227 2319 390 2373 tistis.
425 2316 685 2374 Discedite
705 2334 739 2372 a
760 2333 861 2384 me,
888 2316 1058 2373 nescio
1082 2331 1191 2372 vos.

295 2411 406 2467 Cur
434 2411 559 2466 olim
583 2410 895 2467 charismata
940 2411 1187 2464 darentur
1219 2408 1484 2479 indignis;
1524 2419 1643 2459 vera
1679 2401 1840 2457 mira-

228 2503 345 2559 cula
372 2504 531 2559 etiam
558 2503 757 2575 indigni
777 2502 1051 2574 faciebant.
1076 2530 1148 2542 —
1167 2499 1305 2571 Quid
1327 2498 1527 2572 igitur?
1539 2495 1679 2553 Olim
1699 2493 1841 2551 dona

230 2596 499 2653 dabantur
523 2596 777 2667 indignis,
809 2606 867 2651 et
903 2595 996 2667 qui
1026 2594 1133 2650 vita
1171 2601 1328 2649 erant
1366 2600 1431 2648 et
1467 2589 1709 2646 moribus
1734 2585 1839 2642 de-

231 2690 495 2761 pravatis,
524 2689 758 2746 edebant
795 2687 1080 2754 miracula,
1105 2694 1162 2742 et
1188 2685 1385 2742 divinis
1412 2683 1716 2739 dilabantur
1740 2678 1845 2734 do-

231 2785 332 2851 nis,
390 2783 523 2839 licet
572 2781 832 2854 optimam
876 2779 1344 2836 conversationem
1391 2790 1509 2831 non
1551 2768 1843 2829 curarent-2

233 2876 555 2932 Ditahantur
582 2875 658 2930 illi
681 2873 897 2947 quidem
918 2872 990 2928 ob
1013 2871 1268 2929 eximiam
1298 2869 1396 2927 Dei
1424 2867 1842 2938 benignitatem,

234 2984 337 3024 non
368 2967 443 3023 ob
471 2982 626 3024 suam
655 2966 990 3039 dignitatem.
1036 2964 1167 3020 Erat
1214 2963 1363 3020 enim
1404 2960 1682 3031 religionis
1726 2972 1847 3013 ver-

234 3061 361 3115 bum
393 3058 596 3130 ubique
641 3057 1021 3131 spargendum,
1066 3053 1502 3128 qmnqumdem
1546 3051 1759 3107 initium
1791 3058 1847 3105 et

235 3153 389 3223 origo
414 3160 534 3206 erat
559 3149 708 3207 lldei.
737 3148 810 3207 Ut
836 3150 997 3221 igitur
1037 3147 1277 3218 optimus
1310 3143 1543 3216 agricola
1576 3143 1630 3198 in
1662 3140 1851 3197 novel-

237 3244 341 3299 lam
368 3242 652 3310 arborem,
680 3257 839 3313 quam
870 3256 977 3296 non
1008 3240 1078 3295 ita
1108 3238 1314 3310 pridem
1344 3246 1503 3293 terra
1531 3234 1670 3291 sinui
1697 3248 1849 3290 com-

238 3334 542 3402 meudavit,
571 3334 700 3389 dum
727 3332 907 3389 adiuic
937 3341 1121 3388 tenera
1148 3340 1249 3395 est,
1280 3328 1501 3385 multam
1527 3342 1715 3383 curam
1745 3326 1849 3381 im.-

237 3424 445 3495 pcndit,
475 3423 716 3494 undique
742 3424 891 3478 illam
913 3421 1309 3487 circumvallat,
1334 3426 1397 3475 et
1424 3417 1692 3489 lapidibus
1726 3431 1852 3494 mus

239 3490 313 3571 itit
332 3526 392 3572 et
417 3516 612 3586 spinis,
629 3490 703 3570 int
729 3529 801 3570 ne
825 3529 857 3568 a
888 3513 1060 3569 ventis
1088 3511 1373 3577 evellatur,
1404 3526 1473 3566 ne
1502 3524 1533 3565 a
1563 3490 1857 3580 pecoribus-

240 3608 591 3665 labefactch
608 3608 651 3674 ί,
681 3621 820 3663 neve
844 3607 950 3661 alio
972 3605 1203 3676 quodam
1226 3603 1568 3660 incommodo
1595 3602 1849 3668 laedatur;

243 3708 528 3770 postquam
555 3706 734 3753 autem
760 3697 969 3753 radices
990 3696 1187 3767 egisse,
1211 3704 1264 3750 et
1292 3695 1343 3749 in
1364 3694 1593 3748 sublime
1614 3692 1853 3748 crevisse

244 3792 389 3847 illam
418 3790 635 3857 viderit,
669 3799 781 3845 tum
814 3798 1029 3843 amovet
1052 3787 1389 3843 munimenta
1416 3803 1431 3840 :
1472 3783 1671 3841 suflicit
1707 3784 1852 3840 enim

243 3883 341 3938 sibi
379 3883 485 3953 ipsi
515 3882 677 3936 arbor
700 3881 765 3935 ad
791 3880 1015 3949 injurias
1045 3878 1182 3934 tales
1208 3875 1547 3949 repellendas
1576 3891 1597 3930 ε
1621 3876 1693 3931 ita
1719 3890 1854 3946 quo-

243 3991 345 4045 que
404 3976 457 4029 in
505 3974 609 4030 fide
651 3974 865 4029 accidit.
914 3970 1143 4041 Quando
1191 3985 1362 4040 nuper
1415 3977 1533 4025 erat
1579 3968 1849 4039 plantata,

244 4064 462 4137 quando
489 4075 672 4122 tenera
698 4074 842 4132 erat,
860 4062 1078 4137 quando
1104 4076 1275 4132 nuper
1296 4062 1356 4135 in
1386 4058 1633 4115 humanis
1658 4058 1852 4114 animis

245 4158 489 4223 fundata,
508 4157 654 4212 omni
680 4172 749 4213 ex
779 4165 932 4227 parte
963 4153 1129 4211 multa
1156 4154 1216 4210 in
1246 4168 1366 4210 eam
1394 4166 1523 4209 cura
1579 4149 1855 4221 impende-

247 4251 405 4306 batur
438 4266 453 4303 :
496 4257 775 4319 postquam
800 4255 981 4303 autem
1002 4245 1221 4310 coaluit,
1247 4253 1304 4301 et
1331 4244 1541 4299 radices
1566 4242 1695 4313 egit,
1724 4241 1855 4296 etin

245 4340 636 4400 sublimitatem
657 4338 921 4404 ascendit,
951 4346 1231 4409 postquam
1249 4338 1559 4392 uuiVersum
1586 4344 1851 4390 terrarqu

244 4435 438 4489 orbem
464 4431 773 4503 complevit,
805 4430 1137 4486 munimenta
1163 4430 1393 4485 removit
1414 4428 1681 4495 Christus,
1708 4425 1855 4483 etde

244 4535 449 4581 t-setcro
506 4524 764 4579 tutamina
823 4522 1059 4579 sustulit.
1107 4521 1396 4593 Propterea
1442 4521 1595 4576 initio
1637 4519 1854 4590 quidem

244 4620 413 4673 etiam
451 4615 683 4687 indignis
712 4615 977 4671 dabantur
1005 4615 1166 4681 dona,
1212 4615 1466 4685 quoniam
1510 4613 1613 4667 hoc
1658 4612 1856 4671 auxilio

246 4709 373 4765 lidei
416 4707 661 4764 fovenda
698 4722 858 4763 causa
891 4706 1163 4777 indigebat
1204 4706 1543 4776 antiquitas:
1574 4719 1717 4758 nunc
1755 4719 1855 4758 au-

247 4812 357 4858 tem
388 4815 571 4871 neque
594 4799 772 4870 dignis
798 4797 1197 4873 conceduntur;
1226 4797 1347 4852 fidei
1377 4798 1576 4868 quippe
1602 4794 1767 4850 robur
1802 4803 1857 4849 et

248 4895 481 4950 ﬁrmitas
517 4892 619 4949 hoc
658 4891 898 4947 subsidio
940 4906 1046 4947 non
1091 4899 1232 4963 eget.
1276 4892 1452 4959 Atque
1496 4898 1554 4943 ut
1590 4887 1856 4958 intelligas

248 4998 592 5057 nequaquam
626 4983 745 5038 illos
772 4982 1113 5053 imposuisse,
1146 4981 1242 5037 sed
1269 4996 1398 5035 vere
1435 4980 1692 5035 miracula
1737 4978 1857 5034 edi-

247 5079 420 5146 disse,
450 5087 615 5149 atque
638 5075 871 5147 indignis
894 5074 1199 5131 hominibus
1219 5075 1358 5129 dona
1382 5072 1549 5128 fuisse
1573 5086 1854 5139 concessa,

250 5184 419 5244 utque
437 5178 635 5242 praeter
652 5185 740 5236 ea,
761 5165 881 5240 qua;
901 5169 1044 5224 dicta
1072 5176 1221 5235 sunt,
1244 5168 1498 5240 quiddam
1525 5167 1689 5223 etiam
1712 5166 1857 5223 aliud

249 5264 643 5335 perﬁceretur,
687 5261 890 5331 Deique
935 5276 1130 5315 munus
1176 5259 1252 5315 illi
1300 5258 1516 5314 reveriti
1564 5257 1855 5329 nequitiam

249 5356 573 5424 abjicerent,
601 5350 792 5408 ludam
821 5367 984 5406 unum
1008 5368 1076 5406 ex
1102 5350 1384 5407 duodecim
1410 5364 1601 5406 omnes
1627 5349 1860 5406 fatentur

250 5448 404 5517 signa
434 5446 649 5513 iecisse,
675 5445 952 5501 dtemones
976 5444 1225 5515 ejecisse,
1260 5454 1501 5500 mortuos
1546 5444 1859 5511 suscitasse,

253 5536 505 5609 leprosos
531 5536 857 5594 mundasse:
886 5547 941 5593 ct
978 5545 1156 5593 tamen
1197 5536 1398 5593 excidit
1434 5552 1462 5590 a
1503 5552 1670 5607 regno
1696 5537 1858 5592 calo-

316 5779 332 5809 ί
364 5775 505 5829 llaec,
534 5785 648 5839 nea
674 5767 1282 5839 pecoribus‘labefactetur,
1310 5772 1428 5839 [virts
1446 5773 1543 5839 ῥπὸ
1576 5771 1854 5839 θρεμμάτων

254 5839 559 5906 discutiant,
584 5832 799 5906 deerant
838 5836 885 5882 in
926 5832 1103 5906 Ediitis,
1142 5832 1229 5880 sed
1269 5846 1325 5901 ex
1373 5833 1509 5906 μου).
1539 5832 1851 5897 supplentur.

262 5892 397 5951 lnt'ta
420 5892 539 5950 item
567 5897 793 5960 quaedam
820 5911 879 5947 cx
913 5894 1087 5945 eodem
1115 5892 1464 5946 resarciuntur.

1919 487 2060 529 rum.
2090 469 2211 526 Non
2235 468 2550 528 enimiilum
2566 462 2773 520 salvum
2813 458 2995 516 facere
3023 470 3175 527 signa
3207 462 3516 524 potuerunt,

1917 563 2043 635 quia
2070 562 2229 628 latro,
2261 558 2371 625 fur,
2396 566 2451 614 et
2468 554 2713 628 proditor
2736 552 2839 608 fuit
2859 547 3094 607 Domini.
3123 548 3202 602 Ac
3222 545 3375 616 signa
3399 543 3521 613 qui-

1919 656 2043 712 dem
2093 654 2215 710 sine
2260 652 2467 722 optima
2513 645 2957 708 conversatione,
3016 641 3239 710 vitaque
3286 650 3418 708 pura
3471 644 3526 689 ct

1920 757 2111 806 exacta
2136 744 2344 802 salvum
2372 740 2554 799 facere
2579 738 2799 795 minime
2823 727 2985 807 posse
3008 734 3437 789 demonstratum
3459 740 3526 781 ex

1924 840 2045 898 istis
2068 847 2154 894 est
2178 855 2193 893 :
2215 834 2693 893 conversationem
2724 838 2903 885 autem
2937 826 3039 883 hoc
3073 826 3351 896 signorum
3380 821 3527 874 sola-

1929 932 2004 988 tio
2053 930 2389 995 destitutam,
2442 939 2620 997 neque
2660 923 2756 978 illo
2801 922 3052 993 stipatam
3104 914 3379 989 praesidio,
3432 909 3530 966 sed

1926 1023 2174 1095 ίιιωωνίι
2208 1022 2322 1078 $013
2362 1024 2694 1090 compareat,
2740 1028 2901 1085 posse
2935 1027 3060 1069 cum
3103 1008 3297 1065 fiducia
3339 1006 3395 1061 in
3440 1020 3531 1058 rc-

1927 1130 2090 1187 gnum
2116 1113 2372 1169 calorum
2402 1109 2646 1173 introire,
2675 1105 2894 1178 Christo
2929 1103 3162 1160 docente
3189 1098 3471 1156 condisccs
3514 1112 3529 1149 :

1939 1204 2137 1272 Venite,
2168 1203 2413 1259 benedicti
2454 1200 2629 1256 Patris
2656 1200 2774 1264 mei,
2817 1194 3071 1269 possidete
3111 1202 3367 1264 paratum»
3395 1188 3534 1243 vobis

1930 1313 2143 1371 regnum
2167 1314 2200 1351 a
2223 1294 2583 1351 constitutione
2611 1289 2787 1346 vitandi
2820 1286 3036 1359 (Matth.
3064 1284 3157 1341 25.
3199 1284 3317 1355 54).
3362 1279 3535 1350 Quam

1930 1391 2003 1447 ob
2045 1386 2452 1457 causamlquia
2490 1374 3145 1439 mortuos’snscitarunt?
3182 1374 3308 1447 quia
3355 1372 3537 1441 lepro-

1932 1496 2024 1539 sos
2066 1478 2436 1535 mundarunt‘l
2460 1476 2584 1548 quia
2612 1473 2889 1530 daemones
2916 1464 3273 1542 expulerunt!
3322 1461 3539 1533 Nequa-

1932 1589 2095 1647 quam
2128 1590 2143 1629 :
2178 1570 2276 1628 sed
2300 1585 2407 1643 qua
2444 1568 2513 1625 de
2540 1566 2744 1625 causa?
2788 1563 3133 1620 Esurieutem
3175 1573 3265 1615 me
3305 1554 3538 1647 vidistis,

1936 1646 2129 1736 inquit,
2164 1671 2225 1720 et
2264 1660 2478 1717 aluistis
2522 1675 2538 1714 :
2583 1658 2884 1723 sitientem,
2924 1661 2981 1710 et
3023 1649 3251 1709 dedistis
3279 1646 3412 1704 mihi
3443 1661 3543 1717 po-

1937 1768 2050 1815 tum
2075 1774 2090 1813 :
2120 1755 2347 1822 nudum,
2373 1763 2430 1810 et
2448 1749 2801 1824 cooperuistis
2825 1762 2914 1805 me
2946 1766 2961 1803 :
2989 1744 3282 1817 hospitem,
3304 1751 3359 1797 ct
3378 1739 3543 1797 colle-

1935 1850 2092 1923 gistis
2123 1845 2229 1922 (ib.
2258 1863 2304 1901 υ.
2338 1845 2430 1902 55.
2461 1842 2576 1917 36).
2604 1841 2882 1913 Nusquam
2908 1836 3190 1904 miracula,
3220 1832 3318 1889 sed
3344 1832 3544 1903 ubique

1916 1956 1917 1959 ‘
1940 1940 2301 2000 conversatio.
2330 1938 2403 1996 Ut
2422 1937 2585 2009 igitur
2613 1935 2723 1991 illic
2749 1934 2947 2006 ubique
2968 1928 3251 1995 miracula,
3278 1936 3335 1983 et
3361 1926 3543 1982 statim

1940 2035 2287 2108 supplicium,
2333 2030 2590 2104 quoniam
2633 2025 3047 2085 conversatione
3088 2020 3346 2078 destituta
3390 2028 3546 2074 erant

1942 2129 2247 2186 miracula:
2282 2126 2361 2181 sic
2400 2133 2456 2181 et
2498 2121 2603 2179 hoc
2641 2121 2761 2177 loco
2803 2119 3002 2190 ubique
3044 2112 3404 2176 conversatio,
3444 2124 3547 2164 nec

1943 2235 2167 2293 usquam
2185 2218 2463 2277 miracula.
2481 2224 2537 2273 et
2556 2213 2736 2272 statim
2745 2210 2930 2268 salus‘
2957 2216 3272 2281 :psOpterea
3284 2202 3431 2275 quod
3452 2215 3550 2272 per

1944 2329 2007 2371 se
2035 2315 2151 2371 sola
2184 2324 2527 2384 possessores
2555 2322 2683 2365 suos
2711 2306 2890 2360 salvos
2928 2301 3109 2359 facere
3146 2308 3322 2370 potest
3346 2298 3549 2367 optima

1944 2392 2305 2464 cnnversatio.
2332 2401 2539 2459 ldoirco
2565 2400 2730 2456 etiam
2754 2397 2958 2453 beatus.
2975 2393 3064 2449 hic
3087 2399 3147 2447 et
3169 2402 3467 2462 generosus
3487 2402 3551 2443 ac

1948 2498 2217 2557 mirabilis
2239 2496 2413 2553 Lucas
2436 2496 2508 2550 ita
2540 2494 2733 2550 librum
2770 2487 3061 2561 inscripsit,
3109 2485 3236 2541 Acta
3275 2480 3551 2553 Apostolo-

1947 2611 2079 2661 rum,
2112 2607 2219 2649 non
2244 2589 2502 2646 miracula
2525 2585 2894 2658 apostolorum
2939 2600 2953 2638 :
2983 2580 3194 2637 tametsi
3224 2577 3463 2634 fecerant
3498 2583 3553 2629 et
3592 2566 3595 2567 ν

1950 2689 2052 2760 ipsi
2078 2685 2356 2743 miracula.
2389 2682 2586 2738 Verum
2616 2680 2705 2735 illa
2729 2677 2946 2750 quidem
2972 2684 3122 2731 uerto
3150 2683 3393 2742 tempore
3416 2668 3555 2760 iacta

1950 2758 2095 2849 sunt,
2128 2788 2185 2836 et
2209 2776 2587 2849 przeterierunt
2614 2790 2628 2827 :
2661 2771 2781 2827 hac
2802 2778 2982 2825 autem
3007 2765 3198 2839 quovis
3221 2773 3464 2832 tempore
3487 2758 3556 2814 ab

1953 2874 2059 2929 illis
2092 2870 2337 2929 exhiberi
2366 2882 2506 2939 opus
2552 2876 2655 2933 est,
2707 2866 2800 2936 qui
2842 2863 3071 2919 salutem
3114 2866 3241 2915 sunt
3288 2852 3552 2925 adepturit

1952 2964 2179 3034 Quando
2200 2963 2362 3034 igitur
2380 2978 2485 3016 non
2508 2960 2788 3023 miracula,
2814 2956 2910 3013 sed
2933 2964 3052 3011 acta
3074 2952 3231 3009 nobis
3256 2945 3557 3007 aemulanda

1942 3062 2327 3129 proponuntur
2351 3052 2740 3125 apostolorum,
2787 3057 3082 3120 propterea
3113 3045 3309 3100 librum
3354 3044 3433 3097 sic
3472 3041 3559 3095 in-

1954 3150 2193 3220 scripsit.
2228 3146 2301 3205 Ut
2323 3147 2468 3203 enim
2500 3160 2620 3199 non
2637 3143 2871 3207 diceres,
2903 3140 2986 3197 vel
3016 3139 3193 3209 potius
3220 3152 3289 3192 ne
3318 3135 3562 3191 dicerent

1954 3234 2193 3308 desides,
2225 3241 2271 3297 si
2298 3239 2521 3312 quando
2544 3238 2665 3293 illos
2698 3235 2772 3292 ad
2798 3234 3153 3291 imitationem
3191 3230 3563 3303 apostolorum

1954 3336 2324 3401 cohortamur,
2370 3348 2435 3388 ac
2471 3331 2724 3397 dicimus,
2776 3326 2991 3382 imitare
3024 3324 3265 3387 Petrum,
3307 3321 3564 3377 :emulare

1957 3430 2206 3495 Paulum,
2243 3426 2435 3484 similis
2468 3433 2588 3481 esto
2624 3421 2843 3489 Joanui,
2874 3420 3134 3476 Jacobum
3183 3430 3414 3488 sequere
3448 3432 3461 3468 :
3496 3427 3566 3470 ne

1957 3523 2219 3588 dicerent,
2268 3518 2385 3573 Non
2440 3531 2746 3588 possumus,
2794 3527 2895 3568 nec
2941 3510 3185 3567 valemus
3231 3528 3246 3565 :
3296 3506 3370 3562 illi
3420 3507 3565 3562 enim

1959 3623 2200 3669 mortuos
2239 3607 2591 3671 suscitabant,
2620 3606 2863 3677 leprosos
2894 3600 3225 3657 mundabant
3252 3616 3267 3652 :
3296 3598 3434 3653 hanc
3461 3596 3563 3651 im-

1961 3706 2252 3778 pudentem
2298 3711 2537 3758 nostram
2577 3696 2981 3755 excusationem
3027 3693 3353 3764 reprimens.
3398 3687 3565 3754 'l'ace,

1960 3797 2154 3869 inquit,
2182 3794 2519 3858 obmutesce,
2562 3806 2669 3845 non
2701 3785 3041 3852 miraculum,
3090 3783 3188 3839 sed
3226 3780 3568 3838 conversatio

1961 3892 2015 3947 in
2038 3903 2267 3960 regnum
2289 3885 2544 3942 czelorum
2572 3878 2883 3937 introducit.

2035 3983 2165 4051 Qui:
2192 3990 2327 4034 nota:
2348 3989 2395 4032 et
2420 3976 2613 4031 indicia
2634 3972 2886 4045 Apostoli.
2911 4000 2985 4012 —-
3011 3970 3230 4025 lmitar'c
3250 3964 3413 4039 igitur
3436 3981 3573 4022 cons

1958 4072 2317 4129 versationem
2356 4065 2722 4139 apostolorum
2747 4105 2762 4129 ,
2795 4071 2851 4119 et
2876 4060 3010 4117 nihil
3037 4058 3215 4115 minus
3254 4072 3412 4130 quam
3439 4072 3573 4126 apo-

1960 4163 2081 4219 stoli
2107 4160 2396 4219 obtinebis.
2420 4155 2609 4229 Neque
2635 4157 2781 4212 enim
2802 4153 2953 4225 signa
2980 4151 3225 4207 fecerunt
3249 4147 3565 4218 apostolos,

1960 4256 2059 4313 sed
2084 4256 2192 4311 vita
2222 4249 2441 4307 munda.
2474 4250 2652 4320 Atque
2681 4246 2784 4301 hoc
2812 4242 3121 4315 apostolicae
3156 4240 3401 4312 imaginis
3425 4239 3550 4295 indl-

1961 4349 2103 4405 cium
2130 4343 2254 4403 esse
2277 4385 2292 4409 ,
2323 4358 2388 4400 ac
2434 4343 2618 4413 ﬁgura
2660 4334 3045 4407 discipulorum
3066 4376 3081 4399 ,
3112 4332 3235 4388 audi
3261 4346 3369 4403 quo
3414 4340 3573 4402 pacto

1960 4441 2203 4498 Christus
2218 4438 2321 4492 hoc
2332 4436 2485 4506 signo
2507 4431 2857 4488 demonstret.
2874 4425 3009 4482 Cum
3028 4423 3174 4482 enim
3196 4422 3457 4494 imagines
3484 4422 3571 4480 dl-

1961 4532 2285 4603 scipulorum
2310 4526 2610 4597 effingeret,
2634 4529 2689 4578 et
2708 4520 2982 4591 quodnam
3007 4518 3337 4589 apostolatus
3362 4516 3573 4587 insigne

1961 4626 2049 4687 sit.
2071 4621 2389 4684 declararet,
2409 4619 2479 4673 ita
2501 4615 2671 4672 dixit:
2694 4611 2762 4667 In
2788 4613 2883 4666 hoc
2910 4618 3210 4683 cognoscent
3229 4626 3421 4677 omnes,
3437 4609 3575 4681 quod

1962 4716 2199 4787 discipuli
2241 4716 2339 4769 mei
2378 4713 2497 4767 estis
2518 4709 2701 4785 (Joan.
2736 4708 2824 4764 l3.
2850 4706 2967 4778 55).
3002 4704 3069 4761 In
3095 4706 3220 4771 hoc,
3253 4704 3309 4759 in
3339 4704 3491 4775 quo‘l
3517 4703 3572 4758 in

1964 4809 2239 4867 miraculis
2281 4804 2538 4862 faciendis
2559 4845 2575 4871 ,
2605 4802 2659 4858 in
2696 4801 2923 4857 mortuis
2964 4796 3326 4855 suscitandis?
3356 4795 3575 4868 Nequa-

1962 4918 2146 4975 quam,
2179 4899 2349 4971 inquit
2378 4915 2395 4953 :
2423 4895 2518 4954 sed
2545 4895 2599 4951 in
2627 4907 2737 4966 quo
2767 4891 2983 4949 tandem
2998 4891 3035 4946 ?'
3057 4889 3120 4945 In
3148 4890 3246 4945 hoc
3270 4897 3579 4961 cognoscent

1964 5011 2157 5059 omnes,
2183 4993 2303 5063 quia
2331 4988 2573 5060 discipuli
2602 4986 2706 5040 mei
2724 4985 2875 5051 estis,
2902 4984 2947 5038 si
2969 4999 3057 5036 vos
3081 4982 3295 5035 invicem
3320 4979 3573 5051 diligatis.

1964 5086 2124 5158 Atqui
2155 5083 2372 5139 dilectio
2401 5098 2510 5138 non
2540 5077 2920 5134 miraculorum
2948 5083 3051 5140 est,
3084 5071 3179 5127 sed
3206 5072 3574 5127 conversatio-

1966 5182 2049 5237 nis
2078 5198 2088 5233 :
2121 5177 2399 5233 Plenitudo
2436 5175 2579 5231 enim
2610 5172 2735 5243 legis
2771 5180 2846 5225 est
2889 5168 3089 5223 dilectio
3115 5164 3295 5238 (Rom.
3326 5166 3413 5221 15.
3458 5164 3572 5235 10).

1965 5274 2127 5329 Vides
2151 5269 2536 5343 discipulorum
2559 5262 2847 5321 indicium?
2870 5259 3020 5317 vides
3045 5258 3333 5327 imaginem
3355 5268 3574 5328 aposto-

1967 5364 2142 5422 latus?
2171 5363 2322 5419 vides
2365 5358 2634 5415 lormam?
2673 5354 2822 5411 vides
2868 5350 3127 5424 figuram?
3154 5348 3296 5403 Nihil
3346 5347 3579 5417 amplius

1965 5474 2146 5531 quaere
2172 5476 2183 5512 :
2211 5456 2407 5528 quippe
2434 5453 2692 5508 Dominus
2717 5445 3082 5521 pronuntiavit
3105 5443 3384 5499 caritatem
3412 5441 3579 5496 disci-

1968 5529 2120 5625 pulos
2145 5550 2468 5619 cxprimere.
2494 5543 2553 5600 Si
2580 5558 2709 5614 ergo
2734 5541 3014 5598 caritatem
3042 5529 3266 5604 habeas,
3293 5531 3573 5606 apostolus

1969 5645 2139 5701 iactus
2174 5657 2267 5709 cs,
2297 5649 2352 5697 et
2379 5636 2744 5710 apostolorum
2772 5632 2997 5705 primus.

2039 5786 2053 5816 ¹
2084 5782 2136 5832 In
2165 5782 2269 5830 hanc
2296 5778 2463 5833 verba,
2490 5782 2533 5824 et
2556 5770 2719 5825 statim
2747 5767 2898 5830 salus,
2931 5770 3013 5819 Gr.
3049 5766 3127 5812 καὶ
3155 5763 3319 5817 εὐθέως
3345 5762 3375 5818 ἠ
3411 5776 3575 5820 atom-

1979 5847 2073 5911 ρὶα,
2097 5841 2279 5896 desiuit
2301 5836 2617 5895 L‘oth‘rtinus
2647 5836 2738 5886 )ls.
