4218 6294
721 303 789 357 83
1461 317 1517 374 S.
1556 321 1834 382 JOANNlS
1869 328 2340 390 CllRYSOSTOMl
2378 335 2695 396 ARCllIEP.
2735 340 3266 402 CONSTANTINOP.
3927 358 3995 408 ss

781 424 834 478 ι.
880 423 970 480 Vis
997 428 1213 487 aliunde
1240 432 1342 488 hoc
1371 433 1622 494 discere?
1647 441 1780 496 Cum
1807 444 2051 502 Christus
2079 449 2294 508 Petrum

651 493 655 497 i
709 510 1090 584 adloqueretur,
1123 519 1287 588 Petre,
1309 523 1480 595 diligis
1608 493 2298 614 plus
2346 561 2392 579 ι·

709 606 807 661 ait.
837 607 979 664 Nihil
1025 625 1188 682 porro
1230 631 1382 687 teque
1411 620 1549 687 valet
1573 623 1637 678 ad
1665 640 1883 696 regnum
1914 631 2165 688 culorum
2194 606 2292 693 ob-

713 697 1010 766 tinendum,
1039 716 1102 757 ac
1122 704 1166 757 si
1191 717 1401 763 constet
1437 725 1536 766 nos
1564 713 1634 767 ita
1662 714 1928 773 Christum
1954 720 2174 792 diligere
2194 765 2209 790 ,
2236 734 2295 781 ut

707 804 737 842 ι
768 789 922 846 nobis
948 793 1247 865 diligendus
1270 809 1369 855 est.
1400 805 1571 875 Atque
1603 807 1674 862 ita
1701 810 1992 880 designavit
2015 789 2287 872 iudicium.

705 880 985 946 Quodnam
1024 885 1155 942 illud
1186 904 1316 961 ergo
1353 896 1475 949 est?
1500 905 1554 951 et
1581 898 1708 968 quid
1739 915 1834 955 nos
1857 917 2014 972 agere
2039 917 2293 983 Oportet,

706 985 761 1027 ut
785 975 906 1044 plus
926 994 1085 1049 quam
1106 987 1330 1052 apostoli
1348 987 1661 1060 diligamus?
1679 1008 1744 1048 an
1769 997 1958 1051 mortui
1977 980 2290 1056 suscitandi?

702 1079 768 1117 an
801 1066 906 1122 alia
940 1072 1204 1140 quaepiam
1232 1075 1436 1132 edenda
1465 1080 1758 1137 miracula?
1782 1083 1935 1139 Nullo
1964 1089 2125 1143 modo
2153 1108 2166 1143 :
2191 1091 2287 1146 sed

700 1156 830 1226 quid
868 1161 1129 1231 agendum
1173 1168 1301 1221 est?
1329 1170 1405 1224 Ex
1439 1171 1555 1241 ipso
1593 1174 1836 1244 Christo,
1865 1180 1954 1248 qui
1992 1181 2286 1252 diligendus

700 1258 806 1313 est,
829 1250 882 1304 id
909 1253 1206 1310 audiamus.
1234 1258 1296 1312 Si
1323 1263 1466 1316 enim
1503 1281 1647 1319 amas
1666 1284 1774 1332 me,
1807 1269 1999 1340 inquit,
2029 1250 2143 1342 plus
2170 1276 2248 1330 his
2266 1317 2281 1341 ,

699 1357 851 1408 pasce
879 1359 993 1398 om
1020 1362 1157 1400 meas
1185 1347 1391 1420 (lbid.).
1421 1353 1559 1409 Ecce
1599 1355 1686 1412 hic
1719 1374 1929 1430 quoque
1953 1369 2285 1421 conversatio

698 1430 908 1486 laudem
937 1446 1191 1490 meretur.
1220 1439 1351 1494 Nam
1373 1456 1552 1497 curam
1576 1461 1763 1515 gerere
1787 1490 1803 1515 ,
1829 1454 2060 1520 eompati
2086 1456 2280 1522 solere,

694 1520 937 1579 subsidio
958 1541 1078 1582 esse
1098 1568 1112 1591 ,
1135 1546 1255 1599 qua:
1285 1546 1379 1586 sua
1405 1548 1528 1589 sunt
1557 1537 1774 1595 minime
1802 1557 2064 1612 quarere,
2089 1559 2280 1604 castera

695 1616 907 1680 omnia,
930 1630 1049 1684 qua:
1085 1628 1351 1687 pastorem
1378 1635 1590 1693 Oportet
1615 1628 1832 1698 habere,
1864 1640 2282 1696 conversationis

693 1700 812 1758 btec
838 1716 960 1760 sunt
990 1712 1166 1763 omnia
1185 1752 1200 1777 ,
1230 1728 1336 1767 non
1363 1717 1742 1775 miraculorum
1770 1732 1862 1777 aut
1889 1725 2183 1796 signorum.
2214 1734 2281 1786 At

693 1797 802 1861 illi,
827 1799 968 1854 dicet
1007 1803 1196 1873 aliquis
1220 1845 1234 1869 ,
1264 1818 1482 1877 prOpter
1520 1812 1770 1868 miracula
1805 1816 1935 1872 tales
1972 1833 2276 1879 evaserunt.

691 1886 807 1943 Non
866 1901 1078 1961 propter
1133 1896 1386 1952 miracula
1421 1941 1437 1966 ,
1491 1902 1585 1956 sed
1650 1917 1866 1974 propter
1921 1915 2282 1967 conversatio-

692 1997 845 2045 nem,
877 1992 930 2037 et
985 1986 1054 2038 ob
1090 2002 1210 2042 eam
1259 1991 1491 2047 maxime
1536 1995 1776 2050 celebres
1814 2007 1870 2054 et
1903 2000 2134 2058 illustres
2166 2004 2280 2061 fue-

690 2084 836 2128 runt.
865 2075 1152 2145 Propterea
1182 2079 1391 2136 dicebat
1421 2084 1526 2138 illis
1554 2104 1566 2138 :
1593 2085 1781 2142 Luceat
1808 2089 1900 2144 tua:
1919 2103 2080 2146 vestra
2106 2113 2276 2150 coram

691 2166 978 2220 hominibus
1002 2209 1016 2231 ,
1045 2180 1098 2220 ut
1148 2170 1346 2224 videant
1392 2174 1634 2230 homines
1656 2219 1671 2241 ,
1707 2194 1814 2234 non
1858 2183 2110 2239 miracula
2136 2227 2154 2252 ,
2181 2190 2274 2242 sed

689 2272 845 2322 opera
873 2270 1034 2311 vestra
1062 2260 1194 2314 bona
1213 2302 1227 2326 ,
1255 2272 1304 2316 et
1326 2263 1609 2333 gloriﬁcent
1633 2268 1840 2325 Patrem
1870 2279 2196 2353 vestrumqui
2221 2280 2273 2333 in

685 2346 823 2398 caelis
849 2358 920 2400 est
939 2348 1148 2413 (Matth.
1170 2353 1224 2406 5.
1255 2354 1366 2424 lG).
1394 2356 1551 2412 Vides
1576 2358 1770 2429 ubique
1789 2351 2269 2436 eonversatiOnem,

685 2455 748 2491 ac
775 2441 936 2493 vitam
963 2443 1156 2497 virtute
1188 2445 1458 2512 pneditam
1497 2450 1829 2508 coliaudari?
1861 2455 1950 2511 Vis
1993 2463 2269 2516 ostendam

607 2541 611 2544 ·
683 2527 776 2579 tibi
804 2538 858 2582 et
887 2529 1101 2584 Petrum
1135 2532 1343 2601 ipsum,
1375 2536 1514 2592 ltunc
1545 2543 1834 2609 principem
1866 2551 2225 2616 apostolorum
2252 2596 2266 2620 ,

681 2616 772 2684 qui
803 2627 851 2671 et
883 2621 1132 2675 eximiam
1160 2629 1616 2684 conversationem
1643 2648 1752 2700 pra:
1775 2650 1834 2689 se
1858 2639 2004 2701 tulit,
2031 2649 2082 2694 et
2112 2643 2271 2697 mira-

680 2709 796 2761 cula
843 2709 1009 2764 edidit
1051 2730 1168 2781 qua:
1213 2726 1452 2772 naturam
1500 2721 1784 2778 humanam
1815 2731 2182 2798 excedebant,
2215 2745 2269 2789 et

683 2807 907 2868 utraque
945 2801 1084 2857 inter
1115 2817 1174 2858 se
1199 2818 1503 2875 comparata
1535 2852 1549 2876 ,
1578 2823 1630 2865 et
1671 2815 1978 2872 miraculum
1999 2861 2014 2883 ,
2038 2831 2090 2875 et
2134 2838 2265 2877 eon-

683 2893 1035 2947 versationem
1059 2934 1074 2959 ,
1105 2905 1262 2967 atque
1302 2899 1448 2953 illum
1492 2905 1663 2971 potius
1704 2908 1773 2962 ob
1817 2911 1935 2965 vita:
1982 2928 2262 2970 conversa-

680 2978 877 3033 tionem
935 2998 1090 3049 quam
1135 2987 1202 3040 ob
1238 2989 1384 3058 signa
1436 2991 1599 3049 fuisse
1650 2996 1851 3054 honore
1887 3005 2264 3061 cumulatum?

678 3067 828 3123 lianc
863 3070 1137 3130 historiam
1181 3080 1303 3133 audi
1333 3097 1345 3133 :
1376 3081 1554 3137 Petrus
1582 3097 1632 3138 et
1665 3087 1889 3145 Joannes
1929 3098 2263 3152 ascendebant

676 3161 730 3211 in
774 3163 1013 3231 templum
1056 3167 1124 3218 ad
1149 3169 1325 3221 horam
1356 3174 1599 3229 orationis
1625 3194 1808 3232 nonam
1835 3182 1967 3246 (Act.
1999 3185 2050 3239 5.
2085 3189 2159 3256 1).
2185 3189 2261 3244 Ne

673 3251 965 3307 oscitanter
996 3254 1131 3311 hanc
1163 3263 1518 3317 narrationem
1547 3278 1851 3339 prmtereas,
1883 3275 1978 3329 sed
2008 3275 2060 3330 in
2087 3294 2260 3347 prow-

677 3342 786 3394 mio
828 3347 1004 3400 statim
1035 3351 1279 3416 insistas,
1313 3365 1367 3408 et
1390 3370 1584 3424 quanta
1615 3363 1808 3418 caritas
1837 3378 2007 3430 esset,
2041 3370 2215 3426 discas
2241 3415 2253 3437 ,

671 3448 866 3502 quanta
903 3442 1184 3496 coocordia
1211 3485 1224 3506 ,
1253 3458 1584 3520 quantusque
1608 3469 1924 3524 consensus,
1955 3470 2010 3514 et
2033 3480 2134 3532 qua
2169 3483 2255 3518 ra-

670 3526 812 3578 tione
833 3539 1022 3584 cuncta
1057 3532 1140 3585 isti
1162 3534 1259 3588 sibi
1284 3537 1508 3594 invicem
1535 3549 2021 3617 communicabant,
2046 3563 2099 3608 et
2119 3557 2252 3610 alni.

668 3618 807 3672 citi;e
833 3623 1121 3678 secundum
1157 3627 1322 3682 Deum
1352 3630 1564 3688 vinculo
1593 3637 1820 3708 colligati
1862 3655 2047 3697 cuncta
2094 3647 2252 3702 faeie-

670 3707 818 3773 bant,
849 3721 901 3763 et
929 3713 978 3764 in
1011 3730 1213 3782 mensa,
1238 3728 1290 3772 et
1321 3720 1370 3774 in
1400 3725 1661 3790 oratiOne,
1693 3738 1746 3782 et
1775 3732 1824 3782 in
1854 3732 2083 3801 incessu,
2116 3747 2170 3792 et
2199 3741 2249 3793 in

667 3798 884 3866 reliquis
923 3804 1168 3859 omnibus
1203 3808 1371 3873 juncti
1413 3815 1756 3880 apparebant.
1795 3821 1945 3886 Quod
1986 3825 2031 3878 si
2064 3798 2135 3880 illi
2161 3831 2248 3898 qni

665 3888 927 3942 columna:
956 3907 1019 3946 ac
1050 3903 1219 3950 turres
1245 3897 1416 3966 erant,
1450 3905 1538 3971 qui
1568 3909 1785 3961 multam
1820 3913 1960 3979 apud
1998 3915 2159 3969 Deum
2190 3922 2250 3971 li-

663 3979 871 4033 duciam
904 3972 1187 4052 habebant,
1222 3998 1402 4042 mutuo
1431 3993 1735 4064 indigebant
1762 3972 1965 4056 auxilio
1989 4044 2004 4068 ,
2035 4015 2251 4061 mutuo-

661 4088 765 4136 que
798 4073 1035 4129 subsidio
1064 4080 1481 4149 corrigebantnr,
1512 4099 1712 4155 quanto
1741 4094 1910 4163 magis
1943 4111 2040 4150 nos
2081 4098 2247 4153 imbe-

657 4166 805 4219 cilles
855 4183 917 4222 ac
965 4171 1179 4235 miseri,
1223 4177 1523 4249 tmlliusque
1577 4186 1728 4252 pretii
1778 4187 2021 4247 homines
2061 4206 2245 4252 mutuo

654 4258 851 4309 auxilio
873 4257 1202 4331 indigemus?
1222 4266 1407 4322 Frater
1426 4274 1558 4325 enim
1590 4278 1676 4344 qui
1703 4279 1976 4349 adjuvatur
2006 4301 2038 4336 a
2065 4290 2242 4356 fratre,

656 4349 797 4409 quasi
823 4349 996 4404 civitas
1018 4354 1166 4417 ﬁrma
1190 4356 1368 4426 (Prov.
1395 4363 1479 4416 18.
1502 4365 1589 4434 19)
1611 4384 1622 4418 :
1641 4379 1694 4422 et
1722 4385 1904 4426 rursus
1929 4392 1943 4427 :
1969 4349 2102 4430 Ecce
2121 4349 2244 4448 quid

655 4440 858 4500 bonum,
889 4451 932 4492 et
958 4445 1080 4510 quid
1109 4449 1398 4516 pulchrum,
1430 4456 1522 4508 nisi
1552 4457 1776 4515 habitare
1799 4464 1979 4531 fratres
2007 4468 2058 4520 in
2086 4487 2240 4526 unum

652 4526 824 4594 (Psal.
859 4533 977 4588 152.
1012 4534 1102 4606 l)?
1131 4539 1314 4594 l’etrus
1344 4553 1396 4597 et
1420 4544 1653 4602 Joannes
1689 4526 1872 4618 erant,
1895 4569 1948 4611 et
1972 4558 2151 4614 Jesum
2185 4564 2236 4617 in

651 4619 826 4672 niedio
872 4622 1135 4680 habebant
1161 4648 1172 4683 :
1200 4629 1299 4684 Ubi
1335 4635 1466 4687 enim
1505 4639 1693 4705 fuerint
1734 4644 1836 4696 duo
1873 4648 1947 4700 vel
1986 4659 2083 4704 tres
2109 4670 2237 4708 con-

647 4711 859 4778 gregati,
886 4715 1072 4784 inquit,
1099 4718 1152 4771 in
1178 4723 1380 4777 nomine
1404 4743 1532 4793 meo,
1563 4729 1629 4782 ibi
1658 4717 1770 4786 sum
1793 4734 1846 4787 in
1875 4739 2037 4792 medio
2060 4759 2232 4798 eorum

650 4798 864 4867 (Matth.
896 4803 980 4859 l8.
1006 4805 1122 4878 20).
1154 4809 1308 4868 Vides
1336 4829 1586 4884 quantum
1614 4825 1684 4877 sit
1710 4825 1761 4879 in
1795 4844 1954 4884 unum
1987 4839 2230 4892 versari?

647 4890 828 4962 Neque
844 4911 972 4951 vero
987 4902 1177 4968 quovis
1207 4906 1367 4962 modo
1392 4909 1443 4963 in
1472 4928 1632 4968 unum
1650 4928 1802 4973 erant
1823 4939 1836 4974 :
1855 4938 1975 4976 nam
2007 4936 2059 4979 et
2086 4945 2227 4987 nunc

645 4982 694 5037 in
741 5000 900 5040 unum
944 5003 1126 5045 sunms
1172 5010 1395 5064 omnes;
1425 5003 1517 5057 sed
1559 5005 1609 5059 in
1643 5024 1805 5065 unum
1851 5029 1971 5069 esse
2014 5033 2225 5087 Oportet

646 5073 859 5130 vinculo
912 5080 1181 5149 caritatis,
1230 5096 1286 5141 et
1342 5092 1628 5150 voluntatis
1666 5102 1866 5157 .atiectu
1896 5120 1910 5157 :
1939 5115 1993 5160 et
2035 5073 2221 5177 quem-

639 5167 922 5226 admodum
942 5190 1162 5246 corpora
1183 5186 1487 5240 nostra'sibi
1517 5191 1808 5263 propinqua
1839 5212 1979 5253 nunc
1995 5207 2215 5260 suntin-

638 5262 802 5315 vicem
833 5278 895 5319 ac
916 5279 1037 5323 sese
1066 5269 1116 5324 in
1141 5287 1301 5326 unum
1323 5280 1710 5351 constringunt,
1729 5286 1807 5341 sic
1833 5289 1994 5344 etiam
2016 5307 2222 5362 oportet

638 5354 799 5408 corda
852 5361 1162 5433 constringi.
1215 5364 1397 5422 Petrus
1443 5381 1488 5423 et
1538 5372 1765 5431 Joannes
1800 5383 2129 5441 ascendebant
2169 5392 2221 5445 in

638 5444 900 5512 tempt’um.
945 5449 1180 5509 Scissum
1223 5467 1307 5525 est
1351 5460 1562 5526 velum,
1594 5465 1829 5524 desolata
1871 5484 1995 5528 sunt
2036 5490 2216 5535 sancta

631 5548 973 5606 sanctorum,
1013 5547 1217 5602 sublata
1261 5561 1343 5606 est
1389 5555 1476 5608 uni
1528 5555 1736 5615 addicta
1786 5563 1905 5620 loco
1952 5567 2213 5629 adoratio.

632 5629 836 5686 (Iinmat
875 5633 1067 5694 Paulus
1090 5683 1103 5704 ,
1132 5655 1198 5696 ac
1238 5643 1370 5700 dicit
1397 5664 1408 5698 :
1437 5647 1500 5702 In
1533 5653 1672 5706 omni
1710 5655 1820 5710 loco
1850 5676 2002 5726 puras
2041 5679 2216 5720 manus

630 5722 782 5779 fct'atc
808 5725 879 5797 (Ι.
923 5729 1050 5785 'l'im.
1083 5734 1133 5787 2.
1169 5736 1225 5802 8)
1275 5738 1380 5795 Cur
1407 5741 1564 5811 igitur
1599 5747 1684 5804 isti
1721 5763 1934 5808 currunt
1965 5755 2029 5810 ad
2075 5765 2208 5812 tcm~

2404 495 2570 563 plum,
2599 505 2656 551 ut
2684 501 2880 554 orent?
2905 515 3091 557 rursus
3114 501 3181 557 ad
3204 502 3479 560 Judaicam
3510 504 3872 563 infirmitatem
3901 510 3999 563 de-

2404 585 2566 640 voluti
2597 590 2760 652 sunt?
2788 591 2969 648 Absit!
2995 593 3090 648 sed
3112 594 3549 653 imbecillioribus
3575 611 3697 654 sese
3723 608 3995 672 attempe-

2400 685 2540 740 rant,
2570 677 2807 748 illudque
2833 681 2980 737 Pauli
3009 683 3205 738 dictum
3232 685 3473 756 implent,
3501 688 3641 758 quod
3666 687 3774 745 ait:
3801 688 3997 744 Factus

2395 783 2505 822 sum
2530 767 2729 826 Judatis
2755 782 3011 847 tamquam
3029 776 3240 832 Judarus
3272 779 3346 851 (1.
3373 780 3490 835 Cor.
3517 781 3570 837 9.
3600 781 3715 852 20).
3748 783 3988 838 Imbecil-

2398 858 2536 914 libus
2556 877 2615 918 se
2639 873 3016 936 attemperant,
3042 886 3109 927 ne
3130 871 3201 926 illi
3230 881 3480 926 maneant
3507 874 3817 930 imbecilles.
3851 875 3993 929 Alio-

2395 951 2519 1020 quin
2547 963 2722 1010 autem
2749 956 2857 1012 illic
2882 974 3091 1028 quoque
3113 969 3220 1015 tota
3241 962 3428 1016 civitas
3452 966 3895 1035 eongregabatur.
3924 965 3994 1019 Ut

2396 1043 2552 1110 igitur
2569 1046 2752 1114 Optimi
2776 1050 3066 1118 piscatores
3095 1066 3188 1107 eos
3204 1053 3353 1107 sinus
3378 1053 3429 1108 in
3451 1055 3758 1110 ﬂuminibus
3778 1064 3992 1112 sectan-

2395 1141 2513 1196 tur,
2544 1135 2634 1189 ubi
2661 1137 2835 1205 pisces
2863 1155 3050 1195 omnes
3077 1145 3402 1199 conveniunt
3430 1186 3446 1213 ,
3480 1155 3536 1198 ut
3565 1144 3769 1200 facilius
3805 1146 3991 1216 praeda

2393 1224 2664 1293 potiantur
2695 1245 2709 1280 ε
2743 1230 2815 1284 ita
2861 1233 3112 1288 nimirum
3153 1245 3206 1289 et
3249 1236 3337 1290 isti
3376 1237 3648 1306 apostoli,
3680 1237 3988 1307 spirituales

2390 1316 2712 1386 piscatores,
2736 1321 2803 1376 ad
2841 1323 2989 1379 illum
3035 1326 3209 1380 sinum
3253 1326 3610 1397 festinabant,
3636 1329 3688 1383 in
3727 1345 3834 1399 quo
3876 1337 3988 1384 tota

2389 1410 2574 1466 civitas
2621 1416 3007 1482 conveniebat,
3040 1428 3097 1471 ut
3136 1419 3242 1473 illic
3286 1435 3524 1489 expmso
3570 1421 3832 1491 evangeiii
3883 1423 3984 1476 reti

2389 1498 2541 1557 facile
2566 1505 2742 1571 prazda
2771 1508 3085 1575 potirentur.
3117 1509 3227 1564 lloc
3251 1525 3429 1566 autem
3450 1527 3570 1566 cum
3600 1521 3842 1581 agerent,
3867 1527 3984 1565 ma-

2385 1594 2610 1662 giSIrum
2634 1595 2997 1650 imitabantur.
3020 1598 3151 1652 Nam
3177 1600 3250 1653 ait
3270 1601 3516 1655 Christus
3540 1617 3559 1655 :
3581 1601 3816 1668 Quotidie
3840 1601 3986 1669 apud

2386 1700 2470 1737 vos
2483 1701 2619 1738 «ain
2632 1686 2684 1738 in
2700 1689 2884 1755 templo
2905 1689 3114 1758 (Matth.
3135 1690 3224 1745 26.
3244 1692 3364 1760 55)?
3379 1692 3556 1759 Quare
3579 1694 3633 1746 in
3661 1693 3861 1762 templo
3876 1691 3983 1746 illi

2384 1775 2472 1842 qui
2492 1775 2544 1828 in
2571 1777 2768 1845 templo
2789 1779 3148 1844 versabantur,
3167 1789 3399 1850 caperet.
3421 1780 3493 1836 Ita
3514 1798 3726 1853 quoque
3741 1783 3829 1836 isti
3846 1791 3982 1836 tam-

2384 1883 2542 1935 quam
2585 1871 2786 1924 oraturi
2815 1870 3030 1940 quidem
3062 1874 3386 1944 pergebant,
3418 1874 3510 1929 sed
3546 1874 3842 1928 doctrinam
3874 1874 3982 1928 illic

2383 1968 2536 2014 erant
2553 1962 2809 2030 sparsuri.
2826 1960 2892 2016 In
2917 1965 3175 2035 templum,
3197 1974 3501 2031 utorarent,
3519 1967 3653 2019 circa
3668 1965 3846 2020 horam
3863 1981 3984 2018 ora-

2383 2051 2531 2104 tionis
2549 2068 2756 2107 nonam.
2783 2053 2965 2124 Neque
2996 2056 3162 2126 ipsam
3186 2057 3370 2112 horam
3389 2059 3505 2113 sine
3533 2073 3692 2113 causa
3719 2058 3978 2113 observa—

2385 2151 2529 2196 runt.
2571 2144 2726 2214 Stcpe
2752 2160 2982 2216 namque
3021 2147 3089 2202 de
3115 2147 3218 2204 hac
3254 2148 3384 2204 hora
3414 2149 3522 2205 dixi
3554 2150 3706 2204 vobis
3728 2191 3744 2216 ,
3775 2150 3829 2204 in
3863 2150 3978 2218 ipsa

2381 2235 2687 2302 paradisum
2714 2235 2877 2293 fuisse
2904 2248 3221 2305 reseratum,
3254 2250 3308 2295 et
3337 2241 3601 2296 latronem
3634 2242 3934 2312 ingressum
3959 2260 3974 2292 :

2379 2323 2428 2376 in
2477 2325 2588 2391 ipsa
2625 2327 2888 2382 sublatum
2917 2338 3000 2383 est
3033 2330 3377 2386 maledictum
3407 2373 3424 2399 ,
3452 2333 3504 2387 in
3537 2333 3649 2403 ipsa
3705 2343 3973 2388 terrarum

2374 2415 2521 2468 mbis
2543 2415 2752 2471 victima
2782 2427 2864 2473 est
2899 2419 3074 2474 Oblata
3099 2437 3111 2474 :
3137 2421 3189 2474 in
3217 2422 3328 2491 ipsa
3355 2422 3627 2493 dissipata:
3673 2435 3798 2479 sunt
3823 2434 3980 2480 tene-

2376 2502 2506 2568 bt‘m,
2536 2505 2587 2558 in
2617 2507 2727 2576 ipsa
2755 2509 2844 2563 lux
2871 2511 3068 2565 all'ulsit
3097 2527 3219 2566 enm
3249 2514 3540 2582 sensibilis,
3574 2523 3685 2570 tum
3717 2516 3977 2585 spiritua-

2375 2592 2458 2646 lis.
2484 2593 2630 2648 Circa
2655 2597 2831 2651 horam
2856 2614 3060 2652 nonam.
3085 2600 3310 2667 Quando
3325 2605 3505 2658 caeteri
3534 2613 3655 2674 post
3681 2606 3967 2673 prandium

2373 2692 2426 2736 et
2469 2684 2779 2742 ebrietatem
2824 2690 2932 2743 alto
2973 2691 3134 2760 sepiti
3173 2708 3365 2748 somno
3409 2693 3720 2761 dormiunt,
3751 2703 3863 2750 tum
3894 2697 3970 2751 illi

2370 2775 2544 2828 sobrii
2577 2785 2734 2846 atque
2767 2779 3066 2849 vigilantes,
3089 2797 3151 2836 ac
3181 2782 3351 2837 multo
3379 2799 3563 2840 amore
3588 2787 3830 2841 succensi
3856 2828 3869 2851 ,
3899 2787 3968 2842 ad

2367 2867 2661 2922 orationem
2714 2872 3084 2941 properabant.
3117 2875 3267 2942 Quod
3311 2877 3354 2930 si
3399 2880 3639 2932 oratione
3693 2878 3767 2932 illi
3823 2879 3966 2934 indi-

2365 2959 2558 3027 gebant
2586 3002 2603 3026 ,
2633 2964 2873 3017 oratione
2901 2973 3008 3019 tam
3056 2967 3266 3022 aSsidua
3284 3010 3300 3034 ,
3325 2978 3431 3022 tam
3469 2981 3654 3025 exacta
3675 2972 3796 3041 ,qui
3844 2984 3966 3026 tan-

2369 3056 2474 3102 tam
2503 3049 2742 3106 ﬁduciam
2773 3053 3059 3123 habebant,
3084 3058 3171 3126 qui
3196 3059 3392 3113 nullius
3417 3060 3516 3113 sibi
3542 3061 3783 3116 criminis
3809 3075 3963 3117 erant

2367 3140 2600 3205 conscii,
2633 3143 2757 3210 quid
2787 3159 2887 3199 nos
2917 3145 3206 3213 faciemus,
3239 3148 3328 3218 qui
3361 3150 3665 3205 vulneribus
3692 3161 3962 3206 seatemus

2368 3228 2660 3286 innumeris
2683 3273 2698 3296 ,
2729 3249 2826 3287 nec
2852 3234 2954 3290 illis
2979 3238 3236 3292 orationis
3281 3241 3574 3296 remedimn
3603 3243 3960 3299 adhibemus?

2366 3317 2553 3387 lugens
2596 3321 2758 3376 telum
2807 3334 2890 3378 est
2925 3327 3116 3379 oratio.
3154 3328 3245 3382 Vis
3289 3344 3445 3384 nosse
3471 3346 3626 3400 quam
3673 3333 3862 3403 ingens
3891 3335 3961 3389 sit

2363 3409 2527 3462 telum
2553 3412 2756 3466 oratio?
2779 3414 2975 3469 Curam
3009 3432 3299 3487 pauperum
3335 3422 3649 3477 omittebant
3690 3425 3958 3493 apostoli,

2363 3509 2419 3552 ut
2463 3502 2581 3570 plus
2625 3505 2728 3558 illis
2771 3506 2865 3559 Otii
2909 3506 2974 3561 ad
3007 3511 3299 3563 vacandum
3350 3513 3582 3567 orationi
3622 3526 3957 3584 suppeteret.

2359 3591 2655 3649 Constituite
2682 3612 2910 3667 namque,
2934 3599 3120 3668 inquit,
3139 3617 3201 3654 ea:
3230 3602 3365 3656 vobis
3386 3605 3516 3658 viros
3542 3604 3660 3658 boni
3684 3609 3962 3662 testimonii

2356 3695 2540 3751 septem
2571 3702 2589 3738 :
2615 3705 2704 3739 nos
2731 3705 2843 3742 vero
2882 3691 3097 3744 orationi
3137 3703 3184 3745 et
3228 3694 3504 3749 ministerio
3538 3697 3671 3750 verbi
3708 3698 3959 3755 instantes

2355 3774 2540 3827 erimus
2563 3774 2696 3845 (Ασι.
2722 3778 2773 3831 6.
2801 3778 2878 3846 '5).

2427 3865 2480 3919 5.
2510 3865 2616 3918 Sed
2645 3867 2787 3936 quod
2815 3868 3056 3924 dicebam
3098 3872 3224 3942 (non
3252 3874 3393 3928 enim
3428 3875 3834 3946 digrediendutn
3865 3890 3951 3935 est

2355 3955 2422 4009 ab
2446 3968 2758 4026 argumento
2783 3963 3045 4015 sermonis
3068 4004 3082 4023 .
3111 3971 3168 4016 ut
3187 3974 3394 4019 constet
3413 4007 3428 4031 ,
3459 3966 3674 4022 Petrum
3696 3979 3746 4024 et
3772 3973 3949 4026 actio-

2355 4059 2473 4098 nem
2490 4046 2813 4111 exbibuisse,
2837 4060 2890 4104 et
2911 4051 3224 4107 miraculum
3241 4054 3493 4121 edidisse,
3519 4067 3572 4111 et
3585 4058 3655 4112 Ob
3676 4061 3946 4117 actionem

2352 4137 2525 4203 potius
2552 4152 2671 4192 esse
2700 4139 3030 4211 laudatum),
3063 4144 3302 4198 ascendit
3323 4161 3451 4216 ergo
3483 4147 3534 4200 in
3564 4149 3819 4219 templum
3838 4193 3852 4217 ,
3890 4163 3948 4206 ut

2351 4238 2528 4283 oraret
2554 4247 2565 4281 :
2593 4240 2647 4284 et
2685 4246 2811 4286 ecce
2845 4233 3068 4288 claudus
3093 4250 3157 4289 ex
3187 4245 3342 4290 utero
3380 4240 3567 4292 matris
3592 4256 3702 4294 sua:
3735 4241 3946 4310 bajulu-

2353 4316 2504 4372 batur
2533 4320 2637 4375 illic
2662 4322 2726 4375 ad
2761 4333 2962 4392 portam
2993 4325 3176 4393 templi
3209 4326 3344 4395 (Act.
3376 4327 3428 4380 5.
3460 4328 3541 4398 2).
3572 4330 3654 4384 Ab
3684 4330 3800 4399 ipso
3829 4349 3946 4384 ma-

2351 4410 2445 4462 tris
2487 4419 2636 4465 utero
2680 4422 2863 4466 natura
2907 4415 3142 4469 mutilata
3185 4426 3415 4483 erat,et
3437 4428 3608 4474 artem
3657 4424 3941 4480 medicina:

2346 4501 2590 4555 vincebat
2614 4504 2893 4571 (egritudo,
2918 4516 2975 4560 ut
3000 4508 3092 4562 Dei
3120 4510 3288 4577 gratia
3320 4513 3486 4581 tnagis
3510 4525 3813 4582 appareret.
3841 4516 3940 4572 Hic

2343 4609 2472 4663 ergo
2495 4595 2717 4650 claudus
2742 4597 2806 4650 ad
2842 4608 3047 4666 portam
3076 4602 3253 4670 templi
3276 4601 3508 4671 jacebat,
3537 4613 3736 4661 etcum
3765 4607 3938 4662 intro-

2341 4693 2528 4739 euntes
2575 4686 2692 4740 illos
2739 4688 2995 4755 vidisset,
3046 4690 3355 4747 intendebat
3404 4694 3456 4748 in
3504 4711 3630 4765 eos,
3682 4715 3936 4768 quaerens

2338 4775 2735 4847 eleemosynam
2773 4779 2840 4832 ab
2887 4779 3014 4848 ipsis
3049 4781 3311 4851 accipere.
3343 4784 3481 4851 Quid
3510 4785 3669 4855 igitur
3695 4788 3884 4845 Petrus
3906 4794 3932 4844 ‘!

2339 4865 2550 4933 Respice
2567 4871 2618 4920 in
2645 4885 2733 4922 nos
2758 4868 2894 4938 (Act.
2918 4871 2972 4925 3.
2991 4870 3066 4941 4),
3096 4871 3283 4942 inquit.
3311 4873 3388 4929 Ex
3409 4888 3626 4946 aspectu
3652 4881 3769 4935 solo
3795 4897 3932 4936 con-

2336 4964 2480 5011 stare
2527 4968 2700 5026 potest
2727 4975 2884 5030 qnam
2915 4977 3117 5032 pauper
3141 4964 3209 5018 sit
3238 4981 3252 5017 :
3281 4980 3386 5019 non
3417 4968 3596 5023 verbis
3624 4985 3760 5040 opus
3803 4983 3889 5026 est
3914 5015 3931 5040 ,

2337 5063 2441 5102 non
2471 5050 2952 5118 demonstratione,
2980 5069 3080 5108 nec
3108 5058 3474 5125 responsione,
3510 5077 3609 5115 nec
3637 5063 3880 5118 doctrina
3913 5082 3927 5118 :

2336 5142 2560 5194 vestitus
2592 5142 2706 5210 ipse
2744 5143 2837 5197 tibi
2877 5159 3162 5214 pauperem
3199 5147 3415 5203 indicat.
3448 5150 3559 5206 lloc
3598 5168 3728 5224 ergo
3756 5165 3925 5210 totum

2331 5245 2466 5300 Opus
2488 5244 2540 5287 ‘et
2578 5244 2720 5288 recte
2763 5234 2955 5289 factum
2985 5245 3067 5290 est
3093 5240 3414 5306 apostolatus
3435 5283 3448 5306 ,
3482 5253 3537 5296 ut
3568 5245 3684 5300 hmc
3702 5246 3768 5300 ad
3795 5264 3928 5316 pnu-

2333 5339 2511 5392 pcrem
2544 5324 2710 5390 d.cas,
2740 5336 2796 5380 ut
2825 5327 3116 5382 remedium
3148 5346 3252 5384 non
3284 5341 3484 5386 tantum
3511 5335 3765 5393 adhibeas
3794 5354 3925 5407 ege-

2330 5415 2482 5476 stati,
2509 5425 2566 5469 ttt
2607 5416 2787 5483 dicas,
2822 5416 3050 5487 Majores
3088 5418 3298 5477 divitias
3347 5423 3568 5480 videbis.
3601 5427 3880 5498 Argentum
3905 5472 3922 5494 ,

2329 5506 2499 5576 inquit
2523 5549 2536 5570 ,
2565 5518 2612 5563 et
2654 5526 2834 5564 aurum
2868 5529 2968 5565 non
3011 5513 3166 5567 habeo
3187 5518 3363 5585 :qttod
3396 5530 3565 5573 autent
3609 5521 3801 5590 habeo,
3825 5525 3923 5578 hoc

2329 5598 2414 5650 tibi
2443 5597 2508 5652 do
2538 5614 2557 5652 :
2589 5600 2641 5652 in
2671 5603 2872 5655 nomine
2896 5600 3021 5656 Jesu
3046 5601 3237 5658 Christi
3264 5624 3431 5678 surge,
3461 5621 3509 5662 et
3539 5613 3745 5666 ambula
3773 5615 3916 5682 (Act.

2326 5690 2382 5743 3.
2405 5690 2480 5758 6).
2511 5691 2671 5746 Vides
2696 5703 2986 5763 egestatem
3015 5704 3069 5747 et
3094 5697 3338 5752 divitias?
3365 5712 3656 5769 egestatem
3699 5705 3917 5775 quidem

2329 5781 2671 5850 pecuniarum
2696 5821 2712 5849 ι
2742 5782 2836 5839 scd
2868 5781 3077 5836 duim:
3104 5779 3481 5839 cltat'iautatutu
3523 5803 3584 5846 ac
3622 5789 3915 5852 denorum.
