  <div class='ocr_page' id='page_1' title='image "/cluster/home/n/w/nwhite01/storage/ocr_20150623/51/pst.000005712502/086.png"; bbox 0 0 4218 6294; ppageno 0'>
   <div class='ocr_carea' id='block_1_1' title="bbox 239 321 3565 439">
    <p class='ocr_par' dir='ltr' id='par_1_1' title="bbox 239 321 3565 439">
     <span class='ocr_line' id='line_1_1' title="bbox 239 321 3565 439; baseline -0.005 0"><span class='ocrx_word' id='word_1_1' title='bbox 239 380 310 439; x_wconf 82' lang='lat' dir='ltr'><strong>ss</strong></span> <span class='ocrx_word' id='word_1_2' title='bbox 1366 374 1429 430; x_wconf 79' lang='lat' dir='ltr'><strong>IN</strong></span> <span class='ocrx_word' id='word_1_3' title='bbox 1471 370 1998 429; x_wconf 71' lang='lat' dir='ltr'><strong>lNSClthTlONEM</strong></span> <span class='ocrx_word' id='word_1_4' title='bbox 2038 370 2366 428; x_wconf 67' lang='lat' dir='ltr'><strong>sororum</strong></span> <span class='ocrx_word' id='word_1_5' title='bbox 2406 367 2468 426; x_wconf 93' lang='lat' dir='ltr'><strong>ll.</strong></span> <span class='ocrx_word' id='word_1_6' title='bbox 3446 321 3565 421; x_wconf 59' lang='grc' dir='ltr'><strong>ἐδ</strong></span> 
     </span>
    </p>
   </div>
   <div class='ocr_carea' id='block_1_2' title="bbox 239 488 1836 568">
    <p class='ocr_par' dir='ltr' id='par_1_2' title="bbox 239 488 1836 568">
     <span class='ocr_line' id='line_1_2' title="bbox 239 488 1836 568; baseline -0.006 -16"><span class='ocrx_word' id='word_1_7' title='bbox 239 495 354 552; x_wconf 75' lang='lat' dir='ltr'><strong>Non</strong></span> <span class='ocrx_word' id='word_1_8' title='bbox 380 496 605 553; x_wconf 86' lang='lat' dir='ltr'><strong>sustulit</strong></span> <span class='ocrx_word' id='word_1_9' title='bbox 625 502 919 568; x_wconf 70' lang='lat' dir='ltr'><strong>egestatem</strong></span> <span class='ocrx_word' id='word_1_10' title='bbox 951 488 1423 564; x_wconf 86' lang='lat' dir='ltr'><strong>pecumarum,sed</strong></span> <span class='ocrx_word' id='word_1_11' title='bbox 1438 497 1727 560; x_wconf 72' lang='lat' dir='ltr'><strong>egestatem</strong></span> <span class='ocrx_word' id='word_1_12' title='bbox 1744 501 1836 543; x_wconf 68' lang='grc' dir='ltr'>ιδι-</span> 
     </span>
    </p>
   </div>
   <div class='ocr_carea' id='block_1_3' title="bbox 241 586 654 642">
    <p class='ocr_par' dir='ltr' id='par_1_3' title="bbox 241 586 654 642">
     <span class='ocr_line' id='line_1_3' title="bbox 241 586 654 642; baseline -0.002 0"><span class='ocrx_word' id='word_1_13' title='bbox 241 598 376 642; x_wconf 71' lang='lat' dir='ltr'><strong>tura</strong></span> <span class='ocrx_word' id='word_1_14' title='bbox 393 586 654 642; x_wconf 85' lang='lat' dir='ltr'><strong>correxit.</strong></span> 
     </span>
    </p>
   </div>
   <div class='ocr_carea' id='block_1_4' title="bbox 313 671 1844 747">
    <p class='ocr_par' dir='ltr' id='par_1_4' title="bbox 313 671 1844 747">
     <span class='ocr_line' id='line_1_4' title="bbox 313 671 1844 747; baseline -0.003 -14"><span class='ocrx_word' id='word_1_15' title='bbox 313 677 441 735; x_wconf 81' lang='lat' dir='ltr'><strong>Non</strong></span> <span class='ocrx_word' id='word_1_16' title='bbox 483 688 607 735; x_wconf 77' lang='lat' dir='ltr'><strong>sunt</strong></span> <span class='ocrx_word' id='word_1_17' title='bbox 651 676 976 733; x_wconf 71' lang='lat' dir='ltr'><strong>contumeliis</strong></span> <span class='ocrx_word' id='word_1_18' title='bbox 1012 674 1261 747; x_wconf 60' lang='lat' dir='ltr'><strong>apiciendi</strong></span> <span class='ocrx_word' id='word_1_19' title='bbox 1302 690 1569 746; x_wconf 85' lang='lat' dir='ltr'><strong>pauperes.</strong></span> <span class='ocrx_word' id='word_1_20' title='bbox 1611 702 1687 715; x_wconf 91' lang='lat'><strong>--</strong></span> <span class='ocrx_word' id='word_1_21' title='bbox 1710 671 1844 729; x_wconf 87' lang='lat' dir='ltr'><strong>Vide</strong></span> 
     </span>
    </p>
   </div>
   <div class='ocr_carea' id='block_1_5' title="bbox 240 762 1845 839">
    <p class='ocr_par' dir='ltr' id='par_1_5' title="bbox 240 762 1845 839">
     <span class='ocr_line' id='line_1_5' title="bbox 240 762 1845 839; baseline -0.002 -14"><span class='ocrx_word' id='word_1_22' title='bbox 240 770 565 826; x_wconf 75' lang='lat' dir='ltr'><strong>modestiam</strong></span> <span class='ocrx_word' id='word_1_23' title='bbox 608 767 794 825; x_wconf 85' lang='lat' dir='ltr'><strong>Petri:</strong></span> <span class='ocrx_word' id='word_1_24' title='bbox 830 768 1042 839; x_wconf 85' lang='lat' dir='ltr'><strong>Respice</strong></span> <span class='ocrx_word' id='word_1_25' title='bbox 1088 768 1142 821; x_wconf 84' lang='lat' dir='ltr'><strong>in</strong></span> <span class='ocrx_word' id='word_1_26' title='bbox 1185 783 1300 821; x_wconf 86' lang='lat' dir='ltr'><strong>nos.</strong></span> <span class='ocrx_word' id='word_1_27' title='bbox 1345 765 1460 821; x_wconf 85' lang='lat' dir='ltr'><strong>Non</strong></span> <span class='ocrx_word' id='word_1_28' title='bbox 1506 762 1845 821; x_wconf 87' lang='lat' dir='ltr'><strong>contumeliis</strong></span> 
     </span>
    </p>
   </div>
   <div class='ocr_carea' id='block_1_6' title="bbox 240 856 1849 928">
    <p class='ocr_par' dir='ltr' id='par_1_6' title="bbox 240 856 1849 928">
     <span class='ocr_line' id='line_1_6' title="bbox 240 856 1849 928; baseline -0.005 -11"><span class='ocrx_word' id='word_1_29' title='bbox 240 862 451 928; x_wconf 71' lang='lat' dir='ltr'><strong>affecit,</strong></span> <span class='ocrx_word' id='word_1_30' title='bbox 483 876 589 917; x_wconf 88' lang='lat' dir='ltr'><strong>non</strong></span> <span class='ocrx_word' id='word_1_31' title='bbox 618 861 875 917; x_wconf 79' lang='lat' dir='ltr'><strong>conviciis</strong></span> <span class='ocrx_word' id='word_1_32' title='bbox 904 859 1191 924; x_wconf 76' lang='lat' dir='ltr'><strong>lacessivit,</strong></span> <span class='ocrx_word' id='word_1_33' title='bbox 1218 868 1275 913; x_wconf 92' lang='lat' dir='ltr'><strong>ut</strong></span> <span class='ocrx_word' id='word_1_34' title='bbox 1301 857 1416 913; x_wconf 79' lang='lat' dir='ltr'><strong>ﬁeri</strong></span> <span class='ocrx_word' id='word_1_35' title='bbox 1445 874 1476 913; x_wconf 89' lang='lat' dir='ltr'><strong>a</strong></span> <span class='ocrx_word' id='word_1_36' title='bbox 1503 856 1656 912; x_wconf 86' lang='lat' dir='ltr'><strong>nobis</strong></span> <span class='ocrx_word' id='word_1_37' title='bbox 1701 871 1849 927; x_wconf 60' lang='lat' dir='ltr'><strong>saepe</strong></span> 
     </span>
    </p>
   </div>
   <div class='ocr_carea' id='block_1_7' title="bbox 239 951 1843 1023">
    <p class='ocr_par' dir='ltr' id='par_1_7' title="bbox 239 951 1843 1023">
     <span class='ocr_line' id='line_1_7' title="bbox 239 951 1843 1023; baseline -0.004 -13"><span class='ocrx_word' id='word_1_38' title='bbox 239 970 475 1011; x_wconf 85' lang='lat' dir='ltr'><strong>numero</strong></span> <span class='ocrx_word' id='word_1_39' title='bbox 499 955 636 1010; x_wconf 85' lang='lat' dir='ltr'><strong>solet</strong></span> <span class='ocrx_word' id='word_1_40' title='bbox 664 954 715 1008; x_wconf 88' lang='lat' dir='ltr'><strong>in</strong></span> <span class='ocrx_word' id='word_1_41' title='bbox 751 968 847 1010; x_wconf 88' lang='lat' dir='ltr'><strong>eos</strong></span> <span class='ocrx_word' id='word_1_42' title='bbox 865 996 882 1020; x_wconf 89' lang='lat'><strong>,</strong></span> <span class='ocrx_word' id='word_1_43' title='bbox 910 954 999 1023; x_wconf 87' lang='lat' dir='ltr'><strong>qui</strong></span> <span class='ocrx_word' id='word_1_44' title='bbox 1035 952 1188 1008; x_wconf 87' lang='lat' dir='ltr'><strong>nobis</strong></span> <span class='ocrx_word' id='word_1_45' title='bbox 1216 951 1487 1021; x_wconf 81' lang='lat' dir='ltr'><strong>supplices</strong></span> <span class='ocrx_word' id='word_1_46' title='bbox 1515 958 1843 1017; x_wconf 87' lang='lat' dir='ltr'><strong>occurrunt,</strong></span> 
     </span>
    </p>
   </div>
   <div class='ocr_carea' id='block_1_8' title="bbox 238 1040 1847 1114">
    <p class='ocr_par' dir='ltr' id='par_1_8' title="bbox 238 1040 1847 1114">
     <span class='ocr_line' id='line_1_8' title="bbox 238 1040 1847 1114; baseline -0.003 -12"><span class='ocrx_word' id='word_1_47' title='bbox 238 1050 369 1102; x_wconf 88' lang='lat' dir='ltr'><strong>dum</strong></span> <span class='ocrx_word' id='word_1_48' title='bbox 398 1048 606 1102; x_wconf 81' lang='lat' dir='ltr'><strong>crimen</strong></span> <span class='ocrx_word' id='word_1_49' title='bbox 628 1045 734 1101; x_wconf 84' lang='lat' dir='ltr'><strong>illis</strong></span> <span class='ocrx_word' id='word_1_50' title='bbox 756 1045 1061 1114; x_wconf 88' lang='lat' dir='ltr'><strong>objicimus,</strong></span> <span class='ocrx_word' id='word_1_51' title='bbox 1083 1042 1226 1114; x_wconf 86' lang='lat' dir='ltr'><strong>quod</strong></span> <span class='ocrx_word' id='word_1_52' title='bbox 1242 1044 1351 1097; x_wconf 89' lang='lat' dir='ltr'><strong>sint</strong></span> <span class='ocrx_word' id='word_1_53' title='bbox 1373 1041 1482 1096; x_wconf 88' lang='lat' dir='ltr'><strong>otio</strong></span> <span class='ocrx_word' id='word_1_54' title='bbox 1506 1040 1692 1097; x_wconf 89' lang='lat' dir='ltr'><strong>dediti.</strong></span> <span class='ocrx_word' id='word_1_55' title='bbox 1709 1040 1847 1097; x_wconf 88' lang='lat' dir='ltr'><strong>Num</strong></span> 
     </span>
    </p>
   </div>
   <div class='ocr_carea' id='block_1_9' title="bbox 238 1133 1845 1202">
    <p class='ocr_par' dir='ltr' id='par_1_9' title="bbox 238 1133 1845 1202">
     <span class='ocr_line' id='line_1_9' title="bbox 238 1133 1845 1202; baseline -0.004 -7"><span class='ocrx_word' id='word_1_56' title='bbox 238 1139 386 1195; x_wconf 88' lang='lat' dir='ltr'><strong>enim</strong></span> <span class='ocrx_word' id='word_1_57' title='bbox 421 1138 528 1194; x_wconf 86' lang='lat' dir='ltr'><strong>hoc</strong></span> <span class='ocrx_word' id='word_1_58' title='bbox 554 1137 648 1193; x_wconf 83' lang='lat' dir='ltr'><strong>tibi</strong></span> <span class='ocrx_word' id='word_1_59' title='bbox 676 1136 983 1193; x_wconf 79' lang='lat' dir='ltr'><strong>mandatum</strong></span> <span class='ocrx_word' id='word_1_60' title='bbox 1009 1144 1113 1202; x_wconf 87' lang='lat' dir='ltr'><strong>est,</strong></span> <span class='ocrx_word' id='word_1_61' title='bbox 1146 1136 1219 1190; x_wconf 90' lang='lat' dir='ltr'><strong>mi</strong></span> <span class='ocrx_word' id='word_1_62' title='bbox 1250 1134 1452 1190; x_wconf 78' lang='lat' dir='ltr'><strong>homo?</strong></span> <span class='ocrx_word' id='word_1_63' title='bbox 1478 1133 1595 1189; x_wconf 82' lang='lat' dir='ltr'><strong>Non</strong></span> <span class='ocrx_word' id='word_1_64' title='bbox 1621 1133 1715 1189; x_wconf 89' lang='lat' dir='ltr'><strong>tibi</strong></span> <span class='ocrx_word' id='word_1_65' title='bbox 1742 1134 1845 1188; x_wconf 85' lang='lat' dir='ltr'><strong>im-</strong></span> 
     </span>
    </p>
   </div>
   <div class='ocr_carea' id='block_1_10' title="bbox 241 1227 1847 1302">
    <p class='ocr_par' dir='ltr' id='par_1_10' title="bbox 241 1227 1847 1302">
     <span class='ocr_line' id='line_1_10' title="bbox 241 1227 1847 1302; baseline -0.002 -16"><span class='ocrx_word' id='word_1_66' title='bbox 241 1232 481 1302; x_wconf 77' lang='lat' dir='ltr'><strong>pcnvit,</strong></span> <span class='ocrx_word' id='word_1_67' title='bbox 514 1239 574 1286; x_wconf 91' lang='lat' dir='ltr'><strong>ut</strong></span> <span class='ocrx_word' id='word_1_68' title='bbox 601 1229 861 1286; x_wconf 80' lang='lat' dir='ltr'><strong>desidiam</strong></span> <span class='ocrx_word' id='word_1_69' title='bbox 890 1229 965 1284; x_wconf 85' lang='lat' dir='ltr'><strong>illi</strong></span> <span class='ocrx_word' id='word_1_70' title='bbox 989 1228 1286 1299; x_wconf 88' lang='lat' dir='ltr'><strong>objiceres,</strong></span> <span class='ocrx_word' id='word_1_71' title='bbox 1316 1227 1410 1283; x_wconf 88' lang='lat' dir='ltr'><strong>sed</strong></span> <span class='ocrx_word' id='word_1_72' title='bbox 1439 1238 1497 1283; x_wconf 91' lang='lat' dir='ltr'><strong>ut</strong></span> <span class='ocrx_word' id='word_1_73' title='bbox 1525 1227 1694 1298; x_wconf 85' lang='lat' dir='ltr'><strong>ipsius</strong></span> <span class='ocrx_word' id='word_1_74' title='bbox 1719 1241 1847 1297; x_wconf 84' lang='lat' dir='ltr'><strong>ege-</strong></span> 
     </span>
    </p>
   </div>
   <div class='ocr_carea' id='block_1_11' title="bbox 242 1316 1850 1387">
    <p class='ocr_par' dir='ltr' id='par_1_11' title="bbox 242 1316 1850 1387">
     <span class='ocr_line' id='line_1_11' title="bbox 242 1316 1850 1387; baseline -0.003 -10"><span class='ocrx_word' id='word_1_75' title='bbox 242 1321 379 1377; x_wconf 89' lang='lat' dir='ltr'><strong>stati</strong></span> <span class='ocrx_word' id='word_1_76' title='bbox 407 1320 707 1377; x_wconf 82' lang='lat' dir='ltr'><strong>remedium</strong></span> <span class='ocrx_word' id='word_1_77' title='bbox 731 1318 1048 1381; x_wconf 85' lang='lat' dir='ltr'><strong>adhiberes;</strong></span> <span class='ocrx_word' id='word_1_78' title='bbox 1080 1332 1191 1373; x_wconf 89' lang='lat' dir='ltr'><strong>non</strong></span> <span class='ocrx_word' id='word_1_79' title='bbox 1222 1326 1274 1373; x_wconf 91' lang='lat' dir='ltr'><strong>te</strong></span> <span class='ocrx_word' id='word_1_80' title='bbox 1302 1316 1661 1387; x_wconf 83' lang='lat' dir='ltr'><strong>improbitatis</strong></span> <span class='ocrx_word' id='word_1_81' title='bbox 1685 1330 1850 1372; x_wconf 87' lang='lat' dir='ltr'><strong>accu-</strong></span> 
     </span>
    </p>
   </div>
   <div class='ocr_carea' id='block_1_12' title="bbox 239 1407 1848 1479">
    <p class='ocr_par' dir='ltr' id='par_1_12' title="bbox 239 1407 1848 1479">
     <span class='ocr_line' id='line_1_12' title="bbox 239 1407 1848 1479; baseline -0.006 -8"><span class='ocrx_word' id='word_1_82' title='bbox 239 1425 485 1471; x_wconf 87' lang='lat' dir='ltr'><strong>satorem</strong></span> <span class='ocrx_word' id='word_1_83' title='bbox 514 1413 739 1479; x_wconf 88' lang='lat' dir='ltr'><strong>creavit,</strong></span> <span class='ocrx_word' id='word_1_84' title='bbox 771 1411 867 1468; x_wconf 89' lang='lat' dir='ltr'><strong>sed</strong></span> <span class='ocrx_word' id='word_1_85' title='bbox 897 1410 1163 1466; x_wconf 89' lang='lat' dir='ltr'><strong>medicum</strong></span> <span class='ocrx_word' id='word_1_86' title='bbox 1185 1410 1504 1465; x_wconf 70' lang='lat' dir='ltr'><strong>calamitatis</strong></span> <span class='ocrx_word' id='word_1_87' title='bbox 1532 1407 1848 1473; x_wconf 87' lang='lat' dir='ltr'><strong>constituit;</strong></span> 
     </span>
    </p>
   </div>
   <div class='ocr_carea' id='block_1_13' title="bbox 240 1499 1851 1574">
    <p class='ocr_par' dir='ltr' id='par_1_13' title="bbox 240 1499 1851 1574">
     <span class='ocr_line' id='line_1_13' title="bbox 240 1499 1851 1574; baseline -0.006 -13"><span class='ocrx_word' id='word_1_88' title='bbox 240 1521 351 1561; x_wconf 85' lang='lat' dir='ltr'><strong>non</strong></span> <span class='ocrx_word' id='word_1_89' title='bbox 398 1514 459 1559; x_wconf 92' lang='lat' dir='ltr'><strong>ut</strong></span> <span class='ocrx_word' id='word_1_90' title='bbox 483 1503 760 1574; x_wconf 73' lang='lat' dir='ltr'><strong>segnitiem</strong></span> <span class='ocrx_word' id='word_1_91' title='bbox 787 1502 1167 1572; x_wconf 75' lang='lat' dir='ltr'><strong>exprobrares,</strong></span> <span class='ocrx_word' id='word_1_92' title='bbox 1197 1499 1291 1555; x_wconf 77' lang='lat' dir='ltr'><strong>scd</strong></span> <span class='ocrx_word' id='word_1_93' title='bbox 1321 1509 1379 1555; x_wconf 92' lang='lat' dir='ltr'><strong>ut</strong></span> <span class='ocrx_word' id='word_1_94' title='bbox 1398 1499 1703 1568; x_wconf 83' lang='lat' dir='ltr'><strong>jacentibus</strong></span> <span class='ocrx_word' id='word_1_95' title='bbox 1730 1512 1851 1553; x_wconf 78' lang='lat' dir='ltr'><strong>ma-</strong></span> 
     </span>
    </p>
   </div>
   <div class='ocr_carea' id='block_1_14' title="bbox 240 1587 1853 1668">
    <p class='ocr_par' dir='ltr' id='par_1_14' title="bbox 240 1587 1853 1668">
     <span class='ocr_line' id='line_1_14' title="bbox 240 1587 1853 1668; baseline -0.006 -17"><span class='ocrx_word' id='word_1_96' title='bbox 240 1613 374 1652; x_wconf 90' lang='lat' dir='ltr'><strong>num</strong></span> <span class='ocrx_word' id='word_1_97' title='bbox 404 1596 737 1668; x_wconf 82' lang='lat' dir='ltr'><strong>porrigeres;</strong></span> <span class='ocrx_word' id='word_1_98' title='bbox 764 1609 867 1648; x_wconf 90' lang='lat' dir='ltr'><strong>non</strong></span> <span class='ocrx_word' id='word_1_99' title='bbox 898 1600 957 1648; x_wconf 92' lang='lat' dir='ltr'><strong>ut</strong></span> <span class='ocrx_word' id='word_1_100' title='bbox 986 1606 1165 1646; x_wconf 90' lang='lat' dir='ltr'><strong>mores</strong></span> <span class='ocrx_word' id='word_1_101' title='bbox 1193 1592 1544 1661; x_wconf 85' lang='lat' dir='ltr'><strong>vituperares,</strong></span> <span class='ocrx_word' id='word_1_102' title='bbox 1572 1589 1665 1644; x_wconf 88' lang='lat' dir='ltr'><strong>sed</strong></span> <span class='ocrx_word' id='word_1_103' title='bbox 1694 1598 1748 1642; x_wconf 92' lang='lat' dir='ltr'><strong>ut</strong></span> <span class='ocrx_word' id='word_1_104' title='bbox 1774 1587 1853 1642; x_wconf 87' lang='lat' dir='ltr'><strong>l&#39;a-</strong></span> 
     </span>
    </p>
   </div>
   <div class='ocr_carea' id='block_1_15' title="bbox 241 1679 1856 1750">
    <p class='ocr_par' dir='ltr' id='par_1_15' title="bbox 241 1679 1856 1750">
     <span class='ocr_line' id='line_1_15' title="bbox 241 1679 1856 1750; baseline -0.006 -8"><span class='ocrx_word' id='word_1_105' title='bbox 241 1704 389 1743; x_wconf 85' lang='lat' dir='ltr'><strong>mem</strong></span> <span class='ocrx_word' id='word_1_106' title='bbox 422 1686 661 1742; x_wconf 83' lang='lat' dir='ltr'><strong>sedares.</strong></span> <span class='ocrx_word' id='word_1_107' title='bbox 681 1688 748 1739; x_wconf 83' lang='lat' dir='ltr'><strong>At</strong></span> <span class='ocrx_word' id='word_1_108' title='bbox 776 1700 876 1739; x_wconf 90' lang='lat' dir='ltr'><strong>nos</strong></span> <span class='ocrx_word' id='word_1_109' title='bbox 895 1684 1220 1738; x_wconf 82' lang='lat' dir='ltr'><strong>contrarium</strong></span> <span class='ocrx_word' id='word_1_110' title='bbox 1250 1680 1471 1736; x_wconf 75' lang='lat' dir='ltr'><strong>iacimus</strong></span> <span class='ocrx_word' id='word_1_111' title='bbox 1497 1699 1511 1735; x_wconf 87' lang='lat'><strong>:</strong></span> <span class='ocrx_word' id='word_1_112' title='bbox 1535 1697 1638 1736; x_wconf 90' lang='lat' dir='ltr'><strong>non</strong></span> <span class='ocrx_word' id='word_1_113' title='bbox 1666 1679 1856 1750; x_wconf 68' lang='lat' dir='ltr'><strong>dignae</strong></span> 
     </span>
    </p>
   </div>
   <div class='ocr_carea' id='block_1_16' title="bbox 240 1770 1855 1845">
    <p class='ocr_par' dir='ltr' id='par_1_16' title="bbox 240 1770 1855 1845">
     <span class='ocr_line' id='line_1_16' title="bbox 240 1770 1855 1845; baseline -0.005 -11"><span class='ocrx_word' id='word_1_114' title='bbox 240 1796 371 1834; x_wconf 89' lang='lat' dir='ltr'><strong>mur</strong></span> <span class='ocrx_word' id='word_1_115' title='bbox 400 1778 469 1834; x_wconf 91' lang='lat' dir='ltr'><strong>ad</strong></span> <span class='ocrx_word' id='word_1_116' title='bbox 500 1793 600 1833; x_wconf 82' lang='lat' dir='ltr'><strong>nos</strong></span> <span class='ocrx_word' id='word_1_117' title='bbox 628 1776 945 1832; x_wconf 88' lang='lat' dir='ltr'><strong>accedentes</strong></span> <span class='ocrx_word' id='word_1_118' title='bbox 974 1775 1214 1845; x_wconf 69' lang='lat' dir='ltr'><strong>pecunia:</strong></span> <span class='ocrx_word' id='word_1_119' title='bbox 1240 1774 1520 1843; x_wconf 86' lang='lat' dir='ltr'><strong>largitione</strong></span> <span class='ocrx_word' id='word_1_120' title='bbox 1546 1773 1728 1837; x_wconf 89' lang='lat' dir='ltr'><strong>solari,</strong></span> <span class='ocrx_word' id='word_1_121' title='bbox 1757 1770 1855 1827; x_wconf 82' lang='lat' dir='ltr'><strong>scd</strong></span> 
     </span>
    </p>
   </div>
   <div class='ocr_carea' id='block_1_17' title="bbox 240 1863 1855 1936">
    <p class='ocr_par' dir='ltr' id='par_1_17' title="bbox 240 1863 1855 1936">
     <span class='ocr_line' id='line_1_17' title="bbox 240 1863 1855 1936; baseline -0.006 -10"><span class='ocrx_word' id='word_1_122' title='bbox 240 1882 292 1926; x_wconf 88' lang='lat' dir='ltr'><strong>et</strong></span> <span class='ocrx_word' id='word_1_123' title='bbox 342 1872 564 1926; x_wconf 91' lang='lat' dir='ltr'><strong>illorum</strong></span> <span class='ocrx_word' id='word_1_124' title='bbox 601 1869 818 1923; x_wconf 82' lang='lat' dir='ltr'><strong>vulnera</strong></span> <span class='ocrx_word' id='word_1_125' title='bbox 856 1867 1138 1931; x_wconf 81' lang='lat' dir='ltr'><strong>criminum</strong></span> <span class='ocrx_word' id='word_1_126' title='bbox 1185 1865 1401 1936; x_wconf 87' lang='lat' dir='ltr'><strong>insuper</strong></span> <span class='ocrx_word' id='word_1_127' title='bbox 1442 1863 1855 1934; x_wconf 81' lang='lat' dir='ltr'><strong>exprobratione</strong></span> 
     </span>
    </p>
   </div>
   <div class='ocr_carea' id='block_1_18' title="bbox 240 1957 1855 2029">
    <p class='ocr_par' dir='ltr' id='par_1_18' title="bbox 240 1957 1855 2029">
     <span class='ocr_line' id='line_1_18' title="bbox 240 1957 1855 2029; baseline -0.004 -13"><span class='ocrx_word' id='word_1_128' title='bbox 240 1963 583 2018; x_wconf 83' lang='lat' dir='ltr'><strong>vellicamus.</strong></span> <span class='ocrx_word' id='word_1_129' title='bbox 606 1961 747 2029; x_wconf 85' lang='lat' dir='ltr'><strong>Quin</strong></span> <span class='ocrx_word' id='word_1_130' title='bbox 773 1960 936 2015; x_wconf 90' lang='lat' dir='ltr'><strong>etiam</strong></span> <span class='ocrx_word' id='word_1_131' title='bbox 962 1957 1102 2029; x_wconf 89' lang='lat' dir='ltr'><strong>apud</strong></span> <span class='ocrx_word' id='word_1_132' title='bbox 1134 1972 1421 2028; x_wconf 76' lang='lat' dir='ltr'><strong>pauperem</strong></span> <span class='ocrx_word' id='word_1_133' title='bbox 1449 1970 1507 2011; x_wconf 87' lang='lat' dir='ltr'><strong>sc</strong></span> <span class='ocrx_word' id='word_1_134' title='bbox 1532 1965 1773 2021; x_wconf 79' lang='lat' dir='ltr'><strong>excusat,</strong></span> <span class='ocrx_word' id='word_1_135' title='bbox 1792 1967 1855 2009; x_wconf 87' lang='lat' dir='ltr'><strong>ac</strong></span> 
     </span>
    </p>
   </div>
   <div class='ocr_carea' id='block_1_19' title="bbox 243 2048 1857 2124">
    <p class='ocr_par' dir='ltr' id='par_1_19' title="bbox 243 2048 1857 2124">
     <span class='ocr_line' id='line_1_19' title="bbox 243 2048 1857 2124; baseline -0.006 -14"><span class='ocrx_word' id='word_1_136' title='bbox 243 2055 498 2111; x_wconf 85' lang='lat' dir='ltr'><strong>modeste</strong></span> <span class='ocrx_word' id='word_1_137' title='bbox 524 2054 673 2109; x_wconf 87' lang='lat' dir='ltr'><strong>illum</strong></span> <span class='ocrx_word' id='word_1_138' title='bbox 699 2053 987 2124; x_wconf 83' lang='lat' dir='ltr'><strong>alloquitur</strong></span> <span class='ocrx_word' id='word_1_139' title='bbox 1016 2069 1029 2104; x_wconf 91' lang='lat'>:</span> <span class='ocrx_word' id='word_1_140' title='bbox 1059 2050 1265 2105; x_wconf 85' lang='lat' dir='ltr'><strong>Inclina</strong></span> <span class='ocrx_word' id='word_1_141' title='bbox 1288 2050 1433 2105; x_wconf 90' lang='lat' dir='ltr'><strong>enim</strong></span> <span class='ocrx_word' id='word_1_142' title='bbox 1453 2090 1467 2115; x_wconf 94' lang='lat'><strong>,</strong></span> <span class='ocrx_word' id='word_1_143' title='bbox 1500 2048 1701 2118; x_wconf 81' lang='lat' dir='ltr'><strong>inquit,</strong></span> <span class='ocrx_word' id='word_1_144' title='bbox 1724 2064 1857 2119; x_wconf 87' lang='lat' dir='ltr'><strong>pau-</strong></span> 
     </span>
    </p>
   </div>
   <div class='ocr_carea' id='block_1_20' title="bbox 242 2139 1857 2215">
    <p class='ocr_par' dir='ltr' id='par_1_20' title="bbox 242 2139 1857 2215">
     <span class='ocr_line' id='line_1_20' title="bbox 242 2139 1857 2215; baseline -0.006 -15"><span class='ocrx_word' id='word_1_145' title='bbox 242 2145 353 2215; x_wconf 78' lang='lat' dir='ltr'><strong>peri</strong></span> <span class='ocrx_word' id='word_1_146' title='bbox 382 2144 497 2199; x_wconf 79' lang='lat' dir='ltr'><strong>sine</strong></span> <span class='ocrx_word' id='word_1_147' title='bbox 529 2143 732 2199; x_wconf 76' lang='lat' dir='ltr'><strong>tristitia</strong></span> <span class='ocrx_word' id='word_1_148' title='bbox 774 2159 951 2197; x_wconf 80' lang='lat' dir='ltr'><strong>aurem</strong></span> <span class='ocrx_word' id='word_1_149' title='bbox 988 2152 1155 2207; x_wconf 89' lang='lat' dir='ltr'><strong>tuam,</strong></span> <span class='ocrx_word' id='word_1_150' title='bbox 1187 2151 1233 2195; x_wconf 86' lang='lat' dir='ltr'><strong>et</strong></span> <span class='ocrx_word' id='word_1_151' title='bbox 1258 2139 1510 2209; x_wconf 47' lang='lat' dir='ltr'><strong>responde,</strong></span> <span class='ocrx_word' id='word_1_152' title='bbox 1534 2139 1613 2193; x_wconf 82' lang='lat' dir='ltr'><strong>illi</strong></span> <span class='ocrx_word' id='word_1_153' title='bbox 1638 2140 1857 2210; x_wconf 83' lang='lat' dir='ltr'><strong>paci/ica</strong></span> 
     </span>
    </p>
   </div>
   <div class='ocr_carea' id='block_1_21' title="bbox 242 2233 1856 2304">
    <p class='ocr_par' dir='ltr' id='par_1_21' title="bbox 242 2233 1856 2304">
     <span class='ocr_line' id='line_1_21' title="bbox 242 2233 1856 2304; baseline -0.001 -17"><span class='ocrx_word' id='word_1_154' title='bbox 242 2237 297 2289; x_wconf 87' lang='lat' dir='ltr'><strong>in</strong></span> <span class='ocrx_word' id='word_1_155' title='bbox 326 2234 722 2289; x_wconf 76' lang='lat' dir='ltr'><strong>mansuetudine</strong></span> <span class='ocrx_word' id='word_1_156' title='bbox 751 2233 941 2303; x_wconf 84' lang='lat' dir='ltr'><strong>(Eccli.</strong></span> <span class='ocrx_word' id='word_1_157' title='bbox 968 2234 1017 2287; x_wconf 69' lang='grc'><strong>6.</strong></span> <span class='ocrx_word' id='word_1_158' title='bbox 1054 2233 1134 2303; x_wconf 89' lang='grc'><strong>8).</strong></span> <span class='ocrx_word' id='word_1_159' title='bbox 1166 2236 1446 2304; x_wconf 86' lang='lat' dir='ltr'><strong>Argentum</strong></span> <span class='ocrx_word' id='word_1_160' title='bbox 1469 2240 1517 2285; x_wconf 90' lang='lat' dir='ltr'><strong>et</strong></span> <span class='ocrx_word' id='word_1_161' title='bbox 1542 2247 1725 2285; x_wconf 84' lang='lat' dir='ltr'><strong>aurum</strong></span> <span class='ocrx_word' id='word_1_162' title='bbox 1755 2247 1856 2285; x_wconf 81' lang='lat' dir='ltr'><strong>non</strong></span> 
     </span>
    </p>
   </div>
   <div class='ocr_carea' id='block_1_22' title="bbox 245 2322 1859 2398">
    <p class='ocr_par' dir='ltr' id='par_1_22' title="bbox 245 2322 1859 2398">
     <span class='ocr_line' id='line_1_22' title="bbox 245 2322 1859 2398; baseline -0.002 -17"><span class='ocrx_word' id='word_1_163' title='bbox 245 2329 411 2383; x_wconf 83' lang='lat' dir='ltr'><strong>habeo</strong></span> <span class='ocrx_word' id='word_1_164' title='bbox 439 2345 460 2382; x_wconf 90' lang='lat'><strong><em>:</em></strong></span> <span class='ocrx_word' id='word_1_165' title='bbox 486 2328 624 2398; x_wconf 85' lang='lat' dir='ltr'><strong>quod</strong></span> <span class='ocrx_word' id='word_1_166' title='bbox 649 2337 816 2381; x_wconf 81' lang='lat' dir='ltr'><strong>autem</strong></span> <span class='ocrx_word' id='word_1_167' title='bbox 843 2327 1021 2390; x_wconf 83' lang='lat' dir='ltr'><strong>habeo,</strong></span> <span class='ocrx_word' id='word_1_168' title='bbox 1049 2326 1145 2380; x_wconf 88' lang='lat' dir='ltr'><strong>hoc</strong></span> <span class='ocrx_word' id='word_1_169' title='bbox 1174 2325 1261 2379; x_wconf 84' lang='lat' dir='ltr'><strong>tibi</strong></span> <span class='ocrx_word' id='word_1_170' title='bbox 1293 2326 1359 2379; x_wconf 90' lang='lat' dir='ltr'><strong>do</strong></span> <span class='ocrx_word' id='word_1_171' title='bbox 1383 2340 1402 2377; x_wconf 90' lang='lat'><strong><em>:</em></strong></span> <span class='ocrx_word' id='word_1_172' title='bbox 1422 2326 1474 2378; x_wconf 84' lang='lat' dir='ltr'><strong>in</strong></span> <span class='ocrx_word' id='word_1_173' title='bbox 1505 2324 1706 2378; x_wconf 79' lang='lat' dir='ltr'><strong>nomine</strong></span> <span class='ocrx_word' id='word_1_174' title='bbox 1730 2322 1859 2378; x_wconf 72' lang='lat' dir='ltr'><strong>Iesu</strong></span> 
     </span>
    </p>
   </div>
   <div class='ocr_carea' id='block_1_23' title="bbox 243 2415 1855 2489">
    <p class='ocr_par' dir='ltr' id='par_1_23' title="bbox 243 2415 1855 2489">
     <span class='ocr_line' id='line_1_23' title="bbox 243 2415 1855 2489; baseline -0.004 -16"><span class='ocrx_word' id='word_1_175' title='bbox 243 2418 440 2473; x_wconf 82' lang='lat' dir='ltr'><strong>Christi</strong></span> <span class='ocrx_word' id='word_1_176' title='bbox 463 2434 637 2489; x_wconf 81' lang='lat' dir='ltr'><strong>surge,</strong></span> <span class='ocrx_word' id='word_1_177' title='bbox 650 2427 696 2473; x_wconf 83' lang='lat' dir='ltr'><strong>et</strong></span> <span class='ocrx_word' id='word_1_178' title='bbox 714 2418 937 2472; x_wconf 71' lang='lat' dir='ltr'><strong>asnbula.</strong></span> <span class='ocrx_word' id='word_1_179' title='bbox 955 2417 1202 2472; x_wconf 87' lang='lat' dir='ltr'><strong>Duosunt</strong></span> <span class='ocrx_word' id='word_1_180' title='bbox 1218 2416 1321 2470; x_wconf 90' lang='lat' dir='ltr'><strong>hoc</strong></span> <span class='ocrx_word' id='word_1_181' title='bbox 1346 2415 1483 2481; x_wconf 91' lang='lat' dir='ltr'><strong>loco,</strong></span> <span class='ocrx_word' id='word_1_182' title='bbox 1498 2416 1855 2482; x_wconf 89' lang='lat' dir='ltr'><strong>conversatio,</strong></span> 
     </span>
    </p>
   </div>
   <div class='ocr_carea' id='block_1_24' title="bbox 245 2510 1860 2580">
    <p class='ocr_par' dir='ltr' id='par_1_24' title="bbox 245 2510 1860 2580">
     <span class='ocr_line' id='line_1_24' title="bbox 245 2510 1860 2580; baseline 0 -16"><span class='ocrx_word' id='word_1_183' title='bbox 245 2521 298 2566; x_wconf 85' lang='lat' dir='ltr'><strong>et</strong></span> <span class='ocrx_word' id='word_1_184' title='bbox 316 2512 662 2567; x_wconf 77' lang='lat' dir='ltr'><strong>miraculum.</strong></span> <span class='ocrx_word' id='word_1_185' title='bbox 690 2510 1062 2574; x_wconf 84' lang='lat' dir='ltr'><strong>Conversatio,</strong></span> <span class='ocrx_word' id='word_1_186' title='bbox 1087 2510 1361 2580; x_wconf 73' lang='lat' dir='ltr'><strong>Argentum</strong></span> <span class='ocrx_word' id='word_1_187' title='bbox 1392 2519 1439 2561; x_wconf 87' lang='lat' dir='ltr'><strong>et</strong></span> <span class='ocrx_word' id='word_1_188' title='bbox 1464 2524 1646 2562; x_wconf 83' lang='lat' dir='ltr'><strong>aurum</strong></span> <span class='ocrx_word' id='word_1_189' title='bbox 1670 2516 1860 2564; x_wconf 72' lang='lat' dir='ltr'><strong>nonest</strong></span> 
     </span>
    </p>
   </div>
   <div class='ocr_carea' id='block_1_25' title="bbox 245 2599 1860 2658">
    <p class='ocr_par' dir='ltr' id='par_1_25' title="bbox 245 2599 1860 2658">
     <span class='ocr_line' id='line_1_25' title="bbox 245 2599 1860 2658; baseline -0.001 -2"><span class='ocrx_word' id='word_1_190' title='bbox 245 2603 371 2657; x_wconf 64' lang='lat' dir='ltr'><strong>etilli</strong></span> <span class='ocrx_word' id='word_1_191' title='bbox 391 2600 853 2658; x_wconf 85' lang='lat' dir='ltr'><strong>:conversstionis</strong></span> <span class='ocrx_word' id='word_1_192' title='bbox 882 2602 1024 2657; x_wconf 89' lang='lat' dir='ltr'><strong>enim</strong></span> <span class='ocrx_word' id='word_1_193' title='bbox 1052 2610 1106 2656; x_wconf 91' lang='lat' dir='ltr'><strong>et</strong></span> <span class='ocrx_word' id='word_1_194' title='bbox 1129 2599 1355 2655; x_wconf 78' lang='lat' dir='ltr'><strong>actionis</strong></span> <span class='ocrx_word' id='word_1_195' title='bbox 1387 2608 1471 2655; x_wconf 87' lang='lat' dir='ltr'><strong>est</strong></span> <span class='ocrx_word' id='word_1_196' title='bbox 1497 2610 1737 2654; x_wconf 86' lang='lat' dir='ltr'><strong>terrenas</strong></span> <span class='ocrx_word' id='word_1_197' title='bbox 1772 2614 1860 2655; x_wconf 86' lang='lat' dir='ltr'><strong>res</strong></span> 
     </span>
    </p>
   </div>
   <div class='ocr_carea' id='block_1_26' title="bbox 246 2692 1862 2765">
    <p class='ocr_par' dir='ltr' id='par_1_26' title="bbox 246 2692 1862 2765">
     <span class='ocr_line' id='line_1_26' title="bbox 246 2692 1862 2765; baseline 0 -16"><span class='ocrx_word' id='word_1_198' title='bbox 246 2693 844 2765; x_wconf 78' lang='lat' dir='ltr'><strong>despicere,facultates</strong></span> <span class='ocrx_word' id='word_1_199' title='bbox 860 2708 984 2748; x_wconf 88' lang='lat' dir='ltr'><strong>snas</strong></span> <span class='ocrx_word' id='word_1_200' title='bbox 1000 2692 1231 2764; x_wconf 89' lang='lat' dir='ltr'><strong>ahjieere</strong></span> <span class='ocrx_word' id='word_1_201' title='bbox 1246 2701 1587 2763; x_wconf 66' lang='lat' dir='ltr'><strong>,pratsentem</strong></span> <span class='ocrx_word' id='word_1_202' title='bbox 1605 2708 1862 2762; x_wconf 88' lang='lat' dir='ltr'><strong>spernere</strong></span> 
     </span>
    </p>
   </div>
   <div class='ocr_carea' id='block_1_27' title="bbox 246 2782 1862 2848">
    <p class='ocr_par' dir='ltr' id='par_1_27' title="bbox 246 2782 1862 2848">
     <span class='ocr_line' id='line_1_27' title="bbox 246 2782 1862 2848; baseline 0.001 -10"><span class='ocrx_word' id='word_1_203' title='bbox 246 2785 547 2840; x_wconf 80' lang='lat' dir='ltr'><strong>vanitatem</strong></span> <span class='ocrx_word' id='word_1_204' title='bbox 574 2803 589 2840; x_wconf 90' lang='lat'>:</span> <span class='ocrx_word' id='word_1_205' title='bbox 613 2784 927 2840; x_wconf 88' lang='lat' dir='ltr'><strong>miraculum</strong></span> <span class='ocrx_word' id='word_1_206' title='bbox 954 2799 1078 2840; x_wconf 88' lang='lat' dir='ltr'><strong>vero</strong></span> <span class='ocrx_word' id='word_1_207' title='bbox 1105 2793 1190 2840; x_wconf 86' lang='lat' dir='ltr'><strong>est</strong></span> <span class='ocrx_word' id='word_1_208' title='bbox 1214 2784 1463 2839; x_wconf 89' lang='lat' dir='ltr'><strong>claudum</strong></span> <span class='ocrx_word' id='word_1_209' title='bbox 1492 2782 1729 2840; x_wconf 79' lang='lat' dir='ltr'><strong>excitare</strong></span> <span class='ocrx_word' id='word_1_210' title='bbox 1748 2824 1763 2848; x_wconf 90' lang='lat'><strong>,</strong></span> <span class='ocrx_word' id='word_1_211' title='bbox 1796 2799 1862 2840; x_wconf 91' lang='lat' dir='ltr'><strong>ac</strong></span> 
     </span>
    </p>
   </div>
   <div class='ocr_carea' id='block_1_28' title="bbox 248 2874 1862 2945">
    <p class='ocr_par' dir='ltr' id='par_1_28' title="bbox 248 2874 1862 2945">
     <span class='ocr_line' id='line_1_28' title="bbox 248 2874 1862 2945; baseline 0.001 -16"><span class='ocrx_word' id='word_1_212' title='bbox 248 2876 497 2931; x_wconf 85' lang='lat' dir='ltr'><strong>tnembra</strong></span> <span class='ocrx_word' id='word_1_213' title='bbox 517 2875 754 2929; x_wconf 89' lang='lat' dir='ltr'><strong>mutilata</strong></span> <span class='ocrx_word' id='word_1_214' title='bbox 773 2890 984 2931; x_wconf 87' lang='lat' dir='ltr'><strong>sanare.</strong></span> <span class='ocrx_word' id='word_1_215' title='bbox 1002 2874 1142 2931; x_wconf 86' lang='lat' dir='ltr'><strong>Ecce</strong></span> <span class='ocrx_word' id='word_1_216' title='bbox 1155 2876 1246 2929; x_wconf 90' lang='lat' dir='ltr'><strong>tibi</strong></span> <span class='ocrx_word' id='word_1_217' title='bbox 1259 2889 1388 2945; x_wconf 87' lang='lat' dir='ltr'><strong>ergo</strong></span> <span class='ocrx_word' id='word_1_218' title='bbox 1399 2875 1862 2931; x_wconf 84' lang='lat' dir='ltr'><strong>conversationem</strong></span> 
     </span>
    </p>
   </div>
   <div class='ocr_carea' id='block_1_29' title="bbox 248 2964 1861 3036">
    <p class='ocr_par' dir='ltr' id='par_1_29' title="bbox 248 2964 1861 3036">
     <span class='ocr_line' id='line_1_29' title="bbox 248 2964 1861 3036; baseline 0 -17"><span class='ocrx_word' id='word_1_219' title='bbox 248 2974 303 3019; x_wconf 90' lang='lat' dir='ltr'><strong>et</strong></span> <span class='ocrx_word' id='word_1_220' title='bbox 325 2964 677 3020; x_wconf 83' lang='lat' dir='ltr'><strong>miraculum.</strong></span> <span class='ocrx_word' id='word_1_221' title='bbox 695 2964 983 3021; x_wconf 82' lang='lat' dir='ltr'><strong>Videamus</strong></span> <span class='ocrx_word' id='word_1_222' title='bbox 1005 2974 1182 3020; x_wconf 87' lang='lat' dir='ltr'><strong>autem</strong></span> <span class='ocrx_word' id='word_1_223' title='bbox 1210 2964 1349 3019; x_wconf 86' lang='lat' dir='ltr'><strong>unde</strong></span> <span class='ocrx_word' id='word_1_224' title='bbox 1366 2964 1552 3021; x_wconf 81' lang='lat' dir='ltr'><strong>Petrus</strong></span> <span class='ocrx_word' id='word_1_225' title='bbox 1581 2965 1861 3036; x_wconf 70' lang='lat' dir='ltr'><strong>glorietur.</strong></span> 
     </span>
    </p>
   </div>
   <div class='ocr_carea' id='block_1_30' title="bbox 249 3056 1867 3123">
    <p class='ocr_par' dir='ltr' id='par_1_30' title="bbox 249 3056 1867 3123">
     <span class='ocr_line' id='line_1_30' title="bbox 249 3056 1867 3123; baseline 0.001 -13"><span class='ocrx_word' id='word_1_226' title='bbox 249 3057 393 3123; x_wconf 80' lang='lat' dir='ltr'><strong>Quid</strong></span> <span class='ocrx_word' id='word_1_227' title='bbox 425 3057 601 3112; x_wconf 82' lang='lat' dir='ltr'><strong>dixit?</strong></span> <span class='ocrx_word' id='word_1_228' title='bbox 623 3073 691 3112; x_wconf 88' lang='lat' dir='ltr'><strong>an</strong></span> <span class='ocrx_word' id='word_1_229' title='bbox 720 3072 784 3115; x_wconf 88' lang='lat' dir='ltr'><strong>se</strong></span> <span class='ocrx_word' id='word_1_230' title='bbox 806 3057 1063 3114; x_wconf 86' lang='lat' dir='ltr'><strong>miracula</strong></span> <span class='ocrx_word' id='word_1_231' title='bbox 1089 3057 1357 3113; x_wconf 73' lang='lat' dir='ltr'><strong>edidisse?</strong></span> <span class='ocrx_word' id='word_1_232' title='bbox 1385 3056 1623 3113; x_wconf 87' lang='lat' dir='ltr'><strong>Tametsi</strong></span> <span class='ocrx_word' id='word_1_233' title='bbox 1652 3058 1867 3114; x_wconf 81' lang='lat' dir='ltr'><strong>fuerant</strong></span> 
     </span>
    </p>
   </div>
   <div class='ocr_carea' id='block_1_31' title="bbox 250 3149 1864 3222">
    <p class='ocr_par' dir='ltr' id='par_1_31' title="bbox 250 3149 1864 3222">
     <span class='ocr_line' id='line_1_31' title="bbox 250 3149 1864 3222; baseline 0.001 -18"><span class='ocrx_word' id='word_1_234' title='bbox 250 3157 368 3204; x_wconf 88' lang='lat' dir='ltr'><strong>tum</strong></span> <span class='ocrx_word' id='word_1_235' title='bbox 398 3149 548 3205; x_wconf 85' lang='lat' dir='ltr'><strong>edita</strong></span> <span class='ocrx_word' id='word_1_236' title='bbox 569 3151 641 3204; x_wconf 91' lang='lat' dir='ltr'><strong>ab</strong></span> <span class='ocrx_word' id='word_1_237' title='bbox 668 3150 785 3220; x_wconf 90' lang='lat' dir='ltr'><strong>ipso</strong></span> <span class='ocrx_word' id='word_1_238' title='bbox 810 3151 1065 3205; x_wconf 88' lang='lat' dir='ltr'><strong>miracula</strong></span> <span class='ocrx_word' id='word_1_239' title='bbox 1096 3169 1110 3206; x_wconf 86' lang='lat'><strong>:</strong></span> <span class='ocrx_word' id='word_1_240' title='bbox 1140 3151 1235 3207; x_wconf 88' lang='lat' dir='ltr'><strong>sed</strong></span> <span class='ocrx_word' id='word_1_241' title='bbox 1268 3152 1369 3207; x_wconf 90' lang='lat' dir='ltr'><strong>hoc</strong></span> <span class='ocrx_word' id='word_1_242' title='bbox 1395 3167 1501 3207; x_wconf 86' lang='lat' dir='ltr'><strong>non</strong></span> <span class='ocrx_word' id='word_1_243' title='bbox 1532 3151 1705 3216; x_wconf 87' lang='lat' dir='ltr'><strong>dixit;</strong></span> <span class='ocrx_word' id='word_1_244' title='bbox 1736 3152 1864 3222; x_wconf 91' lang='lat' dir='ltr'><strong>quid</strong></span> 
     </span>
    </p>
   </div>
   <div class='ocr_carea' id='block_1_32' title="bbox 251 3239 1867 3313">
    <p class='ocr_par' dir='ltr' id='par_1_32' title="bbox 251 3239 1867 3313">
     <span class='ocr_line' id='line_1_32' title="bbox 251 3239 1867 3313; baseline 0.002 -20"><span class='ocrx_word' id='word_1_245' title='bbox 251 3241 425 3311; x_wconf 76' lang='lat' dir='ltr'><strong>ergo?</strong></span> <span class='ocrx_word' id='word_1_246' title='bbox 444 3239 583 3295; x_wconf 78' lang='lat' dir='ltr'><strong>Ecce</strong></span> <span class='ocrx_word' id='word_1_247' title='bbox 607 3258 699 3295; x_wconf 81' lang='lat' dir='ltr'><strong>nos</strong></span> <span class='ocrx_word' id='word_1_248' title='bbox 724 3241 1018 3311; x_wconf 79' lang='lat' dir='ltr'><strong>reliquimus</strong></span> <span class='ocrx_word' id='word_1_249' title='bbox 1056 3244 1227 3295; x_wconf 85' lang='lat' dir='ltr'><strong>omnia</strong></span> <span class='ocrx_word' id='word_1_250' title='bbox 1244 3283 1259 3306; x_wconf 94' lang='lat'><strong>,</strong></span> <span class='ocrx_word' id='word_1_251' title='bbox 1290 3252 1337 3296; x_wconf 86' lang='lat' dir='ltr'><strong>et</strong></span> <span class='ocrx_word' id='word_1_252' title='bbox 1378 3242 1576 3313; x_wconf 80' lang='lat' dir='ltr'><strong>sequuti</strong></span> <span class='ocrx_word' id='word_1_253' title='bbox 1613 3259 1791 3297; x_wconf 82' lang='lat' dir='ltr'><strong>sumus</strong></span> <span class='ocrx_word' id='word_1_254' title='bbox 1820 3252 1867 3296; x_wconf 86' lang='lat' dir='ltr'><strong>te</strong></span> 
     </span>
    </p>
   </div>
   <div class='ocr_carea' id='block_1_33' title="bbox 253 3333 1863 3406">
    <p class='ocr_par' dir='ltr' id='par_1_33' title="bbox 253 3333 1863 3406">
     <span class='ocr_line' id='line_1_33' title="bbox 253 3333 1863 3406; baseline 0 -18"><span class='ocrx_word' id='word_1_255' title='bbox 253 3334 475 3403; x_wconf 73' lang='lat' dir='ltr'><strong>(llatth.</strong></span> <span class='ocrx_word' id='word_1_256' title='bbox 509 3336 595 3390; x_wconf 84' lang='grc'><strong>19.</strong></span> <span class='ocrx_word' id='word_1_257' title='bbox 626 3333 745 3406; x_wconf 76' lang='lat'><strong>27).</strong></span> <span class='ocrx_word' id='word_1_258' title='bbox 773 3334 932 3391; x_wconf 82' lang='lat' dir='ltr'><strong>Vides</strong></span> <span class='ocrx_word' id='word_1_259' title='bbox 957 3336 1417 3391; x_wconf 76' lang='lat' dir='ltr'><strong>conversationem</strong></span> <span class='ocrx_word' id='word_1_260' title='bbox 1439 3344 1495 3390; x_wconf 86' lang='lat' dir='ltr'><strong>et</strong></span> <span class='ocrx_word' id='word_1_261' title='bbox 1523 3336 1863 3401; x_wconf 86' lang='lat' dir='ltr'><strong>miraculum,</strong></span> 
     </span>
    </p>
   </div>
   <div class='ocr_carea' id='block_1_34' title="bbox 252 3425 1867 3497">
    <p class='ocr_par' dir='ltr' id='par_1_34' title="bbox 252 3425 1867 3497">
     <span class='ocr_line' id='line_1_34' title="bbox 252 3425 1867 3497; baseline 0.001 -16"><span class='ocrx_word' id='word_1_262' title='bbox 252 3439 308 3481; x_wconf 83' lang='lat' dir='ltr'><strong>ct</strong></span> <span class='ocrx_word' id='word_1_263' title='bbox 338 3426 741 3483; x_wconf 84' lang='lat' dir='ltr'><strong>conversationi</strong></span> <span class='ocrx_word' id='word_1_264' title='bbox 768 3427 999 3497; x_wconf 85' lang='lat' dir='ltr'><strong>palmam</strong></span> <span class='ocrx_word' id='word_1_265' title='bbox 1027 3427 1222 3491; x_wconf 83' lang='lat' dir='ltr'><strong>tribui?</strong></span> <span class='ocrx_word' id='word_1_266' title='bbox 1251 3426 1388 3495; x_wconf 85' lang='lat' dir='ltr'><strong>Quid</strong></span> <span class='ocrx_word' id='word_1_267' title='bbox 1422 3442 1552 3497; x_wconf 89' lang='lat' dir='ltr'><strong>ergo</strong></span> <span class='ocrx_word' id='word_1_268' title='bbox 1587 3425 1867 3482; x_wconf 72' lang='lat' dir='ltr'><strong>Christus?</strong></span> 
     </span>
    </p>
   </div>
   <div class='ocr_carea' id='block_1_35' title="bbox 252 3516 1865 3588">
    <p class='ocr_par' dir='ltr' id='par_1_35' title="bbox 252 3516 1865 3588">
     <span class='ocr_line' id='line_1_35' title="bbox 252 3516 1865 3588; baseline -0.001 -16"><span class='ocrx_word' id='word_1_269' title='bbox 252 3518 673 3574; x_wconf 76' lang='lat' dir='ltr'><strong>(Iontmendavit</strong></span> <span class='ocrx_word' id='word_1_270' title='bbox 695 3534 839 3586; x_wconf 90' lang='lat' dir='ltr'><strong>eum,</strong></span> <span class='ocrx_word' id='word_1_271' title='bbox 874 3518 1125 3573; x_wconf 90' lang='lat' dir='ltr'><strong>laudavit.</strong></span> <span class='ocrx_word' id='word_1_272' title='bbox 1154 3518 1282 3571; x_wconf 85' lang='lat' dir='ltr'><strong>Dico</strong></span> <span class='ocrx_word' id='word_1_273' title='bbox 1302 3518 1443 3572; x_wconf 88' lang='lat' dir='ltr'><strong>enim</strong></span> <span class='ocrx_word' id='word_1_274' title='bbox 1476 3516 1647 3583; x_wconf 87' lang='lat' dir='ltr'><strong>vobis,</strong></span> <span class='ocrx_word' id='word_1_275' title='bbox 1674 3517 1865 3588; x_wconf 85' lang='lat' dir='ltr'><strong>inquit,</strong></span> 
     </span>
    </p>
   </div>
   <div class='ocr_carea' id='block_1_36' title="bbox 253 3609 1861 3679">
    <p class='ocr_par' dir='ltr' id='par_1_36' title="bbox 253 3609 1861 3679">
     <span class='ocr_line' id='line_1_36' title="bbox 253 3609 1861 3679; baseline 0.002 -19"><span class='ocrx_word' id='word_1_276' title='bbox 253 3610 401 3678; x_wconf 80' lang='lat' dir='ltr'><strong>quod</strong></span> <span class='ocrx_word' id='word_1_277' title='bbox 454 3624 553 3662; x_wconf 81' lang='lat' dir='ltr'><strong>vos</strong></span> <span class='ocrx_word' id='word_1_278' title='bbox 596 3610 685 3678; x_wconf 89' lang='lat' dir='ltr'><strong>qui</strong></span> <span class='ocrx_word' id='word_1_279' title='bbox 726 3609 1017 3679; x_wconf 86' lang='lat' dir='ltr'><strong>reliquistis</strong></span> <span class='ocrx_word' id='word_1_280' title='bbox 1045 3610 1234 3663; x_wconf 83' lang='lat' dir='ltr'><strong>domos</strong></span> <span class='ocrx_word' id='word_1_281' title='bbox 1261 3650 1275 3673; x_wconf 95' lang='lat'><strong>,</strong></span> <span class='ocrx_word' id='word_1_282' title='bbox 1309 3616 1363 3662; x_wconf 89' lang='lat' dir='ltr'><strong>et</strong></span> <span class='ocrx_word' id='word_1_283' title='bbox 1391 3624 1509 3676; x_wconf 76' lang='lat' dir='ltr'><strong>qnte</strong></span> <span class='ocrx_word' id='word_1_284' title='bbox 1544 3616 1861 3678; x_wconf 88' lang='lat' dir='ltr'><strong>sequuntur.</strong></span> 
     </span>
    </p>
   </div>
   <div class='ocr_carea' id='block_1_37' title="bbox 256 3700 1872 3772">
    <p class='ocr_par' dir='ltr' id='par_1_37' title="bbox 256 3700 1872 3772">
     <span class='ocr_line' id='line_1_37' title="bbox 256 3700 1872 3772; baseline -0.001 -17"><span class='ocrx_word' id='word_1_285' title='bbox 256 3702 374 3756; x_wconf 70' lang='lat' dir='ltr'><strong>Non</strong></span> <span class='ocrx_word' id='word_1_286' title='bbox 397 3702 555 3766; x_wconf 83' lang='lat' dir='ltr'><strong>dixit,</strong></span> <span class='ocrx_word' id='word_1_287' title='bbox 578 3703 679 3770; x_wconf 83' lang='lat' dir='ltr'><strong>Qui</strong></span> <span class='ocrx_word' id='word_1_288' title='bbox 699 3712 942 3756; x_wconf 90' lang='lat' dir='ltr'><strong>mortuos</strong></span> <span class='ocrx_word' id='word_1_289' title='bbox 960 3701 1278 3767; x_wconf 79' lang='lat' dir='ltr'><strong>suscitastis,</strong></span> <span class='ocrx_word' id='word_1_290' title='bbox 1304 3702 1399 3755; x_wconf 85' lang='lat' dir='ltr'><strong>sed</strong></span> <span class='ocrx_word' id='word_1_291' title='bbox 1427 3700 1527 3755; x_wconf 76' lang='lat' dir='ltr'><strong>Vos</strong></span> <span class='ocrx_word' id='word_1_292' title='bbox 1555 3702 1640 3772; x_wconf 85' lang='lat' dir='ltr'><strong>qui</strong></span> <span class='ocrx_word' id='word_1_293' title='bbox 1660 3701 1841 3771; x_wconf 48' lang='lat' dir='ltr'><strong>reliqui</strong></span> <span class='ocrx_word' id='word_1_294' title='bbox 1856 3731 1872 3742; x_wconf 70' lang='grc' dir='ltr'><strong><em>ο</em></strong></span> 
     </span>
    </p>
   </div>
   <div class='ocr_carea' id='block_1_38' title="bbox 254 3791 1866 3864">
    <p class='ocr_par' dir='ltr' id='par_1_38' title="bbox 254 3791 1866 3864">
     <span class='ocr_line' id='line_1_38' title="bbox 254 3791 1866 3864; baseline 0.003 -20"><span class='ocrx_word' id='word_1_295' title='bbox 254 3794 347 3846; x_wconf 86' lang='lat' dir='ltr'><strong>stis</strong></span> <span class='ocrx_word' id='word_1_296' title='bbox 394 3794 529 3847; x_wconf 74' lang='lat' dir='ltr'><strong>bona</strong></span> <span class='ocrx_word' id='word_1_297' title='bbox 555 3804 739 3858; x_wconf 75' lang='lat' dir='ltr'><strong>vestra,</strong></span> <span class='ocrx_word' id='word_1_298' title='bbox 760 3794 993 3848; x_wconf 85' lang='lat' dir='ltr'><strong>sedebitis</strong></span> <span class='ocrx_word' id='word_1_299' title='bbox 1011 3810 1163 3864; x_wconf 83' lang='lat' dir='ltr'><strong>super</strong></span> <span class='ocrx_word' id='word_1_300' title='bbox 1188 3794 1330 3848; x_wconf 57' lang='lat' dir='ltr'><strong>(edes</strong></span> <span class='ocrx_word' id='word_1_301' title='bbox 1362 3794 1628 3848; x_wconf 83' lang='lat' dir='ltr'><strong>duodecim</strong></span> <span class='ocrx_word' id='word_1_302' title='bbox 1650 3791 1866 3863; x_wconf 81' lang='lat' dir='ltr'><strong>(Matth.</strong></span> 
     </span>
    </p>
   </div>
   <div class='ocr_carea' id='block_1_39' title="bbox 260 3885 1867 3967">
    <p class='ocr_par' dir='ltr' id='par_1_39' title="bbox 260 3885 1867 3967">
     <span class='ocr_line' id='line_1_39' title="bbox 260 3885 1867 3967; baseline -0.001 -27"><span class='ocrx_word' id='word_1_303' title='bbox 260 3888 349 3941; x_wconf 77' lang='lat' dir='ltr'><strong>t9.</strong></span> <span class='ocrx_word' id='word_1_304' title='bbox 379 3885 479 3956; x_wconf 71' lang='lat'><strong>29)</strong></span> <span class='ocrx_word' id='word_1_305' title='bbox 515 3903 529 3939; x_wconf 91' lang='lat'><strong>:</strong></span> <span class='ocrx_word' id='word_1_306' title='bbox 559 3894 613 3939; x_wconf 78' lang='lat' dir='ltr'><strong>ct</strong></span> <span class='ocrx_word' id='word_1_307' title='bbox 634 3886 844 3967; x_wconf 71' lang='lat' dir='ltr'><strong>pinnis,</strong></span> <span class='ocrx_word' id='word_1_308' title='bbox 877 3886 967 3955; x_wconf 91' lang='lat' dir='ltr'><strong>qui</strong></span> <span class='ocrx_word' id='word_1_309' title='bbox 1014 3885 1290 3956; x_wconf 89' lang='lat' dir='ltr'><strong>reliquerit</strong></span> <span class='ocrx_word' id='word_1_310' title='bbox 1318 3886 1496 3941; x_wconf 85' lang='lat' dir='ltr'><strong>omnia</strong></span> <span class='ocrx_word' id='word_1_311' title='bbox 1542 3885 1678 3940; x_wconf 88' lang='lat' dir='ltr'><strong>bona</strong></span> <span class='ocrx_word' id='word_1_312' title='bbox 1730 3900 1826 3939; x_wconf 88' lang='lat' dir='ltr'><strong>sua</strong></span> <span class='ocrx_word' id='word_1_313' title='bbox 1852 3928 1867 3949; x_wconf 92' lang='lat'><strong>,</strong></span> 
     </span>
    </p>
   </div>
   <div class='ocr_carea' id='block_1_40' title="bbox 259 3976 1868 4049">
    <p class='ocr_par' dir='ltr' id='par_1_40' title="bbox 259 3976 1868 4049">
     <span class='ocr_line' id='line_1_40' title="bbox 259 3976 1868 4049; baseline 0.001 -18"><span class='ocrx_word' id='word_1_314' title='bbox 259 3980 530 4033; x_wconf 86' lang='lat' dir='ltr'><strong>honorem</strong></span> <span class='ocrx_word' id='word_1_315' title='bbox 561 3978 720 4031; x_wconf 88' lang='lat' dir='ltr'><strong>istunt</strong></span> <span class='ocrx_word' id='word_1_316' title='bbox 745 3987 1123 4049; x_wconf 90' lang='lat' dir='ltr'><strong>consequetur.</strong></span> <span class='ocrx_word' id='word_1_317' title='bbox 1156 3976 1272 4034; x_wconf 89' lang='lat' dir='ltr'><strong>Non</strong></span> <span class='ocrx_word' id='word_1_318' title='bbox 1304 3988 1457 4049; x_wconf 89' lang='lat' dir='ltr'><strong>potes</strong></span> <span class='ocrx_word' id='word_1_319' title='bbox 1482 3977 1730 4033; x_wconf 89' lang='lat' dir='ltr'><strong>claudum</strong></span> <span class='ocrx_word' id='word_1_320' title='bbox 1762 3978 1868 4032; x_wconf 84' lang='lat' dir='ltr'><strong>eri-</strong></span> 
     </span>
    </p>
   </div>
   <div class='ocr_carea' id='block_1_41' title="bbox 256 4070 1871 4143">
    <p class='ocr_par' dir='ltr' id='par_1_41' title="bbox 256 4070 1871 4143">
     <span class='ocr_line' id='line_1_41' title="bbox 256 4070 1871 4143; baseline 0 -17"><span class='ocrx_word' id='word_1_321' title='bbox 256 4088 412 4141; x_wconf 86' lang='lat' dir='ltr'><strong>gere,</strong></span> <span class='ocrx_word' id='word_1_322' title='bbox 436 4072 576 4126; x_wconf 87' lang='lat' dir='ltr'><strong>sicut</strong></span> <span class='ocrx_word' id='word_1_323' title='bbox 603 4070 832 4125; x_wconf 79' lang='lat' dir='ltr'><strong>Petrus?</strong></span> <span class='ocrx_word' id='word_1_324' title='bbox 859 4074 929 4125; x_wconf 82' lang='lat' dir='ltr'><strong>At</strong></span> <span class='ocrx_word' id='word_1_325' title='bbox 956 4079 1109 4141; x_wconf 87' lang='lat' dir='ltr'><strong>potes</strong></span> <span class='ocrx_word' id='word_1_326' title='bbox 1134 4070 1335 4136; x_wconf 89' lang='lat' dir='ltr'><strong>dicere.</strong></span> <span class='ocrx_word' id='word_1_327' title='bbox 1359 4080 1416 4126; x_wconf 90' lang='lat' dir='ltr'><strong>ut</strong></span> <span class='ocrx_word' id='word_1_328' title='bbox 1442 4072 1531 4127; x_wconf 90' lang='lat' dir='ltr'><strong>ille</strong></span> <span class='ocrx_word' id='word_1_329' title='bbox 1553 4088 1567 4125; x_wconf 93' lang='lat'><strong>:</strong></span> <span class='ocrx_word' id='word_1_330' title='bbox 1592 4072 1871 4143; x_wconf 82' lang='lat' dir='ltr'><strong>Argentum</strong></span> 
     </span>
    </p>
   </div>
   <div class='ocr_carea' id='block_1_42' title="bbox 258 4162 1870 4231">
    <p class='ocr_par' dir='ltr' id='par_1_42' title="bbox 258 4162 1870 4231">
     <span class='ocr_line' id='line_1_42' title="bbox 258 4162 1870 4231; baseline 0.002 -14"><span class='ocrx_word' id='word_1_331' title='bbox 258 4176 304 4218; x_wconf 85' lang='lat' dir='ltr'><strong>et</strong></span> <span class='ocrx_word' id='word_1_332' title='bbox 334 4180 529 4218; x_wconf 81' lang='lat' dir='ltr'><strong>aurum</strong></span> <span class='ocrx_word' id='word_1_333' title='bbox 557 4180 658 4218; x_wconf 81' lang='lat' dir='ltr'><strong>non</strong></span> <span class='ocrx_word' id='word_1_334' title='bbox 683 4174 755 4217; x_wconf 86' lang='lat' dir='ltr'><strong>est</strong></span> <span class='ocrx_word' id='word_1_335' title='bbox 782 4164 925 4217; x_wconf 88' lang='lat' dir='ltr'><strong>mihi.</strong></span> <span class='ocrx_word' id='word_1_336' title='bbox 958 4162 1113 4231; x_wconf 84' lang='lat' dir='ltr'><strong>Quod</strong></span> <span class='ocrx_word' id='word_1_337' title='bbox 1142 4164 1187 4218; x_wconf 92' lang='lat' dir='ltr'><strong>si</strong></span> <span class='ocrx_word' id='word_1_338' title='bbox 1214 4163 1317 4220; x_wconf 83' lang='lat' dir='ltr'><strong>hoc</strong></span> <span class='ocrx_word' id='word_1_339' title='bbox 1342 4164 1575 4229; x_wconf 84' lang='lat' dir='ltr'><strong>dixeris,</strong></span> <span class='ocrx_word' id='word_1_340' title='bbox 1610 4162 1781 4218; x_wconf 81' lang='lat' dir='ltr'><strong>factus</strong></span> <span class='ocrx_word' id='word_1_341' title='bbox 1810 4180 1870 4220; x_wconf 89' lang='lat' dir='ltr'><strong>cs</strong></span> 
     </span>
    </p>
   </div>
   <div class='ocr_carea' id='block_1_43' title="bbox 260 4254 1870 4333">
    <p class='ocr_par' dir='ltr' id='par_1_43' title="bbox 260 4254 1870 4333">
     <span class='ocr_line' id='line_1_43' title="bbox 260 4254 1870 4333; baseline -0.001 -21"><span class='ocrx_word' id='word_1_342' title='bbox 260 4257 603 4333; x_wconf 77' lang='lat' dir='ltr'><strong>propinquus</strong></span> <span class='ocrx_word' id='word_1_343' title='bbox 648 4256 981 4311; x_wconf 80' lang='lat' dir='ltr'><strong>Petrozimo</strong></span> <span class='ocrx_word' id='word_1_344' title='bbox 1016 4270 1148 4312; x_wconf 90' lang='lat' dir='ltr'><strong>vero</strong></span> <span class='ocrx_word' id='word_1_345' title='bbox 1191 4271 1298 4311; x_wconf 91' lang='lat' dir='ltr'><strong>non</strong></span> <span class='ocrx_word' id='word_1_346' title='bbox 1344 4257 1388 4310; x_wconf 89' lang='lat' dir='ltr'><strong>si</strong></span> <span class='ocrx_word' id='word_1_347' title='bbox 1438 4256 1670 4321; x_wconf 81' lang='lat' dir='ltr'><strong>dixeris,</strong></span> <span class='ocrx_word' id='word_1_348' title='bbox 1702 4254 1797 4310; x_wconf 90' lang='lat' dir='ltr'><strong>sed</strong></span> <span class='ocrx_word' id='word_1_349' title='bbox 1825 4256 1870 4311; x_wconf 82' lang='lat' dir='ltr'><strong>si</strong></span> 
     </span>
    </p>
   </div>
   <div class='ocr_carea' id='block_1_44' title="bbox 261 4344 1871 4418">
    <p class='ocr_par' dir='ltr' id='par_1_44' title="bbox 261 4344 1871 4418">
     <span class='ocr_line' id='line_1_44' title="bbox 261 4344 1871 4418; baseline -0.001 -15"><span class='ocrx_word' id='word_1_350' title='bbox 261 4348 485 4405; x_wconf 82' lang='lat' dir='ltr'><strong>feceris.</strong></span> <span class='ocrx_word' id='word_1_351' title='bbox 518 4347 632 4403; x_wconf 82' lang='lat' dir='ltr'><strong>Non</strong></span> <span class='ocrx_word' id='word_1_352' title='bbox 664 4357 817 4418; x_wconf 85' lang='lat' dir='ltr'><strong>potes</strong></span> <span class='ocrx_word' id='word_1_353' title='bbox 851 4347 1057 4403; x_wconf 87' lang='lat' dir='ltr'><strong>aridam</strong></span> <span class='ocrx_word' id='word_1_354' title='bbox 1087 4363 1302 4401; x_wconf 90' lang='lat' dir='ltr'><strong>manum</strong></span> <span class='ocrx_word' id='word_1_355' title='bbox 1329 4347 1561 4403; x_wconf 78' lang='lat' dir='ltr'><strong>sanare?</strong></span> <span class='ocrx_word' id='word_1_356' title='bbox 1584 4344 1689 4402; x_wconf 87' lang='lat' dir='ltr'><strong>Sed</strong></span> <span class='ocrx_word' id='word_1_357' title='bbox 1717 4357 1871 4417; x_wconf 82' lang='lat' dir='ltr'><strong>potes</strong></span> 
     </span>
    </p>
   </div>
   <div class='ocr_carea' id='block_1_45' title="bbox 260 4436 1868 4510">
    <p class='ocr_par' dir='ltr' id='par_1_45' title="bbox 260 4436 1868 4510">
     <span class='ocr_line' id='line_1_45' title="bbox 260 4436 1868 4510; baseline -0.003 -14"><span class='ocrx_word' id='word_1_358' title='bbox 260 4450 488 4495; x_wconf 88' lang='lat' dir='ltr'><strong>manum</strong></span> <span class='ocrx_word' id='word_1_359' title='bbox 532 4449 710 4504; x_wconf 81' lang='lat' dir='ltr'><strong>luant,</strong></span> <span class='ocrx_word' id='word_1_360' title='bbox 740 4454 901 4510; x_wconf 86' lang='lat' dir='ltr'><strong>quam</strong></span> <span class='ocrx_word' id='word_1_361' title='bbox 946 4437 1310 4493; x_wconf 85' lang='lat' dir='ltr'><strong>inhumanitas</strong></span> <span class='ocrx_word' id='word_1_362' title='bbox 1350 4437 1554 4493; x_wconf 86' lang='lat' dir='ltr'><strong>aridam</strong></span> <span class='ocrx_word' id='word_1_363' title='bbox 1602 4436 1868 4504; x_wconf 90' lang='lat' dir='ltr'><strong>reddidit,</strong></span> 
     </span>
    </p>
   </div>
   <div class='ocr_carea' id='block_1_46' title="bbox 263 4530 1867 4603">
    <p class='ocr_par' dir='ltr' id='par_1_46' title="bbox 263 4530 1867 4603">
     <span class='ocr_line' id='line_1_46' title="bbox 263 4530 1867 4603; baseline -0.002 -16"><span class='ocrx_word' id='word_1_364' title='bbox 263 4549 362 4603; x_wconf 88' lang='lat' dir='ltr'><strong>per</strong></span> <span class='ocrx_word' id='word_1_365' title='bbox 403 4532 790 4587; x_wconf 80' lang='lat' dir='ltr'><strong>humanitatem</strong></span> <span class='ocrx_word' id='word_1_366' title='bbox 828 4530 1141 4587; x_wconf 81' lang='lat' dir='ltr'><strong>extendere.</strong></span> <span class='ocrx_word' id='word_1_367' title='bbox 1188 4530 1309 4585; x_wconf 85' lang='lat' dir='ltr'><strong>Non</strong></span> <span class='ocrx_word' id='word_1_368' title='bbox 1350 4532 1413 4587; x_wconf 88' lang='lat' dir='ltr'><strong>sit</strong></span> <span class='ocrx_word' id='word_1_369' title='bbox 1456 4532 1631 4594; x_wconf 91' lang='lat' dir='ltr'><strong>enim,</strong></span> <span class='ocrx_word' id='word_1_370' title='bbox 1660 4531 1867 4602; x_wconf 89' lang='lat' dir='ltr'><strong>inquit,</strong></span> 
     </span>
    </p>
   </div>
   <div class='ocr_carea' id='block_1_47' title="bbox 264 4623 1870 4694">
    <p class='ocr_par' dir='ltr' id='par_1_47' title="bbox 264 4623 1870 4694">
     <span class='ocr_line' id='line_1_47' title="bbox 264 4623 1870 4694; baseline -0.001 -16"><span class='ocrx_word' id='word_1_371' title='bbox 264 4634 508 4694; x_wconf 83' lang='lat' dir='ltr'><strong>porrecta</strong></span> <span class='ocrx_word' id='word_1_372' title='bbox 531 4640 712 4678; x_wconf 75' lang='lat' dir='ltr'><strong>manus</strong></span> <span class='ocrx_word' id='word_1_373' title='bbox 739 4634 827 4677; x_wconf 86' lang='lat' dir='ltr'><strong>tua</strong></span> <span class='ocrx_word' id='word_1_374' title='bbox 845 4624 915 4678; x_wconf 88' lang='lat' dir='ltr'><strong>ad</strong></span> <span class='ocrx_word' id='word_1_375' title='bbox 938 4623 1287 4693; x_wconf 83' lang='lat' dir='ltr'><strong>accipiendum</strong></span> <span class='ocrx_word' id='word_1_376' title='bbox 1307 4665 1323 4689; x_wconf 96' lang='lat'><strong>,</strong></span> <span class='ocrx_word' id='word_1_377' title='bbox 1347 4633 1394 4677; x_wconf 89' lang='lat' dir='ltr'><strong>et</strong></span> <span class='ocrx_word' id='word_1_378' title='bbox 1420 4624 1489 4677; x_wconf 86' lang='lat' dir='ltr'><strong>ad</strong></span> <span class='ocrx_word' id='word_1_379' title='bbox 1508 4623 1737 4677; x_wconf 87' lang='lat' dir='ltr'><strong>dandum</strong></span> <span class='ocrx_word' id='word_1_380' title='bbox 1760 4623 1870 4677; x_wconf 87' lang='lat' dir='ltr'><strong>col-</strong></span> 
     </span>
    </p>
   </div>
   <div class='ocr_carea' id='block_1_48' title="bbox 178 4714 1873 4795">
    <p class='ocr_par' dir='ltr' id='par_1_48' title="bbox 178 4714 1873 4795">
     <span class='ocr_line' id='line_1_48' title="bbox 178 4714 1873 4795; baseline -0.001 -25"><span class='ocrx_word' id='word_1_381' title='bbox 178 4792 179 4795; x_wconf 13' lang='grc' dir='ltr'><strong>η</strong></span> <span class='ocrx_word' id='word_1_382' title='bbox 262 4718 398 4771; x_wconf 81' lang='lat' dir='ltr'><strong>lecta</strong></span> <span class='ocrx_word' id='word_1_383' title='bbox 428 4715 620 4790; x_wconf 85' lang='lat' dir='ltr'><strong>(Eccli.</strong></span> <span class='ocrx_word' id='word_1_384' title='bbox 649 4717 704 4771; x_wconf 72' lang='grc'><strong>4.</strong></span> <span class='ocrx_word' id='word_1_385' title='bbox 735 4716 850 4787; x_wconf 79' lang='grc'><strong>56).</strong></span> <span class='ocrx_word' id='word_1_386' title='bbox 879 4715 1045 4771; x_wconf 89' lang='lat' dir='ltr'><strong>Vides</strong></span> <span class='ocrx_word' id='word_1_387' title='bbox 1072 4731 1180 4770; x_wconf 89' lang='lat' dir='ltr'><strong>non</strong></span> <span class='ocrx_word' id='word_1_388' title='bbox 1223 4715 1524 4770; x_wconf 87' lang='lat' dir='ltr'><strong>ariditatem</strong></span> <span class='ocrx_word' id='word_1_389' title='bbox 1551 4756 1566 4779; x_wconf 90' lang='lat'><strong>,</strong></span> <span class='ocrx_word' id='word_1_390' title='bbox 1592 4714 1687 4769; x_wconf 87' lang='lat' dir='ltr'><strong>sed</strong></span> <span class='ocrx_word' id='word_1_391' title='bbox 1719 4715 1873 4769; x_wconf 85' lang='lat' dir='ltr'><strong>inltu-</strong></span> 
     </span>
    </p>
   </div>
   <div class='ocr_carea' id='block_1_49' title="bbox 263 4805 1873 4878">
    <p class='ocr_par' dir='ltr' id='par_1_49' title="bbox 263 4805 1873 4878">
     <span class='ocr_line' id='line_1_49' title="bbox 263 4805 1873 4878; baseline -0.002 -15"><span class='ocrx_word' id='word_1_392' title='bbox 263 4808 587 4863; x_wconf 78' lang='lat' dir='ltr'><strong>inanitatem</strong></span> <span class='ocrx_word' id='word_1_393' title='bbox 630 4822 841 4878; x_wconf 88' lang='lat' dir='ltr'><strong>quoque</strong></span> <span class='ocrx_word' id='word_1_394' title='bbox 872 4822 1087 4862; x_wconf 85' lang='lat' dir='ltr'><strong>manum</strong></span> <span class='ocrx_word' id='word_1_395' title='bbox 1121 4806 1477 4863; x_wconf 83' lang='lat' dir='ltr'><strong>contrahere?</strong></span> <span class='ocrx_word' id='word_1_396' title='bbox 1508 4805 1751 4861; x_wconf 84' lang='lat' dir='ltr'><strong>Extende</strong></span> <span class='ocrx_word' id='word_1_397' title='bbox 1779 4805 1873 4876; x_wconf 84' lang='lat' dir='ltr'><strong>igi-</strong></span> 
     </span>
    </p>
   </div>
   <div class='ocr_carea' id='block_1_50' title="bbox 263 4900 1872 4972">
    <p class='ocr_par' dir='ltr' id='par_1_50' title="bbox 263 4900 1872 4972">
     <span class='ocr_line' id='line_1_50' title="bbox 263 4900 1872 4972; baseline 0.001 -18"><span class='ocrx_word' id='word_1_398' title='bbox 263 4912 352 4955; x_wconf 88' lang='lat' dir='ltr'><strong>tur</strong></span> <span class='ocrx_word' id='word_1_399' title='bbox 370 4900 524 4954; x_wconf 88' lang='lat' dir='ltr'><strong>illam</strong></span> <span class='ocrx_word' id='word_1_400' title='bbox 544 4915 638 4969; x_wconf 88' lang='lat' dir='ltr'><strong>pcr</strong></span> <span class='ocrx_word' id='word_1_401' title='bbox 655 4900 1035 4955; x_wconf 86' lang='lat' dir='ltr'><strong>humanitatem</strong></span> <span class='ocrx_word' id='word_1_402' title='bbox 1059 4909 1114 4955; x_wconf 89' lang='lat' dir='ltr'><strong>et</strong></span> <span class='ocrx_word' id='word_1_403' title='bbox 1133 4902 1553 4972; x_wconf 86' lang='lat' dir='ltr'><strong>cleemosyuam.</strong></span> <span class='ocrx_word' id='word_1_404' title='bbox 1576 4900 1691 4955; x_wconf 84' lang='lat' dir='ltr'><strong>Non</strong></span> <span class='ocrx_word' id='word_1_405' title='bbox 1720 4912 1872 4970; x_wconf 86' lang='lat' dir='ltr'><strong>potes</strong></span> 
     </span>
    </p>
   </div>
   <div class='ocr_carea' id='block_1_51' title="bbox 263 4993 1874 5064">
    <p class='ocr_par' dir='ltr' id='par_1_51' title="bbox 263 4993 1874 5064">
     <span class='ocr_line' id='line_1_51' title="bbox 263 4993 1874 5064; baseline 0.001 -17"><span class='ocrx_word' id='word_1_406' title='bbox 263 4995 576 5049; x_wconf 65' lang='lat' dir='ltr'><strong>dzemouem</strong></span> <span class='ocrx_word' id='word_1_407' title='bbox 606 4993 837 5063; x_wconf 79' lang='lat' dir='ltr'><strong>ejicere?</strong></span> <span class='ocrx_word' id='word_1_408' title='bbox 866 4993 970 5050; x_wconf 86' lang='lat' dir='ltr'><strong>Sed</strong></span> <span class='ocrx_word' id='word_1_409' title='bbox 1001 5005 1277 5063; x_wconf 86' lang='lat' dir='ltr'><strong>peccatum</strong></span> <span class='ocrx_word' id='word_1_410' title='bbox 1306 4993 1440 5063; x_wconf 84' lang='lat' dir='ltr'><strong>ejice</strong></span> <span class='ocrx_word' id='word_1_411' title='bbox 1461 5035 1477 5059; x_wconf 93' lang='lat'><strong>,</strong></span> <span class='ocrx_word' id='word_1_412' title='bbox 1509 4993 1874 5064; x_wconf 76' lang='lat' dir='ltr'><strong>majoremqne</strong></span> 
     </span>
    </p>
   </div>
   <div class='ocr_carea' id='block_1_52' title="bbox 262 5085 1877 5157">
    <p class='ocr_par' dir='ltr' id='par_1_52' title="bbox 262 5085 1877 5157">
     <span class='ocr_line' id='line_1_52' title="bbox 262 5085 1877 5157; baseline 0.002 -17"><span class='ocrx_word' id='word_1_413' title='bbox 262 5087 581 5143; x_wconf 86' lang='lat' dir='ltr'><strong>mercedem</strong></span> <span class='ocrx_word' id='word_1_414' title='bbox 625 5085 876 5157; x_wconf 84' lang='lat' dir='ltr'><strong>accipies.</strong></span> <span class='ocrx_word' id='word_1_415' title='bbox 907 5085 1069 5143; x_wconf 87' lang='lat' dir='ltr'><strong>Vides</strong></span> <span class='ocrx_word' id='word_1_416' title='bbox 1108 5104 1215 5157; x_wconf 91' lang='lat' dir='ltr'><strong>quo</strong></span> <span class='ocrx_word' id='word_1_417' title='bbox 1252 5098 1406 5156; x_wconf 85' lang='lat' dir='ltr'><strong>pacto</strong></span> <span class='ocrx_word' id='word_1_418' title='bbox 1448 5088 1784 5143; x_wconf 85' lang='lat' dir='ltr'><strong>conversatio</strong></span> <span class='ocrx_word' id='word_1_419' title='bbox 1822 5097 1877 5143; x_wconf 91' lang='lat' dir='ltr'><strong>ct</strong></span> 
     </span>
    </p>
   </div>
   <div class='ocr_carea' id='block_1_53' title="bbox 265 5170 1877 5250">
    <p class='ocr_par' dir='ltr' id='par_1_53' title="bbox 265 5170 1877 5250">
     <span class='ocr_line' id='line_1_53' title="bbox 265 5170 1877 5250; baseline -0.001 -16"><span class='ocrx_word' id='word_1_420' title='bbox 265 5184 411 5234; x_wconf 58' lang='lat' dir='ltr'><strong>bium</strong></span> <span class='ocrx_word' id='word_1_421' title='bbox 463 5194 633 5244; x_wconf 76' lang='lat' dir='ltr'><strong>Opera</strong></span> <span class='ocrx_word' id='word_1_422' title='bbox 664 5170 926 5248; x_wconf 84' lang='lat' dir='ltr'><strong>majorem</strong></span> <span class='ocrx_word' id='word_1_423' title='bbox 968 5195 1127 5250; x_wconf 86' lang='lat' dir='ltr'><strong>quam</strong></span> <span class='ocrx_word' id='word_1_424' title='bbox 1160 5180 1416 5234; x_wconf 87' lang='lat' dir='ltr'><strong>miracula</strong></span> <span class='ocrx_word' id='word_1_425' title='bbox 1447 5178 1750 5235; x_wconf 88' lang='lat' dir='ltr'><strong>mercedem</strong></span> <span class='ocrx_word' id='word_1_426' title='bbox 1776 5222 1791 5246; x_wconf 94' lang='lat'><strong>,</strong></span> <span class='ocrx_word' id='word_1_427' title='bbox 1821 5187 1877 5235; x_wconf 90' lang='lat' dir='ltr'><strong>et</strong></span> 
     </span>
    </p>
   </div>
   <div class='ocr_carea' id='block_1_54' title="bbox 266 5271 1876 5343">
    <p class='ocr_par' dir='ltr' id='par_1_54' title="bbox 266 5271 1876 5343">
     <span class='ocr_line' id='line_1_54' title="bbox 266 5271 1876 5343; baseline 0.003 -20"><span class='ocrx_word' id='word_1_428' title='bbox 266 5272 449 5341; x_wconf 80' lang='lat' dir='ltr'><strong>majus</strong></span> <span class='ocrx_word' id='word_1_429' title='bbox 475 5271 754 5339; x_wconf 64' lang='lat' dir='ltr'><strong>praemium</strong></span> <span class='ocrx_word' id='word_1_430' title='bbox 772 5272 1080 5326; x_wconf 88' lang='lat' dir='ltr'><strong>merentur?</strong></span> <span class='ocrx_word' id='word_1_431' title='bbox 1094 5272 1172 5327; x_wconf 81' lang='lat' dir='ltr'><strong>Ac</strong></span> <span class='ocrx_word' id='word_1_432' title='bbox 1188 5273 1231 5327; x_wconf 90' lang='lat' dir='ltr'><strong>si</strong></span> <span class='ocrx_word' id='word_1_433' title='bbox 1255 5273 1407 5339; x_wconf 86' lang='lat' dir='ltr'><strong>velis,</strong></span> <span class='ocrx_word' id='word_1_434' title='bbox 1431 5272 1644 5327; x_wconf 88' lang='lat' dir='ltr'><strong>aliunde</strong></span> <span class='ocrx_word' id='word_1_435' title='bbox 1664 5288 1876 5343; x_wconf 88' lang='lat' dir='ltr'><strong>quoque</strong></span> 
     </span>
    </p>
   </div>
   <div class='ocr_carea' id='block_1_55' title="bbox 266 5361 1881 5435">
    <p class='ocr_par' dir='ltr' id='par_1_55' title="bbox 266 5361 1881 5435">
     <span class='ocr_line' id='line_1_55' title="bbox 266 5361 1881 5435; baseline 0.001 -20"><span class='ocrx_word' id='word_1_436' title='bbox 266 5364 315 5416; x_wconf 93' lang='lat' dir='ltr'><strong>id</strong></span> <span class='ocrx_word' id='word_1_437' title='bbox 348 5362 726 5417; x_wconf 79' lang='lat' dir='ltr'><strong>ostendemus.</strong></span> <span class='ocrx_word' id='word_1_438' title='bbox 754 5361 1080 5418; x_wconf 79' lang='lat' dir='ltr'><strong>Accesserant</strong></span> <span class='ocrx_word' id='word_1_439' title='bbox 1105 5363 1173 5416; x_wconf 88' lang='lat' dir='ltr'><strong>ad</strong></span> <span class='ocrx_word' id='word_1_440' title='bbox 1197 5380 1330 5430; x_wconf 86' lang='lat' dir='ltr'><strong>eum,</strong></span> <span class='ocrx_word' id='word_1_441' title='bbox 1352 5364 1539 5433; x_wconf 80' lang='lat' dir='ltr'><strong>inquit,</strong></span> <span class='ocrx_word' id='word_1_442' title='bbox 1557 5365 1881 5435; x_wconf 87' lang='lat' dir='ltr'><strong>septuaginta</strong></span> 
     </span>
    </p>
   </div>
   <div class='ocr_carea' id='block_1_56' title="bbox 264 5451 1878 5523">
    <p class='ocr_par' dir='ltr' id='par_1_56' title="bbox 264 5451 1878 5523">
     <span class='ocr_line' id='line_1_56' title="bbox 264 5451 1878 5523; baseline 0.002 -18"><span class='ocrx_word' id='word_1_443' title='bbox 264 5452 540 5521; x_wconf 79' lang='lat' dir='ltr'><strong>discipuli,</strong></span> <span class='ocrx_word' id='word_1_444' title='bbox 559 5460 605 5507; x_wconf 89' lang='lat' dir='ltr'><strong>et</strong></span> <span class='ocrx_word' id='word_1_445' title='bbox 630 5451 934 5523; x_wconf 80' lang='lat' dir='ltr'><strong>gaudebant,</strong></span> <span class='ocrx_word' id='word_1_446' title='bbox 964 5453 1311 5523; x_wconf 85' lang='lat' dir='ltr'><strong>dicebantque,</strong></span> <span class='ocrx_word' id='word_1_447' title='bbox 1340 5452 1572 5515; x_wconf 87' lang='lat' dir='ltr'><strong>Domine.</strong></span> <span class='ocrx_word' id='word_1_448' title='bbox 1591 5454 1645 5507; x_wconf 87' lang='lat' dir='ltr'><strong>in</strong></span> <span class='ocrx_word' id='word_1_449' title='bbox 1674 5456 1878 5508; x_wconf 85' lang='lat' dir='ltr'><strong>nomine</strong></span> 
     </span>
    </p>
   </div>
   <div class='ocr_carea' id='block_1_57' title="bbox 266 5524 1876 5600">
    <p class='ocr_par' dir='ltr' id='par_1_57' title="bbox 266 5524 1876 5600">
     <span class='ocr_line' id='line_1_57' title="bbox 266 5524 1876 5600; baseline 0.001 -3"><span class='ocrx_word' id='word_1_450' title='bbox 266 5555 356 5597; x_wconf 86' lang='lat' dir='ltr'><strong>tuo</strong></span> <span class='ocrx_word' id='word_1_451' title='bbox 385 5543 544 5600; x_wconf 84' lang='lat' dir='ltr'><strong>etiam</strong></span> <span class='ocrx_word' id='word_1_452' title='bbox 570 5543 826 5597; x_wconf 80' lang='lat' dir='ltr'><strong>dannonia</strong></span> <span class='ocrx_word' id='word_1_453' title='bbox 870 5545 1108 5599; x_wconf 86' lang='lat' dir='ltr'><strong>obediunt</strong></span> <span class='ocrx_word' id='word_1_454' title='bbox 1136 5544 1297 5599; x_wconf 82' lang='lat' dir='ltr'><strong>nobis.</strong></span> <span class='ocrx_word' id='word_1_455' title='bbox 1328 5542 1397 5598; x_wconf 87' lang='lat' dir='ltr'><strong>Et</strong></span> <span class='ocrx_word' id='word_1_456' title='bbox 1424 5524 1495 5599; x_wconf 67' lang='lat' dir='ltr'><strong>ait</strong></span> <span class='ocrx_word' id='word_1_457' title='bbox 1529 5545 1631 5599; x_wconf 86' lang='lat' dir='ltr'><strong>illis</strong></span> <span class='ocrx_word' id='word_1_458' title='bbox 1657 5560 1675 5598; x_wconf 90' lang='lat'><strong><em>:</em></strong></span> <span class='ocrx_word' id='word_1_459' title='bbox 1701 5545 1876 5600; x_wconf 81' lang='lat' dir='ltr'><strong>Nolite</strong></span> 
     </span>
    </p>
   </div>
   <div class='ocr_carea' id='block_1_58' title="bbox 266 5635 1879 5708">
    <p class='ocr_par' dir='ltr' id='par_1_58' title="bbox 266 5635 1879 5708">
     <span class='ocr_line' id='line_1_58' title="bbox 266 5635 1879 5708; baseline 0.001 -20"><span class='ocrx_word' id='word_1_460' title='bbox 266 5635 521 5705; x_wconf 68' lang='lat' dir='ltr'><strong>gaudere,</strong></span> <span class='ocrx_word' id='word_1_461' title='bbox 539 5636 659 5704; x_wconf 75' lang='lat' dir='ltr'><strong>quia</strong></span> <span class='ocrx_word' id='word_1_462' title='bbox 684 5636 937 5690; x_wconf 70' lang='lat' dir='ltr'><strong>dwmarda</strong></span> <span class='ocrx_word' id='word_1_463' title='bbox 964 5637 1100 5691; x_wconf 72' lang='lat' dir='ltr'><strong>vobis</strong></span> <span class='ocrx_word' id='word_1_464' title='bbox 1121 5637 1377 5701; x_wconf 82' lang='lat' dir='ltr'><strong>obediunt,</strong></span> <span class='ocrx_word' id='word_1_465' title='bbox 1398 5636 1489 5691; x_wconf 83' lang='lat' dir='ltr'><strong>sed</strong></span> <span class='ocrx_word' id='word_1_466' title='bbox 1513 5636 1879 5708; x_wconf 85' lang='lat' dir='ltr'><strong>gattdetc,quia</strong></span> 
     </span>
    </p>
   </div>
   <div class='ocr_carea' id='block_1_59' title="bbox 267 5727 1875 5799">
    <p class='ocr_par' dir='ltr' id='par_1_59' title="bbox 267 5727 1875 5799">
     <span class='ocr_line' id='line_1_59' title="bbox 267 5727 1875 5799; baseline 0.001 -19"><span class='ocrx_word' id='word_1_467' title='bbox 267 5732 483 5782; x_wconf 82' lang='lat' dir='ltr'><strong>nomina</strong></span> <span class='ocrx_word' id='word_1_468' title='bbox 512 5738 675 5783; x_wconf 82' lang='lat' dir='ltr'><strong>rcstru</strong></span> <span class='ocrx_word' id='word_1_469' title='bbox 714 5728 905 5798; x_wconf 80' lang='lat' dir='ltr'><strong>scripta</strong></span> <span class='ocrx_word' id='word_1_470' title='bbox 947 5738 1064 5784; x_wconf 84' lang='lat' dir='ltr'><strong>sunt</strong></span> <span class='ocrx_word' id='word_1_471' title='bbox 1109 5730 1162 5783; x_wconf 89' lang='lat' dir='ltr'><strong>in</strong></span> <span class='ocrx_word' id='word_1_472' title='bbox 1201 5729 1336 5783; x_wconf 76' lang='lat' dir='ltr'><strong>aclis</strong></span> <span class='ocrx_word' id='word_1_473' title='bbox 1360 5727 1508 5799; x_wconf 86' lang='lat' dir='ltr'><strong>(Luc.</strong></span> <span class='ocrx_word' id='word_1_474' title='bbox 1536 5730 1618 5787; x_wconf 80' lang='grc'><strong>10.</strong></span> <span class='ocrx_word' id='word_1_475' title='bbox 1651 5730 1728 5785; x_wconf 84' lang='lat' dir='ltr'><strong>l7.</strong></span> <span class='ocrx_word' id='word_1_476' title='bbox 1758 5728 1875 5797; x_wconf 73' lang='lat'><strong>20).</strong></span> 
     </span>
    </p>
   </div>
   <div class='ocr_carea' id='block_1_60' title="bbox 278 5816 1452 5890">
    <p class='ocr_par' dir='ltr' id='par_1_60' title="bbox 278 5816 1452 5890">
     <span class='ocr_line' id='line_1_60' title="bbox 278 5816 1452 5890; baseline 0.002 -18"><span class='ocrx_word' id='word_1_477' title='bbox 278 5816 439 5876; x_wconf 79' lang='lat' dir='ltr'><strong>Vides</strong></span> <span class='ocrx_word' id='word_1_478' title='bbox 485 5818 683 5890; x_wconf 85' lang='lat' dir='ltr'><strong>uhiquc</strong></span> <span class='ocrx_word' id='word_1_479' title='bbox 715 5820 1175 5877; x_wconf 67' lang='lat' dir='ltr'><strong>conversationem</strong></span> <span class='ocrx_word' id='word_1_480' title='bbox 1212 5818 1411 5875; x_wconf 82' lang='lat' dir='ltr'><strong>laudari</strong></span> <span class='ocrx_word' id='word_1_481' title='bbox 1430 5823 1452 5874; x_wconf 68' lang='grc' dir='ltr'><strong>’ἐ</strong></span> 
     </span>
    </p>
   </div>
   <div class='ocr_carea' id='block_1_61' title="bbox 2023 498 3549 577">
    <p class='ocr_par' dir='ltr' id='par_1_61' title="bbox 2023 498 3549 577">
     <span class='ocr_line' id='line_1_61' title="bbox 2023 498 3549 577; baseline -0.004 -16"><span class='ocrx_word' id='word_1_482' title='bbox 2023 504 2077 561; x_wconf 77' lang='lat'><strong>6.</strong></span> <span class='ocrx_word' id='word_1_483' title='bbox 2120 505 2235 577; x_wconf 78' lang='lat' dir='ltr'><strong>Age</strong></span> <span class='ocrx_word' id='word_1_484' title='bbox 2274 517 2403 576; x_wconf 89' lang='lat' dir='ltr'><strong>ergo</strong></span> <span class='ocrx_word' id='word_1_485' title='bbox 2444 510 2801 560; x_wconf 81' lang='lat' dir='ltr'><strong>retractemus</strong></span> <span class='ocrx_word' id='word_1_486' title='bbox 2827 515 2953 573; x_wconf 79' lang='lat' dir='ltr'><strong>qua:</strong></span> <span class='ocrx_word' id='word_1_487' title='bbox 2987 514 3027 559; x_wconf 80' lang='lat' dir='ltr'><strong>.a</strong></span> <span class='ocrx_word' id='word_1_488' title='bbox 3059 498 3215 556; x_wconf 85' lang='lat' dir='ltr'><strong>nobis</strong></span> <span class='ocrx_word' id='word_1_489' title='bbox 3252 508 3379 556; x_wconf 86' lang='lat' dir='ltr'><strong>ante</strong></span> <span class='ocrx_word' id='word_1_490' title='bbox 3420 510 3549 557; x_wconf 82' lang='lat' dir='ltr'><strong>sunt</strong></span> 
     </span>
    </p>
   </div>
   <div class='ocr_carea' id='block_1_62' title="bbox 1948 590 3558 666">
    <p class='ocr_par' dir='ltr' id='par_1_62' title="bbox 1948 590 3558 666">
     <span class='ocr_line' id='line_1_62' title="bbox 1948 590 3558 666; baseline -0.004 -12"><span class='ocrx_word' id='word_1_491' title='bbox 1948 597 2113 655; x_wconf 83' lang='lat' dir='ltr'><strong>dicta.</strong></span> <span class='ocrx_word' id='word_1_492' title='bbox 2156 595 2225 651; x_wconf 80' lang='lat' dir='ltr'><strong>In</strong></span> <span class='ocrx_word' id='word_1_493' title='bbox 2268 596 2364 651; x_wconf 76' lang='lat' dir='ltr'><strong>hoc</strong></span> <span class='ocrx_word' id='word_1_494' title='bbox 2406 604 2710 666; x_wconf 67' lang='lat' dir='ltr'><strong>cognoscent</strong></span> <span class='ocrx_word' id='word_1_495' title='bbox 2752 608 2950 658; x_wconf 78' lang='lat' dir='ltr'><strong>oinm,</strong></span> <span class='ocrx_word' id='word_1_496' title='bbox 2999 592 3120 664; x_wconf 79' lang='lat' dir='ltr'><strong>quia</strong></span> <span class='ocrx_word' id='word_1_497' title='bbox 3162 590 3407 662; x_wconf 80' lang='lat' dir='ltr'><strong>discipuli</strong></span> <span class='ocrx_word' id='word_1_498' title='bbox 3454 591 3558 647; x_wconf 80' lang='lat' dir='ltr'><strong>mei</strong></span> 
     </span>
    </p>
   </div>
   <div class='ocr_carea' id='block_1_63' title="bbox 1950 680 3554 760">
    <p class='ocr_par' dir='ltr' id='par_1_63' title="bbox 1950 680 3554 760">
     <span class='ocr_line' id='line_1_63' title="bbox 1950 680 3554 760; baseline -0.004 -12"><span class='ocrx_word' id='word_1_499' title='bbox 1950 692 2089 760; x_wconf 85' lang='lat' dir='ltr'><strong>estis,</strong></span> <span class='ocrx_word' id='word_1_500' title='bbox 2131 692 2177 747; x_wconf 92' lang='lat' dir='ltr'><strong>si</strong></span> <span class='ocrx_word' id='word_1_501' title='bbox 2222 708 2310 747; x_wconf 79' lang='lat' dir='ltr'><strong>vos</strong></span> <span class='ocrx_word' id='word_1_502' title='bbox 2345 690 2556 745; x_wconf 72' lang='lat' dir='ltr'><strong>invicem</strong></span> <span class='ocrx_word' id='word_1_503' title='bbox 2590 686 2869 743; x_wconf 64' lang='lat' dir='ltr'><strong>dilexeritis</strong></span> <span class='ocrx_word' id='word_1_504' title='bbox 2897 686 3079 759; x_wconf 82' lang='lat' dir='ltr'><strong>(Joan.</strong></span> <span class='ocrx_word' id='word_1_505' title='bbox 3122 685 3211 742; x_wconf 78' lang='grc'><strong>13.</strong></span> <span class='ocrx_word' id='word_1_506' title='bbox 3410 683 3554 741; x_wconf 80' lang='lat' dir='ltr'><strong>Ecce</strong></span> 
     </span>
    </p>
   </div>
   <div class='ocr_carea' id='block_1_64' title="bbox 1952 774 3551 849">
    <p class='ocr_par' dir='ltr' id='par_1_64' title="bbox 1952 774 3551 849">
     <span class='ocr_line' id='line_1_64' title="bbox 1952 774 3551 849; baseline -0.006 -11"><span class='ocrx_word' id='word_1_507' title='bbox 1952 798 2059 839; x_wconf 88' lang='lat' dir='ltr'><strong>non</strong></span> <span class='ocrx_word' id='word_1_508' title='bbox 2081 798 2149 840; x_wconf 87' lang='lat' dir='ltr'><strong>ex</strong></span> <span class='ocrx_word' id='word_1_509' title='bbox 2172 781 2463 848; x_wconf 83' lang='lat' dir='ltr'><strong>miraculis,</strong></span> <span class='ocrx_word' id='word_1_510' title='bbox 2487 780 2582 837; x_wconf 88' lang='lat' dir='ltr'><strong>sed</strong></span> <span class='ocrx_word' id='word_1_511' title='bbox 2604 796 2670 838; x_wconf 89' lang='lat' dir='ltr'><strong>ex</strong></span> <span class='ocrx_word' id='word_1_512' title='bbox 2690 778 3098 837; x_wconf 71' lang='lat' dir='ltr'><strong>conversatione</strong></span> <span class='ocrx_word' id='word_1_513' title='bbox 3121 775 3364 849; x_wconf 85' lang='lat' dir='ltr'><strong>dignosci</strong></span> <span class='ocrx_word' id='word_1_514' title='bbox 3383 774 3551 831; x_wconf 82' lang='lat' dir='ltr'><strong>disci-</strong></span> 
     </span>
    </p>
   </div>
   <div class='ocr_carea' id='block_1_65' title="bbox 1952 866 3555 946">
    <p class='ocr_par' dir='ltr' id='par_1_65' title="bbox 1952 866 3555 946">
     <span class='ocr_line' id='line_1_65' title="bbox 1952 866 3555 946; baseline -0.006 -16"><span class='ocrx_word' id='word_1_515' title='bbox 1952 875 2109 946; x_wconf 87' lang='lat' dir='ltr'><strong>pulos</strong></span> <span class='ocrx_word' id='word_1_516' title='bbox 2148 874 2574 930; x_wconf 85' lang='lat' dir='ltr'><strong>demonstratum</strong></span> <span class='ocrx_word' id='word_1_517' title='bbox 2618 882 2722 929; x_wconf 89' lang='lat' dir='ltr'><strong>est.</strong></span> <span class='ocrx_word' id='word_1_518' title='bbox 2757 869 2928 937; x_wconf 80' lang='lat' dir='ltr'><strong>Petre,</strong></span> <span class='ocrx_word' id='word_1_519' title='bbox 2972 868 3148 941; x_wconf 83' lang='lat' dir='ltr'><strong>diligis</strong></span> <span class='ocrx_word' id='word_1_520' title='bbox 3174 885 3256 923; x_wconf 83' lang='lat' dir='ltr'><strong>me</strong></span> <span class='ocrx_word' id='word_1_521' title='bbox 3287 869 3403 938; x_wconf 83' lang='lat' dir='ltr'><strong>plus</strong></span> <span class='ocrx_word' id='word_1_522' title='bbox 3431 866 3555 921; x_wconf 73' lang='lat' dir='ltr'><strong>his?</strong></span> 
     </span>
    </p>
   </div>
   <div class='ocr_carea' id='block_1_66' title="bbox 1954 955 3563 1039">
    <p class='ocr_par' dir='ltr' id='par_1_66' title="bbox 1954 955 3563 1039">
     <span class='ocr_line' id='line_1_66' title="bbox 1954 955 3563 1039; baseline -0.007 -17"><span class='ocrx_word' id='word_1_523' title='bbox 1954 982 2106 1039; x_wconf 84' lang='lat' dir='ltr'><strong>pasce</strong></span> <span class='ocrx_word' id='word_1_524' title='bbox 2145 982 2261 1021; x_wconf 75' lang='lat' dir='ltr'><strong>ores</strong></span> <span class='ocrx_word' id='word_1_525' title='bbox 2304 981 2439 1020; x_wconf 85' lang='lat' dir='ltr'><strong>meas</strong></span> <span class='ocrx_word' id='word_1_526' title='bbox 2494 962 2612 1033; x_wconf 83' lang='lat' dir='ltr'><strong>(Id.</strong></span> <span class='ocrx_word' id='word_1_527' title='bbox 2669 963 2763 1018; x_wconf 73' lang='lat'><strong>2|.</strong></span> <span class='ocrx_word' id='word_1_528' title='bbox 2817 962 2935 1031; x_wconf 85' lang='grc'><strong>17).</strong></span> <span class='ocrx_word' id='word_1_529' title='bbox 2975 960 3116 1017; x_wconf 86' lang='lat' dir='ltr'><strong>Ecce</strong></span> <span class='ocrx_word' id='word_1_530' title='bbox 3156 959 3383 1015; x_wconf 87' lang='lat' dir='ltr'><strong>alterum</strong></span> <span class='ocrx_word' id='word_1_531' title='bbox 3421 955 3563 1013; x_wconf 82' lang='lat' dir='ltr'><strong>iudi-</strong></span> 
     </span>
    </p>
   </div>
   <div class='ocr_carea' id='block_1_67' title="bbox 1953 1049 3564 1131">
    <p class='ocr_par' dir='ltr' id='par_1_67' title="bbox 1953 1049 3564 1131">
     <span class='ocr_line' id='line_1_67' title="bbox 1953 1049 3564 1131; baseline -0.006 -16"><span class='ocrx_word' id='word_1_532' title='bbox 1953 1060 2119 1127; x_wconf 89' lang='lat' dir='ltr'><strong>cium,</strong></span> <span class='ocrx_word' id='word_1_533' title='bbox 2142 1068 2197 1114; x_wconf 90' lang='lat' dir='ltr'><strong>et</strong></span> <span class='ocrx_word' id='word_1_534' title='bbox 2225 1058 2547 1131; x_wconf 88' lang='lat' dir='ltr'><strong>hocrursus</strong></span> <span class='ocrx_word' id='word_1_535' title='bbox 2584 1072 2617 1111; x_wconf 84' lang='lat' dir='ltr'><strong>a</strong></span> <span class='ocrx_word' id='word_1_536' title='bbox 2657 1053 3067 1112; x_wconf 86' lang='lat' dir='ltr'><strong>conversatione</strong></span> <span class='ocrx_word' id='word_1_537' title='bbox 3100 1062 3397 1121; x_wconf 89' lang='lat' dir='ltr'><strong>sumptum.</strong></span> <span class='ocrx_word' id='word_1_538' title='bbox 3427 1049 3564 1107; x_wconf 80' lang='lat' dir='ltr'><strong>&#39;l&#39;cr-</strong></span> 
     </span>
    </p>
   </div>
   <div class='ocr_carea' id='block_1_68' title="bbox 1955 1142 3562 1221">
    <p class='ocr_par' dir='ltr' id='par_1_68' title="bbox 1955 1142 3562 1221">
     <span class='ocr_line' id='line_1_68' title="bbox 1955 1142 3562 1221; baseline -0.006 -16"><span class='ocrx_word' id='word_1_539' title='bbox 1955 1152 2089 1205; x_wconf 89' lang='lat' dir='ltr'><strong>tium</strong></span> <span class='ocrx_word' id='word_1_540' title='bbox 2128 1164 2319 1205; x_wconf 87' lang='lat' dir='ltr'><strong>rursus</strong></span> <span class='ocrx_word' id='word_1_541' title='bbox 2343 1148 2641 1203; x_wconf 89' lang='lat' dir='ltr'><strong>indicium:</strong></span> <span class='ocrx_word' id='word_1_542' title='bbox 2676 1144 2855 1200; x_wconf 88' lang='lat' dir='ltr'><strong>Nolite</strong></span> <span class='ocrx_word' id='word_1_543' title='bbox 2881 1144 3125 1216; x_wconf 84' lang='lat' dir='ltr'><strong>gaudere,</strong></span> <span class='ocrx_word' id='word_1_544' title='bbox 3160 1143 3280 1215; x_wconf 83' lang='lat' dir='ltr'><strong>quia</strong></span> <span class='ocrx_word' id='word_1_545' title='bbox 3306 1142 3562 1221; x_wconf 65' lang='lat' dir='ltr'><strong>(lanionia</strong></span> 
     </span>
    </p>
   </div>
   <div class='ocr_carea' id='block_1_69' title="bbox 1955 1234 3564 1310">
    <p class='ocr_par' dir='ltr' id='par_1_69' title="bbox 1955 1234 3564 1310">
     <span class='ocr_line' id='line_1_69' title="bbox 1955 1234 3564 1310; baseline -0.008 -12"><span class='ocrx_word' id='word_1_546' title='bbox 1955 1241 2093 1298; x_wconf 71' lang='lat' dir='ltr'><strong>vobis</strong></span> <span class='ocrx_word' id='word_1_547' title='bbox 2121 1241 2382 1305; x_wconf 87' lang='lat' dir='ltr'><strong>obediunt,</strong></span> <span class='ocrx_word' id='word_1_548' title='bbox 2408 1238 2499 1295; x_wconf 85' lang='lat' dir='ltr'><strong>sed</strong></span> <span class='ocrx_word' id='word_1_549' title='bbox 2526 1238 2761 1310; x_wconf 84' lang='lat' dir='ltr'><strong>gaudete,</strong></span> <span class='ocrx_word' id='word_1_550' title='bbox 2784 1236 2907 1307; x_wconf 84' lang='lat' dir='ltr'><strong>quia</strong></span> <span class='ocrx_word' id='word_1_551' title='bbox 2934 1234 3144 1289; x_wconf 86' lang='lat' dir='ltr'><strong>nomina</strong></span> <span class='ocrx_word' id='word_1_552' title='bbox 3172 1242 3342 1288; x_wconf 74' lang='lat' dir='ltr'><strong>uestra</strong></span> <span class='ocrx_word' id='word_1_553' title='bbox 3367 1240 3564 1303; x_wconf 78' lang='lat' dir='ltr'><strong>scripta</strong></span> 
     </span>
    </p>
   </div>
   <div class='ocr_carea' id='block_1_70' title="bbox 1956 1324 3559 1389">
    <p class='ocr_par' dir='ltr' id='par_1_70' title="bbox 1956 1324 3559 1389">
     <span class='ocr_line' id='line_1_70' title="bbox 1956 1324 3559 1389; baseline -0.007 -1"><span class='ocrx_word' id='word_1_554' title='bbox 1956 1341 2073 1389; x_wconf 84' lang='lat' dir='ltr'><strong>sunt</strong></span> <span class='ocrx_word' id='word_1_555' title='bbox 2102 1332 2155 1386; x_wconf 86' lang='lat' dir='ltr'><strong>in</strong></span> <span class='ocrx_word' id='word_1_556' title='bbox 2184 1332 2342 1387; x_wconf 71' lang='lat' dir='ltr'><strong>catis.</strong></span> <span class='ocrx_word' id='word_1_557' title='bbox 2373 1330 2440 1385; x_wconf 85' lang='lat' dir='ltr'><strong>Et</strong></span> <span class='ocrx_word' id='word_1_558' title='bbox 2483 1328 2587 1385; x_wconf 84' lang='lat' dir='ltr'><strong>hoc</strong></span> <span class='ocrx_word' id='word_1_559' title='bbox 2621 1342 2808 1382; x_wconf 90' lang='lat' dir='ltr'><strong>rursus</strong></span> <span class='ocrx_word' id='word_1_560' title='bbox 2846 1324 3277 1381; x_wconf 84' lang='lat' dir='ltr'><strong>conversationis</strong></span> <span class='ocrx_word' id='word_1_561' title='bbox 3300 1332 3385 1377; x_wconf 89' lang='lat' dir='ltr'><strong>est</strong></span> <span class='ocrx_word' id='word_1_562' title='bbox 3409 1330 3559 1377; x_wconf 88' lang='lat' dir='ltr'><strong>recte</strong></span> 
     </span>
    </p>
   </div>
   <div class='ocr_carea' id='block_1_71' title="bbox 1959 1414 3565 1491">
    <p class='ocr_par' dir='ltr' id='par_1_71' title="bbox 1959 1414 3565 1491">
     <span class='ocr_line' id='line_1_71' title="bbox 1959 1414 3565 1491; baseline -0.008 -11"><span class='ocrx_word' id='word_1_563' title='bbox 1959 1424 2179 1481; x_wconf 77' lang='lat' dir='ltr'><strong>factum.</strong></span> <span class='ocrx_word' id='word_1_564' title='bbox 2230 1422 2326 1479; x_wconf 85' lang='lat' dir='ltr'><strong>Vis</strong></span> <span class='ocrx_word' id='word_1_565' title='bbox 2355 1422 2517 1478; x_wconf 88' lang='lat' dir='ltr'><strong>etiam</strong></span> <span class='ocrx_word' id='word_1_566' title='bbox 2546 1428 2791 1491; x_wconf 88' lang='lat' dir='ltr'><strong>quartam</strong></span> <span class='ocrx_word' id='word_1_567' title='bbox 2837 1417 2998 1488; x_wconf 87' lang='lat' dir='ltr'><strong>hujus</strong></span> <span class='ocrx_word' id='word_1_568' title='bbox 3036 1417 3115 1472; x_wconf 89' lang='lat' dir='ltr'><strong>rei</strong></span> <span class='ocrx_word' id='word_1_569' title='bbox 3144 1414 3565 1472; x_wconf 86' lang='lat' dir='ltr'><strong>demonstratio-</strong></span> 
     </span>
    </p>
   </div>
   <div class='ocr_carea' id='block_1_72' title="bbox 1958 1508 3561 1587">
    <p class='ocr_par' dir='ltr' id='par_1_72' title="bbox 1958 1508 3561 1587">
     <span class='ocr_line' id='line_1_72' title="bbox 1958 1508 3561 1587; baseline -0.009 -15"><span class='ocrx_word' id='word_1_570' title='bbox 1958 1532 2082 1572; x_wconf 89' lang='lat' dir='ltr'><strong>nem</strong></span> <span class='ocrx_word' id='word_1_571' title='bbox 2124 1514 2498 1587; x_wconf 84' lang='lat' dir='ltr'><strong>cognoscere?</strong></span> <span class='ocrx_word' id='word_1_572' title='bbox 2543 1512 2753 1577; x_wconf 86' lang='lat' dir='ltr'><strong>Luceat,</strong></span> <span class='ocrx_word' id='word_1_573' title='bbox 2805 1510 2998 1581; x_wconf 90' lang='lat' dir='ltr'><strong>inquit,</strong></span> <span class='ocrx_word' id='word_1_574' title='bbox 3045 1508 3139 1564; x_wconf 73' lang='lat' dir='ltr'><strong>tuo;</strong></span> <span class='ocrx_word' id='word_1_575' title='bbox 3181 1518 3347 1563; x_wconf 76' lang='lat' dir='ltr'><strong>vestra</strong></span> <span class='ocrx_word' id='word_1_576' title='bbox 3387 1522 3561 1560; x_wconf 85' lang='lat' dir='ltr'><strong>coram</strong></span> 
     </span>
    </p>
   </div>
   <div class='ocr_carea' id='block_1_73' title="bbox 1960 1598 3557 1673">
    <p class='ocr_par' dir='ltr' id='par_1_73' title="bbox 1960 1598 3557 1673">
     <span class='ocr_line' id='line_1_73' title="bbox 1960 1598 3557 1673; baseline -0.006 -12"><span class='ocrx_word' id='word_1_577' title='bbox 1960 1606 2266 1670; x_wconf 85' lang='lat' dir='ltr'><strong>hominibus,</strong></span> <span class='ocrx_word' id='word_1_578' title='bbox 2309 1614 2363 1658; x_wconf 88' lang='lat' dir='ltr'><strong>ut</strong></span> <span class='ocrx_word' id='word_1_579' title='bbox 2387 1604 2589 1659; x_wconf 77' lang='lat' dir='ltr'><strong>rideant</strong></span> <span class='ocrx_word' id='word_1_580' title='bbox 2614 1618 2769 1673; x_wconf 80' lang='lat' dir='ltr'><strong>opera</strong></span> <span class='ocrx_word' id='word_1_581' title='bbox 2795 1613 2961 1657; x_wconf 78' lang='lat' dir='ltr'><strong>vestra</strong></span> <span class='ocrx_word' id='word_1_582' title='bbox 2987 1600 3141 1664; x_wconf 86' lang='lat' dir='ltr'><strong>bona,</strong></span> <span class='ocrx_word' id='word_1_583' title='bbox 3188 1608 3236 1653; x_wconf 84' lang='lat' dir='ltr'><strong>et</strong></span> <span class='ocrx_word' id='word_1_584' title='bbox 3265 1598 3557 1669; x_wconf 71' lang='lat' dir='ltr'><strong>glorificent</strong></span> 
     </span>
    </p>
   </div>
   <div class='ocr_carea' id='block_1_74' title="bbox 1962 1689 3561 1768">
    <p class='ocr_par' dir='ltr' id='par_1_74' title="bbox 1962 1689 3561 1768">
     <span class='ocr_line' id='line_1_74' title="bbox 1962 1689 3561 1768; baseline -0.006 -13"><span class='ocrx_word' id='word_1_585' title='bbox 1962 1698 2169 1755; x_wconf 83' lang='lat' dir='ltr'><strong>Patrem</strong></span> <span class='ocrx_word' id='word_1_586' title='bbox 2200 1707 2415 1752; x_wconf 79' lang='lat' dir='ltr'><strong>oestrum</strong></span> <span class='ocrx_word' id='word_1_587' title='bbox 2453 1697 2538 1768; x_wconf 87' lang='lat' dir='ltr'><strong>qui</strong></span> <span class='ocrx_word' id='word_1_588' title='bbox 2578 1696 2632 1749; x_wconf 87' lang='lat' dir='ltr'><strong>in</strong></span> <span class='ocrx_word' id='word_1_589' title='bbox 2666 1695 2804 1749; x_wconf 75' lang='lat' dir='ltr'><strong>cazlis</strong></span> <span class='ocrx_word' id='word_1_590' title='bbox 2833 1704 2904 1749; x_wconf 86' lang='lat' dir='ltr'><strong>est</strong></span> <span class='ocrx_word' id='word_1_591' title='bbox 2940 1691 3151 1764; x_wconf 72' lang='lat' dir='ltr'><strong>(Matth.</strong></span> <span class='ocrx_word' id='word_1_592' title='bbox 3190 1691 3246 1746; x_wconf 79' lang='lat'><strong>5.</strong></span> <span class='ocrx_word' id='word_1_593' title='bbox 3275 1690 3389 1761; x_wconf 88' lang='grc'><strong>16).</strong></span> <span class='ocrx_word' id='word_1_594' title='bbox 3420 1689 3561 1746; x_wconf 82' lang='lat' dir='ltr'><strong>Ecce</strong></span> 
     </span>
    </p>
   </div>
   <div class='ocr_carea' id='block_1_75' title="bbox 1962 1783 3560 1861">
    <p class='ocr_par' dir='ltr' id='par_1_75' title="bbox 1962 1783 3560 1861">
     <span class='ocr_line' id='line_1_75' title="bbox 1962 1783 3560 1861; baseline -0.005 -16"><span class='ocrx_word' id='word_1_595' title='bbox 1962 1792 2049 1846; x_wconf 87' lang='lat' dir='ltr'><strong>hic</strong></span> <span class='ocrx_word' id='word_1_596' title='bbox 2087 1805 2303 1861; x_wconf 87' lang='lat' dir='ltr'><strong>quoque</strong></span> <span class='ocrx_word' id='word_1_597' title='bbox 2356 1803 2519 1858; x_wconf 86' lang='lat' dir='ltr'><strong>opera</strong></span> <span class='ocrx_word' id='word_1_598' title='bbox 2569 1795 2879 1842; x_wconf 90' lang='lat' dir='ltr'><strong>occurrunt.</strong></span> <span class='ocrx_word' id='word_1_599' title='bbox 2934 1785 3002 1839; x_wconf 83' lang='lat' dir='ltr'><strong>Et</strong></span> <span class='ocrx_word' id='word_1_600' title='bbox 3045 1798 3168 1839; x_wconf 90' lang='lat' dir='ltr'><strong>cum</strong></span> <span class='ocrx_word' id='word_1_601' title='bbox 3214 1797 3402 1838; x_wconf 87' lang='lat' dir='ltr'><strong>rursus</strong></span> <span class='ocrx_word' id='word_1_602' title='bbox 3442 1783 3560 1837; x_wconf 83' lang='lat' dir='ltr'><strong>ait:</strong></span> 
     </span>
    </p>
   </div>
   <div class='ocr_carea' id='block_1_76' title="bbox 1964 1873 3569 1950">
    <p class='ocr_par' dir='ltr' id='par_1_76' title="bbox 1964 1873 3569 1950">
     <span class='ocr_line' id='line_1_76' title="bbox 1964 1873 3569 1950; baseline -0.006 -14"><span class='ocrx_word' id='word_1_603' title='bbox 1964 1882 2205 1950; x_wconf 79' lang='lat' dir='ltr'><strong>Quisquis</strong></span> <span class='ocrx_word' id='word_1_604' title='bbox 2262 1878 2519 1949; x_wconf 82' lang='lat' dir='ltr'><strong>reliquerit</strong></span> <span class='ocrx_word' id='word_1_605' title='bbox 2563 1878 2792 1944; x_wconf 85' lang='lat' dir='ltr'><strong>domum,</strong></span> <span class='ocrx_word' id='word_1_606' title='bbox 2844 1875 2921 1930; x_wconf 83' lang='lat' dir='ltr'><strong>vel</strong></span> <span class='ocrx_word' id='word_1_607' title='bbox 2972 1876 3179 1945; x_wconf 78' lang='lat' dir='ltr'><strong>fratres,</strong></span> <span class='ocrx_word' id='word_1_608' title='bbox 3230 1873 3311 1928; x_wconf 79' lang='lat' dir='ltr'><strong>vel</strong></span> <span class='ocrx_word' id='word_1_609' title='bbox 3363 1888 3569 1928; x_wconf 85' lang='lat' dir='ltr'><strong>sorores</strong></span> 
     </span>
    </p>
   </div>
   <div class='ocr_carea' id='block_1_77' title="bbox 1963 1969 3564 2045">
    <p class='ocr_par' dir='ltr' id='par_1_77' title="bbox 1963 1969 3564 2045">
     <span class='ocr_line' id='line_1_77' title="bbox 1963 1969 3564 2045; baseline -0.007 -17"><span class='ocrx_word' id='word_1_610' title='bbox 1963 1984 2171 2045; x_wconf 86' lang='lat' dir='ltr'><strong>propter</strong></span> <span class='ocrx_word' id='word_1_611' title='bbox 2196 1990 2293 2036; x_wconf 88' lang='lat' dir='ltr'><strong>me,</strong></span> <span class='ocrx_word' id='word_1_612' title='bbox 2327 1972 2617 2040; x_wconf 87' lang='lat' dir='ltr'><strong>centuplum</strong></span> <span class='ocrx_word' id='word_1_613' title='bbox 2643 1970 2880 2040; x_wconf 81' lang='lat' dir='ltr'><strong>accipiet,</strong></span> <span class='ocrx_word' id='word_1_614' title='bbox 2912 1978 2958 2022; x_wconf 88' lang='lat' dir='ltr'><strong>et</strong></span> <span class='ocrx_word' id='word_1_615' title='bbox 2986 1969 3139 2021; x_wconf 75' lang='lat' dir='ltr'><strong>vitam</strong></span> <span class='ocrx_word' id='word_1_616' title='bbox 3164 1974 3408 2021; x_wconf 66' lang='lat' dir='ltr'><strong>(sternam</strong></span> <span class='ocrx_word' id='word_1_617' title='bbox 3438 1980 3564 2036; x_wconf 83' lang='lat' dir='ltr'><strong>pos-</strong></span> 
     </span>
    </p>
   </div>
   <div class='ocr_carea' id='block_1_78' title="bbox 1961 2058 3572 2138">
    <p class='ocr_par' dir='ltr' id='par_1_78' title="bbox 1961 2058 3572 2138">
     <span class='ocr_line' id='line_1_78' title="bbox 1961 2058 3572 2138; baseline -0.006 -17"><span class='ocrx_word' id='word_1_618' title='bbox 1961 2064 2140 2121; x_wconf 87' lang='lat' dir='ltr'><strong>sidebit</strong></span> <span class='ocrx_word' id='word_1_619' title='bbox 2182 2063 2395 2138; x_wconf 76' lang='lat' dir='ltr'><strong>(Matth.</strong></span> <span class='ocrx_word' id='word_1_620' title='bbox 2444 2062 2533 2119; x_wconf 81' lang='lat' dir='ltr'><strong>l9.</strong></span> <span class='ocrx_word' id='word_1_621' title='bbox 2576 2060 2693 2132; x_wconf 72' lang='lat'><strong>29),</strong></span> <span class='ocrx_word' id='word_1_622' title='bbox 2748 2060 3214 2115; x_wconf 85' lang='lat' dir='ltr'><strong>conversationem</strong></span> <span class='ocrx_word' id='word_1_623' title='bbox 3264 2058 3463 2123; x_wconf 86' lang='lat' dir='ltr'><strong>laudat,</strong></span> <span class='ocrx_word' id='word_1_624' title='bbox 3513 2064 3572 2111; x_wconf 87' lang='lat' dir='ltr'><strong>et</strong></span> 
     </span>
    </p>
   </div>
   <div class='ocr_carea' id='block_1_79' title="bbox 1964 2148 3568 2223">
    <p class='ocr_par' dir='ltr' id='par_1_79' title="bbox 1964 2148 3568 2223">
     <span class='ocr_line' id='line_1_79' title="bbox 1964 2148 3568 2223; baseline -0.009 -8"><span class='ocrx_word' id='word_1_625' title='bbox 1964 2162 2129 2215; x_wconf 86' lang='lat' dir='ltr'><strong>vitam</strong></span> <span class='ocrx_word' id='word_1_626' title='bbox 2175 2168 2441 2215; x_wconf 81' lang='lat' dir='ltr'><strong>exactam.</strong></span> <span class='ocrx_word' id='word_1_627' title='bbox 2474 2155 2637 2212; x_wconf 85' lang='lat' dir='ltr'><strong>Vides</strong></span> <span class='ocrx_word' id='word_1_628' title='bbox 2674 2154 2966 2223; x_wconf 83' lang='lat' dir='ltr'><strong>discipulos</strong></span> <span class='ocrx_word' id='word_1_629' title='bbox 3008 2168 3073 2207; x_wconf 89' lang='lat' dir='ltr'><strong>ex</strong></span> <span class='ocrx_word' id='word_1_630' title='bbox 3119 2165 3185 2206; x_wconf 90' lang='lat' dir='ltr'><strong>eo</strong></span> <span class='ocrx_word' id='word_1_631' title='bbox 3230 2149 3391 2204; x_wconf 83' lang='lat' dir='ltr'><strong>fuisse</strong></span> <span class='ocrx_word' id='word_1_632' title='bbox 3422 2148 3568 2203; x_wconf 87' lang='lat' dir='ltr'><strong>desi-</strong></span> 
     </span>
    </p>
   </div>
   <div class='ocr_carea' id='block_1_80' title="bbox 1965 2239 3569 2324">
    <p class='ocr_par' dir='ltr' id='par_1_80' title="bbox 1965 2239 3569 2324">
     <span class='ocr_line' id='line_1_80' title="bbox 1965 2239 3569 2324; baseline -0.009 -16"><span class='ocrx_word' id='word_1_633' title='bbox 1965 2261 2179 2324; x_wconf 87' lang='lat' dir='ltr'><strong>gnatos,</strong></span> <span class='ocrx_word' id='word_1_634' title='bbox 2231 2251 2374 2322; x_wconf 89' lang='lat' dir='ltr'><strong>quod</strong></span> <span class='ocrx_word' id='word_1_635' title='bbox 2426 2257 2615 2305; x_wconf 88' lang='lat' dir='ltr'><strong>mutuo</strong></span> <span class='ocrx_word' id='word_1_636' title='bbox 2664 2240 2725 2303; x_wconf 84' lang='lat' dir='ltr'><strong>se</strong></span> <span class='ocrx_word' id='word_1_637' title='bbox 2773 2246 3077 2316; x_wconf 80' lang='lat' dir='ltr'><strong>diligerent,</strong></span> <span class='ocrx_word' id='word_1_638' title='bbox 3128 2257 3252 2298; x_wconf 86' lang='lat' dir='ltr'><strong>eum</strong></span> <span class='ocrx_word' id='word_1_639' title='bbox 3307 2256 3435 2295; x_wconf 86' lang='lat' dir='ltr'><strong>vero</strong></span> <span class='ocrx_word' id='word_1_640' title='bbox 3475 2239 3569 2310; x_wconf 87' lang='lat' dir='ltr'><strong>qui</strong></span> 
     </span>
    </p>
   </div>
   <div class='ocr_carea' id='block_1_81' title="bbox 1965 2331 3562 2410">
    <p class='ocr_par' dir='ltr' id='par_1_81' title="bbox 1965 2331 3562 2410">
     <span class='ocr_line' id='line_1_81' title="bbox 1965 2331 3562 2410; baseline -0.008 -11"><span class='ocrx_word' id='word_1_641' title='bbox 1965 2343 2238 2399; x_wconf 84' lang='lat' dir='ltr'><strong>Christum</strong></span> <span class='ocrx_word' id='word_1_642' title='bbox 2277 2345 2435 2410; x_wconf 85' lang='lat' dir='ltr'><strong>supra</strong></span> <span class='ocrx_word' id='word_1_643' title='bbox 2462 2338 2736 2409; x_wconf 88' lang='lat' dir='ltr'><strong>apostolos</strong></span> <span class='ocrx_word' id='word_1_644' title='bbox 2762 2336 3017 2406; x_wconf 83' lang='lat' dir='ltr'><strong>diligebat</strong></span> <span class='ocrx_word' id='word_1_645' title='bbox 3053 2350 3121 2389; x_wconf 93' lang='lat' dir='ltr'><strong>ex</strong></span> <span class='ocrx_word' id='word_1_646' title='bbox 3147 2348 3214 2389; x_wconf 88' lang='lat' dir='ltr'><strong>eo</strong></span> <span class='ocrx_word' id='word_1_647' title='bbox 3241 2331 3562 2395; x_wconf 87' lang='lat' dir='ltr'><strong>innotuissc,</strong></span> 
     </span>
    </p>
   </div>
   <div class='ocr_carea' id='block_1_82' title="bbox 1966 2421 3573 2505">
    <p class='ocr_par' dir='ltr' id='par_1_82' title="bbox 1966 2421 3573 2505">
     <span class='ocr_line' id='line_1_82' title="bbox 1966 2421 3573 2505; baseline -0.007 -16"><span class='ocrx_word' id='word_1_648' title='bbox 1966 2433 2108 2505; x_wconf 91' lang='lat' dir='ltr'><strong>quod</strong></span> <span class='ocrx_word' id='word_1_649' title='bbox 2140 2432 2334 2505; x_wconf 78' lang='lat' dir='ltr'><strong>fratres</strong></span> <span class='ocrx_word' id='word_1_650' title='bbox 2376 2438 2621 2501; x_wconf 84' lang='lat' dir='ltr'><strong>pasceret</strong></span> <span class='ocrx_word' id='word_1_651' title='bbox 2649 2447 2660 2483; x_wconf 91' lang='lat'>:</span> <span class='ocrx_word' id='word_1_652' title='bbox 2690 2443 2786 2484; x_wconf 89' lang='lat' dir='ltr'><strong>eos</strong></span> <span class='ocrx_word' id='word_1_653' title='bbox 2807 2442 2971 2498; x_wconf 86' lang='lat' dir='ltr'><strong>porro</strong></span> <span class='ocrx_word' id='word_1_654' title='bbox 2999 2425 3087 2495; x_wconf 88' lang='lat' dir='ltr'><strong>qui</strong></span> <span class='ocrx_word' id='word_1_655' title='bbox 3110 2423 3349 2493; x_wconf 82' lang='lat' dir='ltr'><strong>gaudere</strong></span> <span class='ocrx_word' id='word_1_656' title='bbox 3369 2421 3573 2477; x_wconf 84' lang='lat' dir='ltr'><strong>debue-</strong></span> 
     </span>
    </p>
   </div>
   <div class='ocr_carea' id='block_1_83' title="bbox 1968 2511 3573 2592">
    <p class='ocr_par' dir='ltr' id='par_1_83' title="bbox 1968 2511 3573 2592">
     <span class='ocr_line' id='line_1_83' title="bbox 1968 2511 3573 2592; baseline -0.009 -12"><span class='ocrx_word' id='word_1_657' title='bbox 1968 2532 2115 2591; x_wconf 87' lang='lat' dir='ltr'><strong>runt,</strong></span> <span class='ocrx_word' id='word_1_658' title='bbox 2143 2538 2249 2577; x_wconf 91' lang='lat' dir='ltr'><strong>non</strong></span> <span class='ocrx_word' id='word_1_659' title='bbox 2290 2537 2356 2577; x_wconf 86' lang='lat' dir='ltr'><strong>ex</strong></span> <span class='ocrx_word' id='word_1_660' title='bbox 2382 2536 2450 2577; x_wconf 88' lang='lat' dir='ltr'><strong>eo</strong></span> <span class='ocrx_word' id='word_1_661' title='bbox 2478 2518 2623 2592; x_wconf 90' lang='lat' dir='ltr'><strong>quod</strong></span> <span class='ocrx_word' id='word_1_662' title='bbox 2663 2518 2920 2589; x_wconf 86' lang='lat' dir='ltr'><strong>ejicerent</strong></span> <span class='ocrx_word' id='word_1_663' title='bbox 2946 2516 3244 2578; x_wconf 65' lang='lat' dir='ltr'><strong>daemones,</strong></span> <span class='ocrx_word' id='word_1_664' title='bbox 3289 2511 3381 2567; x_wconf 80' lang='lat' dir='ltr'><strong>sed</strong></span> <span class='ocrx_word' id='word_1_665' title='bbox 3413 2526 3478 2565; x_wconf 90' lang='lat' dir='ltr'><strong>ex</strong></span> <span class='ocrx_word' id='word_1_666' title='bbox 3505 2526 3573 2565; x_wconf 89' lang='lat' dir='ltr'><strong>co</strong></span> 
     </span>
    </p>
   </div>
   <div class='ocr_carea' id='block_1_84' title="bbox 1967 2601 3574 2685">
    <p class='ocr_par' dir='ltr' id='par_1_84' title="bbox 1967 2601 3574 2685">
     <span class='ocr_line' id='line_1_84' title="bbox 1967 2601 3574 2685; baseline -0.007 -16"><span class='ocrx_word' id='word_1_667' title='bbox 1967 2614 2110 2685; x_wconf 89' lang='lat' dir='ltr'><strong>quod</strong></span> <span class='ocrx_word' id='word_1_668' title='bbox 2136 2618 2324 2669; x_wconf 77' lang='lat' dir='ltr'><strong>earum</strong></span> <span class='ocrx_word' id='word_1_669' title='bbox 2353 2610 2568 2665; x_wconf 88' lang='lat' dir='ltr'><strong>nomina</strong></span> <span class='ocrx_word' id='word_1_670' title='bbox 2613 2610 2811 2679; x_wconf 87' lang='lat' dir='ltr'><strong>scripta</strong></span> <span class='ocrx_word' id='word_1_671' title='bbox 2853 2607 2904 2661; x_wconf 90' lang='lat' dir='ltr'><strong>in</strong></span> <span class='ocrx_word' id='word_1_672' title='bbox 2931 2605 3077 2660; x_wconf 70' lang='lat' dir='ltr'><strong>czelis</strong></span> <span class='ocrx_word' id='word_1_673' title='bbox 3102 2613 3304 2666; x_wconf 88' lang='lat' dir='ltr'><strong>essent,</strong></span> <span class='ocrx_word' id='word_1_674' title='bbox 3334 2601 3574 2672; x_wconf 83' lang='lat' dir='ltr'><strong>gaudere</strong></span> 
     </span>
    </p>
   </div>
   <div class='ocr_carea' id='block_1_85' title="bbox 1963 2692 3567 2775">
    <p class='ocr_par' dir='ltr' id='par_1_85' title="bbox 1963 2692 3567 2775">
     <span class='ocr_line' id='line_1_85' title="bbox 1963 2692 3567 2775; baseline -0.006 -20"><span class='ocrx_word' id='word_1_675' title='bbox 1963 2704 2145 2775; x_wconf 77' lang='lat' dir='ltr'><strong>jussus</strong></span> <span class='ocrx_word' id='word_1_676' title='bbox 2183 2718 2325 2768; x_wconf 87' lang='lat' dir='ltr'><strong>esse,</strong></span> <span class='ocrx_word' id='word_1_677' title='bbox 2371 2710 2532 2771; x_wconf 86' lang='lat' dir='ltr'><strong>atque</strong></span> <span class='ocrx_word' id='word_1_678' title='bbox 2562 2700 2682 2755; x_wconf 92' lang='lat' dir='ltr'><strong>illos</strong></span> <span class='ocrx_word' id='word_1_679' title='bbox 2710 2698 2800 2769; x_wconf 90' lang='lat' dir='ltr'><strong>qui</strong></span> <span class='ocrx_word' id='word_1_680' title='bbox 2857 2697 3023 2752; x_wconf 88' lang='lat' dir='ltr'><strong>Deum</strong></span> <span class='ocrx_word' id='word_1_681' title='bbox 3066 2693 3453 2765; x_wconf 79' lang='lat' dir='ltr'><strong>gloriﬁcarent,</strong></span> <span class='ocrx_word' id='word_1_682' title='bbox 3496 2692 3567 2746; x_wconf 90' lang='lat' dir='ltr'><strong>ab</strong></span> 
     </span>
    </p>
   </div>
   <div class='ocr_carea' id='block_1_86' title="bbox 1970 2782 3571 2866">
    <p class='ocr_par' dir='ltr' id='par_1_86' title="bbox 1970 2782 3571 2866">
     <span class='ocr_line' id='line_1_86' title="bbox 1970 2782 3571 2866; baseline -0.009 -16"><span class='ocrx_word' id='word_1_683' title='bbox 1970 2809 2195 2866; x_wconf 86' lang='lat' dir='ltr'><strong>operum</strong></span> <span class='ocrx_word' id='word_1_684' title='bbox 2244 2791 2534 2863; x_wconf 73' lang='lat' dir='ltr'><strong>Splendore</strong></span> <span class='ocrx_word' id='word_1_685' title='bbox 2580 2790 2743 2845; x_wconf 79' lang='lat' dir='ltr'><strong>fuisse</strong></span> <span class='ocrx_word' id='word_1_686' title='bbox 2781 2788 3124 2857; x_wconf 82' lang='lat' dir='ltr'><strong>designatos;</strong></span> <span class='ocrx_word' id='word_1_687' title='bbox 3180 2799 3276 2839; x_wconf 88' lang='lat' dir='ltr'><strong>eos</strong></span> <span class='ocrx_word' id='word_1_688' title='bbox 3316 2797 3447 2838; x_wconf 89' lang='lat' dir='ltr'><strong>vero</strong></span> <span class='ocrx_word' id='word_1_689' title='bbox 3482 2782 3571 2851; x_wconf 83' lang='lat' dir='ltr'><strong>qui</strong></span> 
     </span>
    </p>
   </div>
   <div class='ocr_carea' id='block_1_87' title="bbox 1970 2873 3575 2956">
    <p class='ocr_par' dir='ltr' id='par_1_87' title="bbox 1970 2873 3575 2956">
     <span class='ocr_line' id='line_1_87' title="bbox 1970 2873 3575 2956; baseline -0.01 -14"><span class='ocrx_word' id='word_1_690' title='bbox 1970 2888 2135 2942; x_wconf 89' lang='lat' dir='ltr'><strong>vitam</strong></span> <span class='ocrx_word' id='word_1_691' title='bbox 2178 2894 2615 2956; x_wconf 89' lang='lat' dir='ltr'><strong>assequcrcutttr,</strong></span> <span class='ocrx_word' id='word_1_692' title='bbox 2667 2891 2721 2937; x_wconf 91' lang='lat' dir='ltr'><strong>et</strong></span> <span class='ocrx_word' id='word_1_693' title='bbox 2770 2882 3079 2950; x_wconf 87' lang='lat' dir='ltr'><strong>centuplum</strong></span> <span class='ocrx_word' id='word_1_694' title='bbox 3120 2878 3448 2947; x_wconf 86' lang='lat' dir='ltr'><strong>acciperent,</strong></span> <span class='ocrx_word' id='word_1_695' title='bbox 3496 2873 3575 2927; x_wconf 83' lang='lat' dir='ltr'><strong>id-</strong></span> 
     </span>
    </p>
   </div>
   <div class='ocr_carea' id='block_1_88' title="bbox 1971 2967 3574 3047">
    <p class='ocr_par' dir='ltr' id='par_1_88' title="bbox 1971 2967 3574 3047">
     <span class='ocr_line' id='line_1_88' title="bbox 1971 2967 3574 3047; baseline -0.011 -12"><span class='ocrx_word' id='word_1_696' title='bbox 1971 2979 2117 3035; x_wconf 85' lang='lat' dir='ltr'><strong>circo</strong></span> <span class='ocrx_word' id='word_1_697' title='bbox 2140 2978 2403 3047; x_wconf 60' lang='lat' dir='ltr'><strong>ejusmodi</strong></span> <span class='ocrx_word' id='word_1_698' title='bbox 2433 2989 2655 3029; x_wconf 87' lang='lat' dir='ltr'><strong>munere</strong></span> <span class='ocrx_word' id='word_1_699' title='bbox 2672 2972 2883 3037; x_wconf 90' lang='lat' dir='ltr'><strong>donari,</strong></span> <span class='ocrx_word' id='word_1_700' title='bbox 2906 2969 3050 3041; x_wconf 91' lang='lat' dir='ltr'><strong>quod</strong></span> <span class='ocrx_word' id='word_1_701' title='bbox 3071 2967 3353 3039; x_wconf 78' lang='lat' dir='ltr'><strong>praesentia</strong></span> <span class='ocrx_word' id='word_1_702' title='bbox 3377 2974 3574 3019; x_wconf 86' lang='lat' dir='ltr'><strong>cuncta</strong></span> 
     </span>
    </p>
   </div>
   <div class='ocr_carea' id='block_1_89' title="bbox 1971 3057 3567 3137">
    <p class='ocr_par' dir='ltr' id='par_1_89' title="bbox 1971 3057 3567 3137">
     <span class='ocr_line' id='line_1_89' title="bbox 1971 3057 3567 3137; baseline -0.01 -13"><span class='ocrx_word' id='word_1_703' title='bbox 1971 3068 2418 3137; x_wconf 87' lang='lat' dir='ltr'><strong>contempserint.</strong></span> <span class='ocrx_word' id='word_1_704' title='bbox 2444 3066 2553 3120; x_wconf 88' lang='lat' dir='ltr'><strong>llos</strong></span> <span class='ocrx_word' id='word_1_705' title='bbox 2579 3078 2770 3118; x_wconf 85' lang='lat' dir='ltr'><strong>omnes</strong></span> <span class='ocrx_word' id='word_1_706' title='bbox 2803 3063 3033 3125; x_wconf 83' lang='lat' dir='ltr'><strong>imitare,</strong></span> <span class='ocrx_word' id='word_1_707' title='bbox 3050 3057 3417 3128; x_wconf 89' lang='lat' dir='ltr'><strong>etdiscipulus</strong></span> <span class='ocrx_word' id='word_1_708' title='bbox 3442 3070 3567 3111; x_wconf 76' lang='lat' dir='ltr'><strong>esse</strong></span> 
     </span>
    </p>
   </div>
   <div class='ocr_carea' id='block_1_90' title="bbox 1974 3146 3577 3230">
    <p class='ocr_par' dir='ltr' id='par_1_90' title="bbox 1974 3146 3577 3230">
     <span class='ocr_line' id='line_1_90' title="bbox 1974 3146 3577 3230; baseline -0.006 -20"><span class='ocrx_word' id='word_1_709' title='bbox 1974 3160 2195 3230; x_wconf 79' lang='lat' dir='ltr'><strong>puteris,</strong></span> <span class='ocrx_word' id='word_1_710' title='bbox 2224 3168 2383 3228; x_wconf 88' lang='lat' dir='ltr'><strong>atque</strong></span> <span class='ocrx_word' id='word_1_711' title='bbox 2407 3158 2544 3211; x_wconf 90' lang='lat' dir='ltr'><strong>inter</strong></span> <span class='ocrx_word' id='word_1_712' title='bbox 2569 3154 2773 3209; x_wconf 88' lang='lat' dir='ltr'><strong>amicos</strong></span> <span class='ocrx_word' id='word_1_713' title='bbox 2799 3152 2892 3209; x_wconf 85' lang='lat' dir='ltr'><strong>Dei</strong></span> <span class='ocrx_word' id='word_1_714' title='bbox 2934 3152 3229 3213; x_wconf 86' lang='lat' dir='ltr'><strong>numerari,</strong></span> <span class='ocrx_word' id='word_1_715' title='bbox 3258 3149 3423 3203; x_wconf 89' lang='lat' dir='ltr'><strong>Deum</strong></span> <span class='ocrx_word' id='word_1_716' title='bbox 3459 3146 3577 3217; x_wconf 82' lang='lat' dir='ltr'><strong>glo—</strong></span> 
     </span>
    </p>
   </div>
   <div class='ocr_carea' id='block_1_91' title="bbox 1974 3240 3573 3320">
    <p class='ocr_par' dir='ltr' id='par_1_91' title="bbox 1974 3240 3573 3320">
     <span class='ocr_line' id='line_1_91' title="bbox 1974 3240 3573 3320; baseline -0.011 -10"><span class='ocrx_word' id='word_1_717' title='bbox 1974 3255 2207 3320; x_wconf 88' lang='lat' dir='ltr'><strong>rilicare,</strong></span> <span class='ocrx_word' id='word_1_718' title='bbox 2230 3267 2293 3308; x_wconf 89' lang='lat' dir='ltr'><strong>ac</strong></span> <span class='ocrx_word' id='word_1_719' title='bbox 2321 3251 2429 3306; x_wconf 89' lang='lat' dir='ltr'><strong>vita</strong></span> <span class='ocrx_word' id='word_1_720' title='bbox 2455 3261 2656 3305; x_wconf 64' lang='lat' dir='ltr'><strong>acterna</strong></span> <span class='ocrx_word' id='word_1_721' title='bbox 2684 3247 2843 3317; x_wconf 88' lang='lat' dir='ltr'><strong>potiri</strong></span> <span class='ocrx_word' id='word_1_722' title='bbox 2876 3264 2891 3302; x_wconf 89' lang='lat'><strong>:</strong></span> <span class='ocrx_word' id='word_1_723' title='bbox 2916 3260 3017 3302; x_wconf 87' lang='lat' dir='ltr'><strong>nec</strong></span> <span class='ocrx_word' id='word_1_724' title='bbox 3047 3243 3432 3315; x_wconf 88' lang='lat' dir='ltr'><strong>impedimento</strong></span> <span class='ocrx_word' id='word_1_725' title='bbox 3462 3240 3573 3294; x_wconf 91' lang='lat' dir='ltr'><strong>ullo</strong></span> 
     </span>
    </p>
   </div>
   <div class='ocr_carea' id='block_1_92' title="bbox 1981 3332 3577 3413">
    <p class='ocr_par' dir='ltr' id='par_1_92' title="bbox 1981 3332 3577 3413">
     <span class='ocr_line' id='line_1_92' title="bbox 1981 3332 3577 3413; baseline -0.012 -12"><span class='ocrx_word' id='word_1_726' title='bbox 1981 3348 2074 3401; x_wconf 86' lang='lat' dir='ltr'><strong>tibi</strong></span> <span class='ocrx_word' id='word_1_727' title='bbox 2123 3360 2245 3400; x_wconf 87' lang='lat' dir='ltr'><strong>esse</strong></span> <span class='ocrx_word' id='word_1_728' title='bbox 2274 3343 2487 3413; x_wconf 86' lang='lat' dir='ltr'><strong>poterit,</strong></span> <span class='ocrx_word' id='word_1_729' title='bbox 2529 3339 2818 3411; x_wconf 85' lang='lat' dir='ltr'><strong>quominus</strong></span> <span class='ocrx_word' id='word_1_730' title='bbox 2859 3337 2997 3392; x_wconf 84' lang='lat' dir='ltr'><strong>bona</strong></span> <span class='ocrx_word' id='word_1_731' title='bbox 3042 3334 3348 3411; x_wconf 76' lang='lat' dir='ltr'><strong>assequaris</strong></span> <span class='ocrx_word' id='word_1_732' title='bbox 3375 3332 3577 3397; x_wconf 90' lang='lat' dir='ltr'><strong>omnia,</strong></span> 
     </span>
    </p>
   </div>
   <div class='ocr_carea' id='block_1_93' title="bbox 1977 3422 3584 3509">
    <p class='ocr_par' dir='ltr' id='par_1_93' title="bbox 1977 3422 3584 3509">
     <span class='ocr_line' id='line_1_93' title="bbox 1977 3422 3584 3509; baseline -0.011 -17"><span class='ocrx_word' id='word_1_733' title='bbox 1977 3436 2121 3509; x_wconf 88' lang='lat' dir='ltr'><strong>quod</strong></span> <span class='ocrx_word' id='word_1_734' title='bbox 2142 3436 2290 3506; x_wconf 87' lang='lat' dir='ltr'><strong>signa</strong></span> <span class='ocrx_word' id='word_1_735' title='bbox 2318 3448 2425 3488; x_wconf 88' lang='lat' dir='ltr'><strong>non</strong></span> <span class='ocrx_word' id='word_1_736' title='bbox 2447 3431 2631 3497; x_wconf 80' lang='lat' dir='ltr'><strong>facias,</strong></span> <span class='ocrx_word' id='word_1_737' title='bbox 2667 3432 2711 3484; x_wconf 90' lang='lat' dir='ltr'><strong>si</strong></span> <span class='ocrx_word' id='word_1_738' title='bbox 2741 3426 3208 3484; x_wconf 82' lang='lat' dir='ltr'><strong>conversationem</strong></span> <span class='ocrx_word' id='word_1_739' title='bbox 3242 3422 3497 3477; x_wconf 87' lang='lat' dir='ltr'><strong>mundam</strong></span> <span class='ocrx_word' id='word_1_740' title='bbox 3524 3430 3584 3477; x_wconf 87' lang='lat' dir='ltr'><strong>et</strong></span> 
     </span>
    </p>
   </div>
   <div class='ocr_carea' id='block_1_94' title="bbox 1978 3514 3578 3595">
    <p class='ocr_par' dir='ltr' id='par_1_94' title="bbox 1978 3514 3578 3595">
     <span class='ocr_line' id='line_1_94' title="bbox 1978 3514 3578 3595; baseline -0.012 -11"><span class='ocrx_word' id='word_1_741' title='bbox 1978 3538 2221 3584; x_wconf 81' lang='lat' dir='ltr'><strong>exactam</strong></span> <span class='ocrx_word' id='word_1_742' title='bbox 2248 3541 2356 3595; x_wconf 82' lang='lat' dir='ltr'><strong>pra:</strong></span> <span class='ocrx_word' id='word_1_743' title='bbox 2388 3532 2439 3578; x_wconf 87' lang='lat' dir='ltr'><strong>te</strong></span> <span class='ocrx_word' id='word_1_744' title='bbox 2468 3523 2534 3577; x_wconf 82' lang='lat' dir='ltr'><strong>fet</strong></span> <span class='ocrx_word' id='word_1_745' title='bbox 2549 3538 2627 3575; x_wconf 91' lang='lat' dir='ltr'><strong>as.</strong></span> <span class='ocrx_word' id='word_1_746' title='bbox 2653 3520 2785 3575; x_wconf 77' lang='lat' dir='ltr'><strong>Nam</strong></span> <span class='ocrx_word' id='word_1_747' title='bbox 2812 3530 2862 3574; x_wconf 88' lang='lat' dir='ltr'><strong>et</strong></span> <span class='ocrx_word' id='word_1_748' title='bbox 2892 3518 3009 3588; x_wconf 83' lang='lat' dir='ltr'><strong>ipse</strong></span> <span class='ocrx_word' id='word_1_749' title='bbox 3039 3518 3231 3572; x_wconf 85' lang='lat' dir='ltr'><strong>Petrus</strong></span> <span class='ocrx_word' id='word_1_750' title='bbox 3257 3514 3358 3568; x_wconf 92' lang='lat' dir='ltr'><strong>hoc</strong></span> <span class='ocrx_word' id='word_1_751' title='bbox 3382 3528 3578 3567; x_wconf 84' lang='lat' dir='ltr'><strong>nomen</strong></span> 
     </span>
    </p>
   </div>
   <div class='ocr_carea' id='block_1_95' title="bbox 1979 3606 3582 3687">
    <p class='ocr_par' dir='ltr' id='par_1_95' title="bbox 1979 3606 3582 3687">
     <span class='ocr_line' id='line_1_95' title="bbox 1979 3606 3582 3687; baseline -0.009 -14"><span class='ocrx_word' id='word_1_752' title='bbox 1979 3634 2087 3673; x_wconf 90' lang='lat' dir='ltr'><strong>non</strong></span> <span class='ocrx_word' id='word_1_753' title='bbox 2121 3627 2338 3687; x_wconf 87' lang='lat' dir='ltr'><strong>propter</strong></span> <span class='ocrx_word' id='word_1_754' title='bbox 2368 3613 2623 3669; x_wconf 82' lang='lat' dir='ltr'><strong>miracula</strong></span> <span class='ocrx_word' id='word_1_755' title='bbox 2664 3612 2744 3665; x_wconf 80' lang='lat' dir='ltr'><strong>vel</strong></span> <span class='ocrx_word' id='word_1_756' title='bbox 2772 3612 2923 3682; x_wconf 82' lang='lat' dir='ltr'><strong>signa</strong></span> <span class='ocrx_word' id='word_1_757' title='bbox 2956 3609 3181 3679; x_wconf 89' lang='lat' dir='ltr'><strong>recepit,</strong></span> <span class='ocrx_word' id='word_1_758' title='bbox 3224 3606 3319 3662; x_wconf 90' lang='lat' dir='ltr'><strong>sed</strong></span> <span class='ocrx_word' id='word_1_759' title='bbox 3360 3614 3582 3676; x_wconf 78' lang='lat' dir='ltr'><strong>propter</strong></span> 
     </span>
    </p>
   </div>
   <div class='ocr_carea' id='block_1_96' title="bbox 1979 3699 3584 3775">
    <p class='ocr_par' dir='ltr' id='par_1_96' title="bbox 1979 3699 3584 3775">
     <span class='ocr_line' id='line_1_96' title="bbox 1979 3699 3584 3775; baseline -0.01 -10"><span class='ocrx_word' id='word_1_760' title='bbox 1979 3709 2175 3775; x_wconf 82' lang='lat' dir='ltr'><strong>zelum,</strong></span> <span class='ocrx_word' id='word_1_761' title='bbox 2203 3721 2550 3774; x_wconf 70' lang='lat' dir='ltr'><strong>amoremque</strong></span> <span class='ocrx_word' id='word_1_762' title='bbox 2576 3704 2864 3759; x_wconf 87' lang='lat' dir='ltr'><strong>sincerum.</strong></span> <span class='ocrx_word' id='word_1_763' title='bbox 2891 3701 3072 3771; x_wconf 83' lang='lat' dir='ltr'><strong>Neque</strong></span> <span class='ocrx_word' id='word_1_764' title='bbox 3102 3701 3245 3755; x_wconf 91' lang='lat' dir='ltr'><strong>enim</strong></span> <span class='ocrx_word' id='word_1_765' title='bbox 3276 3699 3397 3769; x_wconf 84' lang='lat' dir='ltr'><strong>quia</strong></span> <span class='ocrx_word' id='word_1_766' title='bbox 3431 3712 3584 3751; x_wconf 84' lang='lat' dir='ltr'><strong>mor-</strong></span> 
     </span>
    </p>
   </div>
   <div class='ocr_carea' id='block_1_97' title="bbox 1982 3787 3583 3865">
    <p class='ocr_par' dir='ltr' id='par_1_97' title="bbox 1982 3787 3583 3865">
     <span class='ocr_line' id='line_1_97' title="bbox 1982 3787 3583 3865; baseline -0.007 -12"><span class='ocrx_word' id='word_1_767' title='bbox 1982 3808 2103 3855; x_wconf 90' lang='lat' dir='ltr'><strong>tuos</strong></span> <span class='ocrx_word' id='word_1_768' title='bbox 2123 3798 2428 3860; x_wconf 74' lang='lat' dir='ltr'><strong>suscitaret,</strong></span> <span class='ocrx_word' id='word_1_769' title='bbox 2459 3804 2549 3849; x_wconf 91' lang='lat' dir='ltr'><strong>aut</strong></span> <span class='ocrx_word' id='word_1_770' title='bbox 2570 3795 2693 3865; x_wconf 86' lang='lat' dir='ltr'><strong>quia</strong></span> <span class='ocrx_word' id='word_1_771' title='bbox 2721 3793 2970 3847; x_wconf 85' lang='lat' dir='ltr'><strong>claudum</strong></span> <span class='ocrx_word' id='word_1_772' title='bbox 2996 3800 3278 3865; x_wconf 82' lang='lat' dir='ltr'><strong>erexerat,</strong></span> <span class='ocrx_word' id='word_1_773' title='bbox 3296 3789 3374 3842; x_wconf 90' lang='lat' dir='ltr'><strong>sic</strong></span> <span class='ocrx_word' id='word_1_774' title='bbox 3400 3787 3583 3857; x_wconf 88' lang='lat' dir='ltr'><strong>appel-</strong></span> 
     </span>
    </p>
   </div>
   <div class='ocr_carea' id='block_1_98' title="bbox 1980 3879 3580 3956">
    <p class='ocr_par' dir='ltr' id='par_1_98' title="bbox 1980 3879 3580 3956">
     <span class='ocr_line' id='line_1_98' title="bbox 1980 3879 3580 3956; baseline -0.008 -12"><span class='ocrx_word' id='word_1_775' title='bbox 1980 3890 2121 3944; x_wconf 90' lang='lat' dir='ltr'><strong>latus</strong></span> <span class='ocrx_word' id='word_1_776' title='bbox 2147 3898 2263 3953; x_wconf 87' lang='lat' dir='ltr'><strong>est;</strong></span> <span class='ocrx_word' id='word_1_777' title='bbox 2296 3888 2390 3943; x_wconf 85' lang='lat' dir='ltr'><strong>sed</strong></span> <span class='ocrx_word' id='word_1_778' title='bbox 2421 3887 2546 3956; x_wconf 83' lang='lat' dir='ltr'><strong>quia</strong></span> <span class='ocrx_word' id='word_1_779' title='bbox 2590 3886 2748 3939; x_wconf 84' lang='lat' dir='ltr'><strong>tidem</strong></span> <span class='ocrx_word' id='word_1_780' title='bbox 2780 3899 2903 3939; x_wconf 91' lang='lat' dir='ltr'><strong>cum</strong></span> <span class='ocrx_word' id='word_1_781' title='bbox 2943 3881 3283 3937; x_wconf 72' lang='lat' dir='ltr'><strong>confessione</strong></span> <span class='ocrx_word' id='word_1_782' title='bbox 3311 3879 3580 3933; x_wconf 72' lang='lat' dir='ltr'><strong>sinceram</strong></span> 
     </span>
    </p>
   </div>
   <div class='ocr_carea' id='block_1_99' title="bbox 1981 3966 3583 4045">
    <p class='ocr_par' dir='ltr' id='par_1_99' title="bbox 1981 3966 3583 4045">
     <span class='ocr_line' id='line_1_99' title="bbox 1981 3966 3583 4045; baseline -0.009 -10"><span class='ocrx_word' id='word_1_783' title='bbox 1981 3978 2323 4045; x_wconf 83' lang='lat' dir='ltr'><strong>exhibuerat,</strong></span> <span class='ocrx_word' id='word_1_784' title='bbox 2374 3978 2475 4031; x_wconf 86' lang='lat' dir='ltr'><strong>hoc</strong></span> <span class='ocrx_word' id='word_1_785' title='bbox 2524 3990 2723 4029; x_wconf 89' lang='lat' dir='ltr'><strong>nomen</strong></span> <span class='ocrx_word' id='word_1_786' title='bbox 2777 3972 3025 4028; x_wconf 90' lang='lat' dir='ltr'><strong>ohtinuit.</strong></span> <span class='ocrx_word' id='word_1_787' title='bbox 3068 3970 3149 4024; x_wconf 87' lang='lat' dir='ltr'><strong>Tu</strong></span> <span class='ocrx_word' id='word_1_788' title='bbox 3193 3987 3244 4024; x_wconf 85' lang='lat' dir='ltr'><strong>cs</strong></span> <span class='ocrx_word' id='word_1_789' title='bbox 3300 3966 3504 4032; x_wconf 86' lang='lat' dir='ltr'><strong>Petrus,</strong></span> <span class='ocrx_word' id='word_1_790' title='bbox 3534 3977 3583 4021; x_wconf 88' lang='lat' dir='ltr'><strong>et</strong></span> 
     </span>
    </p>
   </div>
   <div class='ocr_carea' id='block_1_100' title="bbox 1979 4058 3580 4141">
    <p class='ocr_par' dir='ltr' id='par_1_100' title="bbox 1979 4058 3580 4141">
     <span class='ocr_line' id='line_1_100' title="bbox 1979 4058 3580 4141; baseline -0.009 -16"><span class='ocrx_word' id='word_1_791' title='bbox 1979 4088 2133 4141; x_wconf 87' lang='lat' dir='ltr'><strong>super</strong></span> <span class='ocrx_word' id='word_1_792' title='bbox 2149 4072 2281 4125; x_wconf 86' lang='lat' dir='ltr'><strong>hanc</strong></span> <span class='ocrx_word' id='word_1_793' title='bbox 2296 4080 2485 4140; x_wconf 85' lang='lat' dir='ltr'><strong>petram</strong></span> <span class='ocrx_word' id='word_1_794' title='bbox 2499 4064 2763 4136; x_wconf 74' lang='lat' dir='ltr'><strong>tedilicabo</strong></span> <span class='ocrx_word' id='word_1_795' title='bbox 2786 4064 3063 4118; x_wconf 82' lang='lat' dir='ltr'><strong>Ecclesium</strong></span> <span class='ocrx_word' id='word_1_796' title='bbox 3078 4079 3239 4116; x_wconf 83' lang='lat' dir='ltr'><strong>meum</strong></span> <span class='ocrx_word' id='word_1_797' title='bbox 3258 4058 3470 4132; x_wconf 75' lang='lat' dir='ltr'><strong>(Matth.</strong></span> <span class='ocrx_word' id='word_1_798' title='bbox 3492 4059 3580 4114; x_wconf 80' lang='lat' dir='ltr'><strong>lli.</strong></span> 
     </span>
    </p>
   </div>
   <div class='ocr_carea' id='block_1_101' title="bbox 1983 4148 3582 4232">
    <p class='ocr_par' dir='ltr' id='par_1_101' title="bbox 1983 4148 3582 4232">
     <span class='ocr_line' id='line_1_101' title="bbox 1983 4148 3582 4232; baseline -0.01 -15"><span class='ocrx_word' id='word_1_799' title='bbox 1983 4160 2095 4232; x_wconf 83' lang='grc'><strong>18).</strong></span> <span class='ocrx_word' id='word_1_800' title='bbox 2124 4162 2293 4227; x_wconf 80' lang='lat' dir='ltr'><strong>Quam</strong></span> <span class='ocrx_word' id='word_1_801' title='bbox 2334 4159 2403 4214; x_wconf 91' lang='lat' dir='ltr'><strong>ob</strong></span> <span class='ocrx_word' id='word_1_802' title='bbox 2431 4156 2693 4213; x_wconf 76' lang='lat' dir='ltr'><strong>causam?</strong></span> <span class='ocrx_word' id='word_1_803' title='bbox 2722 4154 2835 4209; x_wconf 76' lang='lat' dir='ltr'><strong>Non</strong></span> <span class='ocrx_word' id='word_1_804' title='bbox 2865 4154 2989 4224; x_wconf 91' lang='lat' dir='ltr'><strong>quia</strong></span> <span class='ocrx_word' id='word_1_805' title='bbox 3016 4151 3135 4205; x_wconf 79' lang='lat' dir='ltr'><strong>fecit</strong></span> <span class='ocrx_word' id='word_1_806' title='bbox 3176 4150 3458 4232; x_wconf 81' lang='lat' dir='ltr'><strong>miracula,</strong></span> <span class='ocrx_word' id='word_1_807' title='bbox 3485 4148 3582 4203; x_wconf 83' lang='lat' dir='ltr'><strong>sed</strong></span> 
     </span>
    </p>
   </div>
   <div class='ocr_carea' id='block_1_102' title="bbox 1980 4229 3580 4323">
    <p class='ocr_par' dir='ltr' id='par_1_102' title="bbox 1980 4229 3580 4323">
     <span class='ocr_line' id='line_1_102' title="bbox 1980 4229 3580 4323; baseline -0.006 -20"><span class='ocrx_word' id='word_1_808' title='bbox 1980 4229 2103 4323; x_wconf 84' lang='lat' dir='ltr'><strong>quia</strong></span> <span class='ocrx_word' id='word_1_809' title='bbox 2132 4251 2289 4316; x_wconf 86' lang='lat' dir='ltr'><strong>dixit,</strong></span> <span class='ocrx_word' id='word_1_810' title='bbox 2312 4248 2388 4303; x_wconf 83' lang='lat' dir='ltr'><strong>Tu</strong></span> <span class='ocrx_word' id='word_1_811' title='bbox 2418 4265 2469 4302; x_wconf 87' lang='lat' dir='ltr'><strong>es</strong></span> <span class='ocrx_word' id='word_1_812' title='bbox 2498 4246 2726 4302; x_wconf 86' lang='lat' dir='ltr'><strong>Christus</strong></span> <span class='ocrx_word' id='word_1_813' title='bbox 2750 4243 2797 4298; x_wconf 64' lang='grc' dir='ltr'><strong>1Γ</strong></span> <span class='ocrx_word' id='word_1_814' title='bbox 2798 4244 2917 4298; x_wconf 86' lang='lat' dir='ltr'><strong>ilius</strong></span> <span class='ocrx_word' id='word_1_815' title='bbox 2944 4240 3040 4295; x_wconf 86' lang='lat' dir='ltr'><strong>Dei</strong></span> <span class='ocrx_word' id='word_1_816' title='bbox 3070 4240 3188 4295; x_wconf 77' lang='lat' dir='ltr'><strong>vivi.</strong></span> <span class='ocrx_word' id='word_1_817' title='bbox 3215 4229 3375 4295; x_wconf 67' lang='lat' dir='ltr'><strong>Vides</strong></span> <span class='ocrx_word' id='word_1_818' title='bbox 3405 4238 3580 4308; x_wconf 85' lang='lat' dir='ltr'><strong>ipsam</strong></span> 
     </span>
    </p>
   </div>
   <div class='ocr_carea' id='block_1_103' title="bbox 1980 4330 3582 4412">
    <p class='ocr_par' dir='ltr' id='par_1_103' title="bbox 1980 4330 3582 4412">
     <span class='ocr_line' id='line_1_103' title="bbox 1980 4330 3582 4412; baseline -0.011 -12"><span class='ocrx_word' id='word_1_819' title='bbox 1980 4345 2142 4400; x_wconf 89' lang='lat' dir='ltr'><strong>etiam</strong></span> <span class='ocrx_word' id='word_1_820' title='bbox 2176 4343 2320 4399; x_wconf 78' lang='lat' dir='ltr'><strong>Petri</strong></span> <span class='ocrx_word' id='word_1_821' title='bbox 2362 4339 2774 4412; x_wconf 86' lang='lat' dir='ltr'><strong>appellationem</strong></span> <span class='ocrx_word' id='word_1_822' title='bbox 2821 4349 2926 4391; x_wconf 90' lang='lat' dir='ltr'><strong>non</strong></span> <span class='ocrx_word' id='word_1_823' title='bbox 2963 4349 2993 4387; x_wconf 91' lang='lat' dir='ltr'><strong>a</strong></span> <span class='ocrx_word' id='word_1_824' title='bbox 3040 4333 3334 4398; x_wconf 86' lang='lat' dir='ltr'><strong>miraculis,</strong></span> <span class='ocrx_word' id='word_1_825' title='bbox 3370 4330 3465 4386; x_wconf 80' lang='lat' dir='ltr'><strong>sed</strong></span> <span class='ocrx_word' id='word_1_826' title='bbox 3512 4330 3582 4383; x_wconf 87' lang='lat' dir='ltr'><strong>ah</strong></span> 
     </span>
    </p>
   </div>
   <div class='ocr_carea' id='block_1_104' title="bbox 1982 4421 3583 4493">
    <p class='ocr_par' dir='ltr' id='par_1_104' title="bbox 1982 4421 3583 4493">
     <span class='ocr_line' id='line_1_104' title="bbox 1982 4421 3583 4493; baseline -0.009 -3"><span class='ocrx_word' id='word_1_827' title='bbox 1982 4435 2192 4490; x_wconf 87' lang='lat' dir='ltr'><strong>ardenti</strong></span> <span class='ocrx_word' id='word_1_828' title='bbox 2238 4434 2355 4489; x_wconf 60' lang='lat' dir='ltr'><strong>zelo</strong></span> <span class='ocrx_word' id='word_1_829' title='bbox 2395 4432 2604 4486; x_wconf 90' lang='lat' dir='ltr'><strong>initium</strong></span> <span class='ocrx_word' id='word_1_830' title='bbox 2635 4426 2897 4483; x_wconf 82' lang='lat' dir='ltr'><strong>duxisse?</strong></span> <span class='ocrx_word' id='word_1_831' title='bbox 2938 4423 3135 4480; x_wconf 90' lang='lat' dir='ltr'><strong>Verum</strong></span> <span class='ocrx_word' id='word_1_832' title='bbox 3180 4422 3395 4493; x_wconf 88' lang='lat' dir='ltr'><strong>quando</strong></span> <span class='ocrx_word' id='word_1_833' title='bbox 3437 4421 3583 4477; x_wconf 89' lang='lat' dir='ltr'><strong>l‘etri</strong></span> 
     </span>
    </p>
   </div>
   <div class='ocr_carea' id='block_1_105' title="bbox 1983 4513 3583 4591">
    <p class='ocr_par' dir='ltr' id='par_1_105' title="bbox 1983 4513 3583 4591">
     <span class='ocr_line' id='line_1_105' title="bbox 1983 4513 3583 4591; baseline -0.009 -10"><span class='ocrx_word' id='word_1_834' title='bbox 1983 4527 2083 4581; x_wconf 78' lang='lat' dir='ltr'><strong>feci</strong></span> <span class='ocrx_word' id='word_1_835' title='bbox 2112 4527 2462 4591; x_wconf 88' lang='lat' dir='ltr'><strong>mentionem,</strong></span> <span class='ocrx_word' id='word_1_836' title='bbox 2492 4522 2657 4578; x_wconf 90' lang='lat' dir='ltr'><strong>subiit</strong></span> <span class='ocrx_word' id='word_1_837' title='bbox 2692 4520 2928 4575; x_wconf 87' lang='lat' dir='ltr'><strong>animum</strong></span> <span class='ocrx_word' id='word_1_838' title='bbox 2968 4532 3146 4572; x_wconf 91' lang='lat' dir='ltr'><strong>meum</strong></span> <span class='ocrx_word' id='word_1_839' title='bbox 3187 4516 3408 4569; x_wconf 88' lang='lat' dir='ltr'><strong>alterius</strong></span> <span class='ocrx_word' id='word_1_840' title='bbox 3438 4513 3583 4569; x_wconf 87' lang='lat' dir='ltr'><strong>Petri</strong></span> 
     </span>
    </p>
   </div>
   <div class='ocr_carea' id='block_1_106' title="bbox 1983 4607 3580 4683">
    <p class='ocr_par' dir='ltr' id='par_1_106' title="bbox 1983 4607 3580 4683">
     <span class='ocr_line' id='line_1_106' title="bbox 1983 4607 3580 4683; baseline -0.01 -6"><span class='ocrx_word' id='word_1_841' title='bbox 1983 4618 2306 4682; x_wconf 86' lang='lat' dir='ltr'><strong>recordatio,</strong></span> <span class='ocrx_word' id='word_1_842' title='bbox 2348 4615 2652 4671; x_wconf 90' lang='lat' dir='ltr'><strong>communis</strong></span> <span class='ocrx_word' id='word_1_843' title='bbox 2682 4613 2845 4683; x_wconf 82' lang='lat' dir='ltr'><strong>putris</strong></span> <span class='ocrx_word' id='word_1_844' title='bbox 2872 4621 2925 4665; x_wconf 89' lang='lat' dir='ltr'><strong>et</strong></span> <span class='ocrx_word' id='word_1_845' title='bbox 2950 4609 3189 4665; x_wconf 89' lang='lat' dir='ltr'><strong>doctoris</strong></span> <span class='ocrx_word' id='word_1_846' title='bbox 3208 4608 3309 4681; x_wconf 91' lang='lat' dir='ltr'><strong>(a),</strong></span> <span class='ocrx_word' id='word_1_847' title='bbox 3338 4607 3429 4679; x_wconf 87' lang='lat' dir='ltr'><strong>qui</strong></span> <span class='ocrx_word' id='word_1_848' title='bbox 3458 4622 3580 4662; x_wconf 89' lang='lat' dir='ltr'><strong>cum</strong></span> 
     </span>
    </p>
   </div>
   <div class='ocr_carea' id='block_1_107' title="bbox 1984 4700 3585 4772">
    <p class='ocr_par' dir='ltr' id='par_1_107' title="bbox 1984 4700 3585 4772">
     <span class='ocr_line' id='line_1_107' title="bbox 1984 4700 3585 4772; baseline -0.01 -3"><span class='ocrx_word' id='word_1_849' title='bbox 1984 4714 2061 4769; x_wconf 92' lang='lat' dir='ltr'><strong>illi</strong></span> <span class='ocrx_word' id='word_1_850' title='bbox 2092 4714 2146 4767; x_wconf 90' lang='lat' dir='ltr'><strong>in</strong></span> <span class='ocrx_word' id='word_1_851' title='bbox 2174 4712 2370 4767; x_wconf 83' lang='lat' dir='ltr'><strong>virtute</strong></span> <span class='ocrx_word' id='word_1_852' title='bbox 2396 4708 2766 4772; x_wconf 88' lang='lat' dir='ltr'><strong>successisset,</strong></span> <span class='ocrx_word' id='word_1_853' title='bbox 2792 4705 2956 4761; x_wconf 89' lang='lat' dir='ltr'><strong>etiam</strong></span> <span class='ocrx_word' id='word_1_854' title='bbox 2989 4702 3133 4758; x_wconf 88' lang='lat' dir='ltr'><strong>illius</strong></span> <span class='ocrx_word' id='word_1_855' title='bbox 3167 4700 3477 4756; x_wconf 86' lang='lat' dir='ltr'><strong>cathedram</strong></span> <span class='ocrx_word' id='word_1_856' title='bbox 3498 4707 3585 4754; x_wconf 86' lang='lat' dir='ltr'><strong>est</strong></span> 
     </span>
    </p>
   </div>
   <div class='ocr_carea' id='block_1_108' title="bbox 1982 4789 3585 4877">
    <p class='ocr_par' dir='ltr' id='par_1_108' title="bbox 1982 4789 3585 4877">
     <span class='ocr_line' id='line_1_108' title="bbox 1982 4789 3585 4877; baseline -0.01 -16"><span class='ocrx_word' id='word_1_857' title='bbox 1982 4807 2228 4877; x_wconf 90' lang='lat' dir='ltr'><strong>adeptus.</strong></span> <span class='ocrx_word' id='word_1_858' title='bbox 2275 4802 2400 4858; x_wconf 68' lang='lat' dir='ltr'><strong>llaec</strong></span> <span class='ocrx_word' id='word_1_859' title='bbox 2436 4803 2579 4857; x_wconf 89' lang='lat' dir='ltr'><strong>enim</strong></span> <span class='ocrx_word' id='word_1_860' title='bbox 2628 4808 2710 4854; x_wconf 91' lang='lat' dir='ltr'><strong>cst</strong></span> <span class='ocrx_word' id='word_1_861' title='bbox 2757 4812 2861 4852; x_wconf 89' lang='lat' dir='ltr'><strong>una</strong></span> <span class='ocrx_word' id='word_1_862' title='bbox 2906 4796 3067 4851; x_wconf 87' lang='lat' dir='ltr'><strong>etiam</strong></span> <span class='ocrx_word' id='word_1_863' title='bbox 3108 4803 3306 4849; x_wconf 77' lang='lat' dir='ltr'><strong>nostra:</strong></span> <span class='ocrx_word' id='word_1_864' title='bbox 3348 4789 3585 4846; x_wconf 84' lang='lat' dir='ltr'><strong>civitatis</strong></span> 
     </span>
    </p>
   </div>
   <div class='ocr_carea' id='block_1_109' title="bbox 1984 4885 3582 4970">
    <p class='ocr_par' dir='ltr' id='par_1_109' title="bbox 1984 4885 3582 4970">
     <span class='ocr_line' id='line_1_109' title="bbox 1984 4885 3582 4970; baseline -0.011 -15"><span class='ocrx_word' id='word_1_865' title='bbox 1984 4899 2334 4970; x_wconf 66' lang='lat' dir='ltr'><strong>praerogativa</strong></span> <span class='ocrx_word' id='word_1_866' title='bbox 2364 4893 2661 4966; x_wconf 84' lang='lat' dir='ltr'><strong>dignitatis.</strong></span> <span class='ocrx_word' id='word_1_867' title='bbox 2708 4892 2851 4963; x_wconf 83' lang='lat' dir='ltr'><strong>quod</strong></span> <span class='ocrx_word' id='word_1_868' title='bbox 2886 4890 3179 4961; x_wconf 90' lang='lat' dir='ltr'><strong>principem</strong></span> <span class='ocrx_word' id='word_1_869' title='bbox 3214 4885 3582 4954; x_wconf 85' lang='lat' dir='ltr'><strong>apostolorum</strong></span> 
     </span>
    </p>
   </div>
   <div class='ocr_carea' id='block_1_110' title="bbox 1983 4979 3589 5055">
    <p class='ocr_par' dir='ltr' id='par_1_110' title="bbox 1983 4979 3589 5055">
     <span class='ocr_line' id='line_1_110' title="bbox 1983 4979 3589 5055; baseline -0.011 -9"><span class='ocrx_word' id='word_1_870' title='bbox 1983 4992 2049 5046; x_wconf 88' lang='lat' dir='ltr'><strong>ab</strong></span> <span class='ocrx_word' id='word_1_871' title='bbox 2093 4990 2245 5045; x_wconf 87' lang='lat' dir='ltr'><strong>initio</strong></span> <span class='ocrx_word' id='word_1_872' title='bbox 2275 4988 2551 5044; x_wconf 89' lang='lat' dir='ltr'><strong>doctorem</strong></span> <span class='ocrx_word' id='word_1_873' title='bbox 2578 4984 2867 5055; x_wconf 86' lang='lat' dir='ltr'><strong>acceperit.</strong></span> <span class='ocrx_word' id='word_1_874' title='bbox 2897 4981 3133 5052; x_wconf 65' lang='lat' dir='ltr'><strong>Equum</strong></span> <span class='ocrx_word' id='word_1_875' title='bbox 3175 4979 3320 5033; x_wconf 89' lang='lat' dir='ltr'><strong>enim</strong></span> <span class='ocrx_word' id='word_1_876' title='bbox 3360 4986 3498 5040; x_wconf 90' lang='lat' dir='ltr'><strong>erat,</strong></span> <span class='ocrx_word' id='word_1_877' title='bbox 3528 4985 3589 5029; x_wconf 88' lang='lat' dir='ltr'><strong>ut</strong></span> 
     </span>
    </p>
   </div>
   <div class='ocr_carea' id='block_1_111' title="bbox 1984 5071 3583 5154">
    <p class='ocr_par' dir='ltr' id='par_1_111' title="bbox 1984 5071 3583 5154">
     <span class='ocr_line' id='line_1_111' title="bbox 1984 5071 3583 5154; baseline -0.013 -14"><span class='ocrx_word' id='word_1_878' title='bbox 1984 5100 2070 5149; x_wconf 91' lang='lat' dir='ltr'><strong>ea,</strong></span> <span class='ocrx_word' id='word_1_879' title='bbox 2102 5099 2221 5154; x_wconf 75' lang='lat' dir='ltr'><strong>qua:</strong></span> <span class='ocrx_word' id='word_1_880' title='bbox 2266 5083 2484 5137; x_wconf 89' lang='lat' dir='ltr'><strong>nomine</strong></span> <span class='ocrx_word' id='word_1_881' title='bbox 2513 5078 2943 5133; x_wconf 89' lang='lat' dir='ltr'><strong>Christianorum</strong></span> <span class='ocrx_word' id='word_1_882' title='bbox 2985 5083 3111 5127; x_wconf 90' lang='lat' dir='ltr'><strong>ante</strong></span> <span class='ocrx_word' id='word_1_883' title='bbox 3150 5071 3461 5125; x_wconf 88' lang='lat' dir='ltr'><strong>universum</strong></span> <span class='ocrx_word' id='word_1_884' title='bbox 3489 5083 3583 5121; x_wconf 85' lang='lat' dir='ltr'><strong>or-</strong></span> 
     </span>
    </p>
   </div>
   <div class='ocr_carea' id='block_1_112' title="bbox 1987 5161 3591 5236">
    <p class='ocr_par' dir='ltr' id='par_1_112' title="bbox 1987 5161 3591 5236">
     <span class='ocr_line' id='line_1_112' title="bbox 1987 5161 3591 5236; baseline -0.014 -5"><span class='ocrx_word' id='word_1_885' title='bbox 1987 5176 2106 5231; x_wconf 72' lang='lat' dir='ltr'><strong>bem</strong></span> <span class='ocrx_word' id='word_1_886' title='bbox 2147 5184 2410 5229; x_wconf 83' lang='lat' dir='ltr'><strong>terrarum</strong></span> <span class='ocrx_word' id='word_1_887' title='bbox 2438 5182 2627 5227; x_wconf 89' lang='lat' dir='ltr'><strong>ornata</strong></span> <span class='ocrx_word' id='word_1_888' title='bbox 2673 5168 2789 5235; x_wconf 76' lang='lat' dir='ltr'><strong>fuit,</strong></span> <span class='ocrx_word' id='word_1_889' title='bbox 2824 5166 3057 5236; x_wconf 84' lang='lat' dir='ltr'><strong>primum</strong></span> <span class='ocrx_word' id='word_1_890' title='bbox 3099 5161 3465 5233; x_wconf 87' lang='lat' dir='ltr'><strong>apostolorum</strong></span> <span class='ocrx_word' id='word_1_891' title='bbox 3498 5173 3591 5227; x_wconf 80' lang='lat' dir='ltr'><strong>pa-</strong></span> 
     </span>
    </p>
   </div>
   <div class='ocr_carea' id='block_1_113' title="bbox 1986 5250 3589 5337">
    <p class='ocr_par' dir='ltr' id='par_1_113' title="bbox 1986 5250 3589 5337">
     <span class='ocr_line' id='line_1_113' title="bbox 1986 5250 3589 5337; baseline -0.014 -13"><span class='ocrx_word' id='word_1_892' title='bbox 1986 5280 2187 5325; x_wconf 86' lang='lat' dir='ltr'><strong>storem</strong></span> <span class='ocrx_word' id='word_1_893' title='bbox 2226 5267 2515 5337; x_wconf 88' lang='lat' dir='ltr'><strong>acciperet.</strong></span> <span class='ocrx_word' id='word_1_894' title='bbox 2545 5263 2655 5321; x_wconf 86' lang='lat' dir='ltr'><strong>Sed</strong></span> <span class='ocrx_word' id='word_1_895' title='bbox 2680 5278 2802 5317; x_wconf 88' lang='lat' dir='ltr'><strong>cum</strong></span> <span class='ocrx_word' id='word_1_896' title='bbox 2830 5276 2952 5315; x_wconf 88' lang='lat' dir='ltr'><strong>eum</strong></span> <span class='ocrx_word' id='word_1_897' title='bbox 2975 5258 3254 5312; x_wconf 88' lang='lat' dir='ltr'><strong>doctorem</strong></span> <span class='ocrx_word' id='word_1_898' title='bbox 3283 5250 3589 5320; x_wconf 77' lang='lat' dir='ltr'><strong>accepisse-</strong></span> 
     </span>
    </p>
   </div>
   <div class='ocr_carea' id='block_1_114' title="bbox 1989 5342 3591 5429">
    <p class='ocr_par' dir='ltr' id='par_1_114' title="bbox 1989 5342 3591 5429">
     <span class='ocr_line' id='line_1_114' title="bbox 1989 5342 3591 5429; baseline -0.014 -14"><span class='ocrx_word' id='word_1_899' title='bbox 1989 5376 2128 5427; x_wconf 88' lang='lat' dir='ltr'><strong>mus,</strong></span> <span class='ocrx_word' id='word_1_900' title='bbox 2155 5376 2261 5414; x_wconf 84' lang='lat' dir='ltr'><strong>nott</strong></span> <span class='ocrx_word' id='word_1_901' title='bbox 2292 5361 2343 5414; x_wconf 91' lang='lat' dir='ltr'><strong>in</strong></span> <span class='ocrx_word' id='word_1_902' title='bbox 2368 5368 2682 5429; x_wconf 88' lang='lat' dir='ltr'><strong>perpetuum</strong></span> <span class='ocrx_word' id='word_1_903' title='bbox 2714 5352 3055 5415; x_wconf 89' lang='lat' dir='ltr'><strong>retinuimus,</strong></span> <span class='ocrx_word' id='word_1_904' title='bbox 3083 5346 3177 5401; x_wconf 86' lang='lat' dir='ltr'><strong>sed</strong></span> <span class='ocrx_word' id='word_1_905' title='bbox 3200 5344 3360 5415; x_wconf 76' lang='lat' dir='ltr'><strong>regia:</strong></span> <span class='ocrx_word' id='word_1_906' title='bbox 3385 5342 3591 5397; x_wconf 83' lang='lat' dir='ltr'><strong>civitati</strong></span> 
     </span>
    </p>
   </div>
   <div class='ocr_carea' id='block_1_115' title="bbox 1989 5440 3586 5519">
    <p class='ocr_par' dir='ltr' id='par_1_115' title="bbox 1989 5440 3586 5519">
     <span class='ocr_line' id='line_1_115' title="bbox 1989 5440 3586 5519; baseline -0.015 -11"><span class='ocrx_word' id='word_1_907' title='bbox 1989 5454 2175 5508; x_wconf 80' lang='lat' dir='ltr'><strong>Roma:</strong></span> <span class='ocrx_word' id='word_1_908' title='bbox 2217 5453 2363 5508; x_wconf 77' lang='lat' dir='ltr'><strong>illum</strong></span> <span class='ocrx_word' id='word_1_909' title='bbox 2401 5449 2768 5505; x_wconf 86' lang='lat' dir='ltr'><strong>concessimus</strong></span> <span class='ocrx_word' id='word_1_910' title='bbox 2802 5465 2815 5500; x_wconf 76' lang='grc' dir='ltr'>ε</span> <span class='ocrx_word' id='word_1_911' title='bbox 2846 5445 2955 5502; x_wconf 86' lang='lat' dir='ltr'><strong>ium</strong></span> <span class='ocrx_word' id='word_1_912' title='bbox 2993 5456 3122 5497; x_wconf 87' lang='lat' dir='ltr'><strong>vero</strong></span> <span class='ocrx_word' id='word_1_913' title='bbox 3174 5440 3226 5493; x_wconf 91' lang='lat' dir='ltr'><strong>in</strong></span> <span class='ocrx_word' id='word_1_914' title='bbox 3270 5444 3586 5519; x_wconf 85' lang='lat' dir='ltr'><strong>perpetuum</strong></span> 
     </span>
    </p>
   </div>
   <div class='ocr_carea' id='block_1_116' title="bbox 1988 5527 3590 5617">
    <p class='ocr_par' dir='ltr' id='par_1_116' title="bbox 1988 5527 3590 5617">
     <span class='ocr_line' id='line_1_116' title="bbox 1988 5527 3590 5617; baseline -0.014 -17"><span class='ocrx_word' id='word_1_915' title='bbox 1988 5545 2165 5617; x_wconf 83' lang='lat' dir='ltr'><strong>ipsum</strong></span> <span class='ocrx_word' id='word_1_916' title='bbox 2218 5545 2573 5600; x_wconf 82' lang='lat' dir='ltr'><strong>relinnimtts:</strong></span> <span class='ocrx_word' id='word_1_917' title='bbox 2605 5556 2727 5595; x_wconf 89' lang='lat' dir='ltr'><strong>nam</strong></span> <span class='ocrx_word' id='word_1_918' title='bbox 2773 5551 2971 5606; x_wconf 87' lang='lat' dir='ltr'><strong>corpus</strong></span> <span class='ocrx_word' id='word_1_919' title='bbox 3029 5531 3246 5602; x_wconf 88' lang='lat' dir='ltr'><strong>quidem</strong></span> <span class='ocrx_word' id='word_1_920' title='bbox 3292 5527 3433 5583; x_wconf 75' lang='lat' dir='ltr'><strong>l‘ctri</strong></span> <span class='ocrx_word' id='word_1_921' title='bbox 3482 5538 3590 5579; x_wconf 86' lang='lat' dir='ltr'><strong>non</strong></span> 
     </span>
    </p>
   </div>
   <div class='ocr_carea' id='block_1_117' title="bbox 2060 5787 3410 5890">
    <p class='ocr_par' dir='ltr' id='par_1_117' title="bbox 2060 5787 3410 5890">
     <span class='ocr_line' id='line_1_117' title="bbox 2060 5787 3410 5890; baseline -0.018 -13"><span class='ocrx_word' id='word_1_922' title='bbox 2060 5827 2130 5890; x_wconf 82' lang='lat' dir='ltr'><strong>(tt)</strong></span> <span class='ocrx_word' id='word_1_923' title='bbox 2167 5827 2445 5890; x_wconf 70' lang='lat' dir='ltr'><strong>Episcopum</strong></span> <span class='ocrx_word' id='word_1_924' title='bbox 2482 5822 2840 5873; x_wconf 79' lang='lat' dir='ltr'><strong>Antiochenum</strong></span> <span class='ocrx_word' id='word_1_925' title='bbox 2865 5816 3140 5866; x_wconf 73' lang='lat' dir='ltr'><strong>tlavi&#39;mum</strong></span> <span class='ocrx_word' id='word_1_926' title='bbox 3158 5787 3410 5869; x_wconf 80' lang='lat' dir='ltr'><strong>intelligit.</strong></span> 
     </span>
    </p>
   </div>
  </div>
