4218 6294
688 332 755 383 87
1392 321 1450 377 S.
1488 320 1767 378 JOANNIS
1802 319 2281 378 CIIRYSOSTOMI
2318 320 2640 378 AllClllEP.
2680 322 3213 379 CONSTANTINOP.
3895 330 3965 385 88

678 436 998 508 retinemus,
1028 439 1127 497 sed
1160 439 1302 495 Petri
1325 437 1481 492 iidem
1512 447 1782 507 tamquam
1810 437 2026 492 Petrum
2058 436 2259 491 retine-

678 548 801 588 mus
831 549 845 587 :
875 548 1035 602 porro
1077 530 1207 585 dum
1233 527 1377 583 Petri
1406 526 1562 582 ﬁdem
1596 527 1913 593 retinemus,
1944 526 2118 597 ipsum
2162 524 2262 581 Pe-

683 636 824 677 trum
859 622 1137 676 habemus.
1163 619 1239 673 lla
1266 634 1388 673 cum
1421 617 1751 673 imitatorem
1780 618 1923 671 illius
1952 630 2259 680 cernamus,

679 713 852 779 ipsum
874 725 1094 767 cernere
1114 709 1398 764 videmur:
1427 709 1690 781 siquidem
1723 709 1985 765 Joannem
2014 704 2263 761 Christus

682 802 886 855 lloliam
911 799 1217 870 appellavit,
1245 815 1351 855 non
1372 800 1512 871 quod
1538 800 1713 854 llelias
1733 807 1874 855 esset
1891 797 2144 865 Joannes,
2168 796 2264 852 sed

679 891 824 959 quod
854 890 907 945 iu
938 890 1127 961 spiritu
1156 890 1322 945 Helia:
1346 907 1409 946 ac
1430 892 1623 946 virtute
1650 890 1901 945 venisset.
1933 887 2083 944 Sicut
2105 889 2267 958 igitur

677 980 930 1045 Joannes,
965 982 1215 1049 quoniam
1260 981 1313 1034 in
1343 980 1536 1050 spiritu
1586 979 1748 1035 Helia:
1789 994 1852 1034 ac
1886 978 2079 1034 virtute
2104 993 2267 1032 vene-

680 1078 782 1128 rat.
827 1069 1005 1124 llelias
1040 1068 1360 1123 dicebatur:
1396 1070 1467 1123 ita
1511 1068 1595 1123 hic
1632 1083 1863 1138 quoque,
1909 1068 2161 1137 quoniam
2211 1068 2263 1120 in

677 1159 1024 1214 confessione
1047 1174 1111 1213 ae
1141 1160 1244 1213 iide
1268 1159 1411 1213 Petri
1439 1159 1675 1225 advenit,
1706 1158 1897 1213 merito
1927 1158 2067 1214 illius
2104 1159 2265 1213 etiam

679 1250 1042 1317 appellatione
1063 1248 1363 1303 donabitur.
1410 1236 1543 1303 Nam
1572 1249 1990 1303 conversationis
2016 1249 2266 1319 cognatio

679 1339 957 1392 uoltiinum
983 1338 1143 1393 etiam
1180 1340 1610 1394 communionem
1651 1341 1811 1409 parit.
1832 1338 2062 1395 Oremus
2088 1347 2264 1392 autem

677 1445 889 1490 intres.
920 1438 979 1484 ut
1016 1430 1082 1484 ad
1110 1437 1441 1485 senectutem
1480 1430 1640 1486 etiam
1672 1430 1815 1485 Petri
1844 1431 2113 1500 perveniat
2144 1447 2158 1483 :
2190 1430 2268 1484 si-

2372 436 2588 507 quidem
2613 436 2891 508 apostolus
2923 436 3033 507 jam
3066 453 3233 493 senex
3260 438 3419 495 vitam
3447 438 3637 495 ﬂnivit.
3677 439 3804 495 Cum
3832 449 3966 496 enim

2368 530 2613 593 senueris,
2642 528 2833 597 inquit,
2865 538 2981 581 tunc
3013 528 3214 600 cingent
3249 539 3316 594 te,
3346 540 3395 585 et
3424 531 3609 585 ducent
3640 548 3739 601 quo
3768 542 3824 586 tu
3861 551 3965 587 non

2368 621 2441 675 vis
2471 619 2649 690 (Joan.
2679 620 2770 685 21,
2807 619 2916 690 l8).
2958 619 3255 677 Preeemur
3298 630 3476 679 autem
3503 632 3557 678 et
3588 623 3722 677 huic.
3747 622 3964 693 longam

2370 710 2492 764 vitae
2517 710 2983 766 conversationem
3014 729 3028 765 :
3061 711 3106 765 si
3136 712 3277 766 enim
3304 714 3629 783 producatur
3647 714 3765 784 ejus
3798 728 3964 769 sene-

2370 812 2510 869 ctus,
2542 802 2761 867 emciet,
2795 812 2851 858 ut
2872 806 3043 875 magis
3062 815 3248 875 vegeta
3277 806 3347 859 sit
3370 815 3425 861 et
3462 805 3637 861 vivida
3668 805 3965 875 spiritualis

2366 894 2621 965 juventus
2674 904 2857 951 nostra
2885 913 2898 949 :
2926 911 3088 966 quam
3140 896 3342 951 utinam
3389 905 3549 953 aetate
3579 896 3864 954 ﬂorentem
3903 911 3967 953 ac

2370 988 2603 1043 vividam
2624 1002 2723 1043 nos
2742 998 3002 1058 perpetuo
3026 1004 3348 1044 conservare
3371 989 3648 1059 contingat
3667 1005 3789 1044 cum
3818 988 3967 1043 illius

2376 1078 2646 1149 precibus,
2698 1087 2754 1134 et
2792 1077 2951 1147 hujus
2994 1078 3159 1145 Petri,
3188 1088 3300 1133 tum
3330 1080 3603 1153 gratiaet
3634 1080 3965 1149 benignitate

2376 1168 2587 1223 Domini
2632 1168 2799 1222 nostri
2834 1168 2962 1224 Jesu
2990 1166 3213 1233 Christi,
3246 1169 3331 1223 cui
3368 1169 3537 1239 gloria
3584 1176 3639 1223 ct
3674 1169 3964 1238 imperium

2376 1275 2477 1313 una
2498 1273 2620 1311 cum
2642 1258 2845 1327 Spiritu
2876 1267 3087 1323 sancto,
3108 1273 3249 1313 nunc
3271 1266 3325 1312 et
3351 1273 3587 1328 semper,
3607 1266 3663 1314 et
3689 1258 3742 1312 in
3769 1258 3968 1314 szeeula

2374 1350 2715 1405 saeculorum.
2746 1350 2942 1403 Amen.

677 1810 852 1861 QUOD
897 1811 1101 1853 UTILIS
1152 1813 1249 1855 SIT
1293 1814 1517 1857 LECTIO
1558 1816 1894 1860 SACRARUH
1938 1815 2265 1867 εριιιιιευιιι

2371 1817 2453 1869 VM,
2485 1817 2566 1859 ET
2608 1815 2780 1868 QUOD
2821 1817 3176 1861 SERVITUTE
3220 1818 3302 1860 ΕΤ
3327 1817 3724 1865 INCOHIIODIS
3758 1821 3967 1864 OMNI-

760 1910 874 1951 BUS
902 1910 1461 1956 INEXPUGNABILEM
1495 1916 1750 1957 REDDAT
1795 1917 1952 1971 EUM,
1998 1916 2106 1967 QUI
2151 1916 2387 1958 FUERlT
2432 1917 2526 1959 EIS
2568 1916 2879 1960 INTENTUS

2930 1920 2945 1957 Ξ
2992 1918 3073 1960 ET
3114 1917 3291 1970 QUOD
3328 1920 3789 1966 Λιόετοιοιιυμ
3844 1924 3970 1967 Νο-

760 2010 890 2051 ΜΕΝ
936 2011 1288 2055 MULTABUM
1331 2014 1727 2058 DIGNlTATUM
1771 2017 1869 2058 SIT
1900 2016 2141 2069 NOMEN,
2177 2017 2257 2059 ET

2371 2016 2459 2059 ’01)
2503 2016 2817 2058 EXTERNIS
2863 2016 3397 2073 MAGISTRATIBUS,
3445 2019 3726 2072 IPSISQUE
3801 2024 3971 2065 ΔΙ)Εο

764 2110 1029 2151 REGIBUS
1064 2112 1278 2155 MULTO
1324 2113 1623 2157 MAJOBEM
1686 2116 1983 2158 ΠΛΒΕΑΝΤ
2027 2116 2263 2158 POTEST

2371 2117 2438 2158 BM
2481 2116 2563 2158 ET
2611 2114 3102 2158 AUCTORITATEI
3144 2116 3449 2161 APOSTOLI

760 2211 844 2253 an
887 2211 1094 2253 NUPER
1140 2212 1523 2257 BAPTIZATOS
1571 2195 1678 2275 (α).

3497 2121 3511 2160 :
3560 2120 3638 2161 ετ
3684 2121 3746 2163 υ(
3796 2121 3971 2177 me,

2065 2412 2584 2477 amem

753 2612 801 2665 Ι.
845 2612 1093 2666 Alacritas
1154 2612 1447 2667 auditorum
1492 2613 1720 2666 laudata.
1783 2612 2069 2680 Scriptura:
2116 2612 2263 2665 lectio

678 2720 793 2755 cum
848 2716 994 2767 prato
1039 2703 1245 2757 collata.
1273 2702 1497 2758 -—Cum
1546 2712 1838 2773 egestatem
1896 2703 2089 2757 mentis
2129 2717 2263 2755 mea:

676 2792 980 2857 considero,
1012 2801 1196 2863 torpeo
1236 2803 1291 2848 et
1340 2793 1544 2863 refugio
1569 2833 1584 2859 ,
1632 2792 1697 2847 ad
1731 2792 2034 2846 habendum
2080 2806 2261 2846 coram

680 2893 827 2935 tanto
850 2884 1045 2953 populo
1075 2900 1379 2939 sermonem
1411 2885 1661 2940 invitatus
1696 2903 1708 2937 :
1738 2900 1858 2939 eum
1890 2894 2066 2940 autem
2098 2883 2263 2937 animi

678 2977 841 3029 vestri
870 2976 1200 3031 alacritatem
1238 2977 1487 3047 respicio,
1531 2977 1609 3033 sic
1642 2987 1699 3031 ut
1726 2978 1930 3033 nullum
1970 2992 2065 3031 vos
2091 2978 2266 3047 capiat

679 3082 931 3135 nmquam
975 3066 1226 3121 audiendi
1279 3068 1590 3136 fastidium,
1650 3070 1897 3125 ﬁduciam
1942 3085 2161 3125 resumo
2212 3080 2267 3124 et

680 3160 907 3225 escitor,
940 3176 1005 3216 ac
1037 3172 1285 3231 prompto
1326 3164 1505 3218 animo
1543 3163 1608 3218 ad
1631 3163 1887 3218 doctrina:
1918 3163 2147 3219 stadium
2182 3180 2267 3218 me

680 3253 926 3321 aceingo.
959 3251 1197 3321 Possetis
1230 3255 1373 3308 enim
1402 3270 1517 3318 vos,
1549 3256 1593 3308 si
1621 3255 1703 3308 vel
1745 3256 1797 3309 in
1826 3255 2055 3309 animam
2084 3255 2265 3309 incur-

681 3344 891 3399 rissetis
918 3344 1199 3416 lapideam,
1243 3346 1340 3399 hac
1374 3358 1543 3401 vestra
1592 3348 1838 3402 audiendi
1877 3347 2166 3418 cupiditate
2201 3362 2265 3401 ac

680 3436 858 3489 studio
912 3451 1084 3505 penna
1136 3439 1329 3506 quavis
1377 3437 1633 3493 leviorem
1690 3438 1831 3491 illam
1890 3438 2138 3493 reddere.
2197 3439 2266 3493 Et

679 3525 1125 3595 quemadmodum
1150 3542 1268 3597 quae
1299 3528 1351 3581 in
1394 3528 1627 3582 latibulis
1650 3530 1899 3583 animalia
1939 3530 2266 3585 delitescunt

681 3630 743 3668 ac
764 3615 937 3669 media
967 3615 1157 3687 hyeme
1183 3632 1241 3671 se
1264 3617 1399 3671 intra
1422 3634 1580 3685 rupes
1608 3618 1960 3682 abscondunt,
1992 3620 2080 3674 ubi
2106 3629 2265 3673 aesta-

686 3716 792 3759 tem
823 3705 1055 3761 viderint
1077 3722 1360 3776 apparere,
1390 3709 1607 3764 latibula
1640 3709 1918 3776 deserunt,
1951 3718 2005 3765 et
2026 3726 2146 3765 eum
2178 3726 2265 3764 re-

682 3796 840 3866 liquis
869 3797 1227 3853 animantibus
1254 3810 1665 3871 congregantur,
1708 3817 1771 3877 ac
1796 3802 1953 3856 simul
1984 3803 2261 3857 nobiscum

680 3889 948 3942 exsultant
990 3890 1113 3943 :sic
1161 3901 1216 3945 et
1259 3891 1467 3945 animus
1509 3904 1707 3957 noster,
1751 3894 1840 3963 qui
1891 3902 2159 3963 tamquam
2210 3893 2264 3946 iu

687 3978 965 4033 latibulum
995 3981 1261 4050 quoddam
1295 3983 1672 4038 imbecillitatis
1708 3985 2049 4039 conscientia:
2077 4001 2139 4039 se
2167 3985 2265 4037 ab-

683 4067 862 4135 dcbat,
904 4085 1023 4123 cum
1053 4079 1248 4125 vestrae
1276 4072 1509 4126 caritatis
1550 4073 1872 4128 desiderium
1904 4074 2158 4140 intuetur,
2194 4076 2267 4129 la-

686 4158 909 4213 tibulum
935 4159 1153 4225 deserit,
1182 4172 1236 4217 et
1266 4163 1536 4218 vobiscum
1574 4175 1943 4234 congregatur,
1987 4173 2043 4219 et
2086 4165 2136 4219 in
2168 4166 2269 4219 hoc

685 4250 945 4320 spirituali
1000 4250 1287 4322 divinaque
1341 4262 1513 4322 prato,
1576 4254 1628 4308 in
1681 4255 1929 4323 paradiso
1980 4255 2269 4327 Scriptura:

688 4340 955 4407 praeclaris
981 4341 1374 4411 Seripturarum
1414 4344 1635 4399 saltibus
1662 4345 1819 4399 simul
1849 4345 2126 4401 vobiscum
2174 4364 2271 4402 ex-

684 4432 869 4486 sultat.
911 4432 1006 4487 Est
1050 4434 1191 4487 ettim
1240 4435 1514 4502 spirituale
1564 4446 1793 4505 pratum,
1846 4453 1909 4493 ac
1956 4438 2265 4494 deliciarum

687 4522 963 4589 paradisus
991 4537 1262 4578 sacrarum
1290 4524 1447 4580 lectio
1467 4524 1876 4595 Seripturarum,
1908 4538 1961 4583 et
1991 4529 2266 4598 paradisus

683 4613 992 4668 deliciarum
1037 4616 1203 4669 multo
1232 4616 1324 4670 illo
1350 4616 1539 4673 melior
1568 4619 1834 4688 paradiso.
1883 4619 2034 4675 nunc
2059 4624 2269 4691 paradi-

684 4718 800 4757 sum
832 4721 939 4758 non
972 4706 1021 4759 in
1055 4715 1218 4771 terra,
1244 4707 1337 4762 sed
1366 4709 1417 4763 iu
1448 4709 1679 4764 ﬁdelium
1707 4710 1989 4766 animabus
2012 4713 2269 4781 plantavit

690 4794 829 4849 Deus
860 4814 874 4849 :
906 4798 1046 4852 hunc
1079 4799 1378 4868 paradisum
1420 4817 1524 4855 non
1570 4802 1619 4855 in
1644 4802 1830 4867 Edem,
1863 4818 1959 4858 nec
1990 4803 2055 4857 ad
2086 4804 2265 4859 orien-

688 4899 792 4940 tem
822 4903 927 4942 uno
955 4889 1415 4961 circumscriptum
1446 4892 1564 4947 loco
1592 4894 1789 4961 posuit,
1814 4895 1907 4949 sed
1939 4895 2133 4964 ubique
2163 4905 2269 4950 ter-

686 4994 862 5032 rarum
891 4981 1161 5049 expandit,
1195 4993 1249 5036 et
1280 4983 1331 5036 in
1374 4982 1506 5037 lines
1544 4985 1689 5038 orbis
1712 4994 1977 5040 terrarum
2006 4987 2263 5041 extendit.

686 5072 857 5138 Atque
885 5079 943 5123 ut
968 5071 1234 5141 intelligas
1260 5074 1310 5127 in
1336 5074 1643 5129 universum
1670 5076 1852 5130 orbem
1877 5085 2139 5131 terrarum
2167 5092 2263 5131 ex-

690 5176 884 5227 pansas
922 5176 1043 5217 esse
1086 5161 1409 5233 Scripturas,
1456 5166 1579 5220 audi
1615 5166 1923 5236 prophetam
1954 5168 2217 5222 dicentem
2248 5184 2263 5221 :

688 5260 747 5304 In
776 5269 975 5307 omnem
1001 5264 1187 5307 terram
1213 5257 1362 5309 exivit
1405 5274 1560 5311 sonus
1590 5274 1783 5322 eorum,
1826 5269 1872 5312 et
1897 5260 1947 5311 in
1977 5260 2103 5327 lines
2133 5259 2265 5313 orbis

682 5357 830 5397 rem:
854 5342 999 5397 verba
1022 5362 1191 5399 eorum
1220 5345 1389 5417 (Psal.
1409 5349 1495 5403 l8.
1527 5348 1580 5403 5.
1604 5348 1755 5403 Rom.
1789 5349 1874 5406 10.
1910 5350 2020 5419 l8).
2050 5350 2172 5406 Sive
2197 5350 2262 5404 ad

686 5431 841 5488 ludus
887 5443 941 5489 te
974 5435 1241 5500 conferas,
1286 5455 1419 5508 quos
1456 5440 1638 5495 oriens
1667 5440 1864 5510 primos
1907 5441 1987 5495 sol
2028 5442 2261 5513 respicit,

682 5529 795 5582 sive
823 5526 889 5581 ad
920 5543 1177 5584 oceanum
1200 5540 1249 5585 te
1270 5532 1533 5598 conferas,
1558 5533 1670 5588 sive
1697 5532 1763 5587 ad
1787 5532 2117 5589 Britannicas
2147 5534 2263 5589 illas

746 5658 815 5731 (α)
851 5660 1027 5731 {foliata
1049 5675 1161 5731 cum
1189 5661 1503 5731 sts._ttolhert.
1528 5665 1669 5727 5038,
1709 5666 1791 5716 ubi
1826 5680 1997 5731 magna
2034 5680 2146 5731 pars
2176 5666 2261 5719 bo-

682 5721 822 5772 unliae
848 5723 896 5774 iu
920 5726 1153 5789 priuetpiu
1174 5725 1497 5776 desideratur.

2377 2608 2599 2671 insulas,
2645 2606 2757 2662 sive
2800 2608 2856 2662 in
2901 2609 3163 2664 Euxinum
3199 2620 3415 2680 pontum
3461 2615 3699 2684 naviges,
3737 2616 3851 2671 sive
3894 2617 3965 2670 ad

2372 2700 2635 2753 australes
2673 2710 2849 2767 partes
2896 2700 3077 2766 abeas,
3122 2718 3310 2756 omnes
3350 2704 3543 2774 ultique
3582 2707 3765 2763 audies
3795 2710 3861 2763 de
3900 2710 3966 2763 iis

2370 2806 2490 2859 ipse
2535 2790 2586 2843 in
2630 2789 2900 2859 Scriptura
2943 2803 3069 2845 sunt
3110 2792 3569 2862 philosOphantes,
3607 2798 3709 2851 alia
3746 2799 3963 2867 quidem

2371 2898 2526 2943 voce,
2551 2882 2645 2936 sed
2683 2899 2790 2937 non
2811 2884 2909 2937 alia
2935 2882 3059 2949 (ide,
3088 2900 3148 2939 ac
3180 2886 3355 2957 lingua
3382 2888 3595 2957 quidem
3621 2889 3854 2956 diversa,
3874 2891 3972 2947 sed

2371 2984 2551 3028 mente
2587 2989 2842 3049 consona.
2881 2973 3013 3028 Nam
3045 2975 3236 3045 lingua
3265 2977 3478 3047 quidem
3522 2994 3655 3034 sono
3697 2980 3971 3048 diﬂ'erunt,

2372 3066 2644 3134 religionis
2667 3073 2844 3119 autem
2878 3066 3037 3119 modo
3055 3082 3158 3120 nnn
3188 3066 3437 3122 differunt
3460 3079 3539 3123 :et
3558 3070 3734 3139 lingua
3754 3072 3969 3141 quidem

2373 3156 2597 3211 barbare
2627 3156 2928 3226 loquuntur,
2962 3156 3057 3211 sed
3085 3157 3246 3211 animi
3288 3173 3445 3212 sensu
3477 3158 3922 3229 phil050phantur
3956 3180 3971 3217 :

2372 3248 2704 3303 soloecismos
2728 3247 2925 3302 l’aeiunt
2944 3262 3096 3310 sono.
3121 3248 3218 3303 sed
3240 3250 3486 3318 pietatem
3506 3252 3744 3305 moribus
3766 3253 3969 3308 colunt.

2444 3336 2688 3391 Paradisi
2713 3338 2927 3406 [lautitia
2959 3354 3091 3407 quae.
3122 3338 3247 3391 Cum
3294 3343 3431 3411 fonte
3476 3352 3802 3409 comparatur
3832 3343 3973 3397 Serio

2373 3440 2541 3499 ptum.
2566 3460 2635 3470 —
2660 3430 2819 3484 Vides
2858 3430 3259 3497 amplitudinem
3303 3431 3529 3499 paradisi
3558 3432 3623 3487 ad
3666 3434 3798 3488 lines
3824 3436 3971 3490 orbis

2371 3530 2634 3574 terrarum
2665 3522 2911 3575 extensi?
2957 3522 3051 3575 Hic
3098 3536 3319 3591 serpens
3368 3538 3471 3579 non
3515 3534 3618 3591 est,
3657 3526 3805 3581 locus
3833 3538 3968 3582 ista

2372 3611 2497 3666 feris
2525 3612 2797 3678 immunis,
2825 3628 2886 3666 ac
2917 3613 3142 3681 Spiritus
3168 3615 3335 3669 sancti
3367 3616 3533 3684 gratia
3574 3618 3829 3671 munitur.
3862 3618 3969 3673 lla-

2374 3704 2462 3758 bet
2504 3713 2556 3758 et
2606 3703 2802 3758 fontem
2851 3705 2936 3757 hic
2981 3704 3289 3775 paradisus,
3345 3707 3795 3777 quemadmodum
3845 3710 3974 3775 ille,

2370 3794 2572 3851 fontem
2622 3812 2687 3850 ex
2736 3811 2840 3864 quo
2890 3797 3165 3850 innumera
3226 3806 3515 3852 nascuntur
3566 3798 3804 3863 ﬂumina,
3861 3816 3972 3855 non

2376 3896 2607 3953 quatuor
2635 3893 2857 3939 tantum.
2890 3885 3005 3940 Non
3033 3886 3173 3940 enim
3201 3886 3452 3955 Trigrim,
3485 3904 3585 3943 nec
3617 3889 3970 3959 Euphratem,

2372 3991 2470 4029 nec
2514 3974 2823 4046 Egyptium
2868 3976 3064 4042 Nilum,
3117 3994 3215 4033 nee
3257 3978 3438 4033 Indum
3469 3979 3729 4050 Gangem,
3758 3983 3852 4037 sed
3885 3985 3968 4037 iu-

2374 4082 2625 4121 numeros
2674 4066 2792 4121 fons
2838 4068 2939 4121 iste
2986 4068 3173 4123 ﬂuvios
3216 4070 3456 4125 eli‘undit.
3505 4071 3635 4137 Quis
3674 4072 3778 4128 hoc
3802 4075 3969 4129 dicit?

2376 4157 2513 4211 Deus
2552 4158 2685 4227 ipse,
2729 4159 2817 4228 qui
2863 4158 3052 4213 ﬂuvios
3089 4159 3241 4214 nobis
3288 4161 3427 4231 istos
3464 4160 3683 4232 largitus
3708 4174 3833 4219 est:
3870 4165 3971 4231 Qui

2372 4252 2502 4301 enim
2525 4250 2680 4302 credit
2708 4250 2760 4302 in
2788 4266 2884 4313 me,
2920 4250 3110 4321 inquit,
3139 4251 3268 4304 sicut
3288 4251 3418 4305 dixit
3435 4252 3724 4322 Scriptura,
3754 4257 3969 4324 ﬂumina

2373 4339 2436 4392 de
2463 4349 2629 4393 ventre
2672 4342 2781 4411 eius
2826 4341 2987 4409 fluent
3030 4357 3176 4410 aqua
3200 4342 3323 4395 vim
3364 4340 3541 4413 (Joau.
3576 4344 3627 4397 7.
3660 4343 3776 4413 38).
3807 4344 3970 4403 Vides

2374 4443 2430 4485 ut
2472 4447 2577 4486 non
2620 4440 2847 4501 quatuor
2893 4432 3132 4497 ﬂumina,
3179 4432 3274 4488 sed
3319 4433 3524 4489 inﬁnita
3572 4435 3641 4490 ab
3689 4437 3778 4489 illo
3820 4437 3967 4494 fonte

2374 4521 2675 4592 proﬂuam?
2701 4520 2883 4592 Neque
2914 4538 3039 4578 vero
3068 4522 3405 4578 multitudine
3426 4532 3655 4593 tantum,
3684 4527 3777 4581 sed
3803 4529 3965 4583 etiam

2374 4626 2560 4669 natura
2609 4614 2727 4668 fons
2772 4623 2855 4669 est
2895 4615 3153 4669 mirabilis
3181 4633 3194 4668 :
3224 4630 3395 4687 neque
3418 4618 3561 4672 enim
3588 4633 3741 4687 aqua:
3769 4620 3965 4677 ﬂuenta

2370 4714 2514 4769 sunt,
2555 4703 2649 4758 sed
2697 4703 2928 4775 Spiritus
2969 4703 3129 4758 dona.
3161 4705 3304 4759 Fons
3346 4705 3446 4761 iste
3478 4706 3529 4761 in
3568 4709 3802 4780 singulas
3831 4710 3965 4765 fide-

2373 4796 2500 4849 lium
2550 4784 2757 4850 mentes
2803 4795 3073 4861 dividitur,
3120 4805 3174 4850 et
3222 4812 3327 4851 non
3359 4798 3961 4864 minuiturzdividitur,

2368 4897 2419 4942 et
2452 4902 2557 4941 non
2599 4888 2974 4941 consumitur:
3006 4887 3335 4957 dispertitur,
3384 4897 3439 4943 et
3486 4889 3663 4945 minor
3706 4906 3810 4945 non
3862 4892 3956 4953 lit;

2370 4980 2510 5051 apud
2556 4996 2745 5035 omnes
2790 4980 3011 5051 integer,
3063 4989 3117 5037 et
3166 4983 3217 5036 in
3266 4982 3489 5051 singulis
3536 4984 3759 5054 integer.
3812 4984 3962 5038 Talia

2370 5087 2597 5141 namque
2618 5070 2988 5139 suntSpiritus
3005 5070 3166 5125 dona.
3195 5071 3283 5126 Vis
3306 5080 3361 5126 tu
3390 5073 3707 5127 ﬂuentorum
3740 5074 3961 5128 istorum

2371 5164 2668 5217 ubertatem
2698 5161 3059 5231 cognoscere?
3085 5163 3165 5216 vis
3190 5177 3449 5231 aquarum
3483 5174 3726 5217 naturam
3756 5176 3963 5233 cogno-

2369 5256 2685 5325 scere?quo
2716 5262 2872 5322 pacto
2903 5253 2983 5307 his
3023 5268 3128 5308 non
3170 5253 3393 5318 similes,
3437 5254 3533 5310 sed
3580 5255 3662 5308 his
3710 5256 3963 5311 meliores

2369 5360 2489 5404 sunt
2533 5359 2588 5403 et
2631 5346 3023 5402 mirabiliores?
3069 5346 3206 5401 Audi
3254 5362 3439 5401 rursus
3478 5348 3747 5401 Christum
3788 5347 3959 5415 ipsum

2367 5442 2717 5496 Samaritana:
2745 5439 3035 5504 dicentem,
3069 5447 3126 5492 ut
3152 5438 3449 5493 ubertatem
3487 5436 3650 5492 fontis
3677 5453 3958 5508 agnoscas.

2369 5532 2534 5599 Aqua,
2565 5548 2714 5601 quam
2764 5547 2855 5601 ego
2900 5530 3049 5596 dabo,
3104 5531 3276 5601 inquit
3326 5530 3491 5597 ﬁdeli,
3524 5530 3687 5597 ﬁetin
3734 5546 3795 5585 eo
3843 5534 3961 5600 {ous

2367 5640 2514 5692 aqua:
2552 5622 2776 5677 salientis
2815 5623 2867 5675 in
2894 5624 3064 5677 vitam
3109 5632 3347 5675 (sternant
3394 5618 3573 5692 (Joan.
3615 5621 3668 5675 4.
3699 5621 3810 5691 14).
3842 5620 3957 5674 Non

2369 5714 2520 5783 dixit,
2572 5714 2834 5781 exeuntis,
2871 5729 2974 5769 non
2999 5710 3156 5780 dixit,
3190 5711 3393 5777 eliusw,
3423 5710 3540 5775 sed,
3568 5710 3828 5776 Salienus,
3867 5726 3959 5781 per
