  <div class='ocr_page' id='page_1' title='image "/cluster/home/n/w/nwhite01/storage/ocr_20150623/51/pst.000005712502/090.png"; bbox 0 0 4218 6294; ppageno 0'>
   <div class='ocr_carea' id='block_1_1' title="bbox 226 324 3555 422">
    <p class='ocr_par' dir='ltr' id='par_1_1' title="bbox 226 324 3555 422">
     <span class='ocr_line' id='line_1_1' title="bbox 226 324 3555 422; baseline -0.01 0"><span class='ocrx_word' id='word_1_1' title='bbox 226 364 298 422; x_wconf 76' lang='lat' dir='ltr'><strong>ss</strong></span> <span class='ocrx_word' id='word_1_2' title='bbox 853 357 941 417; x_wconf 76' lang='lat' dir='ltr'><strong>ne</strong></span> <span class='ocrx_word' id='word_1_3' title='bbox 981 357 1229 418; x_wconf 80' lang='lat' dir='ltr'><strong>UTlLlT.</strong></span> <span class='ocrx_word' id='word_1_4' title='bbox 1270 324 1630 415; x_wconf 73' lang='lat' dir='ltr'><strong>Lectiouts</strong></span> <span class='ocrx_word' id='word_1_5' title='bbox 1666 345 2225 411; x_wconf 66' lang='lat' dir='ltr'><strong>scmrruusnuu.</strong></span> <span class='ocrx_word' id='word_1_6' title='bbox 2271 341 2339 401; x_wconf 83' lang='lat' dir='ltr'><strong>IN</strong></span> <span class='ocrx_word' id='word_1_7' title='bbox 2370 339 2657 402; x_wconf 75' lang='lat' dir='ltr'><strong>PRINClP.</strong></span> <span class='ocrx_word' id='word_1_8' title='bbox 2700 333 3157 396; x_wconf 69' lang='lat' dir='ltr'><strong>ACIORUllJll.</strong></span> <span class='ocrx_word' id='word_1_9' title='bbox 3482 330 3555 390; x_wconf 72' lang='lat' dir='ltr'><strong>se</strong></span> 
     </span>
    </p>
   </div>
   <div class='ocr_carea' id='block_1_2' title="bbox 227 465 1845 541">
    <p class='ocr_par' dir='ltr' id='par_1_2' title="bbox 227 465 1845 541">
     <span class='ocr_line' id='line_1_2' title="bbox 227 465 1845 541; baseline -0.009 -7"><span class='ocrx_word' id='word_1_10' title='bbox 227 476 407 535; x_wconf 82' lang='lat' dir='ltr'><strong>saltus</strong></span> <span class='ocrx_word' id='word_1_11' title='bbox 445 470 832 531; x_wconf 78' lang='lat' dir='ltr'><strong>abundantiam</strong></span> <span class='ocrx_word' id='word_1_12' title='bbox 872 471 1031 529; x_wconf 87' lang='lat' dir='ltr'><strong>nobis</strong></span> <span class='ocrx_word' id='word_1_13' title='bbox 1072 472 1401 541; x_wconf 88' lang='lat' dir='ltr'><strong>exprimens.</strong></span> <span class='ocrx_word' id='word_1_14' title='bbox 1446 466 1561 524; x_wconf 70' lang='lat' dir='ltr'><strong>Illa:</strong></span> <span class='ocrx_word' id='word_1_15' title='bbox 1607 465 1845 523; x_wconf 67' lang='lat' dir='ltr'><strong>fontana:</strong></span> 
     </span>
    </p>
   </div>
   <div class='ocr_carea' id='block_1_3' title="bbox 242 560 1850 637">
    <p class='ocr_par' dir='ltr' id='par_1_3' title="bbox 242 560 1850 637">
     <span class='ocr_line' id='line_1_3' title="bbox 242 560 1850 637; baseline -0.009 -12"><span class='ocrx_word' id='word_1_16' title='bbox 242 567 425 625; x_wconf 87' lang='lat' dir='ltr'><strong>solent</strong></span> <span class='ocrx_word' id='word_1_17' title='bbox 452 579 607 636; x_wconf 75' lang='lat' dir='ltr'><strong>aqua:</strong></span> <span class='ocrx_word' id='word_1_18' title='bbox 628 561 905 637; x_wconf 82' lang='lat' dir='ltr'><strong>prosilire,</strong></span> <span class='ocrx_word' id='word_1_19' title='bbox 933 573 1096 634; x_wconf 85' lang='lat' dir='ltr'><strong>atque</strong></span> <span class='ocrx_word' id='word_1_20' title='bbox 1113 560 1350 631; x_wconf 80' lang='lat' dir='ltr'><strong>undique</strong></span> <span class='ocrx_word' id='word_1_21' title='bbox 1381 573 1687 631; x_wconf 78' lang='lat' dir='ltr'><strong>erumpere,</strong></span> <span class='ocrx_word' id='word_1_22' title='bbox 1714 569 1850 628; x_wconf 87' lang='lat' dir='ltr'><strong>quas</strong></span> 
     </span>
    </p>
   </div>
   <div class='ocr_carea' id='block_1_4' title="bbox 239 646 1849 726">
    <p class='ocr_par' dir='ltr' id='par_1_4' title="bbox 239 646 1849 726">
     <span class='ocr_line' id='line_1_4' title="bbox 239 646 1849 726; baseline -0.009 -12"><span class='ocrx_word' id='word_1_23' title='bbox 239 657 528 715; x_wconf 88' lang='lat' dir='ltr'><strong>continere</strong></span> <span class='ocrx_word' id='word_1_24' title='bbox 556 656 679 712; x_wconf 89' lang='lat' dir='ltr'><strong>sinu</strong></span> <span class='ocrx_word' id='word_1_25' title='bbox 705 653 885 711; x_wconf 85' lang='lat' dir='ltr'><strong>fontes</strong></span> <span class='ocrx_word' id='word_1_26' title='bbox 907 662 1201 726; x_wconf 86' lang='lat' dir='ltr'><strong>nequeunt,</strong></span> <span class='ocrx_word' id='word_1_27' title='bbox 1222 651 1320 707; x_wconf 88' lang='lat' dir='ltr'><strong>sed</strong></span> <span class='ocrx_word' id='word_1_28' title='bbox 1341 651 1532 707; x_wconf 77' lang='lat' dir='ltr'><strong>ﬂuctus</strong></span> <span class='ocrx_word' id='word_1_29' title='bbox 1551 646 1849 720; x_wconf 82' lang='lat' dir='ltr'><strong>lrequentia</strong></span> 
     </span>
    </p>
   </div>
   <div class='ocr_carea' id='block_1_5' title="bbox 242 738 1850 821">
    <p class='ocr_par' dir='ltr' id='par_1_5' title="bbox 242 738 1850 821">
     <span class='ocr_line' id='line_1_5' title="bbox 242 738 1850 821; baseline -0.008 -16"><span class='ocrx_word' id='word_1_30' title='bbox 242 751 375 807; x_wconf 81' lang='lat' dir='ltr'><strong>victi</strong></span> <span class='ocrx_word' id='word_1_31' title='bbox 406 751 644 821; x_wconf 88' lang='lat' dir='ltr'><strong>undique</strong></span> <span class='ocrx_word' id='word_1_32' title='bbox 669 746 789 804; x_wconf 86' lang='lat' dir='ltr'><strong>illas</strong></span> <span class='ocrx_word' id='word_1_33' title='bbox 814 747 1169 803; x_wconf 84' lang='lat' dir='ltr'><strong>scaturientes</strong></span> <span class='ocrx_word' id='word_1_34' title='bbox 1192 744 1494 801; x_wconf 77' lang='lat' dir='ltr'><strong>eﬂ&#39;undunt.</strong></span> <span class='ocrx_word' id='word_1_35' title='bbox 1517 740 1655 797; x_wconf 87' lang='lat' dir='ltr'><strong>Cum</strong></span> <span class='ocrx_word' id='word_1_36' title='bbox 1688 738 1850 811; x_wconf 90' lang='lat' dir='ltr'><strong>igitur</strong></span> 
     </span>
    </p>
   </div>
   <div class='ocr_carea' id='block_1_6' title="bbox 239 835 1847 915">
    <p class='ocr_par' dir='ltr' id='par_1_6' title="bbox 239 835 1847 915">
     <span class='ocr_line' id='line_1_6' title="bbox 239 835 1847 915; baseline -0.007 -13"><span class='ocrx_word' id='word_1_37' title='bbox 239 846 463 901; x_wconf 88' lang='lat' dir='ltr'><strong>laticum</strong></span> <span class='ocrx_word' id='word_1_38' title='bbox 506 842 721 915; x_wconf 83' lang='lat' dir='ltr'><strong>copiam</strong></span> <span class='ocrx_word' id='word_1_39' title='bbox 765 841 929 905; x_wconf 80' lang='lat' dir='ltr'><strong>vellet</strong></span> <span class='ocrx_word' id='word_1_40' title='bbox 969 839 1227 904; x_wconf 83' lang='lat' dir='ltr'><strong>indicare,</strong></span> <span class='ocrx_word' id='word_1_41' title='bbox 1264 838 1517 903; x_wconf 69' lang='lat' dir='ltr'><strong>Salienus</strong></span> <span class='ocrx_word' id='word_1_42' title='bbox 1555 835 1708 899; x_wconf 88' lang='lat' dir='ltr'><strong>dixit,</strong></span> <span class='ocrx_word' id='word_1_43' title='bbox 1742 848 1847 890; x_wconf 80' lang='lat' dir='ltr'><strong>nov</strong></span> 
     </span>
    </p>
   </div>
   <div class='ocr_carea' id='block_1_7' title="bbox 238 924 1852 1001">
    <p class='ocr_par' dir='ltr' id='par_1_7' title="bbox 238 924 1852 1001">
     <span class='ocr_line' id='line_1_7' title="bbox 238 924 1852 1001; baseline -0.007 -9"><span class='ocrx_word' id='word_1_44' title='bbox 238 936 517 992; x_wconf 87' lang='lat' dir='ltr'><strong>exeuntis.</strong></span> <span class='ocrx_word' id='word_1_45' title='bbox 585 933 681 990; x_wconf 76' lang='lat' dir='ltr'><strong>Vis</strong></span> <span class='ocrx_word' id='word_1_46' title='bbox 750 934 911 990; x_wconf 84' lang='lat' dir='ltr'><strong>etiam</strong></span> <span class='ocrx_word' id='word_1_47' title='bbox 984 942 1232 988; x_wconf 86' lang='lat' dir='ltr'><strong>naturam</strong></span> <span class='ocrx_word' id='word_1_48' title='bbox 1295 928 1414 1001; x_wconf 86' lang='lat' dir='ltr'><strong>ejus</strong></span> <span class='ocrx_word' id='word_1_49' title='bbox 1487 924 1852 999; x_wconf 74' lang='lat' dir='ltr'><strong>cognoscere?</strong></span> 
     </span>
    </p>
   </div>
   <div class='ocr_carea' id='block_1_8' title="bbox 239 1022 1848 1097">
    <p class='ocr_par' dir='ltr' id='par_1_8' title="bbox 239 1022 1848 1097">
     <span class='ocr_line' id='line_1_8' title="bbox 239 1022 1848 1097; baseline -0.007 -13"><span class='ocrx_word' id='word_1_50' title='bbox 239 1028 322 1085; x_wconf 72' lang='lat' dir='ltr'><strong>Bx</strong></span> <span class='ocrx_word' id='word_1_51' title='bbox 382 1042 487 1082; x_wconf 87' lang='lat' dir='ltr'><strong>usu</strong></span> <span class='ocrx_word' id='word_1_52' title='bbox 534 1040 817 1097; x_wconf 86' lang='lat' dir='ltr'><strong>cognosce.</strong></span> <span class='ocrx_word' id='word_1_53' title='bbox 858 1023 976 1080; x_wconf 86' lang='lat' dir='ltr'><strong>Non</strong></span> <span class='ocrx_word' id='word_1_54' title='bbox 1010 1024 1154 1080; x_wconf 89' lang='lat' dir='ltr'><strong>enim</strong></span> <span class='ocrx_word' id='word_1_55' title='bbox 1198 1022 1265 1077; x_wconf 92' lang='lat' dir='ltr'><strong>ad</strong></span> <span class='ocrx_word' id='word_1_56' title='bbox 1304 1024 1466 1077; x_wconf 87' lang='lat' dir='ltr'><strong>vitam</strong></span> <span class='ocrx_word' id='word_1_57' title='bbox 1505 1029 1848 1091; x_wconf 60' lang='lat' dir='ltr'><strong>praesentem,</strong></span> 
     </span>
    </p>
   </div>
   <div class='ocr_carea' id='block_1_9' title="bbox 239 1110 1853 1191">
    <p class='ocr_par' dir='ltr' id='par_1_9' title="bbox 239 1110 1853 1191">
     <span class='ocr_line' id='line_1_9' title="bbox 239 1110 1853 1191; baseline -0.007 -16"><span class='ocrx_word' id='word_1_58' title='bbox 239 1118 337 1175; x_wconf 83' lang='lat' dir='ltr'><strong>sed</strong></span> <span class='ocrx_word' id='word_1_59' title='bbox 390 1118 459 1173; x_wconf 88' lang='lat' dir='ltr'><strong>ad</strong></span> <span class='ocrx_word' id='word_1_60' title='bbox 512 1117 677 1173; x_wconf 83' lang='lat' dir='ltr'><strong>vitam</strong></span> <span class='ocrx_word' id='word_1_61' title='bbox 728 1126 985 1172; x_wconf 59' lang='lat' dir='ltr'><strong>alternam</strong></span> <span class='ocrx_word' id='word_1_62' title='bbox 1048 1123 1130 1170; x_wconf 88' lang='lat' dir='ltr'><strong>est</strong></span> <span class='ocrx_word' id='word_1_63' title='bbox 1192 1114 1357 1168; x_wconf 89' lang='lat' dir='ltr'><strong>utilis.</strong></span> <span class='ocrx_word' id='word_1_64' title='bbox 1406 1112 1463 1168; x_wconf 87' lang='lat' dir='ltr'><strong>ln</strong></span> <span class='ocrx_word' id='word_1_65' title='bbox 1508 1110 1631 1191; x_wconf 68' lang='lat' dir='ltr'><strong>hoc</strong></span> <span class='ocrx_word' id='word_1_66' title='bbox 1693 1110 1853 1181; x_wconf 89' lang='lat' dir='ltr'><strong>igitur</strong></span> 
     </span>
    </p>
   </div>
   <div class='ocr_carea' id='block_1_10' title="bbox 240 1201 1853 1280">
    <p class='ocr_par' dir='ltr' id='par_1_10' title="bbox 240 1201 1853 1280">
     <span class='ocr_line' id='line_1_10' title="bbox 240 1201 1853 1280; baseline -0.007 -14"><span class='ocrx_word' id='word_1_67' title='bbox 240 1208 502 1280; x_wconf 81' lang='lat' dir='ltr'><strong>paradiso</strong></span> <span class='ocrx_word' id='word_1_68' title='bbox 543 1223 821 1264; x_wconf 89' lang='lat' dir='ltr'><strong>versemur</strong></span> <span class='ocrx_word' id='word_1_69' title='bbox 866 1226 879 1261; x_wconf 92' lang='lat'><strong>:</strong></span> <span class='ocrx_word' id='word_1_70' title='bbox 940 1206 1276 1263; x_wconf 82' lang='lat' dir='ltr'><strong>assideamus</strong></span> <span class='ocrx_word' id='word_1_71' title='bbox 1337 1203 1470 1260; x_wconf 93' lang='lat' dir='ltr'><strong>fonti</strong></span> <span class='ocrx_word' id='word_1_72' title='bbox 1492 1248 1508 1266; x_wconf 86' lang='lat'><strong><em>.</em></strong></span> <span class='ocrx_word' id='word_1_73' title='bbox 1576 1218 1647 1259; x_wconf 90' lang='lat' dir='ltr'><strong>ne</strong></span> <span class='ocrx_word' id='word_1_74' title='bbox 1695 1201 1853 1257; x_wconf 87' lang='lat' dir='ltr'><strong>nobis</strong></span> 
     </span>
    </p>
   </div>
   <div class='ocr_carea' id='block_1_11' title="bbox 240 1292 1853 1370">
    <p class='ocr_par' dir='ltr' id='par_1_11' title="bbox 240 1292 1853 1370">
     <span class='ocr_line' id='line_1_11' title="bbox 240 1292 1853 1370; baseline -0.007 -14"><span class='ocrx_word' id='word_1_75' title='bbox 240 1299 460 1356; x_wconf 82' lang='lat' dir='ltr'><strong>accidat</strong></span> <span class='ocrx_word' id='word_1_76' title='bbox 526 1298 578 1355; x_wconf 90' lang='lat' dir='ltr'><strong>id</strong></span> <span class='ocrx_word' id='word_1_77' title='bbox 648 1298 789 1370; x_wconf 89' lang='lat' dir='ltr'><strong>quod</strong></span> <span class='ocrx_word' id='word_1_78' title='bbox 870 1297 1078 1353; x_wconf 82' lang='lat' dir='ltr'><strong>Adamo</strong></span> <span class='ocrx_word' id='word_1_79' title='bbox 1142 1296 1337 1351; x_wconf 79' lang='lat' dir='ltr'><strong>accidit</strong></span> <span class='ocrx_word' id='word_1_80' title='bbox 1368 1336 1383 1359; x_wconf 90' lang='lat'><strong>,</strong></span> <span class='ocrx_word' id='word_1_81' title='bbox 1469 1302 1523 1350; x_wconf 90' lang='lat' dir='ltr'><strong>et</strong></span> <span class='ocrx_word' id='word_1_82' title='bbox 1603 1292 1853 1363; x_wconf 73' lang='lat' dir='ltr'><strong>paradiso</strong></span> 
     </span>
    </p>
   </div>
   <div class='ocr_carea' id='block_1_12' title="bbox 242 1380 1848 1459">
    <p class='ocr_par' dir='ltr' id='par_1_12' title="bbox 242 1380 1848 1459">
     <span class='ocr_line' id='line_1_12' title="bbox 242 1380 1848 1459; baseline -0.007 -10"><span class='ocrx_word' id='word_1_83' title='bbox 242 1392 605 1449; x_wconf 84' lang='lat' dir='ltr'><strong>exeidamus:</strong></span> <span class='ocrx_word' id='word_1_84' title='bbox 638 1405 706 1445; x_wconf 86' lang='lat' dir='ltr'><strong>ne</strong></span> <span class='ocrx_word' id='word_1_85' title='bbox 752 1388 1110 1459; x_wconf 85' lang='lat' dir='ltr'><strong>perniciosum</strong></span> <span class='ocrx_word' id='word_1_86' title='bbox 1157 1387 1443 1442; x_wconf 83' lang='lat' dir='ltr'><strong>consilium</strong></span> <span class='ocrx_word' id='word_1_87' title='bbox 1482 1380 1848 1447; x_wconf 80' lang='lat' dir='ltr'><strong>admittamus,</strong></span> 
     </span>
    </p>
   </div>
   <div class='ocr_carea' id='block_1_13' title="bbox 242 1477 1849 1550">
    <p class='ocr_par' dir='ltr' id='par_1_13' title="bbox 242 1477 1849 1550">
     <span class='ocr_line' id='line_1_13' title="bbox 242 1477 1849 1550; baseline -0.005 -12"><span class='ocrx_word' id='word_1_88' title='bbox 242 1499 316 1538; x_wconf 90' lang='lat' dir='ltr'><strong>ne</strong></span> <span class='ocrx_word' id='word_1_89' title='bbox 358 1482 562 1538; x_wconf 85' lang='lat' dir='ltr'><strong>diaboli</strong></span> <span class='ocrx_word' id='word_1_90' title='bbox 602 1480 843 1536; x_wconf 90' lang='lat' dir='ltr'><strong>fraudem</strong></span> <span class='ocrx_word' id='word_1_91' title='bbox 888 1480 1242 1550; x_wconf 78' lang='lat' dir='ltr'><strong>suscipiamus</strong></span> <span class='ocrx_word' id='word_1_92' title='bbox 1273 1496 1287 1531; x_wconf 89' lang='lat'><strong>:</strong></span> <span class='ocrx_word' id='word_1_93' title='bbox 1320 1492 1629 1532; x_wconf 78' lang='lat' dir='ltr'><strong>maneamus</strong></span> <span class='ocrx_word' id='word_1_94' title='bbox 1659 1477 1802 1531; x_wconf 86' lang='lat' dir='ltr'><strong>intus</strong></span> <span class='ocrx_word' id='word_1_95' title='bbox 1833 1492 1849 1530; x_wconf 91' lang='lat'><strong>:</strong></span> 
     </span>
    </p>
   </div>
   <div class='ocr_carea' id='block_1_14' title="bbox 242 1568 1853 1644">
    <p class='ocr_par' dir='ltr' id='par_1_14' title="bbox 242 1568 1853 1644">
     <span class='ocr_line' id='line_1_14' title="bbox 242 1568 1853 1644; baseline -0.004 -16"><span class='ocrx_word' id='word_1_96' title='bbox 242 1574 450 1644; x_wconf 80' lang='lat' dir='ltr'><strong>quippe</strong></span> <span class='ocrx_word' id='word_1_97' title='bbox 501 1573 666 1628; x_wconf 87' lang='lat' dir='ltr'><strong>multa</strong></span> <span class='ocrx_word' id='word_1_98' title='bbox 710 1571 835 1627; x_wconf 91' lang='lat' dir='ltr'><strong>inde</strong></span> <span class='ocrx_word' id='word_1_99' title='bbox 880 1572 1137 1626; x_wconf 77' lang='lat' dir='ltr'><strong>securitas</strong></span> <span class='ocrx_word' id='word_1_100' title='bbox 1169 1590 1181 1624; x_wconf 93' lang='lat'><strong>:</strong></span> <span class='ocrx_word' id='word_1_101' title='bbox 1217 1572 1269 1626; x_wconf 92' lang='lat' dir='ltr'><strong>in</strong></span> <span class='ocrx_word' id='word_1_102' title='bbox 1301 1569 1530 1625; x_wconf 83' lang='lat' dir='ltr'><strong>lectione</strong></span> <span class='ocrx_word' id='word_1_103' title='bbox 1563 1568 1853 1638; x_wconf 71' lang='lat' dir='ltr'><strong>Scriptum</strong></span> 
     </span>
    </p>
   </div>
   <div class='ocr_carea' id='block_1_15' title="bbox 245 1659 1851 1733">
    <p class='ocr_par' dir='ltr' id='par_1_15' title="bbox 245 1659 1851 1733">
     <span class='ocr_line' id='line_1_15' title="bbox 245 1659 1851 1733; baseline -0.004 -15"><span class='ocrx_word' id='word_1_104' title='bbox 245 1666 406 1718; x_wconf 80' lang='lat' dir='ltr'><strong>istius</strong></span> <span class='ocrx_word' id='word_1_105' title='bbox 454 1677 883 1733; x_wconf 85' lang='lat' dir='ltr'><strong>permaneamns.</strong></span> <span class='ocrx_word' id='word_1_106' title='bbox 934 1661 1002 1717; x_wconf 88' lang='lat' dir='ltr'><strong>Ut</strong></span> <span class='ocrx_word' id='word_1_107' title='bbox 1048 1662 1191 1717; x_wconf 90' lang='lat' dir='ltr'><strong>enim</strong></span> <span class='ocrx_word' id='word_1_108' title='bbox 1224 1662 1276 1726; x_wconf 89' lang='lat' dir='ltr'><strong>ii,</strong></span> <span class='ocrx_word' id='word_1_109' title='bbox 1310 1662 1399 1731; x_wconf 90' lang='lat' dir='ltr'><strong>qui</strong></span> <span class='ocrx_word' id='word_1_110' title='bbox 1431 1660 1560 1714; x_wconf 87' lang='lat' dir='ltr'><strong>fonti</strong></span> <span class='ocrx_word' id='word_1_111' title='bbox 1592 1659 1851 1723; x_wconf 82' lang='lat' dir='ltr'><strong>assident,</strong></span> 
     </span>
    </p>
   </div>
   <div class='ocr_carea' id='block_1_16' title="bbox 242 1745 1851 1821">
    <p class='ocr_par' dir='ltr' id='par_1_16' title="bbox 242 1745 1851 1821">
     <span class='ocr_line' id='line_1_16' title="bbox 242 1745 1851 1821; baseline -0.002 -13"><span class='ocrx_word' id='word_1_112' title='bbox 242 1763 298 1808; x_wconf 83' lang='lat' dir='ltr'><strong>et</strong></span> <span class='ocrx_word' id='word_1_113' title='bbox 346 1768 482 1809; x_wconf 80' lang='lat' dir='ltr'><strong>aura</strong></span> <span class='ocrx_word' id='word_1_114' title='bbox 532 1755 618 1808; x_wconf 86' lang='lat' dir='ltr'><strong>illa</strong></span> <span class='ocrx_word' id='word_1_115' title='bbox 650 1745 915 1815; x_wconf 78' lang='lat' dir='ltr'><strong>lruuutur,</strong></span> <span class='ocrx_word' id='word_1_116' title='bbox 947 1762 1161 1807; x_wconf 13' lang='lat' dir='ltr'><strong>ctrmstu</strong></span> <span class='ocrx_word' id='word_1_117' title='bbox 1206 1752 1487 1821; x_wconf 80' lang='lat' dir='ltr'><strong>ingruente</strong></span> <span class='ocrx_word' id='word_1_118' title='bbox 1523 1752 1711 1805; x_wconf 80' lang='lat' dir='ltr'><strong>faciem</strong></span> <span class='ocrx_word' id='word_1_119' title='bbox 1743 1751 1851 1805; x_wconf 84' lang='lat' dir='ltr'><strong>fre-</strong></span> 
     </span>
    </p>
   </div>
   <div class='ocr_carea' id='block_1_17' title="bbox 244 1841 1849 1913">
    <p class='ocr_par' dir='ltr' id='par_1_17' title="bbox 244 1841 1849 1913">
     <span class='ocr_line' id='line_1_17' title="bbox 244 1841 1849 1913; baseline -0.001 -15"><span class='ocrx_word' id='word_1_120' title='bbox 244 1853 485 1913; x_wconf 78' lang='lat' dir='ltr'><strong>quenter</strong></span> <span class='ocrx_word' id='word_1_121' title='bbox 530 1844 874 1913; x_wconf 87' lang='lat' dir='ltr'><strong>immergunt,</strong></span> <span class='ocrx_word' id='word_1_122' title='bbox 923 1842 1170 1897; x_wconf 88' lang='lat' dir='ltr'><strong>latieibus</strong></span> <span class='ocrx_word' id='word_1_123' title='bbox 1216 1844 1460 1897; x_wconf 71' lang='lat' dir='ltr'><strong>mstivum</strong></span> <span class='ocrx_word' id='word_1_124' title='bbox 1488 1842 1724 1897; x_wconf 86' lang='lat' dir='ltr'><strong>calorem</strong></span> <span class='ocrx_word' id='word_1_125' title='bbox 1753 1841 1849 1896; x_wconf 83' lang='lat' dir='ltr'><strong>de-</strong></span> 
     </span>
    </p>
   </div>
   <div class='ocr_carea' id='block_1_18' title="bbox 247 1932 1853 2004">
    <p class='ocr_par' dir='ltr' id='par_1_18' title="bbox 247 1932 1853 2004">
     <span class='ocr_line' id='line_1_18' title="bbox 247 1932 1853 2004; baseline -0.001 -17"><span class='ocrx_word' id='word_1_126' title='bbox 247 1932 481 2004; x_wconf 85' lang='lat' dir='ltr'><strong>pellunt,</strong></span> <span class='ocrx_word' id='word_1_127' title='bbox 515 1944 571 1987; x_wconf 88' lang='lat' dir='ltr'><strong>et</strong></span> <span class='ocrx_word' id='word_1_128' title='bbox 596 1934 734 1999; x_wconf 85' lang='lat' dir='ltr'><strong>sitis,</strong></span> <span class='ocrx_word' id='word_1_129' title='bbox 763 1948 866 2004; x_wconf 90' lang='lat' dir='ltr'><strong>qua</strong></span> <span class='ocrx_word' id='word_1_130' title='bbox 894 1942 1174 1997; x_wconf 74' lang='lat' dir='ltr'><strong>vexantur,</strong></span> <span class='ocrx_word' id='word_1_131' title='bbox 1205 1932 1348 1986; x_wconf 85' lang='lat' dir='ltr'><strong>malo</strong></span> <span class='ocrx_word' id='word_1_132' title='bbox 1392 1932 1696 1993; x_wconf 88' lang='lat' dir='ltr'><strong>medentur,</strong></span> <span class='ocrx_word' id='word_1_133' title='bbox 1726 1932 1853 1985; x_wconf 89' lang='lat' dir='ltr'><strong>dum</strong></span> 
     </span>
    </p>
   </div>
   <div class='ocr_carea' id='block_1_19' title="bbox 247 2021 1853 2093">
    <p class='ocr_par' dir='ltr' id='par_1_19' title="bbox 247 2021 1853 2093">
     <span class='ocr_line' id='line_1_19' title="bbox 247 2021 1853 2093; baseline 0.001 -17"><span class='ocrx_word' id='word_1_134' title='bbox 247 2023 355 2077; x_wconf 90' lang='lat' dir='ltr'><strong>illis</strong></span> <span class='ocrx_word' id='word_1_135' title='bbox 381 2022 455 2077; x_wconf 90' lang='lat' dir='ltr'><strong>de</strong></span> <span class='ocrx_word' id='word_1_136' title='bbox 482 2024 781 2093; x_wconf 86' lang='lat' dir='ltr'><strong>propinquo</strong></span> <span class='ocrx_word' id='word_1_137' title='bbox 822 2023 967 2078; x_wconf 87' lang='lat' dir='ltr'><strong>fonte</strong></span> <span class='ocrx_word' id='word_1_138' title='bbox 996 2023 1293 2079; x_wconf 83' lang='lat' dir='ltr'><strong>remedium</strong></span> <span class='ocrx_word' id='word_1_139' title='bbox 1325 2026 1559 2093; x_wconf 87' lang='lat' dir='ltr'><strong>suppetit</strong></span> <span class='ocrx_word' id='word_1_140' title='bbox 1590 2039 1607 2076; x_wconf 87' lang='lat'><strong>:</strong></span> <span class='ocrx_word' id='word_1_141' title='bbox 1646 2023 1724 2077; x_wconf 86' lang='lat' dir='ltr'><strong>sic</strong></span> <span class='ocrx_word' id='word_1_142' title='bbox 1761 2021 1853 2093; x_wconf 92' lang='lat' dir='ltr'><strong>qui</strong></span> 
     </span>
    </p>
   </div>
   <div class='ocr_carea' id='block_1_20' title="bbox 246 2112 1854 2186">
    <p class='ocr_par' dir='ltr' id='par_1_20' title="bbox 246 2112 1854 2186">
     <span class='ocr_line' id='line_1_20' title="bbox 246 2112 1854 2186; baseline 0.001 -17"><span class='ocrx_word' id='word_1_143' title='bbox 246 2130 531 2170; x_wconf 88' lang='lat' dir='ltr'><strong>sacrarum</strong></span> <span class='ocrx_word' id='word_1_144' title='bbox 564 2115 695 2169; x_wconf 80' lang='lat' dir='ltr'><strong>fonti</strong></span> <span class='ocrx_word' id='word_1_145' title='bbox 742 2115 1141 2186; x_wconf 85' lang='lat' dir='ltr'><strong>Scripturarum</strong></span> <span class='ocrx_word' id='word_1_146' title='bbox 1200 2115 1436 2182; x_wconf 81' lang='lat' dir='ltr'><strong>assidet,</strong></span> <span class='ocrx_word' id='word_1_147' title='bbox 1488 2115 1613 2170; x_wconf 84' lang='lat' dir='ltr'><strong>licet</strong></span> <span class='ocrx_word' id='word_1_148' title='bbox 1642 2112 1854 2171; x_wconf 72' lang='lat' dir='ltr'><strong>nefaria&#39;</strong></span> 
     </span>
    </p>
   </div>
   <div class='ocr_carea' id='block_1_21' title="bbox 250 2204 1860 2272">
    <p class='ocr_par' dir='ltr' id='par_1_21' title="bbox 250 2204 1860 2272">
     <span class='ocr_line' id='line_1_21' title="bbox 250 2204 1860 2272; baseline -0.002 -11"><span class='ocrx_word' id='word_1_149' title='bbox 250 2205 493 2261; x_wconf 89' lang='lat' dir='ltr'><strong>libidinis</strong></span> <span class='ocrx_word' id='word_1_150' title='bbox 522 2204 983 2272; x_wconf 69' lang='lat' dir='ltr'><strong>ﬂammacruciari</strong></span> <span class='ocrx_word' id='word_1_151' title='bbox 1028 2220 1089 2261; x_wconf 90' lang='lat' dir='ltr'><strong>se</strong></span> <span class='ocrx_word' id='word_1_152' title='bbox 1114 2206 1343 2269; x_wconf 85' lang='lat' dir='ltr'><strong>sentiat,</strong></span> <span class='ocrx_word' id='word_1_153' title='bbox 1371 2220 1491 2260; x_wconf 90' lang='lat' dir='ltr'><strong>eum</strong></span> <span class='ocrx_word' id='word_1_154' title='bbox 1519 2206 1753 2259; x_wconf 90' lang='lat' dir='ltr'><strong>animam</strong></span> <span class='ocrx_word' id='word_1_155' title='bbox 1780 2204 1860 2258; x_wconf 83' lang='lat' dir='ltr'><strong>la-</strong></span> 
     </span>
    </p>
   </div>
   <div class='ocr_carea' id='block_1_22' title="bbox 248 2297 1859 2369">
    <p class='ocr_par' dir='ltr' id='par_1_22' title="bbox 248 2297 1859 2369">
     <span class='ocr_line' id='line_1_22' title="bbox 248 2297 1859 2369; baseline -0.001 -16"><span class='ocrx_word' id='word_1_156' title='bbox 248 2298 449 2355; x_wconf 85' lang='lat' dir='ltr'><strong>ticihus</strong></span> <span class='ocrx_word' id='word_1_157' title='bbox 498 2298 605 2353; x_wconf 85' lang='lat' dir='ltr'><strong>illis</strong></span> <span class='ocrx_word' id='word_1_158' title='bbox 629 2297 943 2369; x_wconf 90' lang='lat' dir='ltr'><strong>perfuderit,</strong></span> <span class='ocrx_word' id='word_1_159' title='bbox 972 2298 1127 2355; x_wconf 81' lang='lat' dir='ltr'><strong>facile</strong></span> <span class='ocrx_word' id='word_1_160' title='bbox 1155 2298 1424 2353; x_wconf 83' lang='lat' dir='ltr'><strong>flammam</strong></span> <span class='ocrx_word' id='word_1_161' title='bbox 1452 2298 1663 2368; x_wconf 81' lang='lat' dir='ltr'><strong>repellit</strong></span> <span class='ocrx_word' id='word_1_162' title='bbox 1693 2314 1706 2352; x_wconf 95' lang='lat'>:</span> <span class='ocrx_word' id='word_1_163' title='bbox 1744 2298 1859 2352; x_wconf 89' lang='lat' dir='ltr'><strong>sive</strong></span> 
     </span>
    </p>
   </div>
   <div class='ocr_carea' id='block_1_23' title="bbox 249 2388 1856 2460">
    <p class='ocr_par' dir='ltr' id='par_1_23' title="bbox 249 2388 1856 2460">
     <span class='ocr_line' id='line_1_23' title="bbox 249 2388 1856 2460; baseline -0.001 -17"><span class='ocrx_word' id='word_1_164' title='bbox 249 2388 457 2443; x_wconf 85' lang='lat' dir='ltr'><strong>fervida</strong></span> <span class='ocrx_word' id='word_1_165' title='bbox 503 2389 715 2444; x_wconf 85' lang='lat' dir='ltr'><strong>infestet</strong></span> <span class='ocrx_word' id='word_1_166' title='bbox 759 2389 1053 2454; x_wconf 86' lang='lat' dir='ltr'><strong>iracundia,</strong></span> <span class='ocrx_word' id='word_1_167' title='bbox 1083 2404 1203 2455; x_wconf 72' lang='lat' dir='ltr'><strong>qum</strong></span> <span class='ocrx_word' id='word_1_168' title='bbox 1242 2398 1509 2460; x_wconf 85' lang='lat' dir='ltr'><strong>tamquam</strong></span> <span class='ocrx_word' id='word_1_169' title='bbox 1539 2400 1856 2443; x_wconf 87' lang='lat' dir='ltr'><strong>succensum</strong></span> 
     </span>
    </p>
   </div>
   <div class='ocr_carea' id='block_1_24' title="bbox 252 2480 1855 2551">
    <p class='ocr_par' dir='ltr' id='par_1_24' title="bbox 252 2480 1855 2551">
     <span class='ocr_line' id='line_1_24' title="bbox 252 2480 1855 2551; baseline 0.001 -18"><span class='ocrx_word' id='word_1_170' title='bbox 252 2480 489 2542; x_wconf 68' lang='lat' dir='ltr'><strong>lclietem</strong></span> <span class='ocrx_word' id='word_1_171' title='bbox 528 2496 623 2536; x_wconf 91' lang='lat' dir='ltr'><strong>cor</strong></span> <span class='ocrx_word' id='word_1_172' title='bbox 667 2480 983 2546; x_wconf 88' lang='lat' dir='ltr'><strong>inflammat,</strong></span> <span class='ocrx_word' id='word_1_173' title='bbox 1026 2480 1072 2536; x_wconf 88' lang='lat' dir='ltr'><strong>si</strong></span> <span class='ocrx_word' id='word_1_174' title='bbox 1102 2481 1373 2535; x_wconf 88' lang='lat' dir='ltr'><strong>modicum</strong></span> <span class='ocrx_word' id='word_1_175' title='bbox 1420 2496 1574 2551; x_wconf 63' lang='lat' dir='ltr'><strong>aqua:</strong></span> <span class='ocrx_word' id='word_1_176' title='bbox 1613 2481 1855 2547; x_wconf 89' lang='lat' dir='ltr'><strong>instillet,</strong></span> 
     </span>
    </p>
   </div>
   <div class='ocr_carea' id='block_1_25' title="bbox 251 2569 1857 2642">
    <p class='ocr_par' dir='ltr' id='par_1_25' title="bbox 251 2569 1857 2642">
     <span class='ocr_line' id='line_1_25' title="bbox 251 2569 1857 2642; baseline 0.001 -18"><span class='ocrx_word' id='word_1_177' title='bbox 251 2569 543 2625; x_wconf 83' lang='lat' dir='ltr'><strong>confestim</strong></span> <span class='ocrx_word' id='word_1_178' title='bbox 605 2573 697 2625; x_wconf 76' lang='lat' dir='ltr'><strong>irre</strong></span> <span class='ocrx_word' id='word_1_179' title='bbox 751 2572 1205 2641; x_wconf 81' lang='lat' dir='ltr'><strong>importunitatem</strong></span> <span class='ocrx_word' id='word_1_180' title='bbox 1258 2580 1567 2642; x_wconf 88' lang='lat' dir='ltr'><strong>compescet</strong></span> <span class='ocrx_word' id='word_1_181' title='bbox 1623 2589 1636 2624; x_wconf 91' lang='lat'><strong>:</strong></span> <span class='ocrx_word' id='word_1_182' title='bbox 1689 2581 1744 2626; x_wconf 91' lang='lat' dir='ltr'><strong>et</strong></span> <span class='ocrx_word' id='word_1_183' title='bbox 1793 2588 1857 2627; x_wconf 88' lang='lat' dir='ltr'><strong>ex</strong></span> 
     </span>
    </p>
   </div>
   <div class='ocr_carea' id='block_1_26' title="bbox 252 2662 1857 2731">
    <p class='ocr_par' dir='ltr' id='par_1_26' title="bbox 252 2662 1857 2731">
     <span class='ocr_line' id='line_1_26' title="bbox 252 2662 1857 2731; baseline -0.001 -15"><span class='ocrx_word' id='word_1_184' title='bbox 252 2662 511 2716; x_wconf 87' lang='lat' dir='ltr'><strong>omnibus</strong></span> <span class='ocrx_word' id='word_1_185' title='bbox 559 2662 734 2731; x_wconf 79' lang='lat' dir='ltr'><strong>pravis</strong></span> <span class='ocrx_word' id='word_1_186' title='bbox 780 2662 1191 2731; x_wconf 77' lang='lat' dir='ltr'><strong>cogitationibus</strong></span> <span class='ocrx_word' id='word_1_187' title='bbox 1220 2663 1453 2716; x_wconf 75' lang='lat' dir='ltr'><strong>animam</strong></span> <span class='ocrx_word' id='word_1_188' title='bbox 1497 2670 1763 2730; x_wconf 86' lang='lat' dir='ltr'><strong>tamquam</strong></span> <span class='ocrx_word' id='word_1_189' title='bbox 1793 2676 1857 2716; x_wconf 79' lang='lat' dir='ltr'><strong>ex</strong></span> 
     </span>
    </p>
   </div>
   <div class='ocr_carea' id='block_1_27' title="bbox 255 2753 1858 2823">
    <p class='ocr_par' dir='ltr' id='par_1_27' title="bbox 255 2753 1858 2823">
     <span class='ocr_line' id='line_1_27' title="bbox 255 2753 1858 2823; baseline -0.001 -17"><span class='ocrx_word' id='word_1_190' title='bbox 255 2753 436 2807; x_wconf 85' lang='lat' dir='ltr'><strong>media</strong></span> <span class='ocrx_word' id='word_1_191' title='bbox 480 2753 695 2807; x_wconf 80' lang='lat' dir='ltr'><strong>ﬂamma</strong></span> <span class='ocrx_word' id='word_1_192' title='bbox 738 2753 931 2823; x_wconf 88' lang='lat' dir='ltr'><strong>eripiet</strong></span> <span class='ocrx_word' id='word_1_193' title='bbox 959 2768 1230 2808; x_wconf 88' lang='lat' dir='ltr'><strong>sacrarum</strong></span> <span class='ocrx_word' id='word_1_194' title='bbox 1262 2755 1419 2808; x_wconf 89' lang='lat' dir='ltr'><strong>lectio</strong></span> <span class='ocrx_word' id='word_1_195' title='bbox 1442 2753 1858 2822; x_wconf 88' lang='lat' dir='ltr'><strong>Scripturarum.</strong></span> 
     </span>
    </p>
   </div>
   <div class='ocr_carea' id='block_1_28' title="bbox 326 2842 1863 2914">
    <p class='ocr_par' dir='ltr' id='par_1_28' title="bbox 326 2842 1863 2914">
     <span class='ocr_line' id='line_1_28' title="bbox 326 2842 1863 2914; baseline 0.001 -17"><span class='ocrx_word' id='word_1_196' title='bbox 326 2844 388 2897; x_wconf 73' lang='grc' dir='ltr'><strong>Ξ.</strong></span> <span class='ocrx_word' id='word_1_197' title='bbox 429 2842 604 2911; x_wconf 78' lang='lat' dir='ltr'><strong>Quam</strong></span> <span class='ocrx_word' id='word_1_198' title='bbox 651 2842 722 2898; x_wconf 89' lang='lat' dir='ltr'><strong>ob</strong></span> <span class='ocrx_word' id='word_1_199' title='bbox 764 2858 982 2898; x_wconf 86' lang='lat' dir='ltr'><strong>causam</strong></span> <span class='ocrx_word' id='word_1_200' title='bbox 1030 2846 1191 2899; x_wconf 89' lang='lat' dir='ltr'><strong>etiam</strong></span> <span class='ocrx_word' id='word_1_201' title='bbox 1237 2859 1462 2914; x_wconf 84' lang='lat' dir='ltr'><strong>magnus</strong></span> <span class='ocrx_word' id='word_1_202' title='bbox 1488 2844 1576 2899; x_wconf 90' lang='lat' dir='ltr'><strong>ille</strong></span> <span class='ocrx_word' id='word_1_203' title='bbox 1605 2844 1863 2913; x_wconf 86' lang='lat' dir='ltr'><strong>propheta</strong></span> 
     </span>
    </p>
   </div>
   <div class='ocr_carea' id='block_1_29' title="bbox 256 2934 1864 3007">
    <p class='ocr_par' dir='ltr' id='par_1_29' title="bbox 256 2934 1864 3007">
     <span class='ocr_line' id='line_1_29' title="bbox 256 2934 1864 3007; baseline 0.001 -19"><span class='ocrx_word' id='word_1_204' title='bbox 256 2934 451 2999; x_wconf 80' lang='lat' dir='ltr'><strong>David,</strong></span> <span class='ocrx_word' id='word_1_205' title='bbox 479 2947 601 2988; x_wconf 89' lang='lat' dir='ltr'><strong>eum</strong></span> <span class='ocrx_word' id='word_1_206' title='bbox 624 2935 787 3004; x_wconf 87' lang='lat' dir='ltr'><strong>probe</strong></span> <span class='ocrx_word' id='word_1_207' title='bbox 812 2936 992 3000; x_wconf 89' lang='lat' dir='ltr'><strong>sciret,</strong></span> <span class='ocrx_word' id='word_1_208' title='bbox 1018 2946 1213 3007; x_wconf 87' lang='lat' dir='ltr'><strong>quanta</strong></span> <span class='ocrx_word' id='word_1_209' title='bbox 1240 2952 1304 2991; x_wconf 86' lang='lat' dir='ltr'><strong>ex</strong></span> <span class='ocrx_word' id='word_1_210' title='bbox 1326 2936 1554 2992; x_wconf 91' lang='lat' dir='ltr'><strong>lectione</strong></span> <span class='ocrx_word' id='word_1_211' title='bbox 1575 2937 1864 3005; x_wconf 68' lang='lat' dir='ltr'><strong>Scriptura:</strong></span> 
     </span>
    </p>
   </div>
   <div class='ocr_carea' id='block_1_30' title="bbox 259 3024 1864 3097">
    <p class='ocr_par' dir='ltr' id='par_1_30' title="bbox 259 3024 1864 3097">
     <span class='ocr_line' id='line_1_30' title="bbox 259 3024 1864 3097; baseline 0.002 -20"><span class='ocrx_word' id='word_1_212' title='bbox 259 3033 447 3077; x_wconf 87' lang='lat' dir='ltr'><strong>manet</strong></span> <span class='ocrx_word' id='word_1_213' title='bbox 497 3024 717 3087; x_wconf 85' lang='lat' dir='ltr'><strong>utilitas,</strong></span> <span class='ocrx_word' id='word_1_214' title='bbox 760 3040 882 3079; x_wconf 87' lang='lat' dir='ltr'><strong>cum</strong></span> <span class='ocrx_word' id='word_1_215' title='bbox 912 3026 1003 3096; x_wconf 86' lang='lat' dir='ltr'><strong>qui</strong></span> <span class='ocrx_word' id='word_1_216' title='bbox 1042 3026 1330 3096; x_wconf 87' lang='lat' dir='ltr'><strong>Scripturis</strong></span> <span class='ocrx_word' id='word_1_217' title='bbox 1377 3036 1635 3097; x_wconf 88' lang='lat' dir='ltr'><strong>perpetuo</strong></span> <span class='ocrx_word' id='word_1_218' title='bbox 1682 3027 1752 3081; x_wconf 89' lang='lat' dir='ltr'><strong>sit</strong></span> <span class='ocrx_word' id='word_1_219' title='bbox 1778 3026 1864 3080; x_wconf 82' lang='lat' dir='ltr'><strong>in-</strong></span> 
     </span>
    </p>
   </div>
   <div class='ocr_carea' id='block_1_31' title="bbox 260 3116 1865 3187">
    <p class='ocr_par' dir='ltr' id='par_1_31' title="bbox 260 3116 1865 3187">
     <span class='ocr_line' id='line_1_31' title="bbox 260 3116 1865 3187; baseline 0.002 -20"><span class='ocrx_word' id='word_1_220' title='bbox 260 3125 467 3179; x_wconf 86' lang='lat' dir='ltr'><strong>tentus,</strong></span> <span class='ocrx_word' id='word_1_221' title='bbox 497 3123 551 3168; x_wconf 90' lang='lat' dir='ltr'><strong>et</strong></span> <span class='ocrx_word' id='word_1_222' title='bbox 581 3130 763 3169; x_wconf 89' lang='lat' dir='ltr'><strong>earum</strong></span> <span class='ocrx_word' id='word_1_223' title='bbox 789 3116 1056 3186; x_wconf 89' lang='lat' dir='ltr'><strong>colloquio</strong></span> <span class='ocrx_word' id='word_1_224' title='bbox 1096 3116 1325 3182; x_wconf 87' lang='lat' dir='ltr'><strong>fruatur,</strong></span> <span class='ocrx_word' id='word_1_225' title='bbox 1357 3122 1492 3172; x_wconf 81' lang='lat' dir='ltr'><strong>cum&#39;</strong></span> <span class='ocrx_word' id='word_1_226' title='bbox 1510 3119 1689 3187; x_wconf 86' lang='lat' dir='ltr'><strong>planta</strong></span> <span class='ocrx_word' id='word_1_227' title='bbox 1713 3133 1865 3171; x_wconf 89' lang='lat' dir='ltr'><strong>com-</strong></span> 
     </span>
    </p>
   </div>
   <div class='ocr_carea' id='block_1_32' title="bbox 260 3206 1861 3278">
    <p class='ocr_par' dir='ltr' id='par_1_32' title="bbox 260 3206 1861 3278">
     <span class='ocr_line' id='line_1_32' title="bbox 260 3206 1861 3278; baseline 0.002 -21"><span class='ocrx_word' id='word_1_228' title='bbox 260 3215 418 3274; x_wconf 86' lang='lat' dir='ltr'><strong>parat</strong></span> <span class='ocrx_word' id='word_1_229' title='bbox 441 3220 563 3273; x_wconf 73' lang='lat' dir='ltr'><strong>qnze</strong></span> <span class='ocrx_word' id='word_1_230' title='bbox 607 3218 821 3275; x_wconf 85' lang='lat' dir='ltr'><strong>semper</strong></span> <span class='ocrx_word' id='word_1_231' title='bbox 860 3206 1065 3270; x_wconf 79' lang='lat' dir='ltr'><strong>ﬂoreat,</strong></span> <span class='ocrx_word' id='word_1_232' title='bbox 1111 3206 1262 3277; x_wconf 89' lang='lat' dir='ltr'><strong>juxta</strong></span> <span class='ocrx_word' id='word_1_233' title='bbox 1290 3207 1433 3262; x_wconf 86' lang='lat' dir='ltr'><strong>rivos</strong></span> <span class='ocrx_word' id='word_1_234' title='bbox 1456 3223 1713 3278; x_wconf 87' lang='lat' dir='ltr'><strong>aquarum</strong></span> <span class='ocrx_word' id='word_1_235' title='bbox 1742 3207 1861 3272; x_wconf 87' lang='lat' dir='ltr'><strong>sita,</strong></span> 
     </span>
    </p>
   </div>
   <div class='ocr_carea' id='block_1_33' title="bbox 258 3294 1868 3366">
    <p class='ocr_par' dir='ltr' id='par_1_33' title="bbox 258 3294 1868 3366">
     <span class='ocr_line' id='line_1_33' title="bbox 258 3294 1868 3366; baseline 0.001 -18"><span class='ocrx_word' id='word_1_236' title='bbox 258 3295 392 3349; x_wconf 87' lang='lat' dir='ltr'><strong>dutn</strong></span> <span class='ocrx_word' id='word_1_237' title='bbox 425 3296 497 3349; x_wconf 82' lang='lat' dir='ltr'><strong>ita</strong></span> <span class='ocrx_word' id='word_1_238' title='bbox 527 3294 762 3365; x_wconf 90' lang='lat' dir='ltr'><strong>loquitur</strong></span> <span class='ocrx_word' id='word_1_239' title='bbox 792 3312 806 3349; x_wconf 89' lang='lat'><strong><em>:</em></strong></span> <span class='ocrx_word' id='word_1_240' title='bbox 836 3295 1024 3351; x_wconf 85' lang='lat' dir='ltr'><strong>Beatus</strong></span> <span class='ocrx_word' id='word_1_241' title='bbox 1055 3300 1150 3361; x_wconf 80' lang='lat' dir='ltr'><strong>vir,</strong></span> <span class='ocrx_word' id='word_1_242' title='bbox 1178 3298 1266 3366; x_wconf 90' lang='lat' dir='ltr'><strong>qui</strong></span> <span class='ocrx_word' id='word_1_243' title='bbox 1291 3314 1391 3351; x_wconf 86' lang='lat' dir='ltr'><strong>non</strong></span> <span class='ocrx_word' id='word_1_244' title='bbox 1418 3299 1539 3352; x_wconf 86' lang='lat' dir='ltr'><strong>abiit</strong></span> <span class='ocrx_word' id='word_1_245' title='bbox 1578 3298 1629 3351; x_wconf 91' lang='lat' dir='ltr'><strong>in</strong></span> <span class='ocrx_word' id='word_1_246' title='bbox 1655 3296 1868 3351; x_wconf 84' lang='lat' dir='ltr'><strong>consilio</strong></span> 
     </span>
    </p>
   </div>
   <div class='ocr_carea' id='block_1_34' title="bbox 259 3387 1867 3457">
    <p class='ocr_par' dir='ltr' id='par_1_34' title="bbox 259 3387 1867 3457">
     <span class='ocr_line' id='line_1_34' title="bbox 259 3387 1867 3457; baseline 0.004 -20"><span class='ocrx_word' id='word_1_247' title='bbox 259 3387 563 3455; x_wconf 78' lang='lat' dir='ltr'><strong>impiorum,</strong></span> <span class='ocrx_word' id='word_1_248' title='bbox 592 3395 637 3439; x_wconf 91' lang='lat' dir='ltr'><strong>et</strong></span> <span class='ocrx_word' id='word_1_249' title='bbox 662 3388 714 3439; x_wconf 88' lang='lat' dir='ltr'><strong>in</strong></span> <span class='ocrx_word' id='word_1_250' title='bbox 738 3388 820 3440; x_wconf 75' lang='lat' dir='ltr'><strong>via</strong></span> <span class='ocrx_word' id='word_1_251' title='bbox 850 3399 1172 3457; x_wconf 83' lang='lat' dir='ltr'><strong>peccatorum</strong></span> <span class='ocrx_word' id='word_1_252' title='bbox 1200 3405 1302 3443; x_wconf 88' lang='lat' dir='ltr'><strong>non</strong></span> <span class='ocrx_word' id='word_1_253' title='bbox 1328 3391 1482 3455; x_wconf 77' lang='lat' dir='ltr'><strong>stetit,</strong></span> <span class='ocrx_word' id='word_1_254' title='bbox 1523 3400 1570 3445; x_wconf 86' lang='lat' dir='ltr'><strong>et</strong></span> <span class='ocrx_word' id='word_1_255' title='bbox 1612 3391 1661 3444; x_wconf 89' lang='lat' dir='ltr'><strong>in</strong></span> <span class='ocrx_word' id='word_1_256' title='bbox 1689 3391 1867 3444; x_wconf 78' lang='lat' dir='ltr'><strong>cat/ie-</strong></span> 
     </span>
    </p>
   </div>
   <div class='ocr_carea' id='block_1_35' title="bbox 260 3478 1870 3553">
    <p class='ocr_par' dir='ltr' id='par_1_35' title="bbox 260 3478 1870 3553">
     <span class='ocr_line' id='line_1_35' title="bbox 260 3478 1870 3553; baseline 0.006 -26"><span class='ocrx_word' id='word_1_257' title='bbox 260 3478 357 3529; x_wconf 85' lang='lat' dir='ltr'><strong>dra</strong></span> <span class='ocrx_word' id='word_1_258' title='bbox 386 3480 689 3546; x_wconf 70' lang='lat' dir='ltr'><strong>pestilentia</strong></span> <span class='ocrx_word' id='word_1_259' title='bbox 722 3495 824 3532; x_wconf 88' lang='lat' dir='ltr'><strong>non</strong></span> <span class='ocrx_word' id='word_1_260' title='bbox 869 3482 1037 3534; x_wconf 84' lang='lat' dir='ltr'><strong>sedit:</strong></span> <span class='ocrx_word' id='word_1_261' title='bbox 1064 3482 1154 3535; x_wconf 85' lang='lat' dir='ltr'><strong>sed</strong></span> <span class='ocrx_word' id='word_1_262' title='bbox 1178 3482 1230 3534; x_wconf 89' lang='lat' dir='ltr'><strong>in</strong></span> <span class='ocrx_word' id='word_1_263' title='bbox 1266 3483 1375 3553; x_wconf 83' lang='lat' dir='ltr'><strong>lege</strong></span> <span class='ocrx_word' id='word_1_264' title='bbox 1404 3480 1610 3536; x_wconf 83' lang='lat' dir='ltr'><strong>Domini</strong></span> <span class='ocrx_word' id='word_1_265' title='bbox 1638 3484 1870 3537; x_wconf 83' lang='lat' dir='ltr'><strong>voluntas</strong></span> 
     </span>
    </p>
   </div>
   <div class='ocr_carea' id='block_1_36' title="bbox 260 3570 1869 3643">
    <p class='ocr_par' dir='ltr' id='par_1_36' title="bbox 260 3570 1869 3643">
     <span class='ocr_line' id='line_1_36' title="bbox 260 3570 1869 3643; baseline 0.004 -21"><span class='ocrx_word' id='word_1_266' title='bbox 260 3570 395 3639; x_wconf 67' lang='lat' dir='ltr'><strong>ejus,</strong></span> <span class='ocrx_word' id='word_1_267' title='bbox 418 3579 465 3621; x_wconf 89' lang='lat' dir='ltr'><strong>et</strong></span> <span class='ocrx_word' id='word_1_268' title='bbox 491 3570 543 3622; x_wconf 86' lang='lat' dir='ltr'><strong>in</strong></span> <span class='ocrx_word' id='word_1_269' title='bbox 563 3572 670 3641; x_wconf 73' lang='lat' dir='ltr'><strong>lege</strong></span> <span class='ocrx_word' id='word_1_270' title='bbox 698 3572 809 3643; x_wconf 80' lang='lat' dir='ltr'><strong>ejus</strong></span> <span class='ocrx_word' id='word_1_271' title='bbox 836 3573 1249 3627; x_wconf 83' lang='lat' dir='ltr'><strong>meditabiturdie</strong></span> <span class='ocrx_word' id='word_1_272' title='bbox 1269 3591 1329 3627; x_wconf 84' lang='lat' dir='ltr'><strong>ac</strong></span> <span class='ocrx_word' id='word_1_273' title='bbox 1354 3586 1499 3629; x_wconf 84' lang='lat' dir='ltr'><strong>nocte</strong></span> <span class='ocrx_word' id='word_1_274' title='bbox 1519 3592 1539 3629; x_wconf 89' lang='lat'><strong><em>:</em></strong></span> <span class='ocrx_word' id='word_1_275' title='bbox 1556 3588 1601 3629; x_wconf 83' lang='lat' dir='ltr'><strong>ct</strong></span> <span class='ocrx_word' id='word_1_276' title='bbox 1623 3580 1713 3629; x_wconf 82' lang='lat' dir='ltr'><strong>erit</strong></span> <span class='ocrx_word' id='word_1_277' title='bbox 1740 3587 1869 3630; x_wconf 89' lang='lat' dir='ltr'><strong>tam-</strong></span> 
     </span>
    </p>
   </div>
   <div class='ocr_carea' id='block_1_37' title="bbox 262 3660 1870 3739">
    <p class='ocr_par' dir='ltr' id='par_1_37' title="bbox 262 3660 1870 3739">
     <span class='ocr_line' id='line_1_37' title="bbox 262 3660 1870 3739; baseline 0.007 -28"><span class='ocrx_word' id='word_1_278' title='bbox 262 3676 419 3729; x_wconf 81' lang='lat' dir='ltr'><strong>quam</strong></span> <span class='ocrx_word' id='word_1_279' title='bbox 447 3660 663 3731; x_wconf 78' lang='lat' dir='ltr'><strong>lignum,</strong></span> <span class='ocrx_word' id='word_1_280' title='bbox 696 3665 831 3731; x_wconf 84' lang='lat' dir='ltr'><strong>quod</strong></span> <span class='ocrx_word' id='word_1_281' title='bbox 857 3662 1140 3731; x_wconf 78' lang='lat' dir='ltr'><strong>plumatum</strong></span> <span class='ocrx_word' id='word_1_282' title='bbox 1169 3675 1241 3719; x_wconf 84' lang='lat' dir='ltr'><strong>est</strong></span> <span class='ocrx_word' id='word_1_283' title='bbox 1270 3684 1411 3721; x_wconf 76' lang='lat' dir='ltr'><strong>serus</strong></span> <span class='ocrx_word' id='word_1_284' title='bbox 1436 3668 1677 3721; x_wconf 82' lang='lat' dir='ltr'><strong>decursus</strong></span> <span class='ocrx_word' id='word_1_285' title='bbox 1702 3686 1870 3739; x_wconf 81' lang='lat' dir='ltr'><strong>aqua-</strong></span> 
     </span>
    </p>
   </div>
   <div class='ocr_carea' id='block_1_38' title="bbox 263 3752 1872 3828">
    <p class='ocr_par' dir='ltr' id='par_1_38' title="bbox 263 3752 1872 3828">
     <span class='ocr_line' id='line_1_38' title="bbox 263 3752 1872 3828; baseline 0.007 -24"><span class='ocrx_word' id='word_1_286' title='bbox 263 3768 381 3804; x_wconf 76' lang='lat' dir='ltr'><strong>rum</strong></span> <span class='ocrx_word' id='word_1_287' title='bbox 436 3752 611 3823; x_wconf 79' lang='lat' dir='ltr'><strong>(I&#39;sal.</strong></span> <span class='ocrx_word' id='word_1_288' title='bbox 668 3753 900 3824; x_wconf 66' lang='lat'><strong>1.1-5).</strong></span> <span class='ocrx_word' id='word_1_289' title='bbox 963 3754 1030 3811; x_wconf 89' lang='lat' dir='ltr'><strong>Ut</strong></span> <span class='ocrx_word' id='word_1_290' title='bbox 1084 3758 1225 3810; x_wconf 83' lang='lat' dir='ltr'><strong>enim</strong></span> <span class='ocrx_word' id='word_1_291' title='bbox 1278 3757 1475 3828; x_wconf 87' lang='lat' dir='ltr'><strong>lignum</strong></span> <span class='ocrx_word' id='word_1_292' title='bbox 1529 3760 1657 3813; x_wconf 88' lang='lat' dir='ltr'><strong>illud</strong></span> <span class='ocrx_word' id='word_1_293' title='bbox 1715 3775 1872 3815; x_wconf 87' lang='lat' dir='ltr'><strong>secus</strong></span> 
     </span>
    </p>
   </div>
   <div class='ocr_carea' id='block_1_39' title="bbox 264 3845 1868 3919">
    <p class='ocr_par' dir='ltr' id='par_1_39' title="bbox 264 3845 1868 3919">
     <span class='ocr_line' id='line_1_39' title="bbox 264 3845 1868 3919; baseline 0.005 -23"><span class='ocrx_word' id='word_1_294' title='bbox 264 3858 531 3914; x_wconf 86' lang='lat' dir='ltr'><strong>aquarum</strong></span> <span class='ocrx_word' id='word_1_295' title='bbox 575 3845 835 3901; x_wconf 88' lang='lat' dir='ltr'><strong>decursus</strong></span> <span class='ocrx_word' id='word_1_296' title='bbox 885 3848 1197 3916; x_wconf 87' lang='lat' dir='ltr'><strong>plantatum,</strong></span> <span class='ocrx_word' id='word_1_297' title='bbox 1237 3859 1291 3903; x_wconf 92' lang='lat' dir='ltr'><strong>et</strong></span> <span class='ocrx_word' id='word_1_298' title='bbox 1316 3850 1464 3918; x_wconf 86' lang='lat' dir='ltr'><strong>juxta</strong></span> <span class='ocrx_word' id='word_1_299' title='bbox 1511 3852 1653 3905; x_wconf 85' lang='lat' dir='ltr'><strong>rivos</strong></span> <span class='ocrx_word' id='word_1_300' title='bbox 1685 3853 1868 3919; x_wconf 89' lang='lat' dir='ltr'><strong>situm,</strong></span> 
     </span>
    </p>
   </div>
   <div class='ocr_carea' id='block_1_40' title="bbox 264 3935 1867 4010">
    <p class='ocr_par' dir='ltr' id='par_1_40' title="bbox 264 3935 1867 4010">
     <span class='ocr_line' id='line_1_40' title="bbox 264 3935 1867 4010; baseline 0.004 -21"><span class='ocrx_word' id='word_1_301' title='bbox 264 3935 393 3989; x_wconf 87' lang='lat' dir='ltr'><strong>dum</strong></span> <span class='ocrx_word' id='word_1_302' title='bbox 436 3937 660 4006; x_wconf 80' lang='lat' dir='ltr'><strong>perenni</strong></span> <span class='ocrx_word' id='word_1_303' title='bbox 704 3953 962 4008; x_wconf 83' lang='lat' dir='ltr'><strong>aquarum</strong></span> <span class='ocrx_word' id='word_1_304' title='bbox 1007 3940 1159 4009; x_wconf 87' lang='lat' dir='ltr'><strong>copia</strong></span> <span class='ocrx_word' id='word_1_305' title='bbox 1188 3941 1453 4010; x_wconf 76' lang='lat' dir='ltr'><strong>irrigatur,</strong></span> <span class='ocrx_word' id='word_1_306' title='bbox 1495 3943 1640 3997; x_wconf 86' lang='lat' dir='ltr'><strong>nulla</strong></span> <span class='ocrx_word' id='word_1_307' title='bbox 1671 3941 1867 3997; x_wconf 89' lang='lat' dir='ltr'><strong>intem-</strong></span> 
     </span>
    </p>
   </div>
   <div class='ocr_carea' id='block_1_41' title="bbox 267 4028 1872 4102">
    <p class='ocr_par' dir='ltr' id='par_1_41' title="bbox 267 4028 1872 4102">
     <span class='ocr_line' id='line_1_41' title="bbox 267 4028 1872 4102; baseline 0.006 -23"><span class='ocrx_word' id='word_1_308' title='bbox 267 4028 417 4095; x_wconf 85' lang='lat' dir='ltr'><strong>peric</strong></span> <span class='ocrx_word' id='word_1_309' title='bbox 454 4029 598 4082; x_wconf 87' lang='lat' dir='ltr'><strong>aeris</strong></span> <span class='ocrx_word' id='word_1_310' title='bbox 641 4028 760 4082; x_wconf 75' lang='lat' dir='ltr'><strong>lzedi</strong></span> <span class='ocrx_word' id='word_1_311' title='bbox 803 4038 996 4099; x_wconf 85' lang='lat' dir='ltr'><strong>potest,</strong></span> <span class='ocrx_word' id='word_1_312' title='bbox 1036 4040 1092 4085; x_wconf 92' lang='lat' dir='ltr'><strong>ct</strong></span> <span class='ocrx_word' id='word_1_313' title='bbox 1133 4047 1305 4102; x_wconf 88' lang='lat' dir='ltr'><strong>neque</strong></span> <span class='ocrx_word' id='word_1_314' title='bbox 1334 4032 1463 4086; x_wconf 89' lang='lat' dir='ltr'><strong>solis</strong></span> <span class='ocrx_word' id='word_1_315' title='bbox 1489 4033 1668 4087; x_wconf 89' lang='lat' dir='ltr'><strong>radios</strong></span> <span class='ocrx_word' id='word_1_316' title='bbox 1694 4034 1872 4089; x_wconf 86' lang='lat' dir='ltr'><strong>acrius</strong></span> 
     </span>
    </p>
   </div>
   <div class='ocr_carea' id='block_1_42' title="bbox 266 4108 1871 4195">
    <p class='ocr_par' dir='ltr' id='par_1_42' title="bbox 266 4108 1871 4195">
     <span class='ocr_line' id='line_1_42' title="bbox 266 4108 1871 4195; baseline 0.003 -20"><span class='ocrx_word' id='word_1_317' title='bbox 266 4122 656 4177; x_wconf 84' lang='lat' dir='ltr'><strong>incalescentes</strong></span> <span class='ocrx_word' id='word_1_318' title='bbox 683 4123 1016 4189; x_wconf 81' lang='lat' dir='ltr'><strong>reformidat,</strong></span> <span class='ocrx_word' id='word_1_319' title='bbox 1042 4141 1216 4195; x_wconf 88' lang='lat' dir='ltr'><strong>neque</strong></span> <span class='ocrx_word' id='word_1_320' title='bbox 1236 4108 1464 4195; x_wconf 79' lang='lat' dir='ltr'><strong>graviori</strong></span> <span class='ocrx_word' id='word_1_321' title='bbox 1489 4136 1618 4181; x_wconf 69' lang='lat' dir='ltr'><strong>aastu</strong></span> <span class='ocrx_word' id='word_1_322' title='bbox 1647 4129 1871 4181; x_wconf 82' lang='lat' dir='ltr'><strong>saevien-</strong></span> 
     </span>
    </p>
   </div>
   <div class='ocr_carea' id='block_1_43' title="bbox 264 4215 1871 4284">
    <p class='ocr_par' dir='ltr' id='par_1_43' title="bbox 264 4215 1871 4284">
     <span class='ocr_line' id='line_1_43' title="bbox 264 4215 1871 4284; baseline 0.004 -17"><span class='ocrx_word' id='word_1_323' title='bbox 264 4223 373 4267; x_wconf 88' lang='lat' dir='ltr'><strong>tem</strong></span> <span class='ocrx_word' id='word_1_324' title='bbox 403 4228 586 4267; x_wconf 89' lang='lat' dir='ltr'><strong>aerem</strong></span> <span class='ocrx_word' id='word_1_325' title='bbox 633 4215 991 4284; x_wconf 87' lang='lat' dir='ltr'><strong>pertimescit;</strong></span> <span class='ocrx_word' id='word_1_326' title='bbox 1038 4230 1158 4269; x_wconf 90' lang='lat' dir='ltr'><strong>cum</strong></span> <span class='ocrx_word' id='word_1_327' title='bbox 1205 4216 1348 4271; x_wconf 90' lang='lat' dir='ltr'><strong>enim</strong></span> <span class='ocrx_word' id='word_1_328' title='bbox 1397 4217 1655 4271; x_wconf 87' lang='lat' dir='ltr'><strong>inclusum</strong></span> <span class='ocrx_word' id='word_1_329' title='bbox 1707 4218 1761 4272; x_wconf 91' lang='lat' dir='ltr'><strong>in</strong></span> <span class='ocrx_word' id='word_1_330' title='bbox 1811 4232 1871 4273; x_wconf 89' lang='lat' dir='ltr'><strong>se</strong></span> 
     </span>
    </p>
   </div>
   <div class='ocr_carea' id='block_1_44' title="bbox 262 4303 1870 4379">
    <p class='ocr_par' dir='ltr' id='par_1_44' title="bbox 262 4303 1870 4379">
     <span class='ocr_line' id='line_1_44' title="bbox 262 4303 1870 4379; baseline 0.006 -23"><span class='ocrx_word' id='word_1_331' title='bbox 262 4303 625 4379; x_wconf 81' lang='lat' dir='ltr'><strong>sufficientem</strong></span> <span class='ocrx_word' id='word_1_332' title='bbox 674 4305 955 4359; x_wconf 75' lang='lat' dir='ltr'><strong>humorem</strong></span> <span class='ocrx_word' id='word_1_333' title='bbox 1005 4305 1219 4371; x_wconf 80' lang='lat' dir='ltr'><strong>habeat,</strong></span> <span class='ocrx_word' id='word_1_334' title='bbox 1265 4324 1480 4363; x_wconf 89' lang='lat' dir='ltr'><strong>onmem</strong></span> <span class='ocrx_word' id='word_1_335' title='bbox 1511 4309 1645 4363; x_wconf 84' lang='lat' dir='ltr'><strong>radii</strong></span> <span class='ocrx_word' id='word_1_336' title='bbox 1676 4310 1870 4366; x_wconf 86' lang='lat' dir='ltr'><strong>solaris</strong></span> 
     </span>
    </p>
   </div>
   <div class='ocr_carea' id='block_1_45' title="bbox 261 4395 1868 4471">
    <p class='ocr_par' dir='ltr' id='par_1_45' title="bbox 261 4395 1868 4471">
     <span class='ocr_line' id='line_1_45' title="bbox 261 4395 1868 4471; baseline 0.006 -23"><span class='ocrx_word' id='word_1_337' title='bbox 261 4395 507 4449; x_wconf 84' lang='lat' dir='ltr'><strong>exterius</strong></span> <span class='ocrx_word' id='word_1_338' title='bbox 552 4395 886 4465; x_wconf 83' lang='lat' dir='ltr'><strong>ingruentem</strong></span> <span class='ocrx_word' id='word_1_339' title='bbox 931 4396 1182 4452; x_wconf 88' lang='lat' dir='ltr'><strong>ardorem</strong></span> <span class='ocrx_word' id='word_1_340' title='bbox 1213 4402 1390 4454; x_wconf 85' lang='lat' dir='ltr'><strong>statim</strong></span> <span class='ocrx_word' id='word_1_341' title='bbox 1422 4400 1642 4471; x_wconf 90' lang='lat' dir='ltr'><strong>depellit</strong></span> <span class='ocrx_word' id='word_1_342' title='bbox 1668 4417 1730 4456; x_wconf 88' lang='lat' dir='ltr'><strong>ac</strong></span> <span class='ocrx_word' id='word_1_343' title='bbox 1756 4402 1868 4457; x_wconf 89' lang='lat' dir='ltr'><strong>dis-</strong></span> 
     </span>
    </p>
   </div>
   <div class='ocr_carea' id='block_1_46' title="bbox 261 4484 1870 4559">
    <p class='ocr_par' dir='ltr' id='par_1_46' title="bbox 261 4484 1870 4559">
     <span class='ocr_line' id='line_1_46' title="bbox 261 4484 1870 4559; baseline 0.005 -20"><span class='ocrx_word' id='word_1_344' title='bbox 261 4484 400 4539; x_wconf 88' lang='lat' dir='ltr'><strong>cutit</strong></span> <span class='ocrx_word' id='word_1_345' title='bbox 443 4504 457 4539; x_wconf 92' lang='lat'><strong>:</strong></span> <span class='ocrx_word' id='word_1_346' title='bbox 504 4486 583 4539; x_wconf 90' lang='lat' dir='ltr'><strong>sic</strong></span> <span class='ocrx_word' id='word_1_347' title='bbox 626 4489 785 4541; x_wconf 89' lang='lat' dir='ltr'><strong>etiam</strong></span> <span class='ocrx_word' id='word_1_348' title='bbox 832 4489 1008 4542; x_wconf 86' lang='lat' dir='ltr'><strong>anima</strong></span> <span class='ocrx_word' id='word_1_349' title='bbox 1057 4505 1177 4559; x_wconf 83' lang='lat' dir='ltr'><strong>quae</strong></span> <span class='ocrx_word' id='word_1_350' title='bbox 1216 4490 1365 4558; x_wconf 86' lang='lat' dir='ltr'><strong>juxta</strong></span> <span class='ocrx_word' id='word_1_351' title='bbox 1407 4508 1684 4547; x_wconf 84' lang='lat' dir='ltr'><strong>sacrarum</strong></span> <span class='ocrx_word' id='word_1_352' title='bbox 1727 4494 1870 4549; x_wconf 88' lang='lat' dir='ltr'><strong>rivos</strong></span> 
     </span>
    </p>
   </div>
   <div class='ocr_carea' id='block_1_47' title="bbox 261 4577 1868 4654">
    <p class='ocr_par' dir='ltr' id='par_1_47' title="bbox 261 4577 1868 4654">
     <span class='ocr_line' id='line_1_47' title="bbox 261 4577 1868 4654; baseline 0.007 -24"><span class='ocrx_word' id='word_1_353' title='bbox 261 4577 666 4646; x_wconf 84' lang='lat' dir='ltr'><strong>Scripturarum</strong></span> <span class='ocrx_word' id='word_1_354' title='bbox 697 4580 870 4647; x_wconf 89' lang='lat' dir='ltr'><strong>sedet,</strong></span> <span class='ocrx_word' id='word_1_355' title='bbox 900 4597 962 4636; x_wconf 90' lang='lat' dir='ltr'><strong>ac</strong></span> <span class='ocrx_word' id='word_1_356' title='bbox 986 4592 1244 4651; x_wconf 89' lang='lat' dir='ltr'><strong>perpetuo</strong></span> <span class='ocrx_word' id='word_1_357' title='bbox 1274 4585 1493 4654; x_wconf 81' lang='lat' dir='ltr'><strong>rigatur,</strong></span> <span class='ocrx_word' id='word_1_358' title='bbox 1525 4585 1651 4640; x_wconf 91' lang='lat' dir='ltr'><strong>dum</strong></span> <span class='ocrx_word' id='word_1_359' title='bbox 1685 4586 1868 4642; x_wconf 88' lang='lat' dir='ltr'><strong>latices</strong></span> 
     </span>
    </p>
   </div>
   <div class='ocr_carea' id='block_1_48' title="bbox 262 4668 1868 4748">
    <p class='ocr_par' dir='ltr' id='par_1_48' title="bbox 262 4668 1868 4748">
     <span class='ocr_line' id='line_1_48' title="bbox 262 4668 1868 4748; baseline 0.006 -25"><span class='ocrx_word' id='word_1_360' title='bbox 262 4668 409 4734; x_wconf 87' lang='lat' dir='ltr'><strong>illos,</strong></span> <span class='ocrx_word' id='word_1_361' title='bbox 442 4684 728 4740; x_wconf 89' lang='lat' dir='ltr'><strong>roremque</strong></span> <span class='ocrx_word' id='word_1_362' title='bbox 760 4671 991 4742; x_wconf 88' lang='lat' dir='ltr'><strong>Spiritus</strong></span> <span class='ocrx_word' id='word_1_363' title='bbox 1037 4673 1088 4728; x_wconf 92' lang='lat' dir='ltr'><strong>in</strong></span> <span class='ocrx_word' id='word_1_364' title='bbox 1127 4676 1412 4746; x_wconf 88' lang='lat' dir='ltr'><strong>semetipsa</strong></span> <span class='ocrx_word' id='word_1_365' title='bbox 1440 4677 1656 4748; x_wconf 86' lang='lat' dir='ltr'><strong>colligit,</strong></span> <span class='ocrx_word' id='word_1_366' title='bbox 1690 4681 1868 4733; x_wconf 89' lang='lat' dir='ltr'><strong>omni-</strong></span> 
     </span>
    </p>
   </div>
   <div class='ocr_carea' id='block_1_49' title="bbox 260 4759 1864 4833">
    <p class='ocr_par' dir='ltr' id='par_1_49' title="bbox 260 4759 1864 4833">
     <span class='ocr_line' id='line_1_49' title="bbox 260 4759 1864 4833; baseline 0.006 -19"><span class='ocrx_word' id='word_1_367' title='bbox 260 4759 365 4818; x_wconf 88' lang='lat' dir='ltr'><strong>bus</strong></span> <span class='ocrx_word' id='word_1_368' title='bbox 389 4776 575 4816; x_wconf 90' lang='lat' dir='ltr'><strong>rerum</strong></span> <span class='ocrx_word' id='word_1_369' title='bbox 615 4762 965 4817; x_wconf 88' lang='lat' dir='ltr'><strong>lmmauarum</strong></span> <span class='ocrx_word' id='word_1_370' title='bbox 1006 4763 1359 4820; x_wconf 87' lang='lat' dir='ltr'><strong>incommodis</strong></span> <span class='ocrx_word' id='word_1_371' title='bbox 1384 4769 1601 4823; x_wconf 91' lang='lat' dir='ltr'><strong>resistet</strong></span> <span class='ocrx_word' id='word_1_372' title='bbox 1634 4769 1864 4833; x_wconf 87' lang='lat' dir='ltr'><strong>invicta;</strong></span> 
     </span>
    </p>
   </div>
   <div class='ocr_carea' id='block_1_50' title="bbox 260 4852 1868 4924">
    <p class='ocr_par' dir='ltr' id='par_1_50' title="bbox 260 4852 1868 4924">
     <span class='ocr_line' id='line_1_50' title="bbox 260 4852 1868 4924; baseline 0.007 -21"><span class='ocrx_word' id='word_1_373' title='bbox 260 4852 375 4906; x_wconf 78' lang='lat' dir='ltr'><strong>sive</strong></span> <span class='ocrx_word' id='word_1_374' title='bbox 423 4852 665 4919; x_wconf 88' lang='lat' dir='ltr'><strong>morbus,</strong></span> <span class='ocrx_word' id='word_1_375' title='bbox 712 4855 825 4907; x_wconf 83' lang='lat' dir='ltr'><strong>sive</strong></span> <span class='ocrx_word' id='word_1_376' title='bbox 871 4855 1215 4921; x_wconf 86' lang='lat' dir='ltr'><strong>contumelia,</strong></span> <span class='ocrx_word' id='word_1_377' title='bbox 1262 4860 1373 4911; x_wconf 85' lang='lat' dir='ltr'><strong>sive</strong></span> <span class='ocrx_word' id='word_1_378' title='bbox 1422 4858 1709 4924; x_wconf 86' lang='lat' dir='ltr'><strong>calumnia,</strong></span> <span class='ocrx_word' id='word_1_379' title='bbox 1754 4862 1868 4915; x_wconf 89' lang='lat' dir='ltr'><strong>sive</strong></span> 
     </span>
    </p>
   </div>
   <div class='ocr_carea' id='block_1_51' title="bbox 262 4943 1867 5021">
    <p class='ocr_par' dir='ltr' id='par_1_51' title="bbox 262 4943 1867 5021">
     <span class='ocr_line' id='line_1_51' title="bbox 262 4943 1867 5021; baseline 0.011 -28"><span class='ocrx_word' id='word_1_380' title='bbox 262 4945 551 5013; x_wconf 81' lang='lat' dir='ltr'><strong>vituperia,</strong></span> <span class='ocrx_word' id='word_1_381' title='bbox 595 4943 709 4999; x_wconf 84' lang='lat' dir='ltr'><strong>sive</strong></span> <span class='ocrx_word' id='word_1_382' title='bbox 747 4956 1063 5014; x_wconf 86' lang='lat' dir='ltr'><strong>scommata,</strong></span> <span class='ocrx_word' id='word_1_383' title='bbox 1108 4949 1221 5004; x_wconf 86' lang='lat' dir='ltr'><strong>sive</strong></span> <span class='ocrx_word' id='word_1_384' title='bbox 1250 4951 1459 5018; x_wconf 86' lang='lat' dir='ltr'><strong>pigritia</strong></span> <span class='ocrx_word' id='word_1_385' title='bbox 1489 4952 1710 5021; x_wconf 80' lang='lat' dir='ltr'><strong>quaevis,</strong></span> <span class='ocrx_word' id='word_1_386' title='bbox 1754 4955 1867 5010; x_wconf 85' lang='lat' dir='ltr'><strong>sive</strong></span> 
     </span>
    </p>
   </div>
   <div class='ocr_carea' id='block_1_52' title="bbox 259 5036 1865 5113">
    <p class='ocr_par' dir='ltr' id='par_1_52' title="bbox 259 5036 1865 5113">
     <span class='ocr_line' id='line_1_52' title="bbox 259 5036 1865 5113; baseline 0.007 -25"><span class='ocrx_word' id='word_1_387' title='bbox 259 5044 461 5088; x_wconf 88' lang='lat' dir='ltr'><strong>cuncta</strong></span> <span class='ocrx_word' id='word_1_388' title='bbox 510 5036 692 5089; x_wconf 88' lang='lat' dir='ltr'><strong>mundi</strong></span> <span class='ocrx_word' id='word_1_389' title='bbox 738 5036 873 5097; x_wconf 87' lang='lat' dir='ltr'><strong>mala</strong></span> <span class='ocrx_word' id='word_1_390' title='bbox 919 5038 974 5091; x_wconf 88' lang='lat' dir='ltr'><strong>in</strong></span> <span class='ocrx_word' id='word_1_391' title='bbox 1022 5037 1286 5107; x_wconf 86' lang='lat' dir='ltr'><strong>ejusmodi</strong></span> <span class='ocrx_word' id='word_1_392' title='bbox 1327 5042 1558 5095; x_wconf 90' lang='lat' dir='ltr'><strong>animam</strong></span> <span class='ocrx_word' id='word_1_393' title='bbox 1610 5044 1865 5113; x_wconf 86' lang='lat' dir='ltr'><strong>impetum</strong></span> 
     </span>
    </p>
   </div>
   <div class='ocr_carea' id='block_1_53' title="bbox 260 5126 1862 5203">
    <p class='ocr_par' dir='ltr' id='par_1_53' title="bbox 260 5126 1862 5203">
     <span class='ocr_line' id='line_1_53' title="bbox 260 5126 1862 5203; baseline 0.007 -24"><span class='ocrx_word' id='word_1_394' title='bbox 260 5127 482 5191; x_wconf 66' lang='lat' dir='ltr'><strong>faciant,</strong></span> <span class='ocrx_word' id='word_1_395' title='bbox 508 5126 662 5181; x_wconf 76' lang='lat' dir='ltr'><strong>facile</strong></span> <span class='ocrx_word' id='word_1_396' title='bbox 694 5130 1150 5197; x_wconf 81' lang='lat' dir='ltr'><strong>perturbationum</strong></span> <span class='ocrx_word' id='word_1_397' title='bbox 1179 5132 1480 5187; x_wconf 83' lang='lat' dir='ltr'><strong>incendium</strong></span> <span class='ocrx_word' id='word_1_398' title='bbox 1511 5136 1862 5203; x_wconf 60' lang='lat' dir='ltr'><strong>propulsabil,</strong></span> 
     </span>
    </p>
   </div>
   <div class='ocr_carea' id='block_1_54' title="bbox 258 5218 1861 5294">
    <p class='ocr_par' dir='ltr' id='par_1_54' title="bbox 258 5218 1861 5294">
     <span class='ocr_line' id='line_1_54' title="bbox 258 5218 1861 5294; baseline 0.012 -27"><span class='ocrx_word' id='word_1_399' title='bbox 258 5236 383 5273; x_wconf 71' lang='lat' dir='ltr'><strong>cum</strong></span> <span class='ocrx_word' id='word_1_400' title='bbox 432 5218 714 5274; x_wconf 82' lang='lat' dir='ltr'><strong>sufficienti</strong></span> <span class='ocrx_word' id='word_1_401' title='bbox 744 5222 991 5277; x_wconf 88' lang='lat' dir='ltr'><strong>lectionis</strong></span> <span class='ocrx_word' id='word_1_402' title='bbox 1020 5225 1314 5294; x_wconf 72' lang='lat' dir='ltr'><strong>Scripturze</strong></span> <span class='ocrx_word' id='word_1_403' title='bbox 1338 5227 1529 5282; x_wconf 83' lang='lat' dir='ltr'><strong>solatio</strong></span> <span class='ocrx_word' id='word_1_404' title='bbox 1559 5230 1861 5286; x_wconf 75' lang='lat' dir='ltr'><strong>roboratur.</strong></span> 
     </span>
    </p>
   </div>
   <div class='ocr_carea' id='block_1_55' title="bbox 260 5310 1864 5387">
    <p class='ocr_par' dir='ltr' id='par_1_55' title="bbox 260 5310 1864 5387">
     <span class='ocr_line' id='line_1_55' title="bbox 260 5310 1864 5387; baseline 0.007 -24"><span class='ocrx_word' id='word_1_405' title='bbox 260 5310 394 5363; x_wconf 77' lang='lat' dir='ltr'><strong>Nam</strong></span> <span class='ocrx_word' id='word_1_406' title='bbox 449 5326 624 5379; x_wconf 87' lang='lat' dir='ltr'><strong>neque</strong></span> <span class='ocrx_word' id='word_1_407' title='bbox 661 5312 851 5381; x_wconf 66' lang='lat' dir='ltr'><strong>gloria:</strong></span> <span class='ocrx_word' id='word_1_408' title='bbox 895 5315 1223 5384; x_wconf 86' lang='lat' dir='ltr'><strong>magnitudo,</strong></span> <span class='ocrx_word' id='word_1_409' title='bbox 1256 5332 1428 5387; x_wconf 86' lang='lat' dir='ltr'><strong>neque</strong></span> <span class='ocrx_word' id='word_1_410' title='bbox 1456 5320 1706 5387; x_wconf 71' lang='lat' dir='ltr'><strong>potentia:</strong></span> <span class='ocrx_word' id='word_1_411' title='bbox 1747 5338 1864 5375; x_wconf 89' lang='lat' dir='ltr'><strong>ma-</strong></span> 
     </span>
    </p>
   </div>
   <div class='ocr_carea' id='block_1_56' title="bbox 259 5402 1863 5483">
    <p class='ocr_par' dir='ltr' id='par_1_56' title="bbox 259 5402 1863 5483">
     <span class='ocr_line' id='line_1_56' title="bbox 259 5402 1863 5483; baseline 0.013 -36"><span class='ocrx_word' id='word_1_412' title='bbox 259 5402 448 5469; x_wconf 60' lang='lat' dir='ltr'><strong>iestas,</strong></span> <span class='ocrx_word' id='word_1_413' title='bbox 485 5417 585 5455; x_wconf 91' lang='lat' dir='ltr'><strong>nec</strong></span> <span class='ocrx_word' id='word_1_414' title='bbox 606 5404 900 5459; x_wconf 87' lang='lat' dir='ltr'><strong>amicorum</strong></span> <span class='ocrx_word' id='word_1_415' title='bbox 939 5409 1246 5475; x_wconf 67' lang='lat' dir='ltr'><strong>praesentia,</strong></span> <span class='ocrx_word' id='word_1_416' title='bbox 1275 5423 1372 5462; x_wconf 90' lang='lat' dir='ltr'><strong>nec</strong></span> <span class='ocrx_word' id='word_1_417' title='bbox 1402 5409 1546 5463; x_wconf 88' lang='lat' dir='ltr'><strong>aliud</strong></span> <span class='ocrx_word' id='word_1_418' title='bbox 1576 5412 1863 5483; x_wconf 82' lang='lat' dir='ltr'><strong>quidquam</strong></span> 
     </span>
    </p>
   </div>
   <div class='ocr_carea' id='block_1_57' title="bbox 259 5494 1863 5563">
    <p class='ocr_par' dir='ltr' id='par_1_57' title="bbox 259 5494 1863 5563">
     <span class='ocr_line' id='line_1_57' title="bbox 259 5494 1863 5563; baseline 0.012 -20"><span class='ocrx_word' id='word_1_419' title='bbox 259 5510 321 5545; x_wconf 73' lang='lat' dir='ltr'><strong>ex</strong></span> <span class='ocrx_word' id='word_1_420' title='bbox 371 5494 539 5548; x_wconf 80' lang='lat' dir='ltr'><strong>rebus</strong></span> <span class='ocrx_word' id='word_1_421' title='bbox 584 5494 832 5551; x_wconf 85' lang='lat' dir='ltr'><strong>immanis</strong></span> <span class='ocrx_word' id='word_1_422' title='bbox 874 5500 1109 5554; x_wconf 89' lang='lat' dir='ltr'><strong>animum</strong></span> <span class='ocrx_word' id='word_1_423' title='bbox 1142 5500 1276 5555; x_wconf 86' lang='lat' dir='ltr'><strong>adeo</strong></span> <span class='ocrx_word' id='word_1_424' title='bbox 1317 5502 1529 5558; x_wconf 89' lang='lat' dir='ltr'><strong>tristitia</strong></span> <span class='ocrx_word' id='word_1_425' title='bbox 1560 5507 1863 5563; x_wconf 85' lang='lat' dir='ltr'><strong>confectum</strong></span> 
     </span>
    </p>
   </div>
   <div class='ocr_carea' id='block_1_58' title="bbox 259 5587 1864 5669">
    <p class='ocr_par' dir='ltr' id='par_1_58' title="bbox 259 5587 1864 5669">
     <span class='ocr_line' id='line_1_58' title="bbox 259 5587 1864 5669; baseline 0.013 -34"><span class='ocrx_word' id='word_1_426' title='bbox 259 5587 424 5640; x_wconf 74' lang='lat' dir='ltr'><strong>solari</strong></span> <span class='ocrx_word' id='word_1_427' title='bbox 457 5588 672 5657; x_wconf 80' lang='lat' dir='ltr'><strong>poterit,</strong></span> <span class='ocrx_word' id='word_1_428' title='bbox 704 5603 766 5644; x_wconf 89' lang='lat' dir='ltr'><strong>ac</strong></span> <span class='ocrx_word' id='word_1_429' title='bbox 787 5602 1060 5646; x_wconf 87' lang='lat' dir='ltr'><strong>sacrarum</strong></span> <span class='ocrx_word' id='word_1_430' title='bbox 1092 5594 1250 5650; x_wconf 90' lang='lat' dir='ltr'><strong>lectio</strong></span> <span class='ocrx_word' id='word_1_431' title='bbox 1277 5596 1697 5665; x_wconf 85' lang='lat' dir='ltr'><strong>Scripturarum.</strong></span> <span class='ocrx_word' id='word_1_432' title='bbox 1728 5601 1864 5669; x_wconf 84' lang='lat' dir='ltr'><strong>Quid</strong></span> 
     </span>
    </p>
   </div>
   <div class='ocr_carea' id='block_1_59' title="bbox 261 5676 1861 5759">
    <p class='ocr_par' dir='ltr' id='par_1_59' title="bbox 261 5676 1861 5759">
     <span class='ocr_line' id='line_1_59' title="bbox 261 5676 1861 5759; baseline 0.013 -32"><span class='ocrx_word' id='word_1_433' title='bbox 261 5676 355 5731; x_wconf 77' lang='lat' dir='ltr'><strong>ita?</strong></span> <span class='ocrx_word' id='word_1_434' title='bbox 384 5678 540 5745; x_wconf 84' lang='lat' dir='ltr'><strong>Quod</strong></span> <span class='ocrx_word' id='word_1_435' title='bbox 565 5679 652 5733; x_wconf 89' lang='lat' dir='ltr'><strong>illa</strong></span> <span class='ocrx_word' id='word_1_436' title='bbox 670 5679 883 5749; x_wconf 86' lang='lat' dir='ltr'><strong>quidem</strong></span> <span class='ocrx_word' id='word_1_437' title='bbox 900 5683 1097 5737; x_wconf 87' lang='lat' dir='ltr'><strong>caduca</strong></span> <span class='ocrx_word' id='word_1_438' title='bbox 1120 5684 1245 5750; x_wconf 88' lang='lat' dir='ltr'><strong>sint,</strong></span> <span class='ocrx_word' id='word_1_439' title='bbox 1269 5697 1323 5741; x_wconf 86' lang='lat' dir='ltr'><strong>et</strong></span> <span class='ocrx_word' id='word_1_440' title='bbox 1349 5686 1590 5743; x_wconf 89' lang='lat' dir='ltr'><strong>interitui</strong></span> <span class='ocrx_word' id='word_1_441' title='bbox 1611 5692 1861 5759; x_wconf 64' lang='lat' dir='ltr'><strong>obnoxii,</strong></span> 
     </span>
    </p>
   </div>
   <div class='ocr_carea' id='block_1_60' title="bbox 263 5771 1861 5855">
    <p class='ocr_par' dir='ltr' id='par_1_60' title="bbox 263 5771 1861 5855">
     <span class='ocr_line' id='line_1_60' title="bbox 263 5771 1861 5855; baseline 0.013 -36"><span class='ocrx_word' id='word_1_442' title='bbox 263 5784 419 5847; x_wconf 70' lang='lat' dir='ltr'><strong>quam</strong></span> <span class='ocrx_word' id='word_1_443' title='bbox 448 5771 522 5825; x_wconf 89' lang='lat' dir='ltr'><strong>oh</strong></span> <span class='ocrx_word' id='word_1_444' title='bbox 550 5786 769 5828; x_wconf 80' lang='lat' dir='ltr'><strong>causam</strong></span> <span class='ocrx_word' id='word_1_445' title='bbox 813 5784 863 5827; x_wconf 89' lang='lat' dir='ltr'><strong>et</strong></span> <span class='ocrx_word' id='word_1_446' title='bbox 903 5774 1191 5831; x_wconf 71' lang='lat' dir='ltr'><strong>obnoxium</strong></span> <span class='ocrx_word' id='word_1_447' title='bbox 1238 5780 1472 5835; x_wconf 85' lang='lat' dir='ltr'><strong>interimi</strong></span> <span class='ocrx_word' id='word_1_448' title='bbox 1505 5792 1586 5837; x_wconf 77' lang='lat' dir='ltr'><strong>est</strong></span> <span class='ocrx_word' id='word_1_449' title='bbox 1629 5784 1861 5855; x_wconf 85' lang='lat' dir='ltr'><strong>ipsorum</strong></span> 
     </span>
    </p>
   </div>
   <div class='ocr_carea' id='block_1_61' title="bbox 1956 446 3554 524">
    <p class='ocr_par' dir='ltr' id='par_1_61' title="bbox 1956 446 3554 524">
     <span class='ocr_line' id='line_1_61' title="bbox 1956 446 3554 524; baseline -0.013 -6"><span class='ocrx_word' id='word_1_450' title='bbox 1956 460 2253 518; x_wconf 87' lang='lat' dir='ltr'><strong>solatium:</strong></span> <span class='ocrx_word' id='word_1_451' title='bbox 2284 467 2339 515; x_wconf 86' lang='lat' dir='ltr'><strong>at</strong></span> <span class='ocrx_word' id='word_1_452' title='bbox 2390 455 2550 513; x_wconf 83' lang='lat' dir='ltr'><strong>lectio</strong></span> <span class='ocrx_word' id='word_1_453' title='bbox 2589 452 2882 524; x_wconf 71' lang='lat' dir='ltr'><strong>Scriptura</strong></span> <span class='ocrx_word' id='word_1_454' title='bbox 2920 446 3246 519; x_wconf 85' lang='lat' dir='ltr'><strong>colloquium</strong></span> <span class='ocrx_word' id='word_1_455' title='bbox 3298 454 3383 502; x_wconf 88' lang='lat' dir='ltr'><strong>est</strong></span> <span class='ocrx_word' id='word_1_456' title='bbox 3430 458 3554 501; x_wconf 80' lang='lat' dir='ltr'><strong>etim</strong></span> 
     </span>
    </p>
   </div>
   <div class='ocr_carea' id='block_1_62' title="bbox 1955 538 3559 620">
    <p class='ocr_par' dir='ltr' id='par_1_62' title="bbox 1955 538 3559 620">
     <span class='ocr_line' id='line_1_62' title="bbox 1955 538 3559 620; baseline -0.011 -11"><span class='ocrx_word' id='word_1_457' title='bbox 1955 553 2089 610; x_wconf 86' lang='lat' dir='ltr'><strong>Deo.</strong></span> <span class='ocrx_word' id='word_1_458' title='bbox 2117 550 2343 620; x_wconf 81' lang='lat' dir='ltr'><strong>Quando</strong></span> <span class='ocrx_word' id='word_1_459' title='bbox 2374 547 2536 619; x_wconf 88' lang='lat' dir='ltr'><strong>igitur</strong></span> <span class='ocrx_word' id='word_1_460' title='bbox 2560 559 2686 602; x_wconf 88' lang='lat' dir='ltr'><strong>eum</strong></span> <span class='ocrx_word' id='word_1_461' title='bbox 2723 543 2815 615; x_wconf 89' lang='lat' dir='ltr'><strong>qui</strong></span> <span class='ocrx_word' id='word_1_462' title='bbox 2838 540 3051 598; x_wconf 79' lang='lat' dir='ltr'><strong>tristitia</strong></span> <span class='ocrx_word' id='word_1_463' title='bbox 3080 540 3152 597; x_wconf 88' lang='lat' dir='ltr'><strong>sit</strong></span> <span class='ocrx_word' id='word_1_464' title='bbox 3171 538 3399 594; x_wconf 72' lang='lat' dir='ltr'><strong>allectus</strong></span> <span class='ocrx_word' id='word_1_465' title='bbox 3425 552 3559 592; x_wconf 85' lang='lat' dir='ltr'><strong>con-</strong></span> 
     </span>
    </p>
   </div>
   <div class='ocr_carea' id='block_1_63' title="bbox 1954 629 3560 709">
    <p class='ocr_par' dir='ltr' id='par_1_63' title="bbox 1954 629 3560 709">
     <span class='ocr_line' id='line_1_63' title="bbox 1954 629 3560 709; baseline -0.011 -11"><span class='ocrx_word' id='word_1_466' title='bbox 1954 644 2158 700; x_wconf 86' lang='lat' dir='ltr'><strong>solatur</strong></span> <span class='ocrx_word' id='word_1_467' title='bbox 2206 641 2369 707; x_wconf 84' lang='lat' dir='ltr'><strong>Deus,</strong></span> <span class='ocrx_word' id='word_1_468' title='bbox 2410 636 2537 709; x_wconf 89' lang='lat' dir='ltr'><strong>quid</strong></span> <span class='ocrx_word' id='word_1_469' title='bbox 2563 651 2628 691; x_wconf 88' lang='lat' dir='ltr'><strong>ex</strong></span> <span class='ocrx_word' id='word_1_470' title='bbox 2652 634 2815 692; x_wconf 81' lang='lat' dir='ltr'><strong>rebus</strong></span> <span class='ocrx_word' id='word_1_471' title='bbox 2838 632 3035 690; x_wconf 79' lang='lat' dir='ltr'><strong>creatis</strong></span> <span class='ocrx_word' id='word_1_472' title='bbox 3072 630 3247 701; x_wconf 84' lang='lat' dir='ltr'><strong>ipsum</strong></span> <span class='ocrx_word' id='word_1_473' title='bbox 3274 629 3328 683; x_wconf 90' lang='lat' dir='ltr'><strong>iu</strong></span> <span class='ocrx_word' id='word_1_474' title='bbox 3357 643 3560 683; x_wconf 71' lang='lat' dir='ltr'><strong>intero-</strong></span> 
     </span>
    </p>
   </div>
   <div class='ocr_carea' id='block_1_64' title="bbox 1954 728 2602 805">
    <p class='ocr_par' dir='ltr' id='par_1_64' title="bbox 1954 728 2602 805">
     <span class='ocr_line' id='line_1_64' title="bbox 1954 728 2602 805; baseline -0.014 -14"><span class='ocrx_word' id='word_1_475' title='bbox 1954 750 2069 791; x_wconf 91' lang='lat' dir='ltr'><strong>rem</strong></span> <span class='ocrx_word' id='word_1_476' title='bbox 2097 740 2273 805; x_wconf 86' lang='lat' dir='ltr'><strong>potest</strong></span> <span class='ocrx_word' id='word_1_477' title='bbox 2293 730 2563 800; x_wconf 81' lang='lat' dir='ltr'><strong>conjicere</strong></span> <span class='ocrx_word' id='word_1_478' title='bbox 2576 728 2602 782; x_wconf 71' lang='grc' dir='ltr'><strong><em>τ</em></strong></span> 
     </span>
    </p>
   </div>
   <div class='ocr_carea' id='block_1_65' title="bbox 2027 809 3558 897">
    <p class='ocr_par' dir='ltr' id='par_1_65' title="bbox 2027 809 3558 897">
     <span class='ocr_line' id='line_1_65' title="bbox 2027 809 3558 897; baseline -0.011 -18"><span class='ocrx_word' id='word_1_479' title='bbox 2027 825 2108 879; x_wconf 79' lang='lat' dir='ltr'><strong>Ad</strong></span> <span class='ocrx_word' id='word_1_480' title='bbox 2143 824 2408 880; x_wconf 82' lang='lat' dir='ltr'><strong>lectionem</strong></span> <span class='ocrx_word' id='word_1_481' title='bbox 2455 819 2743 891; x_wconf 68' lang='lat' dir='ltr'><strong>Scriptura</strong></span> <span class='ocrx_word' id='word_1_482' title='bbox 2789 829 2951 871; x_wconf 69' lang='lat' dir='ltr'><strong>sacro</strong></span> <span class='ocrx_word' id='word_1_483' title='bbox 2978 813 3231 897; x_wconf 66' lang='lat' dir='ltr'><strong>hortatur.</strong></span> <span class='ocrx_word' id='word_1_484' title='bbox 3285 809 3558 881; x_wconf 72' lang='lat' dir='ltr'><strong>Scriptura</strong></span> 
     </span>
    </p>
   </div>
   <div class='ocr_carea' id='block_1_66' title="bbox 1953 900 3555 976">
    <p class='ocr_par' dir='ltr' id='par_1_66' title="bbox 1953 900 3555 976">
     <span class='ocr_line' id='line_1_66' title="bbox 1953 900 3555 976; baseline -0.011 -5"><span class='ocrx_word' id='word_1_485' title='bbox 1953 933 2069 971; x_wconf 77' lang='lat' dir='ltr'><strong>cant</strong></span> <span class='ocrx_word' id='word_1_486' title='bbox 2094 914 2309 969; x_wconf 77' lang='lat' dir='ltr'><strong>nubibus</strong></span> <span class='ocrx_word' id='word_1_487' title='bbox 2334 907 2900 967; x_wconf 82' lang='lat' dir='ltr'><strong>coltata.—Lectioni</strong></span> <span class='ocrx_word' id='word_1_488' title='bbox 2941 920 3072 976; x_wconf 87' lang='lat' dir='ltr'><strong>ergo</strong></span> <span class='ocrx_word' id='word_1_489' title='bbox 3121 900 3291 959; x_wconf 84' lang='lat' dir='ltr'><strong>simus</strong></span> <span class='ocrx_word' id='word_1_490' title='bbox 3338 900 3555 966; x_wconf 86' lang='lat' dir='ltr'><strong>intenti,</strong></span> 
     </span>
    </p>
   </div>
   <div class='ocr_carea' id='block_1_67' title="bbox 1955 990 3556 1096">
    <p class='ocr_par' dir='ltr' id='par_1_67' title="bbox 1955 990 3556 1096">
     <span class='ocr_line' id='line_1_67' title="bbox 1955 990 3556 1096; baseline -0.011 -32"><span class='ocrx_word' id='word_1_491' title='bbox 1955 1025 2063 1064; x_wconf 89' lang='lat' dir='ltr'><strong>nun</strong></span> <span class='ocrx_word' id='word_1_492' title='bbox 2090 1008 2224 1063; x_wconf 86' lang='lat' dir='ltr'><strong>duas</strong></span> <span class='ocrx_word' id='word_1_493' title='bbox 2245 1014 2451 1061; x_wconf 89' lang='lat' dir='ltr'><strong>tantum</strong></span> <span class='ocrx_word' id='word_1_494' title='bbox 2474 1004 2572 1059; x_wconf 83' lang='lat' dir='ltr'><strong>has</strong></span> <span class='ocrx_word' id='word_1_495' title='bbox 2597 1001 2760 1057; x_wconf 86' lang='lat' dir='ltr'><strong>horas</strong></span> <span class='ocrx_word' id='word_1_496' title='bbox 2779 990 3091 1096; x_wconf 61' lang='lat' dir='ltr'><strong>(uouenim</strong></span> <span class='ocrx_word' id='word_1_497' title='bbox 3115 996 3182 1051; x_wconf 86' lang='lat' dir='ltr'><strong>ad</strong></span> <span class='ocrx_word' id='word_1_498' title='bbox 3210 995 3556 1096; x_wconf 50' lang='lat' dir='ltr'><strong>securiqutcm</strong></span> 
     </span>
    </p>
   </div>
   <div class='ocr_carea' id='block_1_68' title="bbox 1956 1089 3559 1162">
    <p class='ocr_par' dir='ltr' id='par_1_68' title="bbox 1956 1089 3559 1162">
     <span class='ocr_line' id='line_1_68' title="bbox 1956 1089 3559 1162; baseline -0.012 -6"><span class='ocrx_word' id='word_1_499' title='bbox 1956 1099 2150 1155; x_wconf 82' lang='lat' dir='ltr'><strong>sulllcit</strong></span> <span class='ocrx_word' id='word_1_500' title='bbox 2197 1098 2313 1153; x_wconf 67' lang='lat' dir='ltr'><strong>haec</strong></span> <span class='ocrx_word' id='word_1_501' title='bbox 2350 1094 2552 1150; x_wconf 85' lang='lat' dir='ltr'><strong>auditio</strong></span> <span class='ocrx_word' id='word_1_502' title='bbox 2589 1092 2802 1162; x_wconf 88' lang='lat' dir='ltr'><strong>nuda),</strong></span> <span class='ocrx_word' id='word_1_503' title='bbox 2843 1089 2938 1146; x_wconf 78' lang='lat' dir='ltr'><strong>sed</strong></span> <span class='ocrx_word' id='word_1_504' title='bbox 2983 1098 3244 1160; x_wconf 86' lang='lat' dir='ltr'><strong>perpetuo</strong></span> <span class='ocrx_word' id='word_1_505' title='bbox 3275 1102 3291 1142; x_wconf 89' lang='lat'><strong>:</strong></span> <span class='ocrx_word' id='word_1_506' title='bbox 3330 1089 3559 1156; x_wconf 88' lang='lat' dir='ltr'><strong>quisque</strong></span> 
     </span>
    </p>
   </div>
   <div class='ocr_carea' id='block_1_69' title="bbox 1954 1180 3559 1245">
    <p class='ocr_par' dir='ltr' id='par_1_69' title="bbox 1954 1180 3559 1245">
     <span class='ocr_line' id='line_1_69' title="bbox 1954 1180 3559 1245; baseline -0.011 0"><span class='ocrx_word' id='word_1_507' title='bbox 1954 1189 2175 1245; x_wconf 87' lang='lat' dir='ltr'><strong>domum</strong></span> <span class='ocrx_word' id='word_1_508' title='bbox 2222 1200 2473 1244; x_wconf 84' lang='lat' dir='ltr'><strong>reversus</strong></span> <span class='ocrx_word' id='word_1_509' title='bbox 2506 1183 2698 1242; x_wconf 86' lang='lat' dir='ltr'><strong>Libros</strong></span> <span class='ocrx_word' id='word_1_510' title='bbox 2739 1195 2924 1238; x_wconf 84' lang='lat' dir='ltr'><strong>sacros</strong></span> <span class='ocrx_word' id='word_1_511' title='bbox 2958 1180 3012 1236; x_wconf 91' lang='lat' dir='ltr'><strong>in</strong></span> <span class='ocrx_word' id='word_1_512' title='bbox 3042 1192 3235 1233; x_wconf 89' lang='lat' dir='ltr'><strong>manus</strong></span> <span class='ocrx_word' id='word_1_513' title='bbox 3278 1184 3473 1238; x_wconf 84' lang='lat' dir='ltr'><strong>sumat,</strong></span> <span class='ocrx_word' id='word_1_514' title='bbox 3504 1181 3559 1228; x_wconf 85' lang='lat' dir='ltr'><strong>et</strong></span> 
     </span>
    </p>
   </div>
   <div class='ocr_carea' id='block_1_70' title="bbox 1947 1264 3555 1351">
    <p class='ocr_par' dir='ltr' id='par_1_70' title="bbox 1947 1264 3555 1351">
     <span class='ocr_line' id='line_1_70' title="bbox 1947 1264 3555 1351; baseline -0.014 -11"><span class='ocrx_word' id='word_1_515' title='bbox 1947 1280 2141 1339; x_wconf 76' lang='lat' dir='ltr'><strong>eorum</strong></span> <span class='ocrx_word' id='word_1_516' title='bbox 2184 1296 2305 1351; x_wconf 79' lang='lat' dir='ltr'><strong>qua:</strong></span> <span class='ocrx_word' id='word_1_517' title='bbox 2345 1277 2486 1334; x_wconf 85' lang='lat' dir='ltr'><strong>dicta</strong></span> <span class='ocrx_word' id='word_1_518' title='bbox 2536 1284 2663 1330; x_wconf 90' lang='lat' dir='ltr'><strong>sunt</strong></span> <span class='ocrx_word' id='word_1_519' title='bbox 2700 1288 2892 1337; x_wconf 84' lang='lat' dir='ltr'><strong>sensus</strong></span> <span class='ocrx_word' id='word_1_520' title='bbox 2932 1277 3227 1342; x_wconf 86' lang='lat' dir='ltr'><strong>percurrat,</strong></span> <span class='ocrx_word' id='word_1_521' title='bbox 3266 1270 3313 1322; x_wconf 87' lang='lat' dir='ltr'><strong>si</strong></span> <span class='ocrx_word' id='word_1_522' title='bbox 3338 1264 3555 1338; x_wconf 83' lang='lat' dir='ltr'><strong>quidem</strong></span> 
     </span>
    </p>
   </div>
   <div class='ocr_carea' id='block_1_71' title="bbox 1957 1355 3560 1443">
    <p class='ocr_par' dir='ltr' id='par_1_71' title="bbox 1957 1355 3560 1443">
     <span class='ocr_line' id='line_1_71' title="bbox 1957 1355 3560 1443; baseline -0.012 -16"><span class='ocrx_word' id='word_1_523' title='bbox 1957 1381 2272 1443; x_wconf 89' lang='lat' dir='ltr'><strong>perpetuam</strong></span> <span class='ocrx_word' id='word_1_524' title='bbox 2303 1376 2360 1423; x_wconf 91' lang='lat' dir='ltr'><strong>et</strong></span> <span class='ocrx_word' id='word_1_525' title='bbox 2384 1365 2741 1422; x_wconf 76' lang='lat' dir='ltr'><strong>sufﬁcientem</strong></span> <span class='ocrx_word' id='word_1_526' title='bbox 2765 1362 3052 1418; x_wconf 87' lang='lat' dir='ltr'><strong>utilitatem</strong></span> <span class='ocrx_word' id='word_1_527' title='bbox 3079 1359 3360 1430; x_wconf 85' lang='lat' dir='ltr'><strong>percipere</strong></span> <span class='ocrx_word' id='word_1_528' title='bbox 3378 1355 3560 1424; x_wconf 88' lang='lat' dir='ltr'><strong>cupiat</strong></span> 
     </span>
    </p>
   </div>
   <div class='ocr_carea' id='block_1_72' title="bbox 1957 1447 3557 1532">
    <p class='ocr_par' dir='ltr' id='par_1_72' title="bbox 1957 1447 3557 1532">
     <span class='ocr_line' id='line_1_72' title="bbox 1957 1447 3557 1532; baseline -0.011 -13"><span class='ocrx_word' id='word_1_529' title='bbox 1957 1478 2023 1519; x_wconf 88' lang='lat' dir='ltr'><strong>ex</strong></span> <span class='ocrx_word' id='word_1_530' title='bbox 2064 1462 2359 1532; x_wconf 88' lang='lat' dir='ltr'><strong>Scriptura.</strong></span> <span class='ocrx_word' id='word_1_531' title='bbox 2402 1458 2537 1514; x_wconf 80' lang='lat' dir='ltr'><strong>Nam</strong></span> <span class='ocrx_word' id='word_1_532' title='bbox 2582 1466 2636 1512; x_wconf 91' lang='lat' dir='ltr'><strong>et</strong></span> <span class='ocrx_word' id='word_1_533' title='bbox 2667 1457 2868 1527; x_wconf 89' lang='lat' dir='ltr'><strong>lignum</strong></span> <span class='ocrx_word' id='word_1_534' title='bbox 2900 1454 3028 1509; x_wconf 90' lang='lat' dir='ltr'><strong>illud</strong></span> <span class='ocrx_word' id='word_1_535' title='bbox 3047 1453 3198 1522; x_wconf 85' lang='lat' dir='ltr'><strong>juxta</strong></span> <span class='ocrx_word' id='word_1_536' title='bbox 3222 1452 3365 1505; x_wconf 89' lang='lat' dir='ltr'><strong>rivos</strong></span> <span class='ocrx_word' id='word_1_537' title='bbox 3396 1447 3557 1503; x_wconf 89' lang='lat' dir='ltr'><strong>situm</strong></span> 
     </span>
    </p>
   </div>
   <div class='ocr_carea' id='block_1_73' title="bbox 1958 1537 3559 1614">
    <p class='ocr_par' dir='ltr' id='par_1_73' title="bbox 1958 1537 3559 1614">
     <span class='ocr_line' id='line_1_73' title="bbox 1958 1537 3559 1614; baseline -0.01 -6"><span class='ocrx_word' id='word_1_538' title='bbox 1958 1569 2066 1609; x_wconf 89' lang='lat' dir='ltr'><strong>non</strong></span> <span class='ocrx_word' id='word_1_539' title='bbox 2101 1553 2167 1607; x_wconf 89' lang='lat' dir='ltr'><strong>ad</strong></span> <span class='ocrx_word' id='word_1_540' title='bbox 2211 1552 2345 1606; x_wconf 89' lang='lat' dir='ltr'><strong>duas</strong></span> <span class='ocrx_word' id='word_1_541' title='bbox 2374 1558 2441 1605; x_wconf 81' lang='lat' dir='ltr'><strong>et</strong></span> <span class='ocrx_word' id='word_1_542' title='bbox 2482 1558 2593 1605; x_wconf 90' lang='lat' dir='ltr'><strong>tres</strong></span> <span class='ocrx_word' id='word_1_543' title='bbox 2640 1547 2801 1602; x_wconf 88' lang='lat' dir='ltr'><strong>horas</strong></span> <span class='ocrx_word' id='word_1_544' title='bbox 2826 1560 2951 1602; x_wconf 92' lang='lat' dir='ltr'><strong>cum</strong></span> <span class='ocrx_word' id='word_1_545' title='bbox 2982 1544 3135 1614; x_wconf 88' lang='lat' dir='ltr'><strong>aquis</strong></span> <span class='ocrx_word' id='word_1_546' title='bbox 3158 1549 3425 1606; x_wconf 87' lang='lat' dir='ltr'><strong>versatur,</strong></span> <span class='ocrx_word' id='word_1_547' title='bbox 3462 1537 3559 1592; x_wconf 88' lang='lat' dir='ltr'><strong>sed</strong></span> 
     </span>
    </p>
   </div>
   <div class='ocr_carea' id='block_1_74' title="bbox 1957 1628 3561 1713">
    <p class='ocr_par' dir='ltr' id='par_1_74' title="bbox 1957 1628 3561 1713">
     <span class='ocr_line' id='line_1_74' title="bbox 1957 1628 3561 1713; baseline -0.009 -14"><span class='ocrx_word' id='word_1_548' title='bbox 1957 1646 2108 1701; x_wconf 87' lang='lat' dir='ltr'><strong>omni</strong></span> <span class='ocrx_word' id='word_1_549' title='bbox 2149 1645 2237 1699; x_wconf 89' lang='lat' dir='ltr'><strong>die</strong></span> <span class='ocrx_word' id='word_1_550' title='bbox 2276 1628 2531 1713; x_wconf 86' lang='lat' dir='ltr'><strong>omnique</strong></span> <span class='ocrx_word' id='word_1_551' title='bbox 2579 1649 2756 1696; x_wconf 87' lang='lat' dir='ltr'><strong>nocte.</strong></span> <span class='ocrx_word' id='word_1_552' title='bbox 2810 1638 3099 1709; x_wconf 80' lang='lat' dir='ltr'><strong>Propterea</strong></span> <span class='ocrx_word' id='word_1_553' title='bbox 3150 1634 3292 1690; x_wconf 88' lang='lat' dir='ltr'><strong>foliis</strong></span> <span class='ocrx_word' id='word_1_554' title='bbox 3337 1640 3561 1699; x_wconf 89' lang='lat' dir='ltr'><strong>vernat,</strong></span> 
     </span>
    </p>
   </div>
   <div class='ocr_carea' id='block_1_75' title="bbox 1960 1722 3563 1808">
    <p class='ocr_par' dir='ltr' id='par_1_75' title="bbox 1960 1722 3563 1808">
     <span class='ocr_line' id='line_1_75' title="bbox 1960 1722 3563 1808; baseline -0.011 -15"><span class='ocrx_word' id='word_1_555' title='bbox 1960 1744 2241 1808; x_wconf 88' lang='lat' dir='ltr'><strong>propterea</strong></span> <span class='ocrx_word' id='word_1_556' title='bbox 2295 1734 2468 1789; x_wconf 90' lang='lat' dir='ltr'><strong>fructu</strong></span> <span class='ocrx_word' id='word_1_557' title='bbox 2514 1743 2769 1802; x_wconf 90' lang='lat' dir='ltr'><strong>gravatur</strong></span> <span class='ocrx_word' id='word_1_558' title='bbox 2813 1731 3016 1799; x_wconf 84' lang='lat' dir='ltr'><strong>lignum</strong></span> <span class='ocrx_word' id='word_1_559' title='bbox 3049 1725 3201 1788; x_wconf 88' lang='lat' dir='ltr'><strong>illud,</strong></span> <span class='ocrx_word' id='word_1_560' title='bbox 3234 1725 3361 1779; x_wconf 88' lang='lat' dir='ltr'><strong>licet</strong></span> <span class='ocrx_word' id='word_1_561' title='bbox 3386 1722 3563 1777; x_wconf 89' lang='lat' dir='ltr'><strong>nullus</strong></span> 
     </span>
    </p>
   </div>
   <div class='ocr_carea' id='block_1_76' title="bbox 1959 1816 3563 1892">
    <p class='ocr_par' dir='ltr' id='par_1_76' title="bbox 1959 1816 3563 1892">
     <span class='ocr_line' id='line_1_76' title="bbox 1959 1816 3563 1892; baseline -0.008 -10"><span class='ocrx_word' id='word_1_562' title='bbox 1959 1843 2025 1882; x_wconf 89' lang='lat' dir='ltr'><strong>ex</strong></span> <span class='ocrx_word' id='word_1_563' title='bbox 2074 1826 2379 1880; x_wconf 87' lang='lat' dir='ltr'><strong>hominibus</strong></span> <span class='ocrx_word' id='word_1_564' title='bbox 2424 1824 2557 1879; x_wconf 91' lang='lat' dir='ltr'><strong>illud</strong></span> <span class='ocrx_word' id='word_1_565' title='bbox 2588 1824 2773 1892; x_wconf 83' lang='lat' dir='ltr'><strong>irriget</strong></span> <span class='ocrx_word' id='word_1_566' title='bbox 2800 1838 2815 1875; x_wconf 88' lang='lat'><strong>:</strong></span> <span class='ocrx_word' id='word_1_567' title='bbox 2854 1820 3105 1891; x_wconf 86' lang='lat' dir='ltr'><strong>quoniam</strong></span> <span class='ocrx_word' id='word_1_568' title='bbox 3133 1818 3283 1887; x_wconf 72' lang='lat' dir='ltr'><strong>juxta</strong></span> <span class='ocrx_word' id='word_1_569' title='bbox 3308 1816 3450 1871; x_wconf 84' lang='lat' dir='ltr'><strong>rivos</strong></span> <span class='ocrx_word' id='word_1_570' title='bbox 3479 1826 3563 1871; x_wconf 91' lang='lat' dir='ltr'><strong>est</strong></span> 
     </span>
    </p>
   </div>
   <div class='ocr_carea' id='block_1_77' title="bbox 1960 1908 3565 1979">
    <p class='ocr_par' dir='ltr' id='par_1_77' title="bbox 1960 1908 3565 1979">
     <span class='ocr_line' id='line_1_77' title="bbox 1960 1908 3565 1979; baseline -0.009 -5"><span class='ocrx_word' id='word_1_571' title='bbox 1960 1919 2247 1979; x_wconf 90' lang='lat' dir='ltr'><strong>consitum,</strong></span> <span class='ocrx_word' id='word_1_572' title='bbox 2295 1916 2565 1971; x_wconf 86' lang='lat' dir='ltr'><strong>radicibus</strong></span> <span class='ocrx_word' id='word_1_573' title='bbox 2613 1915 2892 1969; x_wconf 85' lang='lat' dir='ltr'><strong>humorem</strong></span> <span class='ocrx_word' id='word_1_574' title='bbox 2921 1909 3162 1979; x_wconf 79' lang='lat' dir='ltr'><strong>attrahit,</strong></span> <span class='ocrx_word' id='word_1_575' title='bbox 3203 1918 3257 1963; x_wconf 92' lang='lat' dir='ltr'><strong>et</strong></span> <span class='ocrx_word' id='word_1_576' title='bbox 3284 1908 3435 1977; x_wconf 80' lang='lat' dir='ltr'><strong>quasi</strong></span> <span class='ocrx_word' id='word_1_577' title='bbox 3467 1921 3565 1975; x_wconf 88' lang='lat' dir='ltr'><strong>per</strong></span> 
     </span>
    </p>
   </div>
   <div class='ocr_carea' id='block_1_78' title="bbox 1962 2000 3565 2082">
    <p class='ocr_par' dir='ltr' id='par_1_78' title="bbox 1962 2000 3565 2082">
     <span class='ocr_line' id='line_1_78' title="bbox 1962 2000 3565 2082; baseline -0.01 -14"><span class='ocrx_word' id='word_1_578' title='bbox 1962 2022 2168 2068; x_wconf 85' lang='lat' dir='ltr'><strong>meatus</strong></span> <span class='ocrx_word' id='word_1_579' title='bbox 2196 2011 2456 2082; x_wconf 89' lang='lat' dir='ltr'><strong>quosdam</strong></span> <span class='ocrx_word' id='word_1_580' title='bbox 2486 2010 2538 2064; x_wconf 89' lang='lat' dir='ltr'><strong>in</strong></span> <span class='ocrx_word' id='word_1_581' title='bbox 2571 2018 2737 2063; x_wconf 89' lang='lat' dir='ltr'><strong>totum</strong></span> <span class='ocrx_word' id='word_1_582' title='bbox 2764 2019 2959 2077; x_wconf 89' lang='lat' dir='ltr'><strong>corpus</strong></span> <span class='ocrx_word' id='word_1_583' title='bbox 2980 2004 3263 2057; x_wconf 85' lang='lat' dir='ltr'><strong>utilitatem</strong></span> <span class='ocrx_word' id='word_1_584' title='bbox 3297 2000 3565 2055; x_wconf 84' lang='lat' dir='ltr'><strong>transfun-</strong></span> 
     </span>
    </p>
   </div>
   <div class='ocr_carea' id='block_1_79' title="bbox 1960 2093 3565 2172">
    <p class='ocr_par' dir='ltr' id='par_1_79' title="bbox 1960 2093 3565 2172">
     <span class='ocr_line' id='line_1_79' title="bbox 1960 2093 3565 2172; baseline -0.01 -11"><span class='ocrx_word' id='word_1_585' title='bbox 1960 2105 2041 2161; x_wconf 90' lang='lat' dir='ltr'><strong>dit</strong></span> <span class='ocrx_word' id='word_1_586' title='bbox 2071 2124 2084 2157; x_wconf 89' lang='lat'><strong>:</strong></span> <span class='ocrx_word' id='word_1_587' title='bbox 2115 2105 2196 2160; x_wconf 90' lang='lat' dir='ltr'><strong>sic</strong></span> <span class='ocrx_word' id='word_1_588' title='bbox 2221 2113 2276 2158; x_wconf 91' lang='lat' dir='ltr'><strong>ct</strong></span> <span class='ocrx_word' id='word_1_589' title='bbox 2316 2104 2362 2159; x_wconf 91' lang='lat' dir='ltr'><strong>is</strong></span> <span class='ocrx_word' id='word_1_590' title='bbox 2390 2103 2481 2171; x_wconf 91' lang='lat' dir='ltr'><strong>qui</strong></span> <span class='ocrx_word' id='word_1_591' title='bbox 2508 2100 2818 2172; x_wconf 86' lang='lat' dir='ltr'><strong>Scripturas</strong></span> <span class='ocrx_word' id='word_1_592' title='bbox 2873 2112 3058 2154; x_wconf 85' lang='lat' dir='ltr'><strong>sacras</strong></span> <span class='ocrx_word' id='word_1_593' title='bbox 3081 2094 3297 2149; x_wconf 87' lang='lat' dir='ltr'><strong>assidue</strong></span> <span class='ocrx_word' id='word_1_594' title='bbox 3332 2093 3481 2162; x_wconf 90' lang='lat' dir='ltr'><strong>legit,</strong></span> <span class='ocrx_word' id='word_1_595' title='bbox 3510 2102 3565 2145; x_wconf 91' lang='lat' dir='ltr'><strong>ct</strong></span> 
     </span>
    </p>
   </div>
   <div class='ocr_carea' id='block_1_80' title="bbox 1958 2183 3563 2269">
    <p class='ocr_par' dir='ltr' id='par_1_80' title="bbox 1958 2183 3563 2269">
     <span class='ocr_line' id='line_1_80' title="bbox 1958 2183 3563 2269; baseline -0.012 -16"><span class='ocrx_word' id='word_1_596' title='bbox 1958 2199 2107 2269; x_wconf 80' lang='lat' dir='ltr'><strong>juxta</strong></span> <span class='ocrx_word' id='word_1_597' title='bbox 2155 2197 2298 2251; x_wconf 88' lang='lat' dir='ltr'><strong>rivos</strong></span> <span class='ocrx_word' id='word_1_598' title='bbox 2345 2195 2554 2256; x_wconf 76' lang='lat' dir='ltr'><strong>illarum</strong></span> <span class='ocrx_word' id='word_1_599' title='bbox 2604 2191 2826 2258; x_wconf 88' lang='lat' dir='ltr'><strong>residet,</strong></span> <span class='ocrx_word' id='word_1_600' title='bbox 2874 2189 3000 2243; x_wconf 90' lang='lat' dir='ltr'><strong>licet</strong></span> <span class='ocrx_word' id='word_1_601' title='bbox 3028 2185 3299 2241; x_wconf 89' lang='lat' dir='ltr'><strong>neminem</strong></span> <span class='ocrx_word' id='word_1_602' title='bbox 3348 2183 3563 2246; x_wconf 86' lang='lat' dir='ltr'><strong>habeat,</strong></span> 
     </span>
    </p>
   </div>
   <div class='ocr_carea' id='block_1_81' title="bbox 1962 2273 3565 2359">
    <p class='ocr_par' dir='ltr' id='par_1_81' title="bbox 1962 2273 3565 2359">
     <span class='ocr_line' id='line_1_81' title="bbox 1962 2273 3565 2359; baseline -0.012 -14"><span class='ocrx_word' id='word_1_603' title='bbox 1962 2292 2053 2359; x_wconf 88' lang='lat' dir='ltr'><strong>qui</strong></span> <span class='ocrx_word' id='word_1_604' title='bbox 2102 2291 2504 2358; x_wconf 89' lang='lat' dir='ltr'><strong>interpretetur,</strong></span> <span class='ocrx_word' id='word_1_605' title='bbox 2540 2283 2807 2355; x_wconf 79' lang='lat' dir='ltr'><strong>frequenti</strong></span> <span class='ocrx_word' id='word_1_606' title='bbox 2838 2282 3066 2335; x_wconf 89' lang='lat' dir='ltr'><strong>lectione</strong></span> <span class='ocrx_word' id='word_1_607' title='bbox 3109 2276 3263 2348; x_wconf 89' lang='lat' dir='ltr'><strong>quasi</strong></span> <span class='ocrx_word' id='word_1_608' title='bbox 3295 2273 3565 2329; x_wconf 87' lang='lat' dir='ltr'><strong>radicibus</strong></span> 
     </span>
    </p>
   </div>
   <div class='ocr_carea' id='block_1_82' title="bbox 1963 2362 3566 2452">
    <p class='ocr_par' dir='ltr' id='par_1_82' title="bbox 1963 2362 3566 2452">
     <span class='ocr_line' id='line_1_82' title="bbox 1963 2362 3566 2452; baseline -0.011 -17"><span class='ocrx_word' id='word_1_609' title='bbox 1963 2380 2283 2452; x_wconf 88' lang='lat' dir='ltr'><strong>quibusdam</strong></span> <span class='ocrx_word' id='word_1_610' title='bbox 2308 2378 2596 2433; x_wconf 86' lang='lat' dir='ltr'><strong>utilitatem</strong></span> <span class='ocrx_word' id='word_1_611' title='bbox 2624 2375 2821 2429; x_wconf 89' lang='lat' dir='ltr'><strong>haurit.</strong></span> <span class='ocrx_word' id='word_1_612' title='bbox 2850 2372 3055 2427; x_wconf 85' lang='lat' dir='ltr'><strong>Idcirco</strong></span> <span class='ocrx_word' id='word_1_613' title='bbox 3082 2383 3182 2423; x_wconf 91' lang='lat' dir='ltr'><strong>nos</strong></span> <span class='ocrx_word' id='word_1_614' title='bbox 3198 2366 3394 2435; x_wconf 90' lang='lat' dir='ltr'><strong>quibus</strong></span> <span class='ocrx_word' id='word_1_615' title='bbox 3412 2362 3566 2418; x_wconf 83' lang='lat' dir='ltr'><strong>solli-</strong></span> 
     </span>
    </p>
   </div>
   <div class='ocr_carea' id='block_1_83' title="bbox 1963 2456 3566 2533">
    <p class='ocr_par' dir='ltr' id='par_1_83' title="bbox 1963 2456 3566 2533">
     <span class='ocr_line' id='line_1_83' title="bbox 1963 2456 3566 2533; baseline -0.012 -5"><span class='ocrx_word' id='word_1_616' title='bbox 1963 2473 2226 2528; x_wconf 88' lang='lat' dir='ltr'><strong>citudines</strong></span> <span class='ocrx_word' id='word_1_617' title='bbox 2261 2480 2455 2525; x_wconf 76' lang='lat' dir='ltr'><strong>vestra:</strong></span> <span class='ocrx_word' id='word_1_618' title='bbox 2492 2478 2616 2524; x_wconf 88' lang='lat' dir='ltr'><strong>sunt</strong></span> <span class='ocrx_word' id='word_1_619' title='bbox 2640 2476 2802 2529; x_wconf 67' lang='lat' dir='ltr'><strong>notaa,</strong></span> <span class='ocrx_word' id='word_1_620' title='bbox 2832 2462 3233 2533; x_wconf 84' lang='lat' dir='ltr'><strong>occupationes,</strong></span> <span class='ocrx_word' id='word_1_621' title='bbox 3260 2473 3323 2512; x_wconf 89' lang='lat' dir='ltr'><strong>ac</strong></span> <span class='ocrx_word' id='word_1_622' title='bbox 3353 2456 3566 2526; x_wconf 86' lang='lat' dir='ltr'><strong>negotia</strong></span> 
     </span>
    </p>
   </div>
   <div class='ocr_carea' id='block_1_84' title="bbox 1965 2552 3567 2630">
    <p class='ocr_par' dir='ltr' id='par_1_84' title="bbox 1965 2552 3567 2630">
     <span class='ocr_line' id='line_1_84' title="bbox 1965 2552 3567 2630; baseline -0.013 -10"><span class='ocrx_word' id='word_1_623' title='bbox 1965 2569 2153 2629; x_wconf 89' lang='lat' dir='ltr'><strong>multa,</strong></span> <span class='ocrx_word' id='word_1_624' title='bbox 2184 2563 2383 2619; x_wconf 89' lang='lat' dir='ltr'><strong>sensim</strong></span> <span class='ocrx_word' id='word_1_625' title='bbox 2412 2576 2475 2615; x_wconf 87' lang='lat' dir='ltr'><strong>ac</strong></span> <span class='ocrx_word' id='word_1_626' title='bbox 2506 2559 2764 2630; x_wconf 89' lang='lat' dir='ltr'><strong>paulatim</strong></span> <span class='ocrx_word' id='word_1_627' title='bbox 2811 2572 2909 2611; x_wconf 91' lang='lat' dir='ltr'><strong>vos</strong></span> <span class='ocrx_word' id='word_1_628' title='bbox 2957 2556 3023 2608; x_wconf 86' lang='lat' dir='ltr'><strong>ad</strong></span> <span class='ocrx_word' id='word_1_629' title='bbox 3074 2552 3369 2621; x_wconf 72' lang='lat' dir='ltr'><strong>Scriptura:</strong></span> <span class='ocrx_word' id='word_1_630' title='bbox 3410 2562 3567 2602; x_wconf 85' lang='lat' dir='ltr'><strong>sensa</strong></span> 
     </span>
    </p>
   </div>
   <div class='ocr_carea' id='block_1_85' title="bbox 1964 2643 3569 2719">
    <p class='ocr_par' dir='ltr' id='par_1_85' title="bbox 1964 2643 3569 2719">
     <span class='ocr_line' id='line_1_85' title="bbox 1964 2643 3569 2719; baseline -0.014 -4"><span class='ocrx_word' id='word_1_631' title='bbox 1964 2658 2301 2718; x_wconf 85' lang='lat' dir='ltr'><strong>deducimus,</strong></span> <span class='ocrx_word' id='word_1_632' title='bbox 2350 2670 2413 2710; x_wconf 88' lang='lat' dir='ltr'><strong>ac</strong></span> <span class='ocrx_word' id='word_1_633' title='bbox 2443 2654 2765 2708; x_wconf 88' lang='lat' dir='ltr'><strong>lentitudine</strong></span> <span class='ocrx_word' id='word_1_634' title='bbox 2815 2648 3168 2719; x_wconf 87' lang='lat' dir='ltr'><strong>expositionis</strong></span> <span class='ocrx_word' id='word_1_635' title='bbox 3196 2643 3479 2707; x_wconf 77' lang='lat' dir='ltr'><strong>efﬁcimus,</strong></span> <span class='ocrx_word' id='word_1_636' title='bbox 3513 2650 3569 2694; x_wconf 92' lang='lat' dir='ltr'><strong>ut</strong></span> 
     </span>
    </p>
   </div>
   <div class='ocr_carea' id='block_1_86' title="bbox 1962 2732 3569 2817">
    <p class='ocr_par' dir='ltr' id='par_1_86' title="bbox 1962 2732 3569 2817">
     <span class='ocr_line' id='line_1_86' title="bbox 1962 2732 3569 2817; baseline -0.013 -12"><span class='ocrx_word' id='word_1_637' title='bbox 1962 2742 2173 2812; x_wconf 82' lang='lat' dir='ltr'><strong>eorum,</strong></span> <span class='ocrx_word' id='word_1_638' title='bbox 2223 2763 2344 2817; x_wconf 61' lang='lat' dir='ltr'><strong>quae</strong></span> <span class='ocrx_word' id='word_1_639' title='bbox 2389 2746 2530 2800; x_wconf 88' lang='lat' dir='ltr'><strong>dicta</strong></span> <span class='ocrx_word' id='word_1_640' title='bbox 2579 2752 2721 2805; x_wconf 88' lang='lat' dir='ltr'><strong>sunt,</strong></span> <span class='ocrx_word' id='word_1_641' title='bbox 2752 2740 3012 2796; x_wconf 87' lang='lat' dir='ltr'><strong>memoria</strong></span> <span class='ocrx_word' id='word_1_642' title='bbox 3057 2737 3297 2791; x_wconf 84' lang='lat' dir='ltr'><strong>tenacius</strong></span> <span class='ocrx_word' id='word_1_643' title='bbox 3322 2732 3569 2788; x_wconf 65' lang='lat' dir='ltr'><strong>adha&#39;re-</strong></span> 
     </span>
    </p>
   </div>
   <div class='ocr_carea' id='block_1_87' title="bbox 1967 2826 3569 2900">
    <p class='ocr_par' dir='ltr' id='par_1_87' title="bbox 1967 2826 3569 2900">
     <span class='ocr_line' id='line_1_87' title="bbox 1967 2826 3569 2900; baseline -0.014 -2"><span class='ocrx_word' id='word_1_644' title='bbox 1967 2851 2103 2898; x_wconf 85' lang='lat' dir='ltr'><strong>seat.</strong></span> <span class='ocrx_word' id='word_1_645' title='bbox 2125 2841 2257 2896; x_wconf 84' lang='lat' dir='ltr'><strong>Nam</strong></span> <span class='ocrx_word' id='word_1_646' title='bbox 2280 2850 2332 2893; x_wconf 88' lang='lat' dir='ltr'><strong>et</strong></span> <span class='ocrx_word' id='word_1_647' title='bbox 2355 2839 2524 2893; x_wconf 87' lang='lat' dir='ltr'><strong>imber</strong></span> <span class='ocrx_word' id='word_1_648' title='bbox 2546 2837 2589 2891; x_wconf 91' lang='lat' dir='ltr'><strong>si</strong></span> <span class='ocrx_word' id='word_1_649' title='bbox 2614 2836 2903 2890; x_wconf 83' lang='lat' dir='ltr'><strong>vehemens</strong></span> <span class='ocrx_word' id='word_1_650' title='bbox 2929 2834 3209 2900; x_wconf 86' lang='lat' dir='ltr'><strong>irrumpat,</strong></span> <span class='ocrx_word' id='word_1_651' title='bbox 3228 2826 3569 2897; x_wconf 76' lang='lat' dir='ltr'><strong>superﬁciem</strong></span> 
     </span>
    </p>
   </div>
   <div class='ocr_carea' id='block_1_88' title="bbox 1970 2918 3571 3000">
    <p class='ocr_par' dir='ltr' id='par_1_88' title="bbox 1970 2918 3571 3000">
     <span class='ocr_line' id='line_1_88' title="bbox 1970 2918 3571 3000; baseline -0.014 -11"><span class='ocrx_word' id='word_1_652' title='bbox 1970 2946 2128 2990; x_wconf 68' lang='lat' dir='ltr'><strong>terra:</strong></span> <span class='ocrx_word' id='word_1_653' title='bbox 2158 2931 2399 2993; x_wconf 87' lang='lat' dir='ltr'><strong>inundat,</strong></span> <span class='ocrx_word' id='word_1_654' title='bbox 2431 2938 2487 2985; x_wconf 89' lang='lat' dir='ltr'><strong>et</strong></span> <span class='ocrx_word' id='word_1_655' title='bbox 2514 2928 2780 3000; x_wconf 76' lang='lat' dir='ltr'><strong>profundo</strong></span> <span class='ocrx_word' id='word_1_656' title='bbox 2810 2925 2943 2981; x_wconf 88' lang='lat' dir='ltr'><strong>nihil</strong></span> <span class='ocrx_word' id='word_1_657' title='bbox 2980 2922 3198 2993; x_wconf 90' lang='lat' dir='ltr'><strong>prodest</strong></span> <span class='ocrx_word' id='word_1_658' title='bbox 3224 2939 3236 2973; x_wconf 91' lang='lat'>:</span> <span class='ocrx_word' id='word_1_659' title='bbox 3280 2918 3362 2972; x_wconf 89' lang='lat' dir='ltr'><strong>sin</strong></span> <span class='ocrx_word' id='word_1_660' title='bbox 3392 2928 3571 2970; x_wconf 87' lang='lat' dir='ltr'><strong>autem</strong></span> 
     </span>
    </p>
   </div>
   <div class='ocr_carea' id='block_1_89' title="bbox 1970 3009 3571 3093">
    <p class='ocr_par' dir='ltr' id='par_1_89' title="bbox 1970 3009 3571 3093">
     <span class='ocr_line' id='line_1_89' title="bbox 1970 3009 3571 3093; baseline -0.012 -11"><span class='ocrx_word' id='word_1_661' title='bbox 1970 3028 2169 3082; x_wconf 88' lang='lat' dir='ltr'><strong>sensim</strong></span> <span class='ocrx_word' id='word_1_662' title='bbox 2200 3035 2254 3079; x_wconf 88' lang='lat' dir='ltr'><strong>et</strong></span> <span class='ocrx_word' id='word_1_663' title='bbox 2282 3022 2608 3093; x_wconf 85' lang='lat' dir='ltr'><strong>pedetentim</strong></span> <span class='ocrx_word' id='word_1_664' title='bbox 2636 3021 2686 3074; x_wconf 90' lang='lat' dir='ltr'><strong>in</strong></span> <span class='ocrx_word' id='word_1_665' title='bbox 2716 3034 2921 3075; x_wconf 86' lang='lat' dir='ltr'><strong>morem</strong></span> <span class='ocrx_word' id='word_1_666' title='bbox 2950 3015 3053 3071; x_wconf 83' lang='lat' dir='ltr'><strong>ulci</strong></span> <span class='ocrx_word' id='word_1_667' title='bbox 3101 3017 3152 3068; x_wconf 93' lang='lat' dir='ltr'><strong>in</strong></span> <span class='ocrx_word' id='word_1_668' title='bbox 3197 3024 3354 3066; x_wconf 76' lang='lat' dir='ltr'><strong>terra:</strong></span> <span class='ocrx_word' id='word_1_669' title='bbox 3381 3009 3571 3064; x_wconf 88' lang='lat' dir='ltr'><strong>faciem</strong></span> 
     </span>
    </p>
   </div>
   <div class='ocr_carea' id='block_1_90' title="bbox 1971 3106 3575 3184">
    <p class='ocr_par' dir='ltr' id='par_1_90' title="bbox 1971 3106 3575 3184">
     <span class='ocr_line' id='line_1_90' title="bbox 1971 3106 3575 3184; baseline -0.011 -11"><span class='ocrx_word' id='word_1_670' title='bbox 1971 3134 2030 3173; x_wconf 89' lang='lat' dir='ltr'><strong>se</strong></span> <span class='ocrx_word' id='word_1_671' title='bbox 2073 3118 2325 3180; x_wconf 89' lang='lat' dir='ltr'><strong>insinuet,</strong></span> <span class='ocrx_word' id='word_1_672' title='bbox 2372 3113 2524 3184; x_wconf 90' lang='lat' dir='ltr'><strong>quasi</strong></span> <span class='ocrx_word' id='word_1_673' title='bbox 2576 3126 2670 3182; x_wconf 89' lang='lat' dir='ltr'><strong>per</strong></span> <span class='ocrx_word' id='word_1_674' title='bbox 2705 3125 2870 3164; x_wconf 88' lang='lat' dir='ltr'><strong>venas</strong></span> <span class='ocrx_word' id='word_1_675' title='bbox 2920 3106 3179 3178; x_wconf 75' lang='lat' dir='ltr'><strong>quasdam</strong></span> <span class='ocrx_word' id='word_1_676' title='bbox 3237 3119 3331 3173; x_wconf 88' lang='lat' dir='ltr'><strong>per</strong></span> <span class='ocrx_word' id='word_1_677' title='bbox 3365 3110 3575 3155; x_wconf 79' lang='lat' dir='ltr'><strong>meatus</strong></span> 
     </span>
    </p>
   </div>
   <div class='ocr_carea' id='block_1_91' title="bbox 1972 3195 3576 3280">
    <p class='ocr_par' dir='ltr' id='par_1_91' title="bbox 1972 3195 3576 3280">
     <span class='ocr_line' id='line_1_91' title="bbox 1972 3195 3576 3280; baseline -0.012 -16"><span class='ocrx_word' id='word_1_678' title='bbox 1972 3210 2088 3280; x_wconf 87' lang='lat' dir='ltr'><strong>ejus</strong></span> <span class='ocrx_word' id='word_1_679' title='bbox 2112 3208 2178 3263; x_wconf 91' lang='lat' dir='ltr'><strong>ad</strong></span> <span class='ocrx_word' id='word_1_680' title='bbox 2208 3205 2529 3277; x_wconf 83' lang='lat' dir='ltr'><strong>profundum</strong></span> <span class='ocrx_word' id='word_1_681' title='bbox 2556 3203 2846 3266; x_wconf 89' lang='lat' dir='ltr'><strong>delabitur,</strong></span> <span class='ocrx_word' id='word_1_682' title='bbox 2876 3200 3097 3271; x_wconf 82' lang='lat' dir='ltr'><strong>ejusque</strong></span> <span class='ocrx_word' id='word_1_683' title='bbox 3119 3198 3323 3251; x_wconf 88' lang='lat' dir='ltr'><strong>viscera</strong></span> <span class='ocrx_word' id='word_1_684' title='bbox 3348 3195 3576 3249; x_wconf 87' lang='lat' dir='ltr'><strong>humore</strong></span> 
     </span>
    </p>
   </div>
   <div class='ocr_carea' id='block_1_92' title="bbox 1973 3288 3575 3372">
    <p class='ocr_par' dir='ltr' id='par_1_92' title="bbox 1973 3288 3575 3372">
     <span class='ocr_line' id='line_1_92' title="bbox 1973 3288 3575 3372; baseline -0.011 -15"><span class='ocrx_word' id='word_1_685' title='bbox 1973 3302 2252 3372; x_wconf 84' lang='lat' dir='ltr'><strong>complens</strong></span> <span class='ocrx_word' id='word_1_686' title='bbox 2272 3300 2337 3354; x_wconf 84' lang='lat' dir='ltr'><strong>ad</strong></span> <span class='ocrx_word' id='word_1_687' title='bbox 2364 3298 2542 3369; x_wconf 87' lang='lat' dir='ltr'><strong>fruges</strong></span> <span class='ocrx_word' id='word_1_688' title='bbox 2562 3298 2796 3352; x_wconf 90' lang='lat' dir='ltr'><strong>ubertim</strong></span> <span class='ocrx_word' id='word_1_689' title='bbox 2828 3292 3112 3365; x_wconf 87' lang='lat' dir='ltr'><strong>pariendas</strong></span> <span class='ocrx_word' id='word_1_690' title='bbox 3141 3288 3575 3345; x_wconf 82' lang='lat' dir='ltr'><strong>fecundissimam</strong></span> 
     </span>
    </p>
   </div>
   <div class='ocr_carea' id='block_1_93' title="bbox 1974 3381 3573 3460">
    <p class='ocr_par' dir='ltr' id='par_1_93' title="bbox 1974 3381 3573 3460">
     <span class='ocr_line' id='line_1_93' title="bbox 1974 3381 3573 3460; baseline -0.01 -11"><span class='ocrx_word' id='word_1_691' title='bbox 1974 3394 2118 3450; x_wconf 88' lang='lat' dir='ltr'><strong>illam</strong></span> <span class='ocrx_word' id='word_1_692' title='bbox 2148 3393 2343 3448; x_wconf 89' lang='lat' dir='ltr'><strong>reddit.</strong></span> <span class='ocrx_word' id='word_1_693' title='bbox 2375 3392 2661 3460; x_wconf 87' lang='lat' dir='ltr'><strong>Pr0ptcrea</strong></span> <span class='ocrx_word' id='word_1_694' title='bbox 2693 3402 2792 3443; x_wconf 90' lang='lat' dir='ltr'><strong>nos</strong></span> <span class='ocrx_word' id='word_1_695' title='bbox 2813 3401 3028 3458; x_wconf 78' lang='lat' dir='ltr'><strong>quoque</strong></span> <span class='ocrx_word' id='word_1_696' title='bbox 3058 3384 3394 3454; x_wconf 88' lang='lat' dir='ltr'><strong>spiritualcm</strong></span> <span class='ocrx_word' id='word_1_697' title='bbox 3429 3381 3573 3435; x_wconf 92' lang='lat' dir='ltr'><strong>hunc</strong></span> 
     </span>
    </p>
   </div>
   <div class='ocr_carea' id='block_1_94' title="bbox 1975 3473 3575 3549">
    <p class='ocr_par' dir='ltr' id='par_1_94' title="bbox 1975 3473 3575 3549">
     <span class='ocr_line' id='line_1_94' title="bbox 1975 3473 3575 3549; baseline -0.009 -9"><span class='ocrx_word' id='word_1_698' title='bbox 1975 3487 2202 3540; x_wconf 88' lang='lat' dir='ltr'><strong>imbrem</strong></span> <span class='ocrx_word' id='word_1_699' title='bbox 2242 3484 2523 3538; x_wconf 85' lang='lat' dir='ltr'><strong>animabus</strong></span> <span class='ocrx_word' id='word_1_700' title='bbox 2568 3481 2763 3536; x_wconf 84' lang='lat' dir='ltr'><strong>vestris</strong></span> <span class='ocrx_word' id='word_1_701' title='bbox 2806 3478 3064 3549; x_wconf 88' lang='lat' dir='ltr'><strong>paulatim</strong></span> <span class='ocrx_word' id='word_1_702' title='bbox 3096 3476 3436 3530; x_wconf 86' lang='lat' dir='ltr'><strong>immittimus</strong></span> <span class='ocrx_word' id='word_1_703' title='bbox 3459 3492 3475 3525; x_wconf 90' lang='lat'><strong>:</strong></span> <span class='ocrx_word' id='word_1_704' title='bbox 3502 3473 3575 3526; x_wconf 75' lang='lat' dir='ltr'><strong>si-</strong></span> 
     </span>
    </p>
   </div>
   <div class='ocr_carea' id='block_1_95' title="bbox 1973 3565 3577 3647">
    <p class='ocr_par' dir='ltr' id='par_1_95' title="bbox 1973 3565 3577 3647">
     <span class='ocr_line' id='line_1_95' title="bbox 1973 3565 3577 3647; baseline -0.009 -17"><span class='ocrx_word' id='word_1_705' title='bbox 1973 3577 2187 3647; x_wconf 83' lang='lat' dir='ltr'><strong>quidem</strong></span> <span class='ocrx_word' id='word_1_706' title='bbox 2216 3576 2504 3646; x_wconf 71' lang='lat' dir='ltr'><strong>Scriptura:</strong></span> <span class='ocrx_word' id='word_1_707' title='bbox 2548 3572 2913 3642; x_wconf 85' lang='lat' dir='ltr'><strong>spiritualibus</strong></span> <span class='ocrx_word' id='word_1_708' title='bbox 2941 3578 3068 3623; x_wconf 88' lang='lat' dir='ltr'><strong>sunt</strong></span> <span class='ocrx_word' id='word_1_709' title='bbox 3098 3567 3327 3621; x_wconf 86' lang='lat' dir='ltr'><strong>uuhilms</strong></span> <span class='ocrx_word' id='word_1_710' title='bbox 3353 3565 3577 3630; x_wconf 88' lang='lat' dir='ltr'><strong>similes,</strong></span> 
     </span>
    </p>
   </div>
   <div class='ocr_carea' id='block_1_96' title="bbox 1975 3662 3576 3729">
    <p class='ocr_par' dir='ltr' id='par_1_96' title="bbox 1975 3662 3576 3729">
     <span class='ocr_line' id='line_1_96' title="bbox 1975 3662 3576 3729; baseline -0.007 -7"><span class='ocrx_word' id='word_1_711' title='bbox 1975 3679 2030 3722; x_wconf 88' lang='lat' dir='ltr'><strong>at</strong></span> <span class='ocrx_word' id='word_1_712' title='bbox 2056 3683 2214 3723; x_wconf 90' lang='lat' dir='ltr'><strong>voces</strong></span> <span class='ocrx_word' id='word_1_713' title='bbox 2240 3677 2293 3722; x_wconf 91' lang='lat' dir='ltr'><strong>et</strong></span> <span class='ocrx_word' id='word_1_714' title='bbox 2320 3682 2512 3723; x_wconf 88' lang='lat' dir='ltr'><strong>sensus</strong></span> <span class='ocrx_word' id='word_1_715' title='bbox 2542 3666 2698 3720; x_wconf 88' lang='lat' dir='ltr'><strong>imbri</strong></span> <span class='ocrx_word' id='word_1_716' title='bbox 2731 3665 2935 3719; x_wconf 88' lang='lat' dir='ltr'><strong>similes</strong></span> <span class='ocrx_word' id='word_1_717' title='bbox 2962 3670 3086 3717; x_wconf 89' lang='lat' dir='ltr'><strong>sunt</strong></span> <span class='ocrx_word' id='word_1_718' title='bbox 3122 3662 3280 3729; x_wconf 81' lang='lat' dir='ltr'><strong>longe</strong></span> <span class='ocrx_word' id='word_1_719' title='bbox 3307 3662 3411 3713; x_wconf 91' lang='lat' dir='ltr'><strong>isto</strong></span> <span class='ocrx_word' id='word_1_720' title='bbox 3436 3674 3576 3727; x_wconf 66' lang='lat' dir='ltr'><strong>prae-</strong></span> 
     </span>
    </p>
   </div>
   <div class='ocr_carea' id='block_1_97' title="bbox 1974 3751 3575 3831">
    <p class='ocr_par' dir='ltr' id='par_1_97' title="bbox 1974 3751 3575 3831">
     <span class='ocr_line' id='line_1_97' title="bbox 1974 3751 3575 3831; baseline -0.006 -16"><span class='ocrx_word' id='word_1_721' title='bbox 1974 3761 2217 3816; x_wconf 84' lang='lat' dir='ltr'><strong>stantiori</strong></span> <span class='ocrx_word' id='word_1_722' title='bbox 2261 3780 2274 3817; x_wconf 91' lang='lat'>:</span> <span class='ocrx_word' id='word_1_723' title='bbox 2323 3773 2482 3831; x_wconf 89' lang='lat' dir='ltr'><strong>atque</strong></span> <span class='ocrx_word' id='word_1_724' title='bbox 2532 3760 2731 3815; x_wconf 87' lang='lat' dir='ltr'><strong>idcirco</strong></span> <span class='ocrx_word' id='word_1_725' title='bbox 2778 3757 3112 3828; x_wconf 85' lang='lat' dir='ltr'><strong>spiritualem</strong></span> <span class='ocrx_word' id='word_1_726' title='bbox 3161 3755 3303 3809; x_wconf 89' lang='lat' dir='ltr'><strong>hunc</strong></span> <span class='ocrx_word' id='word_1_727' title='bbox 3351 3751 3575 3807; x_wconf 87' lang='lat' dir='ltr'><strong>itnbrcm</strong></span> 
     </span>
    </p>
   </div>
   <div class='ocr_carea' id='block_1_98' title="bbox 1974 3847 3577 3915">
    <p class='ocr_par' dir='ltr' id='par_1_98' title="bbox 1974 3847 3577 3915">
     <span class='ocr_line' id='line_1_98' title="bbox 1974 3847 3577 3915; baseline -0.006 -8"><span class='ocrx_word' id='word_1_728' title='bbox 1974 3854 2171 3907; x_wconf 84' lang='lat' dir='ltr'><strong>sensim</strong></span> <span class='ocrx_word' id='word_1_729' title='bbox 2216 3852 2368 3907; x_wconf 89' lang='lat' dir='ltr'><strong>vobis</strong></span> <span class='ocrx_word' id='word_1_730' title='bbox 2395 3851 2740 3913; x_wconf 88' lang='lat' dir='ltr'><strong>infundimus,</strong></span> <span class='ocrx_word' id='word_1_731' title='bbox 2776 3860 2831 3903; x_wconf 91' lang='lat' dir='ltr'><strong>ut</strong></span> <span class='ocrx_word' id='word_1_732' title='bbox 2860 3852 2923 3902; x_wconf 87' lang='lat' dir='ltr'><strong>ad</strong></span> <span class='ocrx_word' id='word_1_733' title='bbox 2955 3847 3173 3903; x_wconf 72' lang='lat' dir='ltr'><strong>tutulum</strong></span> <span class='ocrx_word' id='word_1_734' title='bbox 3213 3848 3384 3915; x_wconf 86' lang='lat' dir='ltr'><strong>ipsum</strong></span> <span class='ocrx_word' id='word_1_735' title='bbox 3416 3847 3577 3898; x_wconf 83' lang='lat' dir='ltr'><strong>verba</strong></span> 
     </span>
    </p>
   </div>
   <div class='ocr_carea' id='block_1_99' title="bbox 1976 3939 3580 4011">
    <p class='ocr_par' dir='ltr' id='par_1_99' title="bbox 1976 3939 3580 4011">
     <span class='ocr_line' id='line_1_99' title="bbox 1976 3939 3580 4011; baseline -0.005 -17"><span class='ocrx_word' id='word_1_736' title='bbox 1976 3953 2270 4011; x_wconf 83' lang='lat' dir='ltr'><strong>permeent.</strong></span> <span class='ocrx_word' id='word_1_737' title='bbox 2305 3943 2382 3997; x_wconf 84' lang='lat' dir='ltr'><strong>Eo</strong></span> <span class='ocrx_word' id='word_1_738' title='bbox 2412 3943 2489 4009; x_wconf 84' lang='lat' dir='ltr'><strong>lit,</strong></span> <span class='ocrx_word' id='word_1_739' title='bbox 2523 3950 2580 3997; x_wconf 88' lang='lat' dir='ltr'><strong>ut</strong></span> <span class='ocrx_word' id='word_1_740' title='bbox 2605 3957 2727 3996; x_wconf 91' lang='lat' dir='ltr'><strong>cum</strong></span> <span class='ocrx_word' id='word_1_741' title='bbox 2754 3941 2819 3995; x_wconf 90' lang='lat' dir='ltr'><strong>ad</strong></span> <span class='ocrx_word' id='word_1_742' title='bbox 2849 3950 3096 4010; x_wconf 86' lang='lat' dir='ltr'><strong>quartum</strong></span> <span class='ocrx_word' id='word_1_743' title='bbox 3116 3939 3223 4009; x_wconf 87' lang='lat' dir='ltr'><strong>jam</strong></span> <span class='ocrx_word' id='word_1_744' title='bbox 3251 3939 3392 3992; x_wconf 91' lang='lat' dir='ltr'><strong>diem</strong></span> <span class='ocrx_word' id='word_1_745' title='bbox 3414 3951 3580 4004; x_wconf 77' lang='lat' dir='ltr'><strong>expu-</strong></span> 
     </span>
    </p>
   </div>
   <div class='ocr_carea' id='block_1_100' title="bbox 1975 4026 3579 4104">
    <p class='ocr_par' dir='ltr' id='par_1_100' title="bbox 1975 4026 3579 4104">
     <span class='ocr_line' id='line_1_100' title="bbox 1975 4026 3579 4104; baseline -0.007 -15"><span class='ocrx_word' id='word_1_746' title='bbox 1975 4035 2222 4089; x_wconf 87' lang='lat' dir='ltr'><strong>sitionem</strong></span> <span class='ocrx_word' id='word_1_747' title='bbox 2271 4033 2704 4104; x_wconf 80' lang='lat' dir='ltr'><strong>prodnxerimus,</strong></span> <span class='ocrx_word' id='word_1_748' title='bbox 2734 4030 2961 4086; x_wconf 87' lang='lat' dir='ltr'><strong>necdum</strong></span> <span class='ocrx_word' id='word_1_749' title='bbox 2989 4040 3166 4084; x_wconf 87' lang='lat' dir='ltr'><strong>tamen</strong></span> <span class='ocrx_word' id='word_1_750' title='bbox 3194 4044 3353 4082; x_wconf 86' lang='lat' dir='ltr'><strong>unam</strong></span> <span class='ocrx_word' id='word_1_751' title='bbox 3386 4026 3579 4081; x_wconf 84' lang='lat' dir='ltr'><strong>inscri-</strong></span> 
     </span>
    </p>
   </div>
   <div class='ocr_carea' id='block_1_101' title="bbox 1977 4120 3575 4195">
    <p class='ocr_par' dir='ltr' id='par_1_101' title="bbox 1977 4120 3575 4195">
     <span class='ocr_line' id='line_1_101' title="bbox 1977 4120 3575 4195; baseline -0.006 -15"><span class='ocrx_word' id='word_1_752' title='bbox 1977 4127 2210 4195; x_wconf 89' lang='lat' dir='ltr'><strong>ptionem</strong></span> <span class='ocrx_word' id='word_1_753' title='bbox 2239 4125 2575 4195; x_wconf 87' lang='lat' dir='ltr'><strong>potuerimus</strong></span> <span class='ocrx_word' id='word_1_754' title='bbox 2605 4124 2899 4193; x_wconf 66' lang='lat' dir='ltr'><strong>praeterire,</strong></span> <span class='ocrx_word' id='word_1_755' title='bbox 2934 4121 3025 4176; x_wconf 86' lang='lat' dir='ltr'><strong>sed</strong></span> <span class='ocrx_word' id='word_1_756' title='bbox 3057 4120 3231 4173; x_wconf 86' lang='lat' dir='ltr'><strong>adhuc</strong></span> <span class='ocrx_word' id='word_1_757' title='bbox 3260 4121 3401 4173; x_wconf 89' lang='lat' dir='ltr'><strong>circa</strong></span> <span class='ocrx_word' id='word_1_758' title='bbox 3434 4120 3575 4172; x_wconf 88' lang='lat' dir='ltr'><strong>illam</strong></span> 
     </span>
    </p>
   </div>
   <div class='ocr_carea' id='block_1_102' title="bbox 1976 4209 3575 4279">
    <p class='ocr_par' dir='ltr' id='par_1_102' title="bbox 1976 4209 3575 4279">
     <span class='ocr_line' id='line_1_102' title="bbox 1976 4209 3575 4279; baseline -0.003 -9"><span class='ocrx_word' id='word_1_759' title='bbox 1976 4231 2273 4270; x_wconf 85' lang='lat' dir='ltr'><strong>versemur.</strong></span> <span class='ocrx_word' id='word_1_760' title='bbox 2319 4215 2500 4271; x_wconf 81' lang='lat' dir='ltr'><strong>Satius</strong></span> <span class='ocrx_word' id='word_1_761' title='bbox 2544 4216 2685 4269; x_wconf 89' lang='lat' dir='ltr'><strong>enim</strong></span> <span class='ocrx_word' id='word_1_762' title='bbox 2711 4224 2813 4278; x_wconf 87' lang='lat' dir='ltr'><strong>est,</strong></span> <span class='ocrx_word' id='word_1_763' title='bbox 2843 4222 2899 4267; x_wconf 91' lang='lat' dir='ltr'><strong>ut</strong></span> <span class='ocrx_word' id='word_1_764' title='bbox 2926 4214 3115 4278; x_wconf 66' lang='lat' dir='ltr'><strong>exiguo</strong></span> <span class='ocrx_word' id='word_1_765' title='bbox 3156 4209 3403 4279; x_wconf 75' lang='lat' dir='ltr'><strong>perfosso</strong></span> <span class='ocrx_word' id='word_1_766' title='bbox 3426 4226 3575 4279; x_wconf 86' lang='lat' dir='ltr'><strong>agro.</strong></span> 
     </span>
    </p>
   </div>
   <div class='ocr_carea' id='block_1_103' title="bbox 1974 4300 3575 4368">
    <p class='ocr_par' dir='ltr' id='par_1_103' title="bbox 1974 4300 3575 4368">
     <span class='ocr_line' id='line_1_103' title="bbox 1974 4300 3575 4368; baseline -0.005 -9"><span class='ocrx_word' id='word_1_767' title='bbox 1974 4320 2096 4359; x_wconf 89' lang='lat' dir='ltr'><strong>cum</strong></span> <span class='ocrx_word' id='word_1_768' title='bbox 2128 4306 2192 4359; x_wconf 89' lang='lat' dir='ltr'><strong>ad</strong></span> <span class='ocrx_word' id='word_1_769' title='bbox 2244 4304 2463 4357; x_wconf 86' lang='lat' dir='ltr'><strong>fundum</strong></span> <span class='ocrx_word' id='word_1_770' title='bbox 2494 4302 2955 4368; x_wconf 87' lang='lat' dir='ltr'><strong>descenderinms,</strong></span> <span class='ocrx_word' id='word_1_771' title='bbox 3001 4301 3229 4356; x_wconf 88' lang='lat' dir='ltr'><strong>multum</strong></span> <span class='ocrx_word' id='word_1_772' title='bbox 3262 4300 3370 4354; x_wconf 90' lang='lat' dir='ltr'><strong>illic</strong></span> <span class='ocrx_word' id='word_1_773' title='bbox 3397 4315 3575 4353; x_wconf 88' lang='lat' dir='ltr'><strong>rerum</strong></span> 
     </span>
    </p>
   </div>
   <div class='ocr_carea' id='block_1_104' title="bbox 1976 4391 3575 4461">
    <p class='ocr_par' dir='ltr' id='par_1_104' title="bbox 1976 4391 3575 4461">
     <span class='ocr_line' id='line_1_104' title="bbox 1976 4391 3575 4461; baseline -0.005 -12"><span class='ocrx_word' id='word_1_774' title='bbox 1976 4395 2397 4451; x_wconf 84' lang='lat' dir='ltr'><strong>nccessariamm</strong></span> <span class='ocrx_word' id='word_1_775' title='bbox 2440 4394 2747 4448; x_wconf 84' lang='lat' dir='ltr'><strong>thesaurum</strong></span> <span class='ocrx_word' id='word_1_776' title='bbox 2789 4393 3142 4454; x_wconf 80' lang='lat' dir='ltr'><strong>offendamus,</strong></span> <span class='ocrx_word' id='word_1_777' title='bbox 3185 4406 3345 4461; x_wconf 86' lang='lat' dir='ltr'><strong>quam</strong></span> <span class='ocrx_word' id='word_1_778' title='bbox 3386 4391 3429 4444; x_wconf 90' lang='lat' dir='ltr'><strong>si</strong></span> <span class='ocrx_word' id='word_1_779' title='bbox 3454 4406 3575 4443; x_wconf 90' lang='lat' dir='ltr'><strong>cum</strong></span> 
     </span>
    </p>
   </div>
   <div class='ocr_carea' id='block_1_105' title="bbox 1975 4480 3575 4554">
    <p class='ocr_par' dir='ltr' id='par_1_105' title="bbox 1975 4480 3575 4554">
     <span class='ocr_line' id='line_1_105' title="bbox 1975 4480 3575 4554; baseline -0.005 -14"><span class='ocrx_word' id='word_1_780' title='bbox 1975 4502 2099 4541; x_wconf 86' lang='lat' dir='ltr'><strong>arva</strong></span> <span class='ocrx_word' id='word_1_781' title='bbox 2140 4486 2308 4540; x_wconf 89' lang='lat' dir='ltr'><strong>multa</strong></span> <span class='ocrx_word' id='word_1_782' title='bbox 2350 4485 2635 4554; x_wconf 78' lang='lat' dir='ltr'><strong>superﬁcie</strong></span> <span class='ocrx_word' id='word_1_783' title='bbox 2678 4494 2833 4537; x_wconf 87' lang='lat' dir='ltr'><strong>tenus</strong></span> <span class='ocrx_word' id='word_1_784' title='bbox 2866 4484 3308 4552; x_wconf 83' lang='lat' dir='ltr'><strong>pcrenrrerimus,</strong></span> <span class='ocrx_word' id='word_1_785' title='bbox 3358 4480 3575 4542; x_wconf 87' lang='lat' dir='ltr'><strong>frustra,</strong></span> 
     </span>
    </p>
   </div>
   <div class='ocr_carea' id='block_1_106' title="bbox 1976 4572 3575 4646">
    <p class='ocr_par' dir='ltr' id='par_1_106' title="bbox 1976 4572 3575 4646">
     <span class='ocr_line' id='line_1_106' title="bbox 1976 4572 3575 4646; baseline -0.003 -15"><span class='ocrx_word' id='word_1_786' title='bbox 1976 4588 2194 4642; x_wconf 83' lang='lat' dir='ltr'><strong>temere,</strong></span> <span class='ocrx_word' id='word_1_787' title='bbox 2221 4588 2274 4633; x_wconf 88' lang='lat' dir='ltr'><strong>et</strong></span> <span class='ocrx_word' id='word_1_788' title='bbox 2302 4580 2567 4633; x_wconf 79' lang='lat' dir='ltr'><strong>incassum</strong></span> <span class='ocrx_word' id='word_1_789' title='bbox 2613 4592 2710 4631; x_wconf 90' lang='lat' dir='ltr'><strong>nos</strong></span> <span class='ocrx_word' id='word_1_790' title='bbox 2738 4575 3057 4646; x_wconf 79' lang='lat' dir='ltr'><strong>affligamus.</strong></span> <span class='ocrx_word' id='word_1_791' title='bbox 3093 4577 3160 4629; x_wconf 83' lang='lat' dir='ltr'><strong>At</strong></span> <span class='ocrx_word' id='word_1_792' title='bbox 3186 4577 3300 4629; x_wconf 87' lang='lat' dir='ltr'><strong>scio</strong></span> <span class='ocrx_word' id='word_1_793' title='bbox 3329 4572 3575 4643; x_wconf 82' lang='lat' dir='ltr'><strong>equidem</strong></span> 
     </span>
    </p>
   </div>
   <div class='ocr_carea' id='block_1_107' title="bbox 1974 4666 3578 4738">
    <p class='ocr_par' dir='ltr' id='par_1_107' title="bbox 1974 4666 3578 4738">
     <span class='ocr_line' id='line_1_107' title="bbox 1974 4666 3578 4738; baseline -0.005 -13"><span class='ocrx_word' id='word_1_794' title='bbox 1974 4672 2173 4727; x_wconf 83' lang='lat' dir='ltr'><strong>multos</strong></span> <span class='ocrx_word' id='word_1_795' title='bbox 2219 4670 2357 4726; x_wconf 88' lang='lat' dir='ltr'><strong>hanc</strong></span> <span class='ocrx_word' id='word_1_796' title='bbox 2390 4671 2691 4726; x_wconf 86' lang='lat' dir='ltr'><strong>tarditatem</strong></span> <span class='ocrx_word' id='word_1_797' title='bbox 2723 4684 2863 4738; x_wconf 80' lang='lat' dir='ltr'><strong>:cgre</strong></span> <span class='ocrx_word' id='word_1_798' title='bbox 2896 4669 3071 4731; x_wconf 76' lang='lat' dir='ltr'><strong>ferre;</strong></span> <span class='ocrx_word' id='word_1_799' title='bbox 3104 4667 3196 4720; x_wconf 84' lang='lat' dir='ltr'><strong>sed</strong></span> <span class='ocrx_word' id='word_1_800' title='bbox 3230 4666 3439 4720; x_wconf 75' lang='lat' dir='ltr'><strong>illorum</strong></span> <span class='ocrx_word' id='word_1_801' title='bbox 3479 4680 3578 4733; x_wconf 76' lang='lat' dir='ltr'><strong>ego</strong></span> 
     </span>
    </p>
   </div>
   <div class='ocr_carea' id='block_1_108' title="bbox 1974 4758 3580 4829">
    <p class='ocr_par' dir='ltr' id='par_1_108' title="bbox 1974 4758 3580 4829">
     <span class='ocr_line' id='line_1_108' title="bbox 1974 4758 3580 4829; baseline -0.004 -15"><span class='ocrx_word' id='word_1_802' title='bbox 1974 4762 2447 4829; x_wconf 84' lang='lat' dir='ltr'><strong>reprehensionem</strong></span> <span class='ocrx_word' id='word_1_803' title='bbox 2476 4760 2607 4815; x_wconf 89' lang='lat' dir='ltr'><strong>nihil</strong></span> <span class='ocrx_word' id='word_1_804' title='bbox 2633 4776 2786 4823; x_wconf 88' lang='lat' dir='ltr'><strong>curo,</strong></span> <span class='ocrx_word' id='word_1_805' title='bbox 2817 4758 2926 4814; x_wconf 84' lang='lat' dir='ltr'><strong>sola</strong></span> <span class='ocrx_word' id='word_1_806' title='bbox 2958 4758 3085 4811; x_wconf 89' lang='lat' dir='ltr'><strong>mihi</strong></span> <span class='ocrx_word' id='word_1_807' title='bbox 3114 4768 3287 4811; x_wconf 87' lang='lat' dir='ltr'><strong>vestra</strong></span> <span class='ocrx_word' id='word_1_808' title='bbox 3318 4772 3459 4810; x_wconf 71' lang='lat' dir='ltr'><strong>cum</strong></span> <span class='ocrx_word' id='word_1_809' title='bbox 3497 4768 3580 4808; x_wconf 78' lang='lat' dir='ltr'><strong>est</strong></span> 
     </span>
    </p>
   </div>
   <div class='ocr_carea' id='block_1_109' title="bbox 1974 4848 3579 4921">
    <p class='ocr_par' dir='ltr' id='par_1_109' title="bbox 1974 4848 3579 4921">
     <span class='ocr_line' id='line_1_109' title="bbox 1974 4848 3579 4921; baseline -0.002 -14"><span class='ocrx_word' id='word_1_810' title='bbox 1974 4853 2197 4907; x_wconf 76' lang='lat' dir='ltr'><strong>utilitas.</strong></span> <span class='ocrx_word' id='word_1_811' title='bbox 2246 4853 2345 4920; x_wconf 78' lang='lat' dir='ltr'><strong>Qui</strong></span> <span class='ocrx_word' id='word_1_812' title='bbox 2401 4852 2632 4906; x_wconf 85' lang='lat' dir='ltr'><strong>celerius</strong></span> <span class='ocrx_word' id='word_1_813' title='bbox 2697 4860 2913 4921; x_wconf 88' lang='lat' dir='ltr'><strong>possunt</strong></span> <span class='ocrx_word' id='word_1_814' title='bbox 2968 4850 3250 4916; x_wconf 87' lang='lat' dir='ltr'><strong>incedere,</strong></span> <span class='ocrx_word' id='word_1_815' title='bbox 3320 4848 3579 4903; x_wconf 83' lang='lat' dir='ltr'><strong>tardiores</strong></span> 
     </span>
    </p>
   </div>
   <div class='ocr_carea' id='block_1_110' title="bbox 1975 4939 3578 5012">
    <p class='ocr_par' dir='ltr' id='par_1_110' title="bbox 1975 4939 3578 5012">
     <span class='ocr_line' id='line_1_110' title="bbox 1975 4939 3578 5012; baseline -0.003 -15"><span class='ocrx_word' id='word_1_816' title='bbox 1975 4943 2165 4999; x_wconf 81' lang='lat' dir='ltr'><strong>fratres</strong></span> <span class='ocrx_word' id='word_1_817' title='bbox 2209 4952 2521 5012; x_wconf 78' lang='lat' dir='ltr'><strong>exspectent</strong></span> <span class='ocrx_word' id='word_1_818' title='bbox 2547 4962 2559 4997; x_wconf 91' lang='lat'>:</span> <span class='ocrx_word' id='word_1_819' title='bbox 2590 4957 2713 4997; x_wconf 90' lang='lat' dir='ltr'><strong>nam</strong></span> <span class='ocrx_word' id='word_1_820' title='bbox 2746 4942 2829 4996; x_wconf 91' lang='lat' dir='ltr'><strong>isti</strong></span> <span class='ocrx_word' id='word_1_821' title='bbox 2859 4942 3074 5011; x_wconf 87' lang='lat' dir='ltr'><strong>quidem</strong></span> <span class='ocrx_word' id='word_1_822' title='bbox 3118 4948 3431 5008; x_wconf 73' lang='lat' dir='ltr'><strong>exspectare</strong></span> <span class='ocrx_word' id='word_1_823' title='bbox 3459 4939 3578 4995; x_wconf 90' lang='lat' dir='ltr'><strong>illos</strong></span> 
     </span>
    </p>
   </div>
   <div class='ocr_carea' id='block_1_111' title="bbox 1973 5030 3573 5103">
    <p class='ocr_par' dir='ltr' id='par_1_111' title="bbox 1973 5030 3573 5103">
     <span class='ocr_line' id='line_1_111' title="bbox 1973 5030 3573 5103; baseline -0.003 -17"><span class='ocrx_word' id='word_1_824' title='bbox 1973 5042 2214 5103; x_wconf 80' lang='lat' dir='ltr'><strong>possunt,</strong></span> <span class='ocrx_word' id='word_1_825' title='bbox 2244 5045 2299 5087; x_wconf 90' lang='lat' dir='ltr'><strong>at</strong></span> <span class='ocrx_word' id='word_1_826' title='bbox 2330 5034 2650 5088; x_wconf 74' lang='lat' dir='ltr'><strong>infirmiores</strong></span> <span class='ocrx_word' id='word_1_827' title='bbox 2687 5032 2809 5087; x_wconf 89' lang='lat' dir='ltr'><strong>illos</strong></span> <span class='ocrx_word' id='word_1_828' title='bbox 2847 5031 3058 5101; x_wconf 86' lang='lat' dir='ltr'><strong>assequi</strong></span> <span class='ocrx_word' id='word_1_829' title='bbox 3084 5030 3304 5083; x_wconf 88' lang='lat' dir='ltr'><strong>minime</strong></span> <span class='ocrx_word' id='word_1_830' title='bbox 3332 5042 3573 5096; x_wconf 85' lang='lat' dir='ltr'><strong>possunt.</strong></span> 
     </span>
    </p>
   </div>
   <div class='ocr_carea' id='block_1_112' title="bbox 1974 5121 3579 5181">
    <p class='ocr_par' dir='ltr' id='par_1_112' title="bbox 1974 5121 3579 5181">
     <span class='ocr_line' id='line_1_112' title="bbox 1974 5121 3579 5181; baseline -0.006 0"><span class='ocrx_word' id='word_1_831' title='bbox 1974 5126 2178 5181; x_wconf 83' lang='lat' dir='ltr'><strong>Idcirco</strong></span> <span class='ocrx_word' id='word_1_832' title='bbox 2218 5126 2377 5181; x_wconf 88' lang='lat' dir='ltr'><strong>etiam</strong></span> <span class='ocrx_word' id='word_1_833' title='bbox 2403 5126 2599 5180; x_wconf 85' lang='lat' dir='ltr'><strong>Paulus</strong></span> <span class='ocrx_word' id='word_1_834' title='bbox 2620 5140 2724 5179; x_wconf 89' lang='lat' dir='ltr'><strong>non</strong></span> <span class='ocrx_word' id='word_1_835' title='bbox 2746 5124 2944 5179; x_wconf 84' lang='lat' dir='ltr'><strong>debere</strong></span> <span class='ocrx_word' id='word_1_836' title='bbox 2972 5138 3069 5177; x_wconf 88' lang='lat' dir='ltr'><strong>nos</strong></span> <span class='ocrx_word' id='word_1_837' title='bbox 3094 5124 3169 5175; x_wconf 89' lang='lat' dir='ltr'><strong>ait</strong></span> <span class='ocrx_word' id='word_1_838' title='bbox 3198 5121 3579 5176; x_wconf 60' lang='lat' dir='ltr'><strong>imbecilliores</strong></span> 
     </span>
    </p>
   </div>
   <div class='ocr_carea' id='block_1_113' title="bbox 1972 5213 3576 5287">
    <p class='ocr_par' dir='ltr' id='par_1_113' title="bbox 1972 5213 3576 5287">
     <span class='ocr_line' id='line_1_113' title="bbox 1972 5213 3576 5287; baseline -0.005 -16"><span class='ocrx_word' id='word_1_839' title='bbox 1972 5229 2096 5272; x_wconf 89' lang='lat' dir='ltr'><strong>ante</strong></span> <span class='ocrx_word' id='word_1_840' title='bbox 2113 5230 2322 5287; x_wconf 85' lang='lat' dir='ltr'><strong>tempus</strong></span> <span class='ocrx_word' id='word_1_841' title='bbox 2346 5232 2558 5287; x_wconf 79' lang='lat' dir='ltr'><strong>urgere,</strong></span> <span class='ocrx_word' id='word_1_842' title='bbox 2588 5233 2707 5271; x_wconf 90' lang='lat' dir='ltr'><strong>cum</strong></span> <span class='ocrx_word' id='word_1_843' title='bbox 2725 5216 2791 5269; x_wconf 87' lang='lat' dir='ltr'><strong>ad</strong></span> <span class='ocrx_word' id='word_1_844' title='bbox 2825 5216 3165 5270; x_wconf 77' lang='lat' dir='ltr'><strong>robustorum</strong></span> <span class='ocrx_word' id='word_1_845' title='bbox 3194 5213 3576 5282; x_wconf 63' lang='lat' dir='ltr'><strong>perfcrtionmn</strong></span> 
     </span>
    </p>
   </div>
   <div class='ocr_carea' id='block_1_114' title="bbox 1972 5304 3581 5380">
    <p class='ocr_par' dir='ltr' id='par_1_114' title="bbox 1972 5304 3581 5380">
     <span class='ocr_line' id='line_1_114' title="bbox 1972 5304 3581 5380; baseline -0.007 -16"><span class='ocrx_word' id='word_1_846' title='bbox 1972 5324 2030 5364; x_wconf 89' lang='lat' dir='ltr'><strong>se</strong></span> <span class='ocrx_word' id='word_1_847' title='bbox 2056 5310 2199 5380; x_wconf 85' lang='lat' dir='ltr'><strong>ipsos</strong></span> <span class='ocrx_word' id='word_1_848' title='bbox 2230 5311 2449 5364; x_wconf 79' lang='lat' dir='ltr'><strong>minime</strong></span> <span class='ocrx_word' id='word_1_849' title='bbox 2471 5310 2678 5377; x_wconf 57' lang='lat' dir='ltr'><strong>posunt</strong></span> <span class='ocrx_word' id='word_1_850' title='bbox 2697 5307 2986 5362; x_wconf 83' lang='lat' dir='ltr'><strong>extendere</strong></span> <span class='ocrx_word' id='word_1_851' title='bbox 3008 5324 3020 5359; x_wconf 89' lang='lat'><strong>:</strong></span> <span class='ocrx_word' id='word_1_852' title='bbox 3041 5306 3134 5360; x_wconf 88' lang='lat' dir='ltr'><strong>sed</strong></span> <span class='ocrx_word' id='word_1_853' title='bbox 3151 5304 3349 5358; x_wconf 85' lang='lat' dir='ltr'><strong>debere</strong></span> <span class='ocrx_word' id='word_1_854' title='bbox 3368 5320 3465 5357; x_wconf 79' lang='lat' dir='ltr'><strong>nos</strong></span> <span class='ocrx_word' id='word_1_855' title='bbox 3492 5304 3581 5354; x_wconf 78' lang='lat' dir='ltr'><strong>tir-</strong></span> 
     </span>
    </p>
   </div>
   <div class='ocr_carea' id='block_1_115' title="bbox 1971 5394 3575 5463">
    <p class='ocr_par' dir='ltr' id='par_1_115' title="bbox 1971 5394 3575 5463">
     <span class='ocr_line' id='line_1_115' title="bbox 1971 5394 3575 5463; baseline -0.007 -8"><span class='ocrx_word' id='word_1_856' title='bbox 1971 5401 2167 5455; x_wconf 84' lang='lat' dir='ltr'><strong>miorcs</strong></span> <span class='ocrx_word' id='word_1_857' title='bbox 2188 5400 2577 5455; x_wconf 83' lang='lat' dir='ltr'><strong>imbecillitates</strong></span> <span class='ocrx_word' id='word_1_858' title='bbox 2610 5398 2943 5453; x_wconf 73' lang='lat' dir='ltr'><strong>infirmorum</strong></span> <span class='ocrx_word' id='word_1_859' title='bbox 2980 5396 3245 5451; x_wconf 87' lang='lat' dir='ltr'><strong>sustinere</strong></span> <span class='ocrx_word' id='word_1_860' title='bbox 3267 5397 3345 5463; x_wconf 88' lang='lat' dir='ltr'><strong>(l.</strong></span> <span class='ocrx_word' id='word_1_861' title='bbox 3376 5394 3493 5446; x_wconf 82' lang='lat' dir='ltr'><strong>Cor.</strong></span> <span class='ocrx_word' id='word_1_862' title='bbox 3523 5394 3575 5447; x_wconf 90' lang='lat'><strong>8.</strong></span> 
     </span>
    </p>
   </div>
   <div class='ocr_carea' id='block_1_116' title="bbox 1971 5488 3578 5561">
    <p class='ocr_par' dir='ltr' id='par_1_116' title="bbox 1971 5488 3578 5561">
     <span class='ocr_line' id='line_1_116' title="bbox 1971 5488 3578 5561; baseline -0.007 -13"><span class='ocrx_word' id='word_1_863' title='bbox 1971 5493 2048 5561; x_wconf 87' lang='lat'><strong>9).</strong></span> <span class='ocrx_word' id='word_1_864' title='bbox 2076 5492 2179 5546; x_wconf 75' lang='lat' dir='ltr'><strong>Nos</strong></span> <span class='ocrx_word' id='word_1_865' title='bbox 2201 5492 2267 5546; x_wconf 89' lang='lat' dir='ltr'><strong>de</strong></span> <span class='ocrx_word' id='word_1_866' title='bbox 2294 5502 2463 5547; x_wconf 87' lang='lat' dir='ltr'><strong>vestra</strong></span> <span class='ocrx_word' id='word_1_867' title='bbox 2478 5505 2663 5545; x_wconf 87' lang='lat' dir='ltr'><strong>smnus</strong></span> <span class='ocrx_word' id='word_1_868' title='bbox 2678 5490 2901 5546; x_wconf 87' lang='lat' dir='ltr'><strong>utilitate</strong></span> <span class='ocrx_word' id='word_1_869' title='bbox 2930 5488 3163 5554; x_wconf 89' lang='lat' dir='ltr'><strong>solliciti,</strong></span> <span class='ocrx_word' id='word_1_870' title='bbox 3187 5503 3292 5541; x_wconf 90' lang='lat' dir='ltr'><strong>non</strong></span> <span class='ocrx_word' id='word_1_871' title='bbox 3312 5496 3367 5539; x_wconf 90' lang='lat' dir='ltr'><strong>nt</strong></span> <span class='ocrx_word' id='word_1_872' title='bbox 3387 5499 3484 5539; x_wconf 76' lang='lat' dir='ltr'><strong>nus</strong></span> <span class='ocrx_word' id='word_1_873' title='bbox 3503 5496 3578 5537; x_wconf 88' lang='lat' dir='ltr'><strong>le-</strong></span> 
     </span>
    </p>
   </div>
   <div class='ocr_carea' id='block_1_117' title="bbox 1973 5582 3569 5653">
    <p class='ocr_par' dir='ltr' id='par_1_117' title="bbox 1973 5582 3569 5653">
     <span class='ocr_line' id='line_1_117' title="bbox 1973 5582 3569 5653; baseline -0.002 -16"><span class='ocrx_word' id='word_1_874' title='bbox 1973 5600 2119 5637; x_wconf 80' lang='lat' dir='ltr'><strong>mme</strong></span> <span class='ocrx_word' id='word_1_875' title='bbox 2141 5592 2500 5638; x_wconf 85' lang='lat' dir='ltr'><strong>ostentemus:</strong></span> <span class='ocrx_word' id='word_1_876' title='bbox 2530 5593 2690 5653; x_wconf 86' lang='lat' dir='ltr'><strong>atque</strong></span> <span class='ocrx_word' id='word_1_877' title='bbox 2719 5583 2917 5637; x_wconf 85' lang='lat' dir='ltr'><strong>idcirco</strong></span> <span class='ocrx_word' id='word_1_878' title='bbox 2938 5582 3184 5636; x_wconf 88' lang='lat' dir='ltr'><strong>sensibus</strong></span> <span class='ocrx_word' id='word_1_879' title='bbox 3204 5582 3569 5634; x_wconf 87' lang='lat' dir='ltr'><strong>inunoranmr.</strong></span> 
     </span>
    </p>
   </div>
   <div class='ocr_carea' id='block_1_118' title="bbox 2042 5672 3570 5745">
    <p class='ocr_par' dir='ltr' id='par_1_118' title="bbox 2042 5672 3570 5745">
     <span class='ocr_line' id='line_1_118' title="bbox 2042 5672 3570 5745; baseline -0.003 -16"><span class='ocrx_word' id='word_1_880' title='bbox 2042 5676 2092 5729; x_wconf 76' lang='lat'><strong>5.</strong></span> <span class='ocrx_word' id='word_1_881' title='bbox 2141 5674 2483 5729; x_wconf 81' lang='lat' dir='ltr'><strong>Ilonu&#39;liarum</strong></span> <span class='ocrx_word' id='word_1_882' title='bbox 2506 5676 2556 5729; x_wconf 88' lang='lat' dir='ltr'><strong>in</strong></span> <span class='ocrx_word' id='word_1_883' title='bbox 2576 5675 2885 5745; x_wconf 84' lang='lat' dir='ltr'><strong>principium</strong></span> <span class='ocrx_word' id='word_1_884' title='bbox 2906 5674 3141 5728; x_wconf 77' lang='lat' dir='ltr'><strong>Actorum</strong></span> <span class='ocrx_word' id='word_1_885' title='bbox 3160 5673 3319 5736; x_wconf 87' lang='lat' dir='ltr'><strong>ordo;</strong></span> <span class='ocrx_word' id='word_1_886' title='bbox 3351 5672 3471 5740; x_wconf 77' lang='lat' dir='ltr'><strong>quid</strong></span> <span class='ocrx_word' id='word_1_887' title='bbox 3508 5672 3570 5724; x_wconf 83' lang='lat' dir='ltr'><strong>si-</strong></span> 
     </span>
    </p>
   </div>
   <div class='ocr_carea' id='block_1_119' title="bbox 1975 5764 3585 5839">
    <p class='ocr_par' dir='ltr' id='par_1_119' title="bbox 1975 5764 3585 5839">
     <span class='ocr_line' id='line_1_119' title="bbox 1975 5764 3585 5839; baseline 0.001 -21"><span class='ocrx_word' id='word_1_888' title='bbox 1975 5769 2179 5839; x_wconf 76' lang='lat' dir='ltr'><strong>gni/iret</strong></span> <span class='ocrx_word' id='word_1_889' title='bbox 2207 5784 2387 5821; x_wconf 80' lang='lat' dir='ltr'><strong>nomen</strong></span> <span class='ocrx_word' id='word_1_890' title='bbox 2416 5767 2665 5839; x_wconf 75' lang='lat' dir='ltr'><strong>Apostoli.</strong></span> <span class='ocrx_word' id='word_1_891' title='bbox 2701 5765 2934 5821; x_wconf 78' lang='lat' dir='ltr'><strong>Christus</strong></span> <span class='ocrx_word' id='word_1_892' title='bbox 2964 5784 2991 5817; x_wconf 76' lang='grc' dir='ltr'><strong>(ι</strong></span> <span class='ocrx_word' id='word_1_893' title='bbox 3019 5764 3283 5818; x_wconf 80' lang='lat' dir='ltr'><strong>smsililms</strong></span> <span class='ocrx_word' id='word_1_894' title='bbox 3330 5765 3400 5816; x_wconf 84' lang='lat' dir='ltr'><strong>ad</strong></span> <span class='ocrx_word' id='word_1_895' title='bbox 3428 5766 3585 5834; x_wconf 66' lang='lat' dir='ltr'><strong>spiri-</strong></span> 
     </span>
    </p>
   </div>
  </div>
