4218 6294
682 344 740 401 οι
1418 338 1475 393 s
1513 334 1791 394 JOANNIS
1826 331 2300 392 CllRYSOSTOlIl
2336 332 2655 390 ARClllEP.
2696 334 3231 392 consummes
3814 314 3817 317 ’
3896 337 3965 391 92

680 461 842 514 titulis
885 458 1108 514 deducit.
1141 485 1212 498 --
1236 455 1416 527 Itaque
1443 454 1617 525 primo
1643 453 1733 509 die
1769 468 1878 508 non
1909 466 2029 508 esse
2055 460 2259 506 temere

680 550 1080 623 praetereunda
1125 536 1503 616 inscriptiones
1543 545 1787 600 dicebam
1806 584 1823 609 ,
1877 556 1984 613 quo
2028 550 2267 610 tempore

681 626 891 693 titulum
918 638 1068 691 vobis
1086 636 1269 691 altaris
1288 636 1414 704 legi,
1431 650 1494 690 ac
1520 634 1668 689 Pauli
1689 633 2001 703 sapiemiam
2030 630 2262 695 ostendi,

680 730 769 798 qui
796 730 1017 782 militem
1047 729 1299 792 alienum,
1325 726 1524 797 quippe
1577 726 1629 779 in
1680 723 2105 779 adversariorum
2153 722 2267 775 acie

679 818 876 882 stabat,
908 817 973 871 ad
1001 817 1255 872 cohortes
1282 831 1408 871 suas
1438 815 1730 871 transtulit.
1864 812 1921 867 In
1968 813 2069 866 hoc
2108 810 2267 865 desiit

681 906 845 973 priori
878 907 967 960 die
997 914 1107 961 tota
1134 907 1378 962 doctrina
1405 923 1421 960 :
1451 914 1571 975 post
1598 905 1741 959 illam
1765 901 2001 958 secundo
2023 901 2133 964 die,
2174 903 2263 969 qui

679 996 799 1050 libri
822 1006 967 1052 esset
995 998 1134 1052 illius
1158 1007 1384 1063 auctor,
1433 996 1809 1066 quaesivimus,
1863 1002 1919 1047 et
1967 992 2266 1047 invenimus

680 1086 775 1140 Dei
796 1090 961 1157 gratia
988 1087 1185 1142 Lucam
1212 1087 1613 1157 evangelistam,
1641 1084 1929 1153 multisque
1971 1082 2123 1138 vobis
2170 1081 2267 1137 dc-

683 1179 1166 1234 monstrationibus
1189 1194 1302 1233 rem
1331 1179 1386 1232 in
1406 1177 1701 1247 quastione
1730 1176 1958 1245 positam
2012 1173 2264 1244 probavi-

680 1283 821 1333 mus,
844 1283 1068 1339 quarum
1085 1268 1205 1322 alite
1222 1268 1500 1334 clariores,
1528 1256 1885 1321 abstrusiores
1900 1263 2018 1318 alia:
2030 1262 2261 1317 fuerunt.

680 1356 806 1412 Seio
822 1372 1050 1427 namque
1071 1358 1269 1413 multos
1283 1373 1351 1412 ex
1375 1356 1707 1411 auditoribus
1733 1371 1813 1421 ea,
1848 1370 1966 1424 qua:
1991 1369 2266 1424 postremo

682 1449 806 1503 loco
820 1450 958 1503 dicta
985 1458 1128 1514 sunt,
1155 1458 1470 1519 assequutos
1500 1464 1604 1502 non
1634 1462 1792 1502 esse:
1825 1461 1925 1501 nec
1969 1454 2148 1500 tamen
2178 1445 2264 1498 id-

679 1540 826 1594 circo
849 1540 1157 1595 subtiliores
1179 1554 1370 1595 sensus
1396 1540 1727 1594 conﬁdenter
1753 1538 1999 1609 persequi
2025 1535 2263 1591 desiste-

682 1647 821 1686 mus.
849 1632 1029 1703 Itaque
1048 1648 1111 1687 ea
1133 1649 1254 1704 quae
1285 1634 1515 1688 clariora
1529 1643 1672 1696 sunt,
1692 1629 2123 1699 simplicioribus,
2141 1644 2267 1697 pro-

682 1721 927 1778 i’undiora
951 1739 1075 1779 vero
1106 1723 1394 1792 proderunt
1435 1722 1537 1787 bis,
1586 1723 1677 1791 qui
1724 1720 1933 1775 acutius
1976 1720 2264 1773 intuentur.

688 1811 899 1867 Variam
929 1815 1125 1883 quippe
1168 1828 1409 1868 mensam
1430 1827 1550 1867 esse
1569 1819 1781 1882 oportet
1803 1826 1865 1865 ac
1888 1809 2218 1865 diil‘erentem
2250 1848 2265 1874 ,

682 1899 1115 1974 quandoquidem
1144 1905 1468 1960 etdiil‘erens
1492 1914 1577 1959 est
1601 1919 1785 1959 eorum
1807 1903 1895 1973 qui
1928 1902 2133 1957 invitati
2146 1910 2271 1956 sunt

684 1997 975 2064 appetitus.
1012 1995 1191 2051 Primo
1210 1996 1371 2066 igitur
1392 1996 1481 2050 die
1517 1995 1586 2050 de
1624 1995 1990 2064 inscriptione,
2036 1992 2271 2048 secunda

686 2097 815 2139 vero
841 2086 929 2139 die
956 2085 1023 2141 de
1047 2100 1124 2142 eo
1146 2089 1237 2157 qui
1280 2087 1473 2142 librum
1510 2086 1726 2155 scripsit
1746 2125 1763 2150 ,
1818 2085 1981 2139 tertia
2022 2084 2109 2139 die
2153 2083 2267 2138 beri

687 2173 1040 2229 disseruimus
1081 2176 1223 2245 apud
1243 2190 1341 2232 eos
1370 2178 1461 2248 qui
1487 2176 1817 2232 advenerant
1858 2175 1927 2231 de
1963 2175 2115 2231 initio
2138 2176 2271 2231 scri-

689 2271 883 2332 pturae,
906 2274 961 2318 et
988 2266 1339 2332 ostendimus,
1363 2268 1503 2321 sicut
1529 2267 1604 2322 illi
1627 2275 1825 2321 norunt
1844 2266 1936 2337 qui
1962 2267 2266 2334 audierunt,

684 2353 813 2422 quid
833 2355 905 2408 sit
920 2365 1120 2422 actum,
1152 2356 1279 2425 quid
1301 2358 1373 2412 sit
1396 2358 1711 2412 miraculum
1732 2398 1748 2423 ,
1796 2366 1853 2412 et
1894 2357 2021 2426 quid
2046 2357 2115 2412 sit
2138 2372 2269 2411 con-

682 2446 940 2513 versatio,
965 2447 1092 2517 quid
1128 2449 1341 2519 signum
1394 2458 1453 2505 et
1495 2448 1793 2519 prodigium
1838 2464 1905 2505 ae
1954 2450 2120 2504 virtus
2145 2488 2161 2513 ,
2215 2458 2273 2503 et

681 2547 941 2607 quantum
966 2539 1104 2594 inter
1122 2550 1347 2609 utraque
1368 2540 1435 2595 sit
1476 2540 1763 2595 discrimen
1788 2557 1803 2593 :
1833 2555 1937 2611 qua
1962 2542 2169 2595 ratione
2192 2540 2272 2592 al-

684 2636 858 2682 terum
886 2628 1057 2697 majus
1081 2630 1168 2694 sit,
1193 2631 1375 2683 utilius
1402 2632 1629 2686 alterum
1658 2648 1670 2681 :
1699 2640 1753 2685 et
1776 2645 1879 2699 qua
1901 2629 2106 2684 ratione
2129 2630 2266 2684 alte-

684 2734 805 2773 runt
832 2719 1013 2773 solum
1036 2735 1131 2789 per
1157 2734 1217 2775 se
1241 2736 1463 2790 regnum
1489 2721 1736 2791 acquirit,
1767 2720 1991 2775 alterum
2016 2721 2115 2774 nisi
2139 2735 2268 2789 ope-

682 2826 802 2865 rum
825 2812 1124 2866 subsidium
1150 2821 1408 2878 assumat,
1439 2824 1595 2866 extra
1621 2811 1940 2867 vestibulum
1962 2810 2089 2866 illud
2115 2812 2267 2881 ejici-

682 2912 788 2959 tur.
808 2904 977 2959 Hodie
1006 2906 1265 2974 reliqum
1306 2905 1541 2974 inscript.
1557 2904 1667 2959 suis
1703 2919 1883 2973 Opera
1911 2904 2140 2975 pretium
2186 2914 2269 2959 est

681 2994 924 3047 dicamus
948 3035 964 3059 ,
1012 3003 1065 3048 et
1085 2995 1210 3064 quid
1238 2996 1503 3064 signiﬁcet
1526 2994 1763 3064 Apostoli
1793 3010 1990 3049 nomen
2018 2994 2268 3048 ostenda-

682 3099 824 3137 mus.
854 3083 1037 3154 Neque
1064 3084 1206 3139 enim
1231 3085 1428 3139 nudum
1454 3095 1536 3139 est
1564 3100 1758 3139 nomen
1797 3084 1920 3152 hoc,
1947 3084 2041 3139 sed
2068 3086 2266 3155 magis-

683 3183 855 3230 tratus
880 3186 961 3229 est
983 3177 1287 3246 appellatio,
1311 3178 1525 3231 maximi
1542 3179 1899 3247 magistratus,
1926 3178 2266 3248 magistratus

683 3267 917 3321 maxime
942 3270 1253 3337 spiritualis,
1276 3271 1615 3339 magistratus
1642 3271 1890 3329 caelestis.
1941 3269 2049 3325 Sed
2094 3281 2266 3327 atten-

681 3357 796 3412 dite
819 3358 1119 3428 diligenter.
1144 3360 1274 3415 Nam
1298 3362 1744 3432 quemadmodum
1771 3362 1823 3418 in
1846 3364 2007 3420 rebus
2046 3366 2269 3420 sumula-

683 3448 830 3501 ribus
856 3450 1195 3518 magistratus
1246 3462 1368 3506 sunt
1396 3453 1584 3516 multi,
1641 3470 1748 3508 non
1799 3465 1976 3509 tamen
2024 3456 2263 3524 ejusdem

678 3551 873 3593 omnes
899 3539 1192 3609 dignitatis,
1218 3542 1309 3595 sed
1332 3543 1419 3595 alii
1442 3544 1668 3612 majores
1696 3587 1707 3609 ,
1754 3545 1842 3597 alii
1870 3546 2103 3600 minores
2126 3562 2140 3600 :
2167 3563 2267 3601 ex-

684 3626 845 3698 empli
874 3641 1056 3693 causa,
1076 3640 1133 3684 ut
1149 3632 1217 3684 ab
1234 3630 1469 3685 inferiori
1492 3635 1953 3689 enumerationem
1972 3636 2262 3703 ordiamur,

682 3727 767 3773 est
794 3720 1050 3775 Defensor
1074 3724 1342 3789 civitatis;
1378 3735 1456 3779 est
1490 3726 1582 3779 illo
1609 3726 1887 3781 sublimior
1915 3728 2087 3797 gentis
2122 3728 2266 3782 Praz-

676 3824 806 3874 scs;
837 3818 921 3864 est
942 3812 1077 3865 alius
1105 3821 1222 3882 post
1250 3813 1394 3868 illum
1424 3815 1763 3883 magistratus
1792 3818 1995 3886 major:
2044 3828 2264 3873 estrur-

681 3912 775 3951 sus
796 3899 1042 3970 Magister
1068 3902 1331 3957 militum:
1376 3914 1457 3957 est
1486 3904 1813 3970 Prwfectus;
1860 3917 1942 3961 est
1987 3909 2267 3963 sublimior

686 3988 802 4042 istis
820 3994 1180 4059 magistratus,
1194 3993 1424 4062 dignitas
1436 3993 1723 4049 Cousulum
1742 4014 1754 4049 :
1772 4005 1826 4051 et
1845 4012 2033 4051 omnes
2051 3999 2265 4065 quidem

686 4077 740 4130 hi
770 4089 893 4134 sunt
918 4082 1286 4150 magistratus,
1314 4085 1406 4137 sed
1426 4100 1531 4138 non
1562 4085 1801 4155 ejusdem
1830 4102 2019 4141 omnes
2041 4089 2267 4158 dignita-

684 4168 786 4220 tis:
818 4168 888 4221 ita
920 4172 1069 4225 multi
1097 4183 1219 4227 sunt
1251 4173 1557 4243 spirituales
1585 4176 1929 4245 magistratus
1957 4194 2060 4233 non
2083 4195 2265 4249 mqua-

686 4258 766 4312 les
815 4260 1074 4329 dignitate
1122 4281 1135 4316 :
1184 4280 1343 4332 porro
1383 4267 1554 4334 major
1602 4268 1853 4322 omnibus
1905 4278 1987 4324 est
2039 4271 2268 4340 dignitas

686 4350 1052 4417 Apostolatus.
1087 4353 1129 4407 Α
1154 4355 1501 4410 sensibilibus
1529 4358 1670 4411 enim
1696 4359 1857 4415 rebus
1880 4360 1945 4415 ad
1970 4364 2264 4430 spiritualia

686 4441 835 4507 quasi
865 4456 1025 4496 manu
1046 4443 1272 4500 ducendi
1302 4448 1451 4501 estis.
1502 4447 1574 4502 Ita
1614 4447 1740 4503 fecit
1782 4460 1835 4505 ct
1870 4452 2111 4507 Christus
2136 4494 2151 4518 ,
2199 4456 2267 4509 de

682 4531 883 4599 Spiritu
908 4532 1180 4591 disserens
1198 4552 1346 4606 aqua:
1360 4540 1622 4597 meminit.
1640 4541 1739 4608 Qui
1752 4549 1881 4595 enim
1899 4542 2015 4596 bibit
2033 4561 2094 4607 ea:
2132 4562 2267 4615 aqua

684 4624 798 4686 hac,
816 4625 946 4677 sitiet
970 4627 1173 4694 iterum,
1193 4629 1385 4699 inquit;
1400 4632 1484 4699 qui
1499 4643 1665 4687 autem
1682 4633 1856 4688 biberit
1866 4651 1928 4689 ea:
1942 4654 2091 4707 aqua,
2115 4656 2266 4707 quam

684 4730 777 4784 ego
806 4716 936 4769 dabo
963 4720 1029 4785 ei,
1054 4736 1153 4773 non
1172 4722 1303 4774 sitiet
1328 4722 1380 4775 in
1406 4734 1649 4779 (sternunt
1677 4725 1854 4797 (Joan.
1889 4728 1943 4781 4.
1971 4729 2266 4805 l5).‘Vides

689 4822 810 4860 eum
858 4823 887 4861 a
943 4811 1231 4867 sensilibus
1273 4814 1337 4867 ad
1388 4816 1676 4885 spiritualia
1718 4820 2083 4875 mulierculam
2117 4823 2263 4877 illaut

689 4901 992 4957 deducerel
1022 4903 1111 4958 Sic
1142 4922 1239 4959 nos
1266 4906 1430 4962 etiam
1455 4910 1684 4979 agimus,
1715 4922 1769 4967 et
1818 4916 1885 4967 ab
1925 4916 2266 4972 inferioribus

685 4992 750 5045 ad
782 4996 1055 5061 superiora
1077 5000 1483 5055 conscendimus
1504 5042 1518 5067 ,
1567 5013 1625 5056 nt
1672 5004 1838 5073 magis
1872 5009 2145 5077 perspicua
2170 5010 2267 5063 ﬁat

684 5086 877 5139 oratio.
906 5088 1189 5159 Propterea
1208 5107 1330 5147 cum
1352 5094 1420 5148 de
1444 5094 1752 5165 magistratu
1775 5097 2133 5168 loqueremur,
2160 5118 2263 5156 non

684 5178 975 5245 spiritualis
1004 5189 1202 5235 tantum
1234 5186 1559 5239 mentionem
1588 5187 1832 5252 fecimus,
1864 5189 1957 5243 sed
1998 5192 2265 5247 sensibilis

686 5270 1042 5337 magistratus,
1066 5282 1121 5326 ut
1141 5275 1206 5328 ab
1236 5275 1336 5329 hoc
1366 5292 1461 5331 vos
1482 5278 1547 5331 ad
1564 5278 1713 5333 illum
1745 5294 1905 5333 manu
1926 5282 2264 5340 duceremus.

686 5361 920 5416 Audistis
940 5376 1066 5432 quot
1087 5369 1369 5422 smculares
1396 5371 1730 5437 magistratus
1751 5375 2262 5443 enumeraverimus,

684 5463 735 5505 et
760 5469 866 5522 quo
895 5466 1046 5525 pacto
1067 5458 1153 5513 alii
1184 5461 1396 5530 quidem
1430 5461 1676 5531 majores,
1712 5464 1799 5518 alii
1850 5480 1979 5519 vero
2026 5468 2129 5521 sint
2161 5470 2264 5522 mi-

685 5557 863 5610 nores,
905 5558 959 5600 et
987 5563 1092 5616 quo
1125 5562 1277 5619 pacto
1302 5552 1589 5607 (lonsuhun
1616 5556 1955 5623 magistratus
1975 5560 2125 5629 quasi
2154 5562 2266 5615 cul-

688 5651 803 5691 unvn
826 5649 874 5693 el
901 5652 1052 5710 caput
1086 5659 1192 5711 pra:
1212 5646 1431 5714 reliquis
1461 5649 1664 5702 cunctis
1690 5648 1956 5704 emineat:
1996 5651 2265 5707 ιίιιιοίιηιιις

2382 450 2687 521 spirituales
2733 453 2894 507 etiam
2938 454 3299 524 magistratus.
3324 452 3625 524 Spiritualis
3654 462 3739 509 est
3791 458 3969 525 magi-

2372 549 2592 603 stratus.
2612 541 2915 612 Prophetiae
2932 543 3273 613 magistratus
3296 561 3310 598 :
3337 553 3419 597 est
3433 543 3569 597 alter
3586 541 3967 612 Evangelistte.

2370 640 2454 685 est
2486 631 2743 699 Pastoris,
2773 644 2857 687 est
2886 634 3149 697 Doctoris,
3175 644 3259 689 est
3283 633 3548 689 donorum
3570 673 3585 695 ,
3618 639 3704 687 est
3726 638 3967 687 curatio-

2373 737 2522 791 num,
2540 732 2622 777 est
2649 723 3108 792 interpretationis
3130 725 3453 794 linguarum.
3491 724 3617 780 Haec
3642 723 3825 777 omnia
3868 739 3967 775 no-

2372 813 2512 865 mina
2534 812 2749 883 quidem
2769 823 2895 868 sunt
2914 814 3200 881 donorum,
3233 829 3320 869 res
3344 826 3523 869 autem
3552 814 3961 883 magistratuum

2372 918 2433 955 ac
2457 913 2799 973 potestatum.
2830 905 3098 976 Propheta
3133 908 3476 975 magistratus
3516 916 3599 960 est
3629 923 3645 959 :
3676 904 3816 975 apud
3866 920 3969 959 nos

2373 992 2416 1047 is
2469 994 2558 1063 qui
2600 994 2876 1052 daemones
2904 997 3088 1066 ejicit,
3140 998 3483 1067 magistratus
3528 1007 3648 1052 est:
3680 996 3822 1069 apud
3866 1010 3969 1051 nos

2372 1083 2561 1139 Pastor
2586 1093 2641 1139 et
2670 1085 2865 1142 Doctor
2885 1087 3177 1157 spiritualis
3220 1097 3303 1143 est
3352 1086 3698 1157 magistratus
3724 1103 3739 1139 :
3771 1102 3963 1142 verum

2371 1174 2453 1230 bis
2474 1178 2721 1232 omnibus
2748 1180 2925 1249 major
2944 1190 3025 1235 est
3054 1180 3399 1250 Apostolieus
3424 1180 3787 1249 magistratus.
3814 1177 3969 1235 Unde

2370 1282 2498 1321 vero
2520 1268 2571 1321 id
2587 1271 2835 1324 constat?
2849 1270 2999 1337 Quod
3015 1286 3201 1326 omnes
3218 1272 3349 1325 istos
3368 1269 3631 1339 praecedat
3657 1270 3965 1340 Apostolus.

2370 1356 2435 1411 Et
2464 1360 2912 1428 quemadmodum
2945 1363 3083 1417 inter
3127 1361 3421 1417 sensibiles
3451 1362 3798 1430 magistratus
3827 1358 3969 1412 Con-

2371 1448 2475 1511 sul,
2516 1450 2593 1503 sie
2637 1450 2775 1504 inter
2804 1450 3113 1519 spirituales
3162 1451 3453 1520 Apostolus
3494 1450 3717 1504 honoris
3762 1448 3963 1519 gaudet

2371 1541 2743 1609 przcrogativa.
2780 1541 3075 1595 Audiamus
3101 1542 3274 1611 ipsum
3303 1542 3525 1597 Paulum
3549 1551 3961 1597 enumerantem

2374 1628 2683 1697 dignitates,
2701 1641 2752 1686 et
2775 1632 2827 1696 in
2856 1631 3155 1687 sublimiori
3182 1633 3301 1686 loco
3324 1633 3687 1702 Apostolieam
3709 1632 3983 1687 collocan-

2375 1728 2501 1773 tem.
2535 1719 2674 1788 Quid
2706 1722 2866 1791 igitur
2918 1723 2988 1776 ait
3044 1721 3179 1776 ille?
3239 1722 3504 1789 Quosdam
3553 1722 3755 1792 quidem
3800 1723 3967 1792 posuit

2376 1809 2510 1864 Deus
2548 1813 2601 1865 in
2632 1810 2882 1879 Ecclesia,
2914 1815 3134 1884 primum
3165 1813 3420 1884 apostolos
3440 1854 3458 1879 ,
3500 1814 3720 1868 secundo
3747 1813 3968 1883 prophe-

2375 1910 2471 1960 tas,
2498 1902 2645 1954 tertio
2666 1903 2917 1969 doctores,
2948 1912 2996 1957 et
3025 1912 3274 1973 pastores,
3297 1903 3479 1957 exinde
3521 1905 3715 1972 gratias
3742 1904 3969 1957 curatio-

2356 1992 2589 2059 ⁵ιιιιιημ.
2624 1991 2741 2045 Cor.
2772 1991 2859 2047 η.

2445 2082 2774 2145 Apostalatus
2815 2083 3033 2152 dignitas
3071 2092 3284 2154 quartis.
3326 2083 3463 2151 Quid
3508 2100 3597 2152 per
3633 2100 3815 2155 genera
3855 2084 3962 2138 lin-

2374 2188 2590 2240 gnarum
2611 2173 3117 2245 intelligat.-—Vides
3139 2174 3409 2246 fastigium
3435 2174 3786 2246 dignitatum?
3820 2176 3971 2231 vides

2373 2264 2689 2332 Apostolum
2723 2265 3005 2321 sublimem
3043 2266 3260 2333 sedere,
3295 2282 3397 2321 nec
3431 2266 3596 2321 ullum
3633 2267 3808 2337 ipsum
3837 2282 3971 2337 pra:-

2372 2354 2585 2420 cedcre,
2602 2366 2691 2410 aut
2712 2357 3078 2411 sublimiorem
3103 2357 3197 2411 illo
3222 2358 3381 2413 esse?
3404 2356 3643 2412 Primum
3659 2360 3803 2412 enim
3827 2360 3866 2410 Α
3877 2373 3964 2427 po-

2373 2446 2541 2501 stolus
2586 2446 2734 2509 dicit.
2765 2448 3005 2502 secundo
3034 2448 3355 2519 Prophetas,
3406 2452 3564 2503 tertio
3615 2449 3875 2502 Doctores
3917 2457 3967 2503 et

2374 2534 2625 2590 Pastores
2669 2536 2909 2592 :deinde
2935 2538 3134 2609 gratias
3177 2539 3535 2603 curationum,
3568 2538 3968 2608 epitulatioucs,

2376 2626 2815 2697 gubernationes;
2838 2643 3035 2698 genera
3079 2628 3403 2698 linguarum.
3457 2628 3640 2698 Neque
3668 2644 3799 2683 vero
3846 2638 3968 2681 tan-

2374 2723 2482 2768 tuni
2510 2716 2839 2785 principatus
2864 2725 2949 2772 est
2976 2726 3292 2771 cmterarum
3320 2718 3637 2787 dignitatum
3677 2716 3969 2786 Apostolu-

2374 2812 2479 2871 ltts,
2508 2804 2603 2859 sed
2627 2806 2789 2859 etiam
2821 2806 2971 2860 radix
2996 2820 3059 2859 ac
3080 2806 3507 2861 fundamentum.
3526 2807 3591 2859 Et
3617 2806 3969 2875 quemadmo-

2371 2893 2498 2949 dum
2524 2906 2679 2965 eaput
2709 2896 2762 2951 in
2805 2897 3105 2951 sublimiori
3138 2898 3257 2951 loco
3285 2898 3445 2951 situm
3484 2914 3589 2951 tton
3619 2898 3779 2951 modo
3824 2900 3968 2969 prin-

2373 2988 2579 3056 cipatus
2596 2997 2677 3042 est
2698 2990 2940 3057 corporis
2966 2998 3125 3056 atque
3150 2990 3477 3054 dominatus,
3501 2989 3595 3043 scd
3618 2991 3779 3044 etiam
3810 2991 3965 3044 radix

2374 3078 2671 3148 (siquidem
2708 3079 2882 3144 nervi,
2906 3081 2994 3149 qui
3025 3094 3220 3148 corpus
3246 3089 3454 3149 regunt,
3481 3081 3727 3135 oriuntur
3756 3095 3823 3135 ex
3852 3081 3967 3147 illo,

2372 3176 2426 3221 et
2452 3183 2516 3221 ex
2548 3168 2663 3237 ejus
2705 3170 2930 3222 cerebro
2970 3170 3100 3234 nati,
3130 3185 3192 3223 ac
3233 3170 3454 3239 spiritus
3483 3169 3762 3239 largitione
3790 3170 3964 3231 ditati.

2370 3258 2567 3313 deinde
2594 3269 2763 3313 totum
2794 3260 2989 3313 animal
3021 3260 3424 3328 moderantur),
3448 3260 3525 3313 sic
3544 3268 3599 3313 et
3622 3260 3969 3329 Apostolatus

2372 3364 2477 3403 non
2523 3348 2685 3404 modo
2727 3362 2993 3419 tamquam
3037 3350 3368 3419 principatus
3411 3364 3474 3404 ac
3516 3350 3820 3405 dominatus
3857 3365 3967 3420 pra:

2372 3442 2583 3494 cmteris
2633 3442 2791 3495 donis
2833 3444 3057 3506 eminet,
3088 3444 3181 3497 sed
3214 3443 3455 3497 omnium
3495 3456 3708 3513 quoque
3756 3444 3966 3499 radices

2372 3532 2789 3602 comprehensas
2818 3534 2957 3603 apud
2988 3549 3045 3587 se
3071 3534 3287 3588 retinet.
3318 3535 3395 3587 Ac
3434 3533 3696 3599 Propheta
3746 3533 3962 3603 quidem

2372 3623 2662 3692 Apostolus
2703 3638 2823 3678 esse
2853 3638 2957 3677 non
2988 3632 3161 3693 potest
3206 3633 3259 3677 et
3305 3623 3567 3692 l‘rOpbcta
3612 3641 3625 3675 :
3674 3624 3768 3678 sed
3814 3625 3963 3693 Apo-

2370 3716 2540 3769 stolus
2582 3725 2665 3770 est
2694 3717 2854 3770 etiam
2898 3716 3117 3769 omnino
3165 3715 3453 3784 Propheta,
3501 3724 3554 3769 et
3579 3716 3775 3785 gratias
3804 3716 3966 3771 babct

2370 3808 2725 3871 curationum,
2759 3818 2811 3861 et
2854 3823 3052 3877 genera
3103 3806 3425 3877 linguarum,
3465 3816 3520 3861 et
3563 3808 3964 3876 interpretatio.

2374 3913 2468 3951 ucs
2521 3898 2819 3968 linguarum
2873 3915 2886 3950 :
2938 3906 3219 3968 prepterea
3256 3896 3585 3967 principatus
3614 3906 3668 3951 et
3696 3897 3847 3951 radix
3878 3906 3963 3951 est

2371 3991 2679 4059 gratiarum.

2442 4083 2494 4136 ι.
2529 4082 2694 4135 Porro
2716 4091 2771 4136 ut
2802 4082 2913 4135 hinc
2944 4082 3013 4135 ita
3039 4096 3096 4135 se
3124 4080 3320 4135 habere
3341 4088 3569 4146 constet,
3591 4088 3781 4135 testem
3807 4082 3961 4136 vobis

2372 4174 2577 4227 adduco
2595 4173 2833 4226 Paulum.
2853 4174 3003 4227 Prius
3023 4183 3196 4225 tamen
3213 4172 3390 4225 dicere
3404 4174 3672 4235 convenit,
3688 4172 3812 4241 quid
3832 4174 3959 4227 illud

2374 4266 2583 4319 tandem
2614 4268 2699 4323 sit.
2724 4281 2917 4333 genera
2952 4264 3285 4334 linguarum?
3322 4264 3457 4329 Quid
3482 4263 3640 4333 igitur
3659 4273 3742 4318 est
3764 4279 3962 4334 genera

2375 4356 2707 4423 anguarum?
2725 4357 2859 4408 Olim
2879 4354 3021 4424 iSqui
3042 4355 3339 4425 baptizatus
3366 4354 3557 4419 iuerat,
3570 4366 3623 4408 et
3638 4355 3957 4419 credidemt,

2373 4449 2551 4501 statim
2578 4447 2639 4501 ad
2663 4447 2889 4517 Spiritus
2911 4446 3629 4526 manifestationemdiversis
3661 4447 3852 4517 linguis
3884 4447 3960 4500 lo-

2372 4540 2785 4611 qucbatur.Nam
2802 4542 3051 4611 quoniam
3064 4540 3236 4593 adhuc
3250 4540 3623 4597 imbecilliore.
3636 4549 3785 4595 erant
3799 4539 3962 4593 bona.

2375 4648 2469 4685 nes
2485 4633 2623 4685 illius
2635 4632 2753 4693 sevi,
2769 4641 2820 4683 ct
2833 4631 3125 4699 spiritualia
3140 4631 3276 4683 dona
3292 4645 3396 4684 non
3410 4638 3547 4700 potet
3564 4631 3839 4684 antoculis
3853 4648 3929 4682 tu.
3942 4661 3960 4672 .

2374 4724 2488 4775 neis
2505 4725 2766 4787 contueri,
2784 4721 3034 4776 sensibile
3052 4721 3246 4774 donum
3264 4720 3508 4785 dabatur,
3527 4732 3583 4775 ut
3604 4721 3962 4775 innotescei't-t

2374 4815 2871 4884 Spirituale,quique
2885 4816 3177 4884 baptizatus
3194 4813 3573 4880 iuerat,statim
3591 4813 3763 4883 lingua
3780 4826 3893 4867 nust
3906 4831 3959 4866 ia

2374 4915 2429 4959 et
2456 4906 2687 4971 Persica,
2712 4916 2766 4960 et
2794 4906 2991 4971 indica,
3021 4916 3074 4958 et
3100 4905 3345 4975 Scythica
3394 4902 3747 4972 loquebatur;
3799 4904 3875 4956 sic
3908 4914 3962 4955 ut

2372 5014 2494 5052 eum
2518 4999 2716 5066 Spiritu
2740 5010 2924 5052 saneto
2953 4998 3204 5051 donatum
3233 5010 3352 5068 esse
3382 4994 3741 5062 intelligerent
3770 4994 3958 5046 inﬁde-

2373 5089 2473 5145 les.
2500 5091 2576 5144 Ae
2598 5092 2807 5159 signum
2832 5088 3048 5158 quidem
3080 5087 3325 5141 sensibus
3356 5085 3655 5154 subjectum
3685 5096 3820 5146 erat,
3845 5086 3959 5138 talis

2373 5182 2584 5251 inquam
2615 5197 2753 5244 vox;
2802 5180 3063 5249 siquidem
3094 5178 3334 5247 corporis
3381 5193 3546 5231 sensu
3593 5176 3735 5230 illam
3779 5176 3962 5230 audie-

2372 5272 2499 5327 bant
2526 5290 2536 5324 :
2565 5272 2893 5341 spiritualcm
2924 5280 3120 5336 autem,
3144 5279 3200 5325 et
3225 5286 3343 5341 qua:
3367 5270 3585 5323 minime
3614 5269 3957 5335 cernebatur,

2372 5364 2604 5433 Spiritus
2656 5364 2875 5431 gratiam
2922 5362 3217 5429 subjectum
3262 5361 3506 5415 sensibus
3563 5360 3769 5428 signum
3821 5361 3963 5413 istud

2373 5459 2617 5510 omnibus
2641 5458 2973 5510 manifestam
3010 5455 3279 5508 reddebat.
3313 5454 3379 5507 Et
3410 5452 3511 5506 hoc
3533 5455 3739 5523 signum
3766 5469 3962 5522 genera

2376 5552 2670 5619 linguarum
2704 5551 3087 5619 appellabatur.
3120 5548 3217 5614 Qui
3247 5548 3389 5601 enim
3443 5547 3653 5599 unicam
3700 5562 3725 5597 a
3778 5556 3965 5599 natura

2375 5643 2604 5712 linguam
2636 5643 2884 5705 habebat,
2914 5640 3173 5695 beneficio
3205 5640 3387 5709 gratim
3432 5638 3591 5691 variis
3617 5651 3679 5689 ac
3707 5634 3963 5689 diﬂcreu-

2375 5737 2511 5790 libus
2553 5735 2745 5803 linguis
2790 5733 3105 5802 loquebatur
3142 5750 3153 5785 :
3207 5745 3266 5785 ac
3317 5729 3497 5783 videre
3530 5738 3641 5781 erat
3690 5727 3963 5783 hominem
