4218 6294
711 368 780 423 93
1431 376 1485 431 s.
1520 372 1806 431 JO.\NNIS
1840 367 2290 429 cnmrsosmx

2389 363 2688 421 ιηεηιερ.
2739 353 3286 418 CONSTANTINOP.
3909 347 3980 405 Μ

706 484 824 546 τοῖς
879 482 1207 553 χαρίσμασι,
1245 481 1338 535 καὶ
1367 480 1601 551 διάφορα
1635 479 1882 550 στόματα
1925 475 2137 545 ἔχοντα,
2191 471 2287 524 καὶ

708 573 1003 646 διαφόρως
1038 571 1310 640 γλώσσας.
1352 570 1580 641 Ἰδωμεν
1611 565 1705 624 οὖν
1749 569 1867 632 πιῖις
1898 569 1925 620 ό
1968 562 2291 625 Ἀπόστολος

709 665 982 719 καὶτοῦτο
1002 659 1115 732 εἶχε
1144 662 1205 714 τὸ
1233 663 1502 734 χάρισμα,
1536 661 1632 714 καὶ
1653 659 1722 714 τά
1756 660 1892 714 ἀλλα
1920 658 2116 711 πάντα.
2154 653 2290 726 Περὶ

711 759 812 828 μὲν
848 753 1037 808 τούτου
1083 752 1226 806 οὕτω
1280 752 1428 821 λέγει
1461 769 1473 781 ·
1533 752 1786 806 Πάντων
1827 749 1996 820 ὑμῶν
2046 747 2292 818 μᾶλλον

707 847 1017 918 γλώσσαις
1039 843 1229 900 λαλῶ.
1270 841 1430 910 Εἶδες
1455 844 1573 910 πῶς
1599 845 1712 916 ἔχει
1743 844 1810 897 τά
1831 843 1962 911 γένη
1980 841 2090 894 τῶν
2115 840 2292 906 γλωσ-

708 937 840 1000 σῶν,
880 940 974 990 καὶ
1022 938 1124 991 ούκ
1176 938 1288 1006 ἔχει
1326 936 1486 1008 μόνον
1511 975 1526 1000 ,
1580 935 1716 989 ἀλλά
1745 936 1837 986 καὶ
1872 933 2010 1004 μετά
2045 930 2292 995 πλείονος

707 1029 1018 1100 ὑπερϐολῆς
1049 1029 1082 1101 ἢ
1135 1031 1184 1082 οἱ
1208 1029 1387 1082 λοιποὶ
1405 1029 1605 1092 πάντες
1637 1027 1849 1090 πιστοί;
1882 1026 1958 1079 Ub
1981 1024 2091 1094 γάρ
2110 1019 2288 1086 εἶπεν,

705 1121 790 1175 δτι
824 1119 1103 1183 Γλώσσαις
1134 1119 1242 1190 ἔχω
1285 1119 1470 1173 λαλεῖν
1510 1119 1690 1190 μόνον,
1719 1117 1856 1171 ἀλλά
1891 1115 2008 1179 καὶ,
2040 1113 2291 1170 Πάντων

706 1212 877 1281 ὑμῶν
895 1209 1140 1280 μᾶλλον
1165 1210 1478 1280 γλώσσαις
1497 1209 1686 1266 λαλῶ.
1719 1211 1830 1280 Τὴν
1851 1209 1908 1264 δέ
1930 1206 2286 1279 προφητείαν,

713 1305 777 1372 ἣν
814 1299 948 1371 εἶχε,
981 1302 1048 1355 δι’
1083 1301 1310 1380 ἐκείνων
1349 1302 1593 1356 δείκνυσι
1628 1299 1738 1354 τῶν
1788 1299 2083 1370 ῥημάτων,
2145 1295 2288 1350 οὕτω

707 1395 904 1463 λέγων’
943 1393 1017 1449 Τὸ
1055 1393 1123 1448 δὲ
1149 1395 1392 1464 Πνεῦμα
1425 1394 1624 1463 ῥητῶς
1662 1396 1848 1464 λέγει,
1889 1387 1978 1446 ὅτι
2015 1393 2085 1446 ἐν
2111 1391 2290 1447 ὑστέ-

705 1504 838 1557 ροις
862 1487 1090 1557 καιροῖς
1110 1489 1518 1554 ἐνστήσονται
1547 1486 1742 1557 καιροί
1773 1485 2030 1555 χαλεποί
2049 1501 2063 1514 °
2108 1485 2191 1538 ὅτι
2229 1483 2287 1536 δέ

706 1580 778 1634 τά
811 1583 870 1633 ἐν
902 1579 1148 1650 ὑστέροις
1177 1582 1389 1650 καιροῖς
1415 1579 1617 1647 λέγειν,
1642 1577 1948 1649 προφητεία
1966 1577 2103 1638 ἐστὶ,
2125 1576 2288 1629 παντί

708 1689 816 1725 που
839 1671 1017 1742 δῆλον.
1051 1672 1162 1724 Καὶ
1194 1671 1377 1736 πάλιν,
1413 1669 1592 1724 Τοῦτο
1631 1670 1700 1722 δὲ
1734 1667 2077 1737 γινώσκετε,
2102 1667 2190 1720 ὅτι
2220 1666 2290 1719 ἐν

707 1762 992 1832 ἐσχάτοις
1021 1766 1249 1830 καιροῖς
1281 1761 1683 1828 ἐνστήσονται
1737 1759 1929 1826 καιροί
1987 1757 2246 1827 χαλεποί
2270 1773 2286 1787 ο

710 1855 804 1907 καὶ
835 1854 1022 1916 πάλιν,
1049 1853 1213 1921 Λέγω
1237 1853 1306 1906 δὲ
1349 1853 1492 1922 ὑμῖν
1535 1853 1606 1904 ἐν
1631 1852 1794 1920 λόγῳ
1823 1852 2068 1918 Κυρίου,
2099 1849 2188 1902 ὅτι
2220 1849 2292 1902 ἐν

707 1945 1012 2014 παρομυσίᾳ
1035 1943 1223 1997 αὑτοῦ
1262 1944 1432 2012 ἡμεῖς
1461 1945 1516 1996 οί
1556 1943 1768 2008 ζῶντες
1797 1945 1851 1995 οι
1879 1942 2292 2009 περιλειπόμε-

708 2055 821 2101 νοι,
881 2038 953 2090 οὐ
1001 2036 1088 2105 μὴ
1137 2036 1464 2104 φθάσωμεν
1510 2034 1654 2099 τοὺς
1708 2032 2122 2102 κοιμηθέντας.
2179 2032 2291 2086 Καὶ

707 2128 868 2181 τοῦτο
913 2128 970 2180 δὲ
1035 2127 1341 2198 προφητεία
1379 2125 1547 2179 ἐστίν.
1601 2121 1756 2186 Εἶδες
1796 2123 1913 2186 πῶς
1941 2124 2072 2193 γένη
2114 2121 2292 2190 γλωσ-

711 2221 819 2271 σῶν
838 2219 932 2272 καὶ
953 2218 1289 2289 προφητείας
1315 2216 1425 2286 ἔχει
1454 2233 1467 2279 ;
1500 2215 1685 2268 Βούλει
1715 2215 1908 2284 μαθεῖν
1933 2213 2052 2276 πῶς
2068 2213 2180 2282 ἔχει
2197 2213 2291 2266 καὶ

708 2309 1026 2381 χαρίσματα
1050 2306 1322 2376 ἰαμάτωνς
1371 2305 1532 2357 Ἀλλά
1554 2305 1691 2374 τάχα
1721 2305 1881 2358 τοῦτο
1905 2303 2027 2357 οὐδὲ
2055 2304 2153 2372 τῆς
2182 2301 2291 2356 ἀπὸ

708 2399 818 2451 τῶν
852 2398 1027 2464 λόγων
1065 2395 1392 2460 ἀποδείξεως
1418 2397 1608 2456 δεῖται.
1641 2399 1771 2450 ὅταν
1802 2395 2002 2464 ἴδωμεν
2030 2396 2092 2447 ού
2128 2394 2290 2463 μόνον

709 2489 835 2548 τοὺς
867 2486 1219 2548 ἀποστόλους,
1255 2486 1392 2539 ἀλλά
1411 2488 1504 2540 καὶ
1532 2488 1598 2540 τά
1625 2487 1815 2556 ἰμάτια
1850 2486 2027 2538 αὐτῶν
2054 2484 2166 2557 [77]
2194 2502 2292 2554 χα-

713 2578 956 2646 ρίσματα
991 2576 1236 2648 ἰαμάτων
1265 2576 1478 2645 ἔχοντα.
1513 2577 1633 2630 Ὀτι
1675 2578 1732 2629 δέ
1761 2578 1853 2629 καὶ
1883 2577 2202 2640 διδάσκαλος
2224 2571 2294 2646 ἦν

709 2667 822 2720 τῶν
847 2667 1040 2728 ἐθνῶν,
1066 2665 1339 2736 πολλαχοῦ
1373 2667 1533 2720 τοῦτο
1571 2665 1742 2735 λέγει,
1771 2667 1865 2718 καὶ
1882 2667 1964 2719 ὅτι
1987 2665 2089 2735 τῆς
2109 2667 2293 2719 οἰκουο

715 2758 885 2827 μένης
931 2757 1373 2827 ἀντελαμϐάνετο
1412 2758 1613 2830 πάσης,
1664 2759 1759 2812 καὶ
1813 2758 2138 2829 διεκυϐέρνα
2193 2758 2292 2822 τάς

724 2847 1073 2918 Ἔκκλησίας.
1093 2850 1261 2901 Ὅταν
1287 2843 1382 2901 οὖν
1399 2847 1660 2919 ἀκούσῃς,
1691 2848 1906 2918 πρῶτον
1933 2849 2289 2913 ἀποστόλους,

710 2937 962 3009 δεύτερον
992 2941 1498 3010 προφήτας,τρίτον
1514 2939 1778 3009 ποιμένας
1800 2939 1892 2992 καὶ
1911 2939 2288 3006 διδασκάλους,

711 3029 1028 3101 χαρίσματα
1064 3030 1328 3099 ἰαμάτων,
1361 3029 1696 3100 ἀντιλήψεις,
1727 3028 2111 3100 κυϐερνήσεις,
2157 3029 2288 3100 γένη

710 3120 992 3188 γλωσσῶν,
1037 3120 1176 3190 μάθε
1199 3121 1280 3174 ὅτι
1317 3123 1465 3174 πᾶσα
1494 3123 1526 3190 ἡ
1555 3123 1788 3192 χορηγία
1822 3120 1930 3174 τῶν
1949 3120 2154 3174 λοιπῶν
2189 3137 2291 3192 χα-

714 3212 1018 3282 ρισμάτων,
1049 3210 1239 3280 ῶσπερ
1261 3212 1317 3265 ἐν
1349 3212 1578 3282 κεφαλῇ,
1616 3215 1680 3282 τῇ
1708 3212 1978 3282 ἀποστολῇ
2010 3211 2292 3290 ἐναπὸκει-

710 3319 823 3355 ται.
855 3299 983 3372 τΔρ*
1005 3304 1064 3354 ού
1095 3303 1248 3370 ψιλὸν
1278 3302 1557 3372 ἐνομίζετε
1579 3303 1816 3373 τοῦνομα
1846 3303 1955 3356 τῶν
1977 3302 2291 3355 ἀποστόλων

711 3395 821 3464 πρὸ
852 3394 1077 3457 τούτου;
1121 3394 1248 3447 Ἰδοὺ
1277 3394 1372 3447 νῦν
1395 3395 1594 3462 ἔγνωτε
1631 3395 1795 3448 πόσον
1827 3394 1989 3464 βάθος
2030 3393 2142 3463 ἔχει
2170 3394 2293 3464 v04;-

713 3497 884 3553 ματος
915 3483 978 3535 τὸ
1005 3481 1196 3553 ὄνομα.
1236 3482 1422 3536 Ταῦτα
1451 3482 1506 3535 δὲ
1560 3484 1885 3554 εἰρήκαμεν,
1933 3483 2034 3535 οὐκ
2082 3482 2291 3545 οἰκείας

708 3573 994 3642 δυνάμεως
1027 3573 1285 3640 ἐπίδειξιν
1310 3575 1624 3646 ποιούμενοι
1652 3592 1665 3605 '
1691 3577 1750 3627 ού
1792 3575 1906 3644 γὰρ
1942 3575 2190 3645 ἡμέτερα
2222 3575 2292 3626 τά

709 3662 1017 3732 λεγόμενα,
1074 3665 1210 3718 ἀλλά
1258 3666 1356 3735 τῆς
1406 3665 1498 3719 τοῦ
1547 3665 1866 3735 Πνεύματος
1918 3667 2141 3735 χάριτος
2181 3665 2290 3718 τῶν

712 3754 1100 3827 ῥᾳθυμοτέρων
1130 3758 1227 3826 τὴν
1249 3757 1487 3827 νωθρίαν
1517 3756 1922 3828 διεγειρούσης,
1947 3756 2088 3809 ῶστε
2122 3756 2288 3827 μηδὲν

707 3849 1073 3919 παρατρέχειν
1104 3849 1309 3912 ἁπλῶς.

779 3938 1016 4002 Εἰκότως
1075 3940 1182 4011 ἄρα
1210 3941 1477 3995 ὑπατείαν
1525 3940 1902 4012 πνευματικὴν
1941 3941 2288 4011 ἐκαλέσαμεν

709 4028 807 4099 τὴν
840 4030 1164 4100 ἀποστολήν.
1201 4031 1493 4102 ¹Ἄρχοντες
1521 4032 1631 4102 γάρ
1680 4032 1819 4086 εἰσιν
1853 4033 1958 4085 ὑπὸ
1985 4032 2121 4085 Θεοῦ
2172 4050 2284 4103 χει-

707 4121 1090 4192 ροτονηθέντες
1121 4125 1168 4174 οἰ
1205 4123 1527 4176 ἀπόστολοι·
1561 4125 1841 4194 ἄρχοντες,
1896 4125 1995 4176 οὐκ
2029 4123 2156 4190 ἔθνη
2193 4124 2286 4176 καὶ

705 4213 892 4276 πόλεις
945 4213 1238 4284 διαφόρους
1291 4214 1682 4285 λαμϐάνοντες,
1722 4215 1856 4268 ἀλλά
1889 4215 2090 4275 πάντες
2133 4216 2284 4284 κοινῇ

705 4305 806 4372 τὴν
849 4306 1174 4379 οίκουμένην
1208 4306 1689 4375 ἐμπιστευθέντες.
1733 4308 1842 4360 Καὶ
1901 4308 1983 4359 ὅτι
2027 4306 2287 4377 ἄρχοντές

707 4397 816 4452 εισι
845 4396 1228 4466 πνευματικοὶ,
1265 4397 1360 4450 καὶ
1401 4397 1559 4450 τοῦτο
1604 4397 1890 4463 ἀποδεῖξαι
1927 4399 2284 4468 πειράσομαι,

708 4479 798 4532 ινα
829 4480 966 4548 μετά
990 4481 1087 4550 τὴν
1106 4480 1378 4546 ἀπόδειξιν
1403 4481 1638 4552 μάθητε,
1664 4484 1745 4536 ὃτι
1775 4482 2285 4552 τοσούτῳ,βελτίους

705 4571 844 4623 εἰσὶν
883 4573 932 4623 οἰ
955 4571 1241 4624 ἀπόστολοι
1263 4572 1371 4625 τῶν
1393 4573 1669 4644 ἀρχόντων
1692 4573 1799 4627 τῶν
1831 4574 2125 4643 βιωτικῶν,
2167 4575 2286 4643 ὅσῳ

706 4659 862 4714 αὐτοὶ
910 4662 958 4714 οἱ
995 4660 1236 4731 βιωτικοὶ
1270 4662 1533 4734 ἄρχοντες
1565 4663 1673 4717 τῶν
1718 4664 1926 4717 παίδων
1986 4665 2094 4717 τῶν
2156 4682 2286 4717 παι-

707 4756 908 4822 ζόντων
937 4754 1193 4826 ἀμείνους
1212 4755 1336 4807 εἰσί.
1373 4755 1516 4808 Πολὺ
1547 4753 1655 4828 γάρ
1683 4753 1885 4826 μείζων
1911 4754 2047 4825 αὕτη
2073 4755 2285 4826 ἐκείνης

706 4851 740 4918 ἡ
777 4849 943 4920 ἀρχὴ.
973 4847 1072 4900 καὶ
1108 4845 1310 4917 μᾶλλον
1338 4847 1437 4917 τὴν
1464 4846 1742 4918 ἡμετέραν
1768 4847 1981 4916 συνέχει
2004 4843 2170 4915 ζωὴν,
2188 4847 2285 4899 καὶ

703 4939 911 5010 ταύτης
939 4938 1199 5008 ἀρθείσης
1228 4938 1409 4992 πάντα
1455 4938 1664 5008 οἴχεται
1719 4939 1814 4992 καὶ
1844 4937 2175 4993 διαλέλυται.
2219 4938 2285 4992 Τί

704 5034 825 5087 ποτ’
858 5028 952 5088 οὖν
987 5034 1135 5085 ἐστιν
1167 5032 1340 5104 ἀρχῆς
1371 5030 1662 5101 σύμϐολον,
1695 5031 1789 5084 καὶ
1835 5032 1958 5086 τίνα
2010 5031 2156 5101 ἔχειν
2194 5031 2286 5085 τὸν

709 5122 942 5192 ἄρχοντα
965 5123 1097 5193 χρή;
1131 5121 1517 5192 Δεσμωτηρίου
1547 5120 1820 5187 ἐξουσίαν,
1855 5121 1996 5174 ὥστε
2034 5123 2158 5184 τοὺς
2187 5121 2284 5192 μὲν

707 5212 887 5285 δῆσαι,
943 5199 1071 5276 τοῦς
1115 5211 1173 5265 δὲ
1205 5211 1387 5276 λῦσαι,
1435 5212 1563 5273 τοὺς
1597 5210 1696 5282 μὲν
1721 5211 2028 5275 ἐκϐάλλειν,
2065 5212 2192 5276 τοὺς
2227 5213 2284 5266 δέ

705 5304 996 5376 ἐμϐάλλειν
1028 5302 1217 5375 κύριός
1257 5304 1439 5357 ἐστιν·
1486 5304 1707 5371 ἀφεῖναι
1765 5301 1928 5354 πάλιν
1979 5305 2284 5372 χρημάτων

704 5391 1011 5462 ὀφλήματα,
1043 5393 1135 5445 καὶ
1167 5391 1293 5454 τοὺς
1319 5391 1420 5462 μὲν
1453 5391 1722 5445 ἀπολῦσαι
1745 5391 1904 5454 ὄντας
1927 5392 2281 5461 ὑπευθύνους,

702 5485 830 5547 τοὺς
858 5484 914 5537 δὲ
953 5483 1204 5538 κελεῦσαι
1234 5483 1526 5538 ἀποδοῦναι
1564 5483 1753 5556 κύριός
1785 5483 1932 5536 ἐστιν
1952 5499 1966 5514 ⁸
2006 5486 2085 5548 εἰς
2114 5484 2280 5539 θάναι

701 5593 795 5631 τον
833 5575 993 5630 πάλιν
1027 5576 1356 5645 ἀπαγαγεῖν,
1391 5576 1484 5629 καὶ
1509 5575 1618 5628 ἀπὸ
1645 5574 1738 5628 τοῦ
1772 5575 2004 5628 θανάτου
2030 5576 2276 5630 καλέσαιο

705 5668 906 5740 μᾶλλον
936 5667 993 5721 δέ
1013 5667 1171 5722 τοῦτο
1199 5669 1460 5739 ἄρχοντος
1487 5668 1586 5739 μὲν
1615 5669 1715 5721 οὐκ
1747 5667 1886 5731 ἐστι,
1921 5667 2185 5739 βασιλέως
2221 5668 2277 5721 δὲ

706 5760 894 5822 μόνον·
933 5760 1134 5830 μᾶλλον
1179 5759 1234 5814 δὲ
1274 5759 1396 5812 οὐδὲ
1447 5759 1712 5830 βασιλέως
1751 5759 2043 5832 ὁλόκληρόν
2069 5762 2185 5814 ἐστι
2214 5759 2276 5812 τὸ

2395 469 2590 540 δῶρον.
2633 470 2708 521 (ἰὺ
2731 468 2845 536 γὰρ
2869 468 2976 520 ἀπὸ
3005 466 3238 518 θανάτου
3268 462 3425 516 καλεῖ
3451 461 3542 515 τὸν
3571 462 3827 525 ἀπιόντα,
3859 461 3981 515 ἀλλ’

2392 560 2454 625 ἐξ
2483 559 2789 630 ἀπαγωγῆς
2813 559 2996 624 μόνον,
3021 558 3117 610 καὶ
3134 554 3411 623 ἀπόφασιν
3434 554 3530 620 μὲν
3547 553 3707 607 λῦσαι
3728 553 3980 613 δύναται.

2394 652 2504 706 ἀπὸ
2535 651 2768 706 θανάτου
2808 651 2864 704 δὲ
2897 643 3339 704 ἀνακαλέσασθαι
3391 648 3453 700 ού
3489 645 3718 699 δύναται
3740 661 3754 675 ’
3791 645 3889 700 καὶ
3921 644 3982 696 τὸ

2397 742 2497 812 μὲν
2542 745 2722 812 χεῖρον
2763 754 2791 782 ι
2842 739 2977 811 ἔχει,
3011 738 3106 792 τοῦ
3155 737 3428 808 βελτίονος
3473 737 3532 790 δὲ
3579 734 3976 798 ἀπεστέρηται.

2405 832 2539 886 Ἀπὸ
2565 833 2666 902 τῆς
2704 829 2882 900 ζώνης
2913 830 2970 884 δὲ
2994 829 3156 884 πάλιν
3181 827 3550 899 δοκιμάζομεν
3583 827 3676 880 τὸν
3716 827 3981 897 ἀρχοντα,

2392 922 2503 976 ἀπὸ
2533 923 2631 994 τῆς
2673 923 2769 976 τοῦ
2808 925 3052 992 κήρυκος
3088 920 3294 990 φωνῆς,
3341 919 3450 972 ἀπὸ
3480 917 3591 971 τῶν
3629 917 3978 990 ῥαϐδούχων,

2393 1015 2501 1068 ἀπὺ
2545 1014 2640 1068 τοῦ
2683 1015 2964 1086 ὀχήματος
2997 1014 3047 1078 δ,
3095 1011 3204 1065 ἀπὸ
3246 1008 3339 1064 τοῦ
3390 1009 3615 1078 ξίφους·
3654 1009 3833 1064 ταῦτα
3870 1010 3983 1079 γάρ

2394 1108 2572 1161 πάντα
2599 1105 2780 1176 ἀρχῆς
2811 1104 3078 1174 σύμϐολα.
3121 1105 3353 1172 Ἴδωμεν
3402 1102 3582 1155 τοίνυν
3613 1102 3707 1154 καὶ
3736 1101 3838 1174 τὴν
3870 1101 3984 1154 τῶν

2392 1196 2708 1250 ἀποστόλων
2753 1196 2953 1266 ἀρχὴν,
2986 1197 3035 1248 εί
3079 1194 3255 1248 ταῦτα
3286 1193 3400 1264 ἔχει
3430 1193 3500 1245 τά
3548 1193 3829 1261 σύμϐολα·
3867 1191 3982 1261 εχει

2397 1289 2517 1358 μὲν,
2560 1288 2620 1342 ού
2650 1287 2882 1340 τοιαῦτα
2907 1287 2984 1351 δέ,
3019 1284 3158 1339 ἀλλά
3202 1283 3384 1353 πολλῷ
3431 1283 3698 1352 βελιίονα.
3735 1285 3849 1336 Καὶ
3897 1283 3984 1336 ἰνα

2396 1379 2571 1452 μάθῃς
2601 1381 2680 1432 ὅτι
2707 1378 2882 1432 ταῦτα
2915 1377 3015 1448 μὲν
3045 1377 3288 1447 ὀνόματα
3317 1375 3682 1448 πραγμάτων,
3717 1373 3983 1427 ἐκεῖναδέ

2392 1470 2620 1541 ἀλήθεια
2649 1470 3030 1540 πραγμάτων·
3070 1469 3156 1521 ἵνα
3203 1467 3379 1538 μάθῃς
3411 1466 3469 1518 τὸ
3506 1465 3669 1536 μέσον
3696 1464 3804 1518 τῶν
3851 1482 3971 1517 παιο

2391 1543 2517 1614 δίων
2559 1561 2666 1614 τῶν
2715 1559 3024 1625 παιζόντων
3071 1559 3275 1630 ἀρχάς,
3330 1557 3424 1610 καὶ
3466 1556 3580 1608 τῶν
3628 1555 3816 1626 ἀρχῶν
3870 1555 3984 1608 τῶν

2391 1651 2626 1721 ἐχόντων
2641 1653 2740 1713 τὰς
2768 1650 2946 1720 ἀρχάς
2968 1667 2982 1680 ·
2999 1649 3112 1712 καὶ,
3137 1651 3185 1702 εἰ
3220 1649 3500 1719 βούλεσθε,
3527 1648 3744 1702 ἀπὸτοῦ
3769 1649 3984 1717 δεσμω-

2389 1740 2581 1812 τηρίου
2610 1740 2824 1810 πρῶτον
2856 1739 3256 1811 ἀριθμήσομεν.
3287 1739 3397 1792 Καὶ
3423 1740 3532 1809 γὰρ
3554 1739 3882 1810 εἰρήκαμεν,
3901 1739 3983 1790 δτι

2393 1829 2582 1901 κύριος
2616 1829 2711 1883 τοῦ
2742 1829 2904 1900 δῆσαι
2935 1831 3029 1883 καὶ
3065 1828 3225 1883 λῦσαί
3254 1830 3403 1881 ἐστιν
3434 1830 3462 1881 ό
3499 1828 3705 1899 άρχων.
3737 1829 3882 1898 Ὅρα
3918 1827 3984 1896 δὴ

2393 1916 2596 1988 ταύτην
2633 1917 2734 1988 τὴν
2772 1917 2950 1988 ἀρχὴν
2993 1920 3121 1979 τοὺς
3167 1917 3502 1979 ἀποστόλους
3561 1917 3809 1986 ἔχοντας.
3867 1913 3983 1986 [78]

2394 2009 2623 2072 Ὀσους
2647 2008 2756 2078 γὰρ
2774 2008 2852 2062 ἂν
2866 2008 3097 2076 δήσητε
3113 2009 3210 2061 ἐπὶ
3234 2008 3344 2076 τῆς
3365 2007 3500 2077 γῆς,
3528 2010 3715 2078 φησὶν,
3733 2008 3984 2061 ἔσονται

2337 2139 2342 2144 ς
2393 2097 2697 2166 δεδεμένοι
2727 2098 2797 2150 ἐν
2825 2097 2950 2164 τοῖς
2978 2098 3279 2166 οὐρανοῖς·
3309 2099 3408 2151 καὶ
3425 2097 3614 2164 ὅσους
3647 2099 3724 2152 ἂν
3746 2102 3982 2164 λύσητε

2390 2189 2489 2240 ἐπὶ
2522 2188 2630 2256 τῆς
2657 2188 2774 2257 γῆς
2792 2190 3040 2243 ἔσονται
3065 2189 3388 2258 λελυμένοι
3419 2191 3488 2242 ἐν
3505 2189 3802 2256 οὐρανοῖς.
3822 2185 3981 2252 Εἶδες

2391 2279 2793 2352 δεσμωτηρίου,
2829 2281 2925 2333 καὶ
2948 2281 3327 2351 δεσμωτηρίου
3359 2281 3610 2347 ἐξουσίαν
3632 2299 3644 2312 ·
3672 2283 3766 2333 καὶ
3790 2281 3853 2332 τὺ
3885 2281 3986 2351 μὲν

2392 2367 2563 2440 ὄνομα
2587 2371 2648 2422 τὸ
2668 2369 2820 2430 αὐτὸ,
2851 2371 2911 2423 τὸ
2940 2370 3250 2442 δὲπρᾶγμα
3279 2372 3340 2424 ού
3375 2372 3436 2424 τὸ
3472 2371 3624 2425 αύτό.
3663 2371 3985 2441 Δεσμά,καὶ

2391 2457 2587 2528 δεσμά’
2609 2459 2744 2514 ἀλλὰ
2771 2461 2839 2512 τά
2868 2460 2967 2530 μὲν
2989 2462 3082 2514 ἐπὶ
3108 2462 3205 2532 τῆς
3223 2454 3427 2532 γῆς,’τὰ
3455 2463 3512 2514 δὲ
3544 2464 3602 2517 ὲν
3628 2462 3864 2532 οὐρανῷ.
3882 2461 3985 2513 Ob-

2399 2552 2558 2622 ρανὺς
2590 2551 2699 2621 γάρ
2727 2553 2874 2604 ἐστιν
2902 2552 3088 2615 αὐτοῖς
3109 2553 3169 2605 τὸ
3190 2553 3589 2623 δεσμωτήριον.
3612 2553 3768 2606 Μάθε
3799 2553 3986 2606 τοίνυν

2394 2640 2453 2692 τὺ
2472 2640 2699 2709 μέγεθος
2714 2639 2815 2709 τῆς
2833 2641 3030 2713 ἀρχῆς.
3059 2642 3182 2694 Ἐπὶ
3195 2641 3294 2711 τῆς
3312 2642 3415 2712 γῆς
3434 2641 3732 2712 καθήμενοι
3754 2643 3983 2714 φέρουσι

2394 2731 2491 2800 τὴν
2513 2731 2718 2800 ψῆφον,
2756 2732 2850 2784 καὶ
2879 2733 2976 2802 τῆς
3013 2731 3196 2802 ψήφου
3229 2735 3263 2803 ἡ
3286 2733 3518 2805 ,δύναμις
3548 2735 3819 2788 διαϐαίνει
3855 2737 3984 2800 τοὺς

2393 2821 2672 2892 οὐρανούς.
2704 2823 2813 2876 Καὶ
2846 2823 3100 2894 καθάπερ
3117 2827 3165 2877 οἰ
3195 2825 3294 2894 μέν
3327 2825 3566 2896 βασιλεῖς
3597 2826 3902 2897 καθήμενοι
3927 2829 3984 2879 ἐν

2396 2913 2495 2982 μιᾷ
2517 2912 2668 2965 πόλει
2690 2911 3018 2982 ψηφίζονται
3042 2915 3134 2967 καὶ
3156 2915 3612 2985 νομοθετοῦσιν,ὴ
3645 2915 3702 2968 δὲ
3731 2916 3842 2968 τῶν
3870 2917 3983 2986 ψη-

2395 3004 2683 3072 φισμάτων
2738 3005 2832 3058 καὶ
2865 3005 2974 3057 τῶν
3007 3007 3189 3080 νόμων
3237 3005 3468 3078 δύναμις
3493 3009 3673 3060 πᾶσαν
3700 3004 3982 3074 διατρέχει

2393 3095 2493 3165 τὴν
2526 3096 2848 3167 οἰκουμένην
2869 3113 2882 3125 ο
2912 3097 3055 3152 οὓτω
3095 3097 3190 3150 καὶ
3219 3098 3362 3163 τότε,
3397 3100 3447 3152 οί
3472 3099 3573 3168 μὲν
3607 3099 3898 3152 ἀπόστολοι
3922 3100 3981 3152 ἐν

2395 3186 2477 3240 ἐνὶ
2521 3187 2670 3257 τόπῳ
2711 3189 3012 3260 καθήμενοι
3055 3189 3229 3242 ταῦτα
3276 3191 3661 3262 ἐνομοθέτουν·
3709 3193 3742 3259 ἡ
3784 3191 3841 3244 δὲ
3872 3192 3982 3244 τῶν

2394 3278 2573 3347 νόμων
2617 3279 2874 3349 δύναμις,
2923 3281 3018 3333 καὶ
3047 3280 3156 3333 τῶν
3195 3281 3415 3351 δεσμῶν
3453 3281 3839 3354 τούτωνηούχί
3881 3281 3983 3353 τὴν

2393 3370 2721 3440 οἰκουμένην
2768 3373 2930 3441 μόνον
2965 3373 3262 3444 διέτρεχεν,
3310 3372 3447 3428 ἀλλά
3491 3375 3587 3428 καὶ
3627 3377 3707 3436 εἰς
3749 3377 3884 3428 αὐτὸ
3919 3375 3984 3428 τὸ

2393 3459 2532 3530 ὕψος,
2553 3461 2661 3514 τῶν
2681 3463 2926 3535 ούρανῶν
2947 3465 3253 3522 ἀνέϐαινεν.
3285 3463 3439 3528 Εἶδες
3453 3465 3850 3538 δεσμωτήριον,
3883 3467 3978 3520 καὶ

2390 3553 2794 3625 δεσμωτήριον·
2834 3555 2900 3608 τὸ
2932 3556 3030 3626 μὲν
3071 3557 3164 3608 ἐπὶ
3199 3555 3322 3627 γῆς,
3363 3556 3424 3608 τὸ
3467 3555 3524 3609 δέ
3570 3558 3628 3608 ἐν
3652 3557 3888 3628 οὐρανῷ,
3918 3557 3981 3610 τὸ

2396 3646 2493 3714 μὲν
2524 3647 2812 3715 σωμάτων,
2857 3647 2920 3699 τὸ
2972 3647 3028 3700 δὲ
3079 3645 3298 3717 ψυχῶνσ
3344 3646 3545 3717 μᾶλλον
3581 3647 3638 3699 δὲ
3667 3648 3760 3700 καὶ
3785 3647 3978 3717 ψυχῶν

2392 3737 2486 3788 καὶ
2511 3738 2778 3807 σωμάτων
2801 3755 2814 3768 ο
2852 3739 2912 3790 ού
2945 3739 3055 3810 γάρ
3093 3738 3323 3810 σώματα
3347 3739 3612 3810 ὲδέσμουν
3642 3740 3825 3810 μόνον,
3843 3739 3979 3795 ἀλλά

2389 3826 2483 3878 καί
2518 3825 2715 3895 ψυχάς.

2459 3922 2521 3969 ε’.
2557 3916 2746 3969 Βούλει
2781 3917 2975 3988 μαθεῖν
3009 3919 3124 3982 πῶς
3155 3917 3334 3991 κύριοι
3360 3914 3502 3990 ἦσαν
3542 3920 3637 3972 καὶ
3681 3919 3978 3994 ὀφλήματα

2391 4007 2636 4075 ἀφεῖναις
2659 4008 2767 4062 Καὶ
2781 4008 2890 4080 γάρ
2918 4009 3012 4062 καὶ
3041 4010 3274 4063 ἐνταῦθα
3307 4011 3439 4064 πολὺ
3461 4011 3522 4063 τὸ
3549 4011 3806 4082 διάφορον
3827 4013 3971 4082 ϐψειδ

2390 4096 2451 4148 ού
2482 4097 2590 4168 γὰρ
2620 4098 2909 4167 ὀφλήματα
2936 4099 3260 4169 χρημάτων,
3301 4099 3416 4152 ἀλλ’
3444 4099 3736 4171 ὀφλήματα
3789 4105 3972 4176 ἀμαρ-

2389 4201 2453 4255 τη
2465 4187 2647 4255 μάτων
2671 4187 2901 4253 ἀφίεσαν
2925 4204 2938 4218 ·
2955 4183 3069 4241 Ὦν
3085 4187 3213 4257 γὰρ,
3237 4191 3421 4258 φησιν,
3447 4189 3641 4258 ἀφῆτε
3665 4191 3771 4255 τὰς
3787 4193 3974 4262 ἁμαρ-

2391 4279 2543 4342 τιάς,
2564 4277 2863 4346 ἀφέωνται
2885 4279 3108 4346 αὐτοῖς·
3134 4280 3232 4333 καί
3247 4274 3335 4333 ὧν
3352 4279 3430 4334 ἂν
3461 4281 3739 4350 κρατῆτε,
3759 4284 3974 4354 κεκρά-

2389 4384 2616 4434 τηνται.
2656 4369 2722 4420 Τί
2777 4369 2913 4439 μετά
2959 4370 3118 4423 τοῦτο
3151 4370 3432 4435 ἀποδεῖξαι
3464 4372 3594 4444 χρὴ,
3630 4374 3713 4426 ὅτι
3760 4376 3858 4428 καὶ
3895 4377 3975 4438 εἰς

2391 4460 2620 4514 θάνατον
2656 4460 2923 4531 ἔπεμπον,
2958 4464 3050 4515 καὶ
3084 4463 3192 4516 ἀπὺ
3235 4462 3474 4545 θανάτου
3504 4465 3668 4518 πάλιν
3718 4467 3971 4530 ἐκάλουν,

2390 4551 2490 4604 οὐκ
2514 4551 2572 4617 ἐξ
2590 4551 2918 4620 ἀποφάσεως
2947 4554 3137 4623 μόνης,
3173 4554 3266 4605 καὶ
3292 4555 3618 4624 ἀπαγωγῆς,
3639 4554 3775 4608 ἀλλά
3795 4558 3889 4610 καὶ
3911 4560 3976 4611 ἐκ

2391 4641 2622 4696 θανάτου
2636 4644 2760 4706 τοὺς
2778 4643 3061 4713 κειμένους
3079 4645 3180 4715 ήδη
3197 4644 3292 4697 καὶ
3303 4645 3702 4717 διαφθαρέντας
3713 4649 3976 4703 ἀνιστῶν-

2339 4747 2343 4752 ’
2390 4750 2482 4797 τες
2504 4751 2518 4798 ;
2544 4733 2653 4787 Ποῦ
2681 4734 2862 4788 τοίνυν
2893 4735 3291 4802 κατεδίκασαν;
3325 4736 3429 4789 ποῦ
3459 4736 3514 4789 δὲ
3532 4738 3853 4809 ἀπήλλαξαν
3879 4741 3977 4794 θα-

2391 4824 2586 4890 νάτου;
2615 4825 2674 4876 ὐ
2703 4824 2952 4889 Ἀνανίας
2982 4827 3076 4879 καὶ
3102 4827 3439 4898 ἡΣάπφειρα
3476 4829 3785 4899 ἰεροσυλίας
3805 4829 3991 4884 ἐάλωο-

2391 4931 2526 4968 σαν·
2568 4916 2618 4967 εί
2657 4914 2767 4986 γάρ
2799 4914 2893 4968 καὶ
2913 4917 2983 4970 τά
3013 4916 3222 4970 ἑαυτῶν
3257 4917 3494 4988 ἔκλεψαν
3535 4921 3815 4992 χρήματα,
3855 4921 3974 4976 ἀλλ’

2389 5009 2538 5078 ὅμως
2591 5007 2898 5077 ἱεροσυλίας
2949 5009 3010 5061 τὸ
3061 5009 3320 5080 τόλμημα
3370 5007 3438 5084 ἦν
3467 5029 3480 5042 ⁸
3523 5010 3662 5082 μετά
3706 5011 3817 5084 γάρ
3871 5017 3975 5084 τὴν

2390 5096 2688 5165 ὑπόσχεσιν
2720 5096 2821 5148 οὐκ
2865 5096 2945 5151 ἔτι
2976 5094 3044 5169 ἦν
3081 5098 3265 5152 αὐτῶν
3295 5100 3366 5153 τὰ
3400 5103 3683 5172 χρήματα.
3727 5101 3792 5154 Τί
3822 5098 3916 5157 οὖν
3943 5108 3974 5158 ὁ

2401 5183 2756 5250 Ἀπόστολοςς
2793 5185 3060 5240 ’Δκουσον
3096 5187 3236 5251 πῶς,
3271 5188 3522 5260 καθάπερ
3545 5192 3603 5242 ἐν
3634 5189 3977 5264 δικαστηρίῳ

2387 5274 2717 5346 καθήμενος,
2753 5277 2848 5329 τὸν
2881 5277 3162 5349 ἱερόσυλον
3192 5280 3428 5348 εἰσάγει,
3464 5280 3558 5334 καὶ
3585 5279 3782 5334 πεῦσιν
3809 5297 3975 5352 προσ.

2386 5368 2512 5436 άγει
2543 5367 2798 5441 καθάπερ
2819 5369 3104 5442 δικαστὴς,
3133 5371 3228 5425 καὶ
3249 5372 3372 5425 τότε
3404 5371 3504 5443 τὴν
3526 5371 3806 5441 ἀπόφασιν
3858 5373 3964 5425 ἐπ-

2451 5520 2474 5548 ⁸
2500 5517 2646 5581 Colb,
2670 5517 2812 5567 λῦσαι
2833 5519 3041 5568 δύναται·
3065 5519 3168 5567 ἀλλ’
3193 5519 3440 5581 ἐμϐάλλειν
3462 5517 3544 5581 μᾷν
3580 5519 3646 5574 εἰς
3667 5518 3865 5567 θάνατον

2383 5596 2539 5651 ναται,
2566 5580 2661 5628 ἀπὸ
2679 5582 2878 5630 θανάτου
2903 5583 2956 5631 δέ
2977 5579 3360 5630 ἀνακαλέσασθαι
3384 5580 3441 5628 οὐ
3463 5579 3670 5629 δύναται·
3697 5581 3780 5628 καί
3804 5581 3861 5627 τὸ
3883 5580 3972 5642 μὲν

2383 5657 2633 5776 χῗῖιρῗοιίι.
2659 5701 2860 5776 ἀπδτοῦ
2881 5704 3140 5776 ὀχήματος,
3159 5717 3194 5776 εξ
3213 5716 3518 5776 εισι-κηρυκι
3539 5705 3690 5756 1θουο
3710 5713 3969 5767 sem-

2385 5770 2439 5812 ul
2461 5777 2519 5812 ex
2544 5764 2866 5825 sequentibus
2885 5764 3123 5828 a’fghilur.
3156 5765 3288 5816 Εὐιιί
3312 5764 3571 5821 σγήιιατος.
