4218 6294
281 405 352 462 $3
726 345 730 349 λ
795 406 884 461 DE
926 404 1180 464 UTILIT.
1221 404 1582 461 LECTIONIS
1623 405 2185 465 SCRIPTURARUM.
2219 408 2286 464 IN
2317 410 2606 467 PRINCIP.
2650 412 3003 471 ACTORUM.
3048 417 3135 474 III.
3536 429 3604 485 Μ

285 529 513 574 numero
541 515 762 586 quidem
808 534 997 588 unum,
1029 519 1235 572 varium
1285 529 1463 572 autem
1511 518 1688 582 donis,
1723 533 1784 573 ac
1806 517 1889 573 di-

290 625 443 665 versa
496 612 865 680 possidentem
909 626 1025 674 ora,
1066 611 1381 680 linguasque
1407 611 1668 665 diversas.
1699 610 1894 665 Videa-

287 718 410 756 inus
445 703 629 768 itaque
657 717 767 771 quo
795 711 952 773 pacto
980 704 1270 772 Apostolus
1299 703 1401 758 hoc
1438 718 1653 773 quoque
1691 702 1891 757 donum

287 791 535 855 haberet,
557 800 615 845 et
642 792 745 846 alia
787 794 985 846 omnia.
1021 793 1095 846 De
1127 792 1228 847 hoc
1259 792 1475 862 quidem
1506 793 1578 846 ita
1617 793 1853 862 loquitur
1873 811 1890 846 :

288 880 643 952 Hagis'quam
665 897 752 934 uos
779 898 951 937 omnes
978 884 1169 954 linguis
1191 883 1371 952 loquor
1397 882 1473 952 (1.
1502 881 1624 938 Cor.
1656 884 1743 936 14.
1779 883 1890 952 18).

290 971 455 1026 Vides
477 981 535 1025 ιιι
559 986 759 1038 genera
789 972 1088 1042 linguarum
1116 973 1331 1036 habeat,
1353 987 1452 1027 nee
1474 973 1648 1027 solum
1678 971 1892 1036 habeat,

285 1061 383 1114 sed
415 1061 604 1130 majori
636 1075 758 1116 eum
787 1063 1033 1117 ubertate
1054 1077 1213 1131 quam
1244 1064 1427 1118 caeteri
1450 1077 1643 1119 omnes
1673 1064 1895 1119 Iideles?

285 1150 406 1207 Non
451 1153 595 1206 enim
647 1152 790 1207 dixit
832 1153 1013 1220 modo,
1059 1153 1280 1224 Linguis
1328 1153 1478 1224 loqui
1530 1169 1768 1225 possum,
1801 1155 1898 1211 sed

290 1242 466 1314 Magis
512 1260 664 1312 quam
711 1259 884 1297 omnes
934 1259 1022 1297 nos
1070 1245 1258 1315 linguis
1308 1245 1508 1315 loquor.
1550 1245 1895 1315 PrOphetiam

286 1345 470 1390 autem
501 1353 603 1406 qua
652 1337 910 1406 praeditus
939 1346 1076 1402 erat,
1109 1338 1213 1391 illis
1241 1339 1423 1395 verbis
1454 1338 1743 1406 indicabat,
1774 1355 1896 1394 eum

285 1427 501 1481 diceret
529 1445 544 1479 :
576 1427 802 1495 Spiritus
827 1437 994 1482 autem
1025 1430 1292 1497 manifeste
1319 1429 1462 1493 dicit,
1493 1431 1628 1497 quod
1649 1430 1702 1484 in
1724 1431 1895 1483 novis-

286 1517 429 1570 simis
457 1517 766 1586 temporibus
787 1519 1044 1572 instabunt
1073 1529 1300 1589 tempora
1331 1521 1615 1603 periculosa
1650 1521 1725 1592 (2.
1758 1520 1893 1576 Tim.

286 1609 341 1662 5.
372 1610 425 1663 1.
457 1610 578 1662 coll.
619 1612 664 1663 l.
713 1609 844 1663 Tim.
878 1612 930 1665 4.
971 1612 1061 1680 i):
1098 1627 1258 1680 porro
1286 1627 1404 1681 qum
1433 1614 1737 1667 novissimis
1766 1624 1899 1668 tem-

285 1701 514 1768 poribus
533 1702 781 1756 evenient
811 1703 1014 1766 dicere,
1042 1704 1377 1774 prophetiam
1404 1720 1526 1760 esse
1559 1720 1720 1758 nemo
1748 1708 1898 1776 igno-

282 1798 390 1842 rat.
425 1790 496 1843 Et
522 1807 732 1857 rursus,
769 1791 880 1846 Hoc
907 1794 1102 1858 scitote,
1135 1794 1272 1862 quod
1309 1794 1361 1845 in
1393 1793 1678 1847 novissimis
1701 1806 1896 1865 tempo-

282 1881 428 1933 ribus
459 1883 718 1934 instabunt
748 1893 976 1952 tempora
998 1884 1282 1952 periculosa
1327 1883 1404 1954 (2.
1447 1883 1580 1937 Tim.
1619 1885 1671 1938 3.
1704 1887 1728 1939 1
1762 1885 1810 1958 ):
1845 1896 1900 1941 et

287 1985 498 2033 rursus,
542 1970 673 2024 Dico
714 1972 846 2024 enim
876 1971 1013 2025 vobis
1043 1978 1097 2025 in
1126 1971 1272 2026 verba
1322 1971 1547 2036 Domini,
1581 1976 1817 2041 quoniam
1845 1976 1899 2029 in

283 2060 509 2114 adventu
551 2065 666 2131 ejus
695 2079 789 2116 nos
816 2063 903 2131 qui
945 2063 1178 2128 vivimus,
1220 2063 1307 2132 qui
1352 2064 1543 2117 residui
1573 2081 1765 2132 sumus,
1798 2083 1900 2119 non

289 2153 660 2216 prmeniemus
707 2169 810 2217 eos,
839 2154 926 2222 qui
971 2154 1286 2207 dormierunt
1334 2153 1408 2224 (I.
1447 2153 1626 2208 Thess.
1675 2157 1732 2210 4.
1785 2155 1895 2228 Ii).

283 2241 399 2296 Hoc
451 2257 670 2312 quoque
729 2243 1012 2313 pr0pltetia
1056 2252 1159 2298 est.
1208 2243 1368 2298 Vides
1422 2244 1568 2298 illum
1617 2256 1672 2300 et
1699 2263 1897 2317 genera

284 2332 594 2402 linguarum
617 2342 671 2386 et
701 2334 1012 2402 prephetias
1041 2333 1326 2389 habuisse?
1349 2333 1443 2388 Vis
1472 2337 1633 2388 etiam
1663 2337 1896 2403 discere,

283 2439 392 2491 quo
417 2434 577 2492 pacto
603 2425 804 2492 gratias
828 2426 1166 2480 curationum
1195 2426 1482 2481 habuerit?
1521 2427 1628 2482 Sed
1659 2427 1760 2483 hoc
1785 2429 1898 2484 for-
1929 2421 1933 2424 ’

283 2524 426 2566 tasse
454 2514 746 2568 verborum
773 2514 1231 2573 demonstratione
1255 2534 1361 2573 non
1391 2520 1612 2589 indiget,
1633 2535 1754 2574 cum
1791 2539 1895 2577 non

281 2603 578 2672 Apostolos
607 2612 834 2670 tantum,
863 2607 959 2660 sed
993 2607 1230 2676 ipsorum
1272 2609 1433 2663 etiam
1480 2619 1660 2665 vestes
1710 2613 1896 2682 gratiis

283 2692 630 2746 curationum
676 2694 934 2764 praeditas
960 2695 1122 2751 fuisse
1147 2697 1445 2753 videamus.
1487 2700 1770 2757 Ductorem
1796 2719 1896 2757 au-

277 2791 388 2835 tem
421 2785 669 2852 gentium
701 2800 761 2839 se
791 2785 956 2842 fuisse
1001 2788 1186 2843 multis
1215 2790 1268 2843 in
1308 2790 1443 2845 locis
1473 2801 1720 2861 testatur,
1748 2810 1812 2849 ac
1838 2811 1897 2851 se

281 2872 377 2924 toti
413 2863 684 2927 terrarum
723 2874 841 2930 orbi
892 2877 1231 2946 subvenisse,
1282 2889 1336 2934 et
1384 2881 1651 2936 Ecclesias
1697 2885 1893 2953 guber-

277 2977 460 3017 nasse.
507 2963 643 3019 Cum
667 2965 827 3035 igitur
847 2969 1100 3035 audieris,
1119 2971 1350 3040 primum
1373 2974 1678 3042 Apostolus,
1695 2977 1895 3035 deinde

284 3053 610 3124 Prophetas,
644 3059 802 3118 tertio
825 3059 1078 3116 Pastores
1104 3077 1168 3117 ac
1197 3063 1476 3129 Doctores,
1508 3067 1711 3134 gratias
1739 3083 1896 3123 cura-

275 3149 510 3213 tionum,
544 3149 949 3218 Opitulationes,
987 3155 1432 3222 gubernationes,
1461 3172 1657 3226 genera
1690 3159 1895 3230 lingua-

279 3254 436 3306 rum,
480 3239 631 3295 disce
684 3243 1015 3312 reliquarum
1069 3247 1364 3315 gratiarum
1415 3249 1628 3318 copiam
1678 3267 1894 3309 omnem

279 3341 557 3402 tamquam
605 3333 656 3388 in
699 3336 878 3404 capite
907 3336 960 3390 in
993 3338 1309 3406 Apostolatu
1337 3340 1591 3395 residere.
1622 3342 1893 3415 Numquid

279 3424 483 3477 nudum
509 3439 632 3480 esse
666 3442 864 3482 nomen
921 3429 1301 3498 Apostolorum
1345 3441 1504 3487 antea
1547 3438 1892 3492 censebatis?

278 3513 448 3579 Ecce,
493 3526 695 3584 quanta
749 3517 1089 3588 profunditas
1129 3534 1383 3576 sensuum
1436 3522 1538 3578 hoc
1578 3541 1642 3579 ex
1673 3531 1890 3586 nomine

272 3607 676 3675 comprehensa
705 3610 951 3663 novistis.
977 3610 1102 3666 Ilaec
1128 3621 1308 3666 autem
1338 3629 1365 3666 a
1398 3614 1551 3669 nobis
1575 3617 1717 3673 dicta
1741 3630 1884 3686 sunt,

277 3712 381 3751 non
414 3707 474 3751 ut
504 3707 746 3754 nostram
780 3701 1032 3755 virtutem
1057 3711 1495 3758 ostentaremus:
1530 3721 1707 3777 neque
1745 3713 1886 3765 enim

274 3797 459 3842 nostra
513 3797 642 3844 sunt
677 3806 798 3859 quae
836 3789 1106 3857 dicuntur,
1139 3794 1232 3848 sed
1275 3794 1464 3864 gratiae
1511 3796 1747 3866 Spiritus
1768 3817 1888 3870 qua:

276 3881 724 3951 negligentiorntn
783 3885 1066 3954 segnitiem
1114 3886 1334 3952 excitat,
1390 3896 1446 3941 ut
1496 3890 1626 3943 nihil
1686 3901 1887 3948 temere

275 3973 679 4040 pmtcrmittat.

347 4063 688 4130 Apostolatus
727 4063 1036 4119 Consulatus
1077 4067 1380 4136 spiritualis.
1407 4098 1478 4108 —
1501 4069 1687 4126 Merito
1727 4075 1887 4145 igitur

269 4152 610 4222 spiritualem
654 4154 1002 4210 Consulatum
1049 4159 1444 4227 appellavimus
1484 4162 1880 4232 Apostolatum.

270 4245 410 4300 Sunt
434 4246 581 4302 enim
606 4262 636 4300 a
662 4248 775 4302 Deo
801 4249 1062 4320 designati
1090 4253 1433 4322 magistratus
1461 4255 1734 4322 Aposmli;
1767 4277 1882 4315 ma-

266 4338 563 4406 gistratus,
593 4339 786 4407 quibus
813 4356 919 4394 non
949 4351 1134 4410 gentes
1161 4343 1426 4414 urbesque
1451 4346 1611 4400 varice
1647 4349 1885 4405 tribuun-

271 4439 392 4496 tur,
419 4429 517 4483 sed
553 4445 778 4500 quorum
805 4433 1042 4487 omnium
1075 4433 1198 4488 ﬁdei
1223 4435 1382 4488 simul
1411 4444 1550 4490 Intus
1595 4439 1739 4494 orbis
1771 4453 1882 4497 ter-

268 4533 450 4574 rarum
480 4523 855 4576 committitur.
885 4525 1054 4579 Porro
1095 4527 1436 4594 magistratus
1467 4528 1588 4583 illos
1615 4546 1733 4586 esse
1774 4538 1883 4605 spi-

268 4613 492 4666 rituales
533 4612 906 4670 demonstrare
945 4617 1206 4682 conabor,
1243 4628 1298 4671 ut
1326 4633 1390 4672 ex
1428 4618 1882 4682 demonstratione

267 4703 588 4773 iutelligatis
632 4714 778 4759 tanto
811 4707 1063 4762 meliores
1091 4709 1440 4764 sarcularihus
1482 4713 1881 4783 magistratibus

264 4810 388 4850 esse
428 4795 722 4863 Apostolos
753 4837 768 4861 ,
814 4808 1016 4867 quanto
1056 4799 1161 4869 ipsi
1204 4801 1548 4869 magistratus
1596 4809 1881 4864 szeculares

265 4887 576 4944 ludentibus
608 4889 787 4958 pueris
810 4893 1159 4956 antecellunt.
1187 4893 1350 4946 Multo
1376 4896 1573 4964 quippe
1602 4901 1882 4968 magistra-

262 4995 346 5039 tus
370 4986 478 5040 iste
505 4988 847 5055 praestantior
875 4998 959 5044 est
987 4990 1077 5043 illo
1097 5032 1110 5053 ,
1141 4993 1431 5062 magisque
1446 4996 1605 5048 vitam
1640 5005 1876 5051 nostram

261 5081 513 5134 continet
538 5119 554 5143 ,
597 5093 768 5149 eoque
795 5083 1006 5136 sublato
1028 5085 1209 5138 omnia
1240 5087 1653 5154 pessumdantur
1682 5101 1735 5144 et
1783 5106 1877 5159 pe-

260 5180 443 5224 reunt.
492 5169 776 5235 Quodnam
821 5173 982 5242 igitur
1020 5182 1105 5228 est
1153 5177 1496 5245 magistratus
1528 5179 1737 5248 insigne
1765 5223 1781 5247 ,
1825 5193 1881 5236 et

259 5275 517 5332 quanam
548 5271 716 5329 sunt,
761 5248 881 5333 qure
930 5264 1129 5321 habere
1177 5269 1340 5323 debet
1367 5269 1452 5323 IIIC
1490 5271 1876 5340 magistratus?

259 5357 598 5411 Putestatem
629 5357 681 5411 in
713 5373 1016 5423 carcerem,
1045 5361 1124 5416 sic
1152 5371 1211 5415 ut
1247 5363 1382 5419 alios
1424 5367 1626 5422 vincire
1654 5384 1876 5437 compe-

258 5450 418 5504 dibus
438 5489 454 5513 ,
487 5449 625 5503 alios
646 5449 884 5513 solvere,
910 5450 1044 5505 alios
1073 5452 1322 5518 educere,
1350 5458 1487 5512 alios
1512 5460 1680 5528 possit
1706 5463 1874 5529 conji-

256 5556 376 5595 cere
410 5558 427 5595 :
458 5556 649 5595 rursus
673 5545 1016 5608 pecuniarum
1036 5546 1213 5600 debita
1237 5549 1533 5612 dimittere.
1562 5563 1722 5622 atque
1745 5555 1875 5609 alios

255 5647 340 5700 qui
372 5630 602 5687 obnoxii
631 5643 785 5687 erant
814 5634 1126 5700 absolvere,
1160 5639 1278 5693 aliis
1311 5650 1365 5694 ut
1395 5645 1677 5697 restituant
1710 5645 1876 5715 impe-

257 5737 393 5787 rare,
425 5737 492 5778 ex
544 5723 712 5791 ipsius
762 5725 958 5793 pendet
1005 5728 1270 5783 arbitrio:
1302 5732 1366 5784 ad
1417 5745 1645 5789 mortem
1692 5753 1876 5792 rursus

255 5812 564 5881 abducere,
608 5821 769 5885 atque
799 5829 830 5869 a
861 5827 1033 5875 morte
1081 5835 1338 5878 revocare
1370 5841 1383 5878 ε
1417 5825 1499 5881 vel
1548 5831 1725 5897 potius
1771 5829 1872 5887 hoc

2000 521 2345 591 magistratus
2377 539 2483 578 non
2509 533 2613 592 est,
2641 526 2736 582 sed
2764 526 3106 596 Imperatoris
3135 534 3302 591 solius
3334 555 3346 591 :
3382 540 3461 594 vel
3506 558 3603 611 νη.

2000 611 2108 666 tius
2133 627 2201 667 ne
2228 611 2570 683 Imperatoris
2594 617 2807 686 quidem
2835 631 2916 674 est
2941 621 3204 692 integrum
3236 627 3455 684 donum.
3490 632 3600 688 Ne-

1997 716 2103 771 que
2123 702 2267 757 enim
2288 714 2551 760 revocata
2576 715 2751 764 morte
2768 708 3098 779 defunctum,
3115 716 3208 770 sed
3227 733 3348 772 eum
3374 731 3601 789 tantum,

1997 791 2088 861 qui
2115 791 2433 862 abducitur,
2473 811 2536 851 ae
2583 801 2906 854 sententiam
2935 802 3152 872 quidem
3193 819 3364 876 potest
3397 813 3605 867 rescin-

1997 882 2128 938 dere
2148 923 2164 947 ,
2192 884 2286 940 sed
2315 901 2420 940 non
2453 896 2628 956 potest
2652 904 2681 941 a
2711 901 2886 947 morte
2913 908 3168 951 revocare
3199 900 3214 928 ¹
3246 914 3262 963 ;
3293 908 3454 968 atque
3477 905 3603 959 illud

2003 974 2217 1041 quidem
2266 975 2432 1032 habet
2477 979 2620 1048 quod
2647 980 2885 1036 deterius
2914 994 2998 1040 est
3023 1028 3037 1051 ,
3070 1002 3137 1042 eo
3166 1004 3294 1044 vero
3319 993 3607 1050 destitutus

1998 1073 2121 1129 est,
2153 1068 2296 1134 quod
2323 1079 2411 1146 est,
2459 1073 2818 1138 praesmntius.
2864 1075 3071 1132 Rursus
3121 1084 3490 1151 magistratum
3541 1105 3606 1144 ex

1999 1156 2212 1228 cingulo
2231 1162 2582 1231 aestimamus,
2611 1181 2677 1221 ex
2707 1181 2840 1223 voce
2861 1174 3145 1239 pra-conis,
3173 1191 3236 1230 ex
3267 1180 3606 1247 satellitibus,

2000 1263 2066 1303 ex
2099 1267 2257 1305 curru
2284 1295 2299 1317 ,
2333 1271 2396 1308 ex
2443 1257 2623 1326 gladio
2652 1275 2665 1322 ;
2699 1259 2812 1314 luce
2860 1264 3003 1318 enim
3048 1268 3225 1321 omnia
3269 1273 3608 1339 magistratus

2002 1347 2128 1393 sunt
2175 1341 2422 1413 insignia.
2487 1348 2769 1405 Videamus
2824 1353 2983 1422 igitur
3039 1373 3165 1411 nutu
3225 1361 3606 1430 Apostolorum

2003 1431 2160 1485 etiam
2209 1437 2549 1505 magistratus
2595 1440 2711 1496 haec
2758 1442 2948 1500 habeat
2994 1448 3222 1518 insignia
3259 1471 3271 1500 :
3313 1453 3474 1508 habet
3523 1457 3612 1511 ille

2001 1523 2221 1594 quidem
2247 1566 2261 1590 ,
2297 1527 2390 1580 sed
2420 1545 2524 1584 non
2569 1533 2691 1588 talia
2718 1576 2734 1600 ,
2761 1550 2945 1592 verum
3002 1543 3171 1595 multo
3216 1549 3611 1614 prat‘slattlittl'n.

1997 1605 2177 1684 'Atque
2197 1629 2252 1671 ut
2271 1619 2667 1690 intelligashare
2683 1628 2896 1694 quidem
2918 1647 3097 1685 rerum
3126 1650 3246 1689 esse
3266 1639 3503 1700 nomina,
3528 1642 3612 1692 illa

2004 1719 2132 1758 vero
2166 1722 2343 1762 rerum
2369 1711 2648 1768 veritatem
2667 1725 2756 1787 :‘ut
2782 1720 2922 1787 quod
2944 1722 3318 1781 sitdiscrimen
3349 1730 3616 1800 intelligas

2006 1794 2146 1850 inter
2169 1813 2364 1866 pueros
2395 1804 2483 1871 qui
2512 1806 2856 1875 magistratus
2886 1811 3076 1870 ludunt
3105 1826 3158 1871 et
3183 1834 3277 1873 eos
3307 1824 3396 1891 qui
3443 1827 3614 1894 magi-

2004 1896 2219 1954 stratus,
2266 1905 2495 1960 gerunt;
2525 1911 2589 1950 ac
2617 1898 2661 1951 si
2693 1900 2886 1968 placet,
2920 1919 2949 1957 a
2981 1920 3201 1964 carcere
3243 1912 3451 1968 initium
3482 1933 3615 1968 eitu-

2004 1981 2318 2036 merationis
2340 1985 2620 2043 ducemus.
2650 1991 2892 2048 Diximus
2916 1999 3060 2051 enim
3086 2000 3137 2053 iu
3165 2011 3428 2070 potestate
3451 2009 3612 2061 situm

2003 2086 2124 2125 esse
2145 2077 2509 2146 magistratus,
2539 2091 2598 2135 ut
2627 2083 2823 2139 vinciat
2849 2096 2902 2140 et
2923 2090 3116 2146 solvat.
3144 2093 3276 2149 Vide
3302 2113 3487 2154 rursus
3513 2099 3616 2154 hoc

2006 2161 2286 2230 imperium
2330 2182 2454 2223 esse
2501 2186 2666 2239 penes
2710 2175 3020 2244 Apostolus.
3074 2182 3429 2256 Quoscumque
3479 2192 3615 2244 enim

2004 2253 2278 2322 ligaverilis
2298 2275 2452 2328 super
2478 2272 2684 2329 terram,
2715 2265 2907 2336 inquit,
2935 2284 3080 2325 erunt
3103 2275 3248 2344 ligati
3267 2279 3317 2330 in
3349 2281 3488 2335 cazlis
3517 2299 3535 2335 :
3565 2295 3614 2337 et

2003 2360 2344 2416 quoscumque
2373 2350 2621 2407 so‘lveritis
2642 2372 2796 2428 super
2819 2369 3026 2430 terram,
3046 2378 3193 2419 erunt
3218 2370 3372 2424 soluti
3401 2373 3453 2425 iu
3477 2375 3617 2428 caelis

2006 2436 2023 2504 (
2055 2436 2239 2492 Matth.
2275 2442 2361 2498 I8.
2395 2445 2525 2517 18).
2564 2447 2726 2504 Vides
2748 2457 3000 2520 carceris,
3035 2468 3090 2528 et
3113 2465 3348 2517 carceris
3376 2456 3627 2532 potesta:

2006 2539 2110 2582 tem
2147 2548 2159 2584 :
2190 2541 2244 2586 et
2293 2550 2490 2591 nomen
2538 2540 2754 2610 quidem
2784 2544 2964 2612 idem,
2999 2565 3112 2604 rem
3164 2562 3342 2607 autem
3394 2558 3618 2614 minime

2003 2620 2276 2677 eamdem.
2329 2625 2553 2683 Vincula
2597 2641 2653 2686 et
2684 2635 2932 2702 vincula;
2981 2641 3074 2693 sed
3104 2643 3205 2695 alia
3239 2644 3291 2697 in
3327 2655 3464 2700 terra
3494 2690 3509 2711 ,
3562 2651 3612 2704 in

2009 2713 2146 2766 eielo
2189 2716 2313 2770 alia.
2343 2717 2549 2776 Crelum
2593 2726 2791 2795 quippe
2819 2743 3004 2785 carcer
3045 2732 3151 2786 illis
3191 2745 3295 2789 est.
3328 2739 3609 2810 Cognosce

2003 2801 2163 2873 igitur
2189 2810 2595 2878 amplitudinem
2641 2821 3004 2886 magistratus.
3057 2823 3112 2878 In
3158 2830 3317 2884 terris
3364 2833 3615 2889 sedentes

2001 2899 2322 2953 sententiam
2348 2901 2523 2958 lerunt
2548 2947 2563 2972 ,
2592 2918 2647 2961 et
2673 2910 2738 2963 ad
2769 2912 2930 2966 crelos
2973 2930 3140 2985 usque
3169 2931 3417 2988 penetrat
3444 2926 3614 2980 virtus
3645 2905 3664 2922 ν’

2001 2989 2302 3043 sententiae.
2333 2991 2873 3064 thuemadmodum
2906 3004 3261 3075 Imperatores
3285 3015 3334 3067 in
3361 3033 3463 3071 una
3493 3022 3615 3087 qui-

2001 3071 2123 3127 dem
2154 3079 2373 3137 civitate
2425 3087 2724 3146 residentes
2752 3071 3072 3151 sententiam
3113 3103 3301 3158 lerunt
3325 3147 3340 3168 ,
3366 3123 3429 3162 ac
3469 3071 3615 3180 leges

2001 3168 2286 3236 sanciunt,
2313 3188 2376 3228 ac
2420 3183 2811 3237 sententiarum
2860 3187 3146 3260 legumque
3191 3195 3270 3248 vis
3303 3200 3612 3258 universum

1999 3259 2186 3316 orbem
2236 3273 2497 3324 terrarum
2547 3284 2834 3342 permeat:
2877 3281 2956 3335 sic
2983 3284 3143 3338 etiam
3194 3297 3303 3342 tum
3355 3298 3613 3361 temporis

1998 3354 2039 3405 A
2049 3353 2242 3421 postoli
2259 3360 2472 3427 quidem
2493 3379 2603 3420 uno
2621 3367 2672 3421 in
2695 3367 2815 3424 loco
2829 3374 3122 3431 residentes
3135 3377 3251 3434 ha‘c
3267 3386 3514 3439 sanciehrt
3525 3398 3610 3440 nt:

1999 3458 2161 3512 porro
2190 3447 2368 3520 legum
2396 3453 2564 3512 virtus
2593 3467 2647 3512 et
2673 3459 3007 3520 vinculorum
3041 3468 3265 3525 istorum
3295 3491 3402 3530 non
3430 3478 3607 3534 solum

1997 3538 2185 3596 orbem
2215 3551 2480 3602 terrarum
2514 3553 2840 3618 pervadebat
2860 3599 2874 3621 ,
2911 3560 3006 3614 sed
3035 3561 3101 3616 ad
3131 3565 3303 3633 ipsum
3351 3570 3606 3626 cartorum

1997 3627 2266 3700 fastigium
2308 3639 2656 3697 ascendebat.
2699 3645 2861 3702 Vides
2889 3664 3163 3708 carcerem
3193 3667 3247 3711 et
3287 3674 3561 3717 carcerem
3591 3706 3607 3730 ,

1997 3721 2221 3780 alterum
2246 3729 2301 3784 in
2324 3732 2502 3800 terris,
2528 3737 2758 3793 alterum
2779 3741 2830 3795 in
2853 3745 3020 3811 czelis;
3044 3747 3272 3805 alterum
3297 3767 3606 3825 corporum,

1995 3816 2222 3871 alterum
2251 3823 2553 3880 animarum
2582 3846 2597 3881 :
2630 3830 2738 3883 imo
2767 3848 2896 3888 vero
2923 3846 2977 3891 et
3003 3841 3304 3899 animarum
3335 3856 3388 3901 et
3414 3864 3609 3919 corpo-

1993 3919 2114 3960 rum
2147 3925 2159 3960 :
2189 3925 2364 3980 neque
2391 3916 2534 3971 enim
2561 3933 2787 3991 corpora
2820 3933 3048 3994 tantum,
3082 3933 3176 3986 sed
3204 3939 3366 3990 etiam
3395 3916 3606 3996 animas

1993 3998 2317 4057 vinciebant.

2009 4085 2249 4146 5.Debita
2282 4096 2601 4156 dimittebant
2630 4105 2882 4176 Apostoli.
2905 4141 2975 4152 -—
3001 4113 3093 4169 Vis
3124 4116 3424 4191 intelligere
3444 4165 3460 4189 ,
3493 4140 3606 4194 quo

1993 4192 2149 4246 pacto
2175 4184 2227 4237 in
2259 4198 2523 4255 potestate
2556 4195 2773 4252 illorum
2810 4211 2954 4256 esset
2975 4213 3030 4258 et
3056 4205 3233 4262 debita
3282 4184 3597 4271 dimittere?

1990 4269 2264 4341 Siquidem
2298 4278 2384 4333 hic
2411 4298 2628 4354 quoque
2675 4290 2898 4344 multum
2942 4295 3270 4354 discriminis
3315 4302 3556 4362 ollendes
3591 4327 3604 4371 ;

1991 4380 2166 4434 neque
2187 4371 2328 4424 enim
2353 4379 2700 4442 pecuniarum
2722 4381 2920 4448 debita,
2945 4386 3038 4441 sed
3063 4403 3400 4457 peccatorum
3427 4397 3605 4453 debita

1989 4458 2361 4516 remittebant.
2400 4465 2629 4531 Quorum
2654 4474 2806 4537 enim,
2839 4474 3030 4546 inquit,
3060 4483 3354 4538 remiseritis
3377 4501 3601 4556 peccata.

1989 4551 2310 4607 remittuntur
2320 4558 2408 4621 eis,
2432 4569 2478 4612 et
2497 4578 2712 4629 quorum
2732 4569 3057 4634 relinueritis,
3079 4585 3270 4627 retenta
3289 4590 3406 4631 stmt
3425 4581 3602 4650 (Joan.

1987 4643 2077 4698 20.
2107 4645 2240 4715 23).
2285 4650 2423 4717 Quid
2458 4656 2718 4722 posthaec
2762 4673 2896 4728 opus
2941 4673 3021 4717 est
3066 4668 3352 4723 ostendere
3397 4643 3491 4726 eus
3536 4676 3604 4729 ad

1990 4749 2217 4793 IIlOI'lCI'I]
2252 4745 2614 4801 transmisisse
2636 4789 2648 4811 ,
2684 4765 2748 4802 ac
2778 4766 2966 4806 I'UI‘SIIS
2995 4770 3022 4807 a
3055 4769 3230 4811 morte
3276 4777 3562 4821 Γενοοθεερ
3585 4808 3604 4831 ,

1990 4843 2096 4881 non
2128 4842 2246 4896 post
2276 4842 2600 4890 sententiam
2644 4847 2852 4895 tantum
2889 4843 3050 4898 latam
3074 4888 3088 4911 ,
3119 4859 3170 4900 et
3196 4851 3307 4917 jam
3347 4854 3609 4911 abductos

1987 4921 2052 4972 ad
2082 4924 2402 4991 supplicium
2431 4927 2748 4998 liberantes,
2782 4933 2875 4987 sed
2903 4936 3079 5005 reipsa
3108 4939 3389 4997 defunctos
3418 4955 3470 4999 et
3493 4947 3606 5017 jam

1987 5013 2281 5068 exstinctos
2308 5031 2335 5066 a
2377 5020 2603 5073 mortuis
2627 5023 2968 5080 excitantes?
3000 5027 3098 5083 Uhi
3129 5045 3258 5101 ergo
3277 5036 3610 5092 c0ndemna-

1986 5104 2152 5157 runt?
2178 5107 2263 5159 ubi
2291 5122 2318 5160 a
2351 5120 2524 5165 morte
2552 5112 2936 5171 vindicarunt?
2965 5121 3207 5176 Ananias
3251 5134 3306 5178 et
3333 5126 3596 5198 Sapphira

1990 5195 2258 5266 sacrilegii
2308 5203 2537 5256 convicti
2574 5204 2687 5272 jam
2735 5207 2988 5265 fuerant:
3023 5216 3232 5268 tametsi
3279 5219 3425 5272 enim
3478 5236 3605 5277 snas

1987 5288 2240 5355 pecunias
2281 5289 2439 5345 furati
2469 5304 2659 5362 erant,
2704 5297 2803 5352 fuit
2831 5310 3009 5357 tamen
3042 5307 3247 5363 crimen
3288 5313 3554 5383 sacrilegii
3588 5334 3602 5368 :

1986 5382 2418 5452 quandoquidem
2467 5399 2586 5455 post
2614 5394 3030 5458 promissionem
3067 5398 3176 5468 jam
3225 5418 3331 5458 non
3360 5417 3513 5460 erant
3543 5410 3608 5460 ilo

1985 5471 2156 5527 lorum
2178 5478 2581 5546 pecunize.Qnid
2601 5482 3052 5552 igiturApostolus
3070 5491 3091 5541 ’ἓ
3109 5493 3246 5547 Audi
3262 5512 3358 5561 qua
3377 5500 3603 5564 ratione,

1989 5573 2254 5633 tamquam
2282 5567 2333 5620 in
2351 5568 2555 5638 judicio
2577 5575 2888 5640 eonsideus,
2915 5581 3233 5651 sacrilegum
3255 5586 3320 5639 ad
3338 5587 3596 5654 judicium

1985 5655 2171 5720 sistat,
2207 5668 2262 5712 et
2287 5659 2764 5732 interrogationem
2798 5677 3066 5739 tamquam
3101 5675 3267 5742 judex
3300 5679 3548 5733 adhibeat
3579 5727 3592 5744 ,

2051 5781 2065 5810 ¹
2103 5779 2268 5866 colli.3
2315 5786 2599 5866 sententiam
2650 5797 2801 5851 potest
2849 5791 3160 5858 rcscittdere,‘
3205 5808 3357 5862 potest
3403 5804 3592 5866 quidem

1988 5842 2134 5893 morti
2157 5844 2371 5907 tradere,
2394 5863 2422 5896 ιι
2444 5856 2596 5899 διωνιρ
2629 5842 2787 5901 (intem
2815 5842 3155 5910 revocare—ium,
3184 5842 3353 5922 iuuet:
