4218 6294
630 417 705 475 95
1353 407 1412 465 ε.
1453 404 1731 464 JOANNIS
1766 403 2242 462 CHRYSOSTOMI
2281 403 2601 462 ARCHIEP.
2643 406 3182 466 CONSTANTINOP.
3859 410 3933 470 π

626 544 690 584 ac
733 525 1048 584 sententiam
1077 519 1266 577 deinde
1307 520 1632 590 pronuntiet.
1675 518 1860 588 Neque
1901 518 2043 574 enim
2092 525 2216 571 ante

623 614 797 694 quam
826 610 1161 684 sciscitetur',
1195 617 1294 672 fert
1339 616 1656 671 sententiam
1685 631 1699 667 :
1729 625 2046 682 quamquam
2075 610 2218 666 enim

628 715 966 770 manifestum
996 721 1113 766 erat
1138 709 1427 773 delictum,
1457 717 1636 762 tamen
1678 715 1736 759 ut
1773 704 1928 760 nobis
1967 703 2056 772 qui
2089 700 2222 756 foris

626 808 897 861 adstamus
939 799 1284 872 persuaderet
1309 799 1508 868 justam
1540 811 1568 848 a
1594 811 1675 850 se-
1693 794 1821 849 ferri
1849 793 2172 849 sententiam
2200 835 2213 856 ,

624 906 904 967 propterea
937 892 1408 961 interrogationem
1449 889 1663 943 adhibet
1697 886 1990 972 his‘verhis
2018 895 2174 940 utens
2203 901 2217 938 :

623 990 727 1043 Cur
755 986 976 1055 implevit
1003 994 1207 1039 satanas
1229 999 1317 1036 eor
1360 992 1538 1044 tuum,
1573 989 1632 1033 ut
1673 979 1960 1034 mentireris
1998 977 2221 1047 Spiritui

624 1088 799 1132 smn-to
823 1116 838 1140 ,
882 1085 929 1129 et
971 1073 1235 1144 fraudare:
1283 1071 1345 1123 de
1395 1071 1557 1139 pretio
1601 1069 1755 1138 agri?
1797 1067 1984 1122 Nonne
2009 1082 2221 1120 ntanens

623 1169 712 1221 tibi
742 1167 991 1230 monebat,
1021 1174 1068 1218 et
1091 1162 1442 1216 venumdatam
1468 1161 1522 1213 in
1552 1169 1638 1213 tua
1659 1169 1765 1214 erat
1794 1157 2073 1228 potestate?
2099 1155 2218 1209 Non

620 1277 673 1314 es
705 1259 935 1313 mentitus
966 1255 1281 1319 hominibus,
1322 1252 1410 1306 sed
1441 1251 1547 1304 Deo
1579 1250 1726 1321 (Act.
1769 1250 1822 1304 5.
1866 1250 1918 1303 5.
1947 1251 1981 1304 4
2004 1250 2042 1315 ).
2081 1245 2218 1314 Quid

625 1351 781 1422 igitur
809 1346 1028 1401 audiens
1066 1346 1156 1398 ille
1186 1357 1461 1397 sermones
1490 1342 1661 1395 istos?
1691 1338 1932 1403 Cecidit,
1961 1348 2014 1392 et
2043 1336 2222 1407 exspi-

629 1440 786 1494 ravit.
816 1437 977 1492 Vides
1002 1445 1052 1488 ut
1077 1434 1308 1507 gladium
1330 1435 1490 1486 etiam
1513 1430 1750 1485 habeant
1771 1429 2008 1499 Aposxoli
2031 1429 2053 1480 ’ἓ
2081 1427 2215 1481 Cum

620 1530 888 1583 dicentem
916 1525 1135 1579 Paulum
1165 1522 1449 1583 audiveris,
1487 1519 1552 1574 In
1584 1519 1816 1573 omnibus
1841 1517 2068 1588 gladium
2094 1515 2220 1592 Spt':

626 1619 770 1682 ritus,
797 1617 929 1684 quod
956 1625 1029 1668 est
1058 1612 1256 1666 verbum
1279 1610 1374 1664 Dei
1403 1611 1422 1682 (
1449 1609 1635 1680 Epltes.
1661 1609 1714 1664 6.
1751 1610 1816 1664 l7
1843 1609 1861 1678 )
1889 1649 1906 1674 ,
1935 1605 2218 1662 recordare

628 1709 908 1764 sententia:
938 1707 1108 1769 istius,
1138 1704 1274 1773 quod
1330 1718 1588 1772 nusquam
1620 1700 1828 1771 gladius
1851 1701 1936 1753 'sit
1965 1740 1979 1764 ,
2013 1707 2067 1751 ct
2100 1695 2217 1752 solo

575 1816 591 1829 '
626 1800 791 1854 verbo
819 1797 1105 1864 sacrilegus
1137 1807 1417 1860 percussus
1458 1790 1732 1845 ceciderit.
1771 1788 1954 1844 Vidisti
1982 1786 2216 1857 gladium

624 1899 907 1945 exacutum
949 1902 1011 1940 ac
1038 1885 1335 1938 nudatum?
1365 1882 1639 1953 Nusquam
1669 1882 1864 1937 ferrum
1891 1922 1905 1947 ,
1955 1893 2216 1948 nusquam

625 1980 849 2047 capulus
873 2021 885 2040 ,
919 1991 1179 2045 nusquam
1226 1990 1413 2028 manus
1443 1991 1456 2027 '.
1489 1973 1582 2028 sed
1632 1975 1748 2028 loco
1775 1988 1966 2027 manus
1991 1973 2170 2042 lingua
2199 2011 2215 2037 ,

628 2071 789 2127 verba
817 2067 1096 2142 proferens
1136 2068 1251 2121 loco
1278 2066 1471 2135 gladii,
1517 2065 1795 2120 confestim
1825 2065 1970 2119 illum
2001 2063 2215 2119 occidit.

627 2163 753 2218 Post
780 2162 922 2216 hunc
947 2160 1181 2215 introivit
1225 2174 1392 2219 uxor,
1421 2166 1477 2211 ct
1509 2157 1843 2211 occasionem
1881 2155 1953 2208 illi
1991 2168 2217 2210 excusa-

625 2255 784 2310 tionis
800 2296 815 2318 ,
846 2268 1026 2307 ansam
1051 2252 1218 2305 venia:
1242 2250 1481 2320 praebere
1506 2248 1670 2302 voluit
1694 2265 1706 2300 :
1731 2256 2012 2316 propterea
2035 2262 2218 2301 rursus

626 2344 1039 2414 iulerrogat,Dic
1055 2343 1197 2408 mihi,
1215 2343 1257 2395 si
1268 2341 1393 2394 tanti
1412 2356 1591 2411 agrum
1609 2338 1921 2407 remlidistis(
1929 2339 2036 2390 Act.
2060 2338 2113 2391 5.
2134 2339 2214 2407 8).

622 2438 860 2494 Tametsi
890 2452 993 2491 non
1019 2437 1146 2490 tanti
1168 2433 1438 2488 venditum
1459 2432 1660 2487 sciebat
1690 2448 1704 2484 :
1737 2429 1830 2484 sed
1859 2429 2098 2497 utipsam
2120 2444 2220 2498 per

627 2530 1102 2597 interrogationem
1134 2524 1198 2578 ad
1228 2524 1592 2594 pteuileutiam
1627 2523 1894 2582 invitaret.
1927 2534 1990 2576 ac
2019 2522 2218 2592 peccati

622 2634 683 2675 se
714 2619 1113 2681 condemnaret,
1137 2614 1284 2670 etilli
1309 2615 1516 2669 veniam
1541 2615 1853 2682 impertiret,
1886 2615 2081 2670 idcirco
2099 2630 2216 2670 eam

624 2709 921 2777 interrogat
951 2729 963 2762 :
997 2706 1084 2759 illa
1130 2717 1305 2760 tamen
1354 2706 1406 2759 in
1448 2706 1771 2774 impudentia
1805 2709 2216 2774 perseverabat;

626 2808 910 2868 propterea
941 2798 991 2850 in
1018 2797 1346 2851 consortium
1383 2796 1625 2866 supplicii
1659 2798 1829 2851 mariti
1863 2798 2025 2853 venit.
2063 2799 2220 2853 Vides

625 2891 861 2947 carceris
884 2888 1236 2959 potestatem?
1263 2885 1410 2940 vides
1439 2897 1494 2939 ut
1521 2887 1727 2954 possint
1754 2887 1819 2942 ad
1848 2899 2072 2944 mortem
2099 2889 2222 2942 mit-

627 2991 741 3036 tere
766 2980 790 3031 ?
819 2980 1103 3034 Videamus
1131 2977 1180 3032 id
1210 2977 1349 3046 quod
1379 2977 1567 3031 melius
1592 2987 1695 3045 est,
1722 2994 1827 3048 quo
1855 2989 2009 3048 pacto
2036 2995 2223 3035 rursus

625 3087 654 3125 θ
688 3078 861 3124 morte
889 3076 1156 3124 revocent.
1185 3066 1410 3121 'I‘abitlta
1440 3067 1696 3136 discipula
1727 3077 1934 3123 mortua
1958 3079 2040 3125 est
2059 3110 2077 3138 ,
2104 3085 2224 3140 quae.

628 3161 810 3216 multis
834 3157 1190 3228 eleemosyuis
1213 3156 1440 3210 celebris
1466 3165 1602 3222 erat,
1631 3165 1685 3211 et
1707 3157 1774 3210 ad
1801 3158 2084 3227 Apostolus
2111 3170 2224 3213 sta-

628 3252 724 3308 tim
751 3251 1003 3306 curritur.
1032 3248 1286 3304 Sciebant
1314 3248 1456 3302 enim
1486 3248 1604 3302 illos
1627 3249 1814 3304 mortis
1839 3264 1902 3305 ac
1929 3251 2049 3305 vita:
2076 3260 2226 3320 pote-

627 3353 821 3399 atatem
851 3344 1047 3397 habere
1077 3361 1090 3396 :
1119 3342 1354 3396 sciebant
1380 3341 1650 3396 etelestem
1681 3342 2037 3412 principatum
2075 3345 2226 3398 dela-

631 3450 783 3505 psum
816 3437 866 3489 in
896 3445 1084 3488 terras.
1108 3432 1242 3499 Quid
1265 3449 1392 3503 ergo
1414 3434 1637 3489 Petrus?
1669 3434 1900 3503 Tabitha,
1918 3452 2067 3506 surge
2090 3438 2224 3504 (Act.

629 3529 688 3584 9.
713 3527 816 3598 40)
843 3566 858 3591 ,
886 3528 1072 3596 inquit.
1101 3525 1257 3581 Nullo
1285 3527 1390 3581 alio
1412 3527 1483 3581 illi
1511 3541 1644 3597 opus
1671 3527 1789 3594 fuit,
1815 3545 1921 3583 non
1949 3529 2226 3594 ministris,

629 3636 737 3674 non
766 3617 993 3683 famulis;
1023 3617 1116 3674 sed
1134 3617 1199 3670 ad
1221 3617 1666 3671 resurrectionem
1687 3618 1845 3672 verba
1868 3619 2227 3684 suffecerunt;

630 3727 819 3768 vocem
849 3712 1006 3780 igitur
1032 3708 1231 3763 audivit
1259 3723 1402 3762 mors
1425 3749 1442 3773 ,
1473 3717 1528 3761 et
1549 3708 1785 3762 retinere
1825 3718 2090 3763 mortuam
2125 3725 2229 3763 non

633 3804 827 3875 potuit.
860 3801 1019 3856 Vides
1047 3799 1230 3869 quales
1251 3798 1358 3853 sint
1391 3797 1630 3868 judicum
1660 3797 1882 3852 istorum
1913 3813 2071 3853 voces
2091 3804 2114 3849 Υ
2142 3797 2227 3853 Si-

629 3897 843 3968 quidem
871 3904 1213 3950 externorum
1256 3891 1494 3960 judicum
1542 3906 1719 3946 voces.
1751 3889 2033 3945 imbecilla:
2083 3901 2226 3945 sunt.

631 3989 782 4043 Licet
805 3987 946 4042 enim
973 3987 1197 4055 imperet
1224 3999 1288 4038 ex
1317 3983 1422 4037 illis
1448 3983 1709 4052 quispiam
1735 4023 1749 4045 ,
1782 3983 1826 4036 si
1855 3982 2085 4036 famulus
2123 3998 2231 4036 non

630 4079 996 4147 obtemperet,
1025 4091 1113 4129 res
1150 4076 1405 4144 imperata
1441 4073 1851 4142 interrumpitur
1885 4092 1898 4126 :
1934 4073 2020 4128 hic
2049 4083 2227 4128 autem

633 4186 736 4224 non
765 4178 845 4223 est
866 4183 998 4237 opus
1018 4167 1246 4230 famulis;
1275 4173 1476 4217 tantum
1507 4164 1659 4230 dixit,
1687 4173 1741 4218 et
1765 4165 2016 4219 continuo
2038 4166 2232 4220 factum

637 4273 739 4317 est.
764 4261 924 4315 Vides
947 4276 1130 4314 eorum
1160 4272 1456 4320 carcerem,
1488 4256 1630 4324 quod
1671 4258 2008 4326 magistratus
2039 4270 2120 4313 est
2149 4260 2230 4313 in-

573 4417 575 4420 ,
635 4353 786 4422 signe
817 4368 832 4402 :
864 4350 1032 4414 Vides,
1064 4364 1168 4418 quo
1195 4358 1350 4417 pacto
1382 4356 1592 4416 peccata
1621 4345 1912 4412 dimittant,
1940 4364 2048 4418 quo
2080 4357 2235 4418 pacto

635 4450 864 4497 mortem
893 4439 1173 4494 discutiant
1199 4477 1215 4502 ,
1244 4453 1348 4506 quo
1377 4447 1530 4506 pacto
1561 4437 1611 4490 in
1639 4439 1801 4492 vitam
1832 4449 2109 4495 revocent.
2144 4442 2235 4496 Vis

633 4533 902 4602 cingulum
929 4532 1087 4585 etiam
1114 4531 1325 4584 illorum
1357 4536 1717 4599 cognoscere?
1744 4531 2013 4602 Siquidem
2030 4533 2235 4588 cinctos

636 4626 754 4680 illos
783 4623 927 4678 misit
954 4621 1198 4676 Christus
1221 4637 1325 4675 non
1355 4623 1524 4689 corio,
1569 4623 1662 4677 sed
1687 4625 1952 4690 veritate;
1986 4624 2088 4680 hoc
2115 4626 2233 4679 cin-

633 4718 815 4789 gulum
861 4722 1101 4768 sanctum
1143 4721 1194 4767 et
1225 4713 1536 4782 spirituale;
1579 4723 1860 4783 propterea
1897 4715 2025 4770 dicit
2056 4734 2069 4766 ι
2101 4715 2234 4770 Suco

635 4813 788 4865 cincti
824 4810 1020 4864 lumbos
1049 4821 1234 4864 vestros
1265 4811 1315 4862 in
1357 4812 1559 4864 ueritate
1591 4811 1610 4880 (
1638 4809 1831 4880 Epltes.
1866 4811 1918 4866 6.
1951 4814 2017 4867 Η
2037 4814 2076 4883 ).
2106 4813 2230 4881 Spi-

638 4902 846 4957 ritualis
874 4901 1015 4955 enim
1040 4911 1121 4955 est
1147 4901 1486 4970 magistratus
1508 4940 1523 4964 ,
1555 4902 1801 4970 quocirca
1827 4903 1954 4957 nihil
1982 4905 2237 4960 sensibile

637 4993 1024 5064 qnanendum;
1054 4991 1234 5046 Omnis
1263 4993 1458 5063 quippe
1487 4993 1652 5061 gloria
1695 4993 1819 5061 ﬁlia:
1848 4995 1980 5064 regis
2005 4995 2067 5047 ab
2100 4997 2236 5049 intus

639 5088 655 5157 (
684 5085 882 5139 Psalm.
913 5085 1003 5140 ιι.
1037 5085 1103 5139 14
1129 5086 1169 5154 ).

712 5175 989 5242 Carniﬁces
1014 5174 1441 5242 habentApostoli
1480 5175 1758 5228 dtemonas.
1818 5208 1891 5224 -
1941 5177 2043 5235 Sed
2084 5177 2239 5249 quid?

638 5277 784 5340 num.
813 5257 1351 5319 viscarnificesetiam
1366 5264 1572 5321 videre?
1604 5261 1894 5319 Carnillces
1937 5277 2060 5321 sunt
2083 5307 2098 5333 ,
2144 5267 2234 5338 qui

643 5369 764 5406 reos
797 5355 957 5422 virgis
984 5354 1219 5416 credunt,
1250 5354 1336 5423 qui
1363 5354 1414 5407 in
1445 5355 1590 5423 ligno
1617 5355 1967 5424 suspendunt,
1992 5367 2046 5412 et
2071 5359 2236 5414 latera

642 5445 948 5509 derudunt,
979 5448 1067 5515 qui
1114 5444 1414 5515 castigant,
1445 5446 1533 5514 qui
1580 5447 1824 5514 puniunt.
1872 5447 2035 5503 Visne
2078 5451 2238 5521 igitur

646 5537 784 5591 istos
812 5535 1035 5590 videre?
1063 5536 1179 5591 Non
1211 5535 1454 5590 homines
1482 5536 1697 5602 habent,
1731 5539 1824 5593 sed
1857 5540 2026 5609 ipsum
2054 5542 2238 5596 diabo-

649 5627 1141 5691 lum,etd:cmones
1175 5645 1186 5678 :
1217 5627 1549 5698 quicorpore
1590 5639 1715 5684 sunt
1742 5639 1795 5684 et
1824 5646 1985 5687 carne
2012 5634 2236 5688 circum-

650 5719 758 5774 dati
780 5760 796 5785 ,
829 5719 1100 5774 ministras
1129 5719 1396 5775 habebant
1443 5721 1785 5792 incorporeas
1826 5726 2067 5782 virtutes.
2101 5731 2234 5784 Audi

654 5824 784 5866 sane
803 5826 907 5881 quo
931 5821 1084 5881 pacto
1106 5825 1227 5865 cum
1251 5813 1566 5868 auctoritate
1585 5814 1779 5870 Paulus
1801 5816 1904 5872 illis
1926 5817 2232 5889 imperaret:

2331 518 2592 589 siquidem
2623 521 2691 576 de
2716 537 2784 576 eo
2812 522 2902 593 qui
2931 522 3223 578 fornicatus
3248 533 3382 590 erat,
3412 523 3654 579 scribens
3677 523 3928 580 dicebat:

2343 608 2551 664 Tradite
2594 611 2886 682 Imjnsmodi
2910 624 3106 668 satana!
3127 616 3180 669 in
3211 617 3463 670 interitum
3493 618 3661 670 carnis
3690 618 3708 686 (
3736 619 3785 671 Ι.
3809 616 3930 671 Cor.

2331 701 2384 755 5.
2418 700 2516 772 5).
2551 701 2756 757 Rursus
2806 721 2928 759 eum
2961 705 3051 759 alii
3083 706 3555 776 blasphemarent,
3609 707 3712 762 hoc
3757 708 3931 776 ipsum

2330 791 2452 846 fecit
2481 809 2493 845 :
2515 789 2729 847 Tradidi
2753 798 2886 849 enim
2909 798 3046 862 illos,
3076 798 3266 868 inquit,
3289 808 3505 866 solante,
3531 809 3584 852 ut
3609 799 3811 851 discant
3832 815 3934 851 non

2327 881 2676 951 blasphemare
2694 884 2774 954 (i.
2795 884 2931 942 Tim.
2955 889 3006 942 1.
3029 888 3101 943 20
3121 888 3310 957 ).Quid
3332 898 3495 945 restat
3514 888 3935 945 ostendendum?

2329 989 2455 1028 num
2483 989 2675 1030 currus
2704 978 2866 1033 etiam
2911 980 3031 1034 illos
3061 979 3305 1036 habere?
3341 980 3447 1035 Sed
3475 997 3542 1035 ne
3571 982 3686 1036 haec
3711 981 3932 1050 quidem

2327 1070 2482 1126 nobis
2533 1072 2922 1126 demonstratio
2974 1073 3147 1127 deerit
3187 1089 3201 1125 :
3249 1073 3514 1144 siquidem
3567 1073 3873 1142 Philippum
3904 1114 3923 1137 ,

2325 1171 2607 1238 postquam
2631 1163 2942 1218 eunuchum
2974 1163 3299 1232 baptizavit.
3347 1172 3403 1217 et
3444 1165 3613 1218 sacris
3657 1163 3934 1235 mysteriis

2326 1250 2589 1318 initiavit,
2617 1266 2738 1307 cum
2783 1254 3161 1309 revertendum
3215 1254 3287 1308 illi
3318 1262 3497 1318 esset,
3549 1256 3727 1324 rapuit
3755 1255 3932 1325 ipsum

2329 1341 2563 1411 Spiritus
2587 1383 2601 1406 .
2647 1353 2702 1399 et
2729 1359 2758 1398 a
2788 1345 3001 1400 deserto
3032 1347 3320 1401 translatus
3359 1345 3515 1401 Διοιί
3559 1353 3804 1415 repertus
3849 1357 3936 1402 est

2326 1435 2344 1503 (
2367 1437 2477 1488 Act.
2511 1435 2567 1490 8.
2595 1436 2684 1490 59.
2715 1437 2784 1491 40
2804 1438 2842 1505 ).
2876 1437 3038 1492 Vides
3075 1452 3298 1493 currum
3327 1437 3527 1492 alatum
3550 1438 3576 1490 t
3596 1437 3748 1493 vides
3789 1437 3936 1493 cele-

2323 1527 2436 1581 rius
2461 1539 2620 1583 vento
2660 1531 2999 1585 vehiculum?
3025 1530 3232 1587 Rursus
3274 1533 3326 1586 in
3359 1532 3663 1602 paradisum
3709 1547 3934 1605 pergere

2326 1621 2642 1692 Apostolum
2668 1623 2903 1692 oportuit
2926 1665 2942 1690 ,
2973 1632 3117 1678 tanta
3145 1625 3351 1680 itineris
3375 1625 3781 1695 longinquitate,
3821 1637 3931 1679 tam

2324 1713 2587 1770 immenso
2613 1715 2858 1770 dissitum
2903 1717 3186 1771 intervallo
3218 1735 3230 1768 :
3262 1725 3373 1771 tum
3413 1718 3504 1771 ille
3542 1718 3722 1771 subito
3748 1726 3934 1786 raptus

2325 1805 2446 1860 illuc
2467 1806 2616 1861 nullo
2631 1808 2848 1877 negotio
2859 1819 2912 1862 et
2940 1808 2992 1862 in
3013 1808 3157 1863 brevi
3188 1818 3462 1863 momento
3483 1809 3744 1878 temporis
3759 1817 3930 1862 trans-

2322 1898 2596 1955 ferebatur
2643 1897 2664 1972 (
2687 1898 2741 1952 2.
2771 1895 2890 1953 Cor.
2927 1897 3011 1952 12.
3031 1897 3067 1951 2
3086 1897 3128 1969 ).
3169 1897 3327 1953 Tales
3356 1899 3515 1968 igitur
3538 1911 3733 1951 currus
3761 1905 3888 1950 sunt
3915 1915 3932 1952 :

2325 2001 2423 2041 vox
2450 1999 2627 2044 autem
2675 1991 2938 2059 pneconis
2983 1998 3065 2044 est
3095 2032 3108 2053 ,
3142 1999 3197 2044 et
3229 1990 3342 2059 ipsa
3393 2005 3578 2044 rursus
3619 1989 3933 2059 magistratu

2322 2080 2500 2150 digna.
2542 2081 2656 2136 Non
2683 2083 2825 2137 enim
2864 2081 3217 2138 antecedebat
3242 2084 3362 2138 illos
3394 2083 3556 2137 homo
3582 2097 3771 2138 vocem
3793 2083 3920 2136 mit-

2323 2179 2441 2225 tens
2463 2213 2476 2237 ,
2502 2188 2686 2227 verum
2717 2171 2944 2244 Spiritus
2967 2175 3135 2244 gratia
3157 2217 3172 2242 ,
3201 2184 3255 2230 et
3285 2190 3380 2244 per
3408 2174 3663 2229 miracula
3706 2173 3930 2228 demon-

2320 2263 2509 2317 stratio
2528 2265 2714 2332 quavis
2744 2264 2863 2320 tuba
2886 2265 3165 2321 clariorem
3189 2280 3369 2321 vocem
3397 2265 3661 2332 mittebat,
3686 2275 3846 2335 atque
3863 2266 3933 2320 ita

2322 2353 2462 2406 viam
2483 2354 2588 2408 illis
2618 2355 2812 2425 ubique.
2843 2357 3094 2412 faciebat.
3121 2357 3658 2427 thnemadmedum
3686 2359 3737 2412 in
3759 2358 3930 2413 multa

2322 2443 2578 2513 dignitate
2602 2459 2666 2500 ac
2694 2447 3086 2517 magnificentia
3111 2448 3384 2515 constituti
3413 2457 3540 2502 sunt
3561 2448 3928 2517 magistratus,

2325 2551 2424 2590 nec
2443 2537 2638 2591 audent
2656 2538 2841 2606 privati
2861 2540 3057 2608 passim
3078 2554 3198 2592 cum
3224 2539 3329 2592 illis
3350 2538 3566 2593 misceri
3593 2557 3607 2593 :
3629 2538 3778 2594 sicin
3794 2540 3936 2607 Apo-

2325 2629 2476 2682 stolis
2505 2629 2781 2684 accidebat
2809 2629 3156 2684 :Cttterorum
3183 2631 3352 2695 enim,
3380 2629 3572 2700 inquit,
3603 2645 3750 2684 nemo
3775 2631 3937 2684 cude-

2325 2720 2408 2771 lmt
2435 2735 2488 2772 se
2515 2720 2822 2789 conjungere
2859 2720 3001 2783 illis;
3034 2722 3124 2775 sed
3167 2723 3525 2791 magni/icabat
3578 2738 3663 2777 eos
3711 2723 3933 2792 populus

2327 2812 2344 2877 (
2371 2812 2482 2863 Art.
2505 2812 2559 2866 5.
2584 2811 2652 2866 t3
2674 2811 2714 2880 ).
2738 2810 2898 2866 Vides
2916 2812 3150 2866 carceris
3172 2821 3516 2881 potestatem,
3537 2823 3595 2868 et
3625 2814 3934 2869 remittendi

2325 2903 2503 2959 debita
2528 2904 2855 2970 facultatem,
2877 2913 2934 2958 et
2955 2904 3295 2974 gladiosillos
3322 2905 3593 2971 habuisse,
3615 2906 3937 2976 cinguloque

2329 2993 2490 3048 fuisse
2528 2993 2845 3062 prmcinctos
2869 3036 2884 3060 ,
2931 3009 3092 3048 curru
3122 3004 3305 3048 vectos
3329 3036 3345 3058 ,
3389 3009 3576 3049 vocem
3627 2997 3938 3065 prarcedere

2329 3085 2516 3154 quavis
2544 3085 2666 3138 tuba
2694 3085 2996 3149 clariorem,
3031 3095 3085 3140 et
3111 3085 3167 3140 in
3197 3085 3363 3140 multa
3391 3099 3586 3155 pompa
3615 3086 3737 3141 illos
3768 3085 3936 3143 fuisse

2329 3189 2393 3229 ac
2419 3174 2702 3244 splendore
2727 3175 3055 3230 decoratos?

2401 3267 2453 3321 6.
2491 3267 2572 3320 Ad
2615 3284 2775 3337 nuper
2810 3267 3125 3322 illuminatos
3161 3269 3467 3323 cohortatio.
3495 3299 3566 3310 —-
3601 3269 3718 3326 Jam
3748 3287 3931 3344 operte

2333 3357 2562 3425 pretium
2595 3356 2753 3412 fuerit
2777 3368 2832 3413 et
2859 3373 3047 3413 omnes
3078 3359 3291 3413 illorum
3333 3374 3421 3414 res
3460 3361 3716 3428 praeclare
3754 3372 3934 3433 gestas

2332 3447 2608 3512 indicare,
2640 3457 2694 3504 et
2719 3464 2837 3518 qua:
2871 3449 3082 3504 illorum
3114 3449 3167 3504 in
3197 3450 3384 3504 orbem
3424 3459 3682 3505 terrarum
3724 3462 3936 3507 exstent

2333 3543 2612 3598 beneficia.
2640 3542 2771 3596 Nam
2807 3551 2860 3597 et
2899 3542 3004 3597 hoc
3038 3543 3442 3612 magistratuum
3469 3553 3592 3608 est,
3621 3555 3676 3599 ut
3703 3561 3808 3600 non
3837 3546 3935 3600 ho-

2335 3649 2465 3688 nore
2494 3641 2697 3686 tantum
2737 3631 3012 3696 fruantur,
3053 3633 3146 3687 sed
3184 3640 3239 3687 et
3267 3633 3487 3687 multam
3520 3634 3932 3691 sollicitudinem

2333 3734 2386 3776 et
2414 3738 2598 3778 curam
2624 3737 2748 3793 erga
2786 3723 3028 3777 subditos
3056 3739 3165 3792 pra:
3191 3738 3251 3778 se
3278 3722 3470 3777 ferant.
3500 3723 3609 3778 Sed
3643 3725 3751 3793 jam
3785 3725 3932 3794 plura

2333 3815 2473 3871 dicta
2506 3822 2665 3878 sunt,
2695 3829 2854 3884 quam
2884 3815 3185 3883 oportebat.
3213 3814 3474 3882 Quocirca
3499 3814 3566 3870 ad
3593 3816 3755 3870 alium
3783 3817 3936 3874 dilic-

2336 3921 2463 3961 rens
2504 3906 2602 3959 ista
2642 3914 2955 3972 tractatum,
2995 3905 3061 3959 ad
3106 3921 3294 3960 eorum
3337 3905 3763 3962 cohortationem
3789 3949 3805 3973 ,
3841 3911 3934 3978 qui

2338 4012 2506 4066 nuper
2537 3997 2817 4051 illuminati
2849 4005 2993 4061 sunt,
3025 3995 3305 4051 traducere
3337 4011 3641 4052 sermonem
3673 3998 3932 4053 conabor.

2336 4088 2505 4143 Nemo
2527 4097 2703 4144 autem
2729 4089 3008 4143 consilium
3031 4088 3307 4143 existimet
3334 4089 3764 4159 intempestivum
3791 4090 3934 4160 :jam

2338 4179 2480 4234 enim
2510 4179 2618 4233 dixi
2651 4193 2757 4232 non
2789 4179 2948 4232 modo
2977 4187 3095 4247 post
3122 4177 3312 4234 decem
3353 4188 3408 4233 et
3447 4179 3628 4249 viginti
3659 4179 3809 4246 dies,
3837 4183 3934 4237 sed

2339 4281 2391 4325 et
2417 4278 2535 4340 post
2561 4268 2744 4323 decem
2775 4278 2828 4323 et
2857 4269 3041 4340 viginti
3073 4283 3244 4322 annos
3282 4283 3445 4339 posse
3475 4285 3645 4339 nuper
3670 4270 3938 4326 illumina-

2341 4371 2424 4416 tos
2450 4362 2628 4415 vocari
2651 4376 2767 4426 eos,
2797 4361 2884 4431 qui
2913 4361 3185 4432 mysteriis
3212 4360 3403 4415 initiati
3435 4368 3580 4426 sunt,
3609 4363 3654 4417 si
3677 4364 3862 4434 vigiles
3880 4374 3937 4420 et

2339 4453 2503 4508 sobrii
2535 4451 2749 4506 fuerint.
2774 4450 2887 4518 Qua
2915 4452 3074 4521 igitur
3096 4453 3293 4520 optima
3321 4452 3387 4506 ad
3419 4451 3540 4506 illos
3565 4453 3937 4511 cohortatione

2343 4543 2593 4597 utemur?
2620 4542 2674 4597 Si
2702 4543 2954 4596 nimirum
2985 4543 3051 4597 iis
3081 4543 3299 4597 modum
3338 4543 3630 4600 nativitatis
3653 4545 3704 4599 in
3732 4561 3938 4602 memo-

2342 4636 2476 4691 riam
2516 4650 2850 4700 revocemus,
2881 4643 2934 4689 et
2963 4635 3196 4704 priorem
3229 4644 3281 4689 et
3311 4637 3685 4705 posteriorem,
3717 4649 3936 4696 natura-

2341 4726 2444 4780 lem
2485 4741 2548 4781 ac
2585 4727 2949 4796 spiritualem,
2981 4735 3035 4780 et
3068 4727 3334 4796 quodnam
3379 4729 3448 4781 sit
3490 4729 3629 4783 inter
3660 4739 3938 4803 utramque

2342 4819 2669 4873 nativitatem
2695 4817 3006 4882 discrimen,
3035 4815 3402 4871 ostendamus.
3428 4817 3538 4875 lmo
3565 4833 3692 4873 vero
3719 4835 3941 4878 necesse

2343 4925 2448 4964 non
2485 4919 2606 4973 est,
2640 4919 2698 4962 ut
2737 4923 2802 4962 ex
2843 4908 2996 4962 nobis
3036 4908 3112 4962 illi
3156 4907 3255 4962 ista
3293 4908 3545 4963 discant:
3575 4909 3690 4980 ipse
3719 4914 3939 4967 tonitrni

2342 5003 2478 5056 filius
2496 5001 2564 5056 de
2586 5002 2666 5055 his
2694 5002 2837 5070 ipsos
2862 5002 3191 5065 admonebit,
3217 5001 3444 5058 dilectus
3463 5001 3660 5058 Christi
3681 5003 3937 5060 Joannes.

2341 5091 2474 5156 Quid
2504 5092 2662 5160 igitur
2689 5092 2780 5144 ille
2804 5091 2966 5145 dicit?
3000 5092 3256 5161 Quotquot
3287 5102 3456 5145 autem
3484 5105 3776 5162 receperunt
3803 5111 3938 5161 eum,

2341 5182 2475 5235 dedit
2495 5185 2564 5235 eis
2587 5191 2878 5251 potestatem
2903 5182 3037 5250 ﬁlios
3058 5180 3155 5236 Dei
3179 5184 3292 5251 ﬁeri
3319 5182 3496 5255 (Joan.
3523 5186 3570 5238 l.
3598 5183 3688 5256 12)
3715 5187 3942 5241 :deinde

2343 5273 2572 5342 priorem
2617 5274 2721 5327 illis
2762 5274 3095 5329 nativitatem
3128 5275 3180 5328 in
3212 5278 3522 5329 memoriam
3556 5291 3815 5331 revocans
3840 5320 3854 5342 ,
3889 5291 3939 5332 et

2341 5381 2406 5419 ex
2440 5367 2836 5434 comparatione
2863 5368 3196 5421 sanctitatem
3228 5382 3291 5422 ac
3317 5368 3627 5436 dignitatem
3660 5373 3941 5440 praesentis

2341 5461 2524 5529 gratia:
2552 5461 2853 5527 declarans,
2881 5461 2960 5514 sic
2985 5461 3058 5514 ait
3088 5480 3100 5515 :
3131 5460 3230 5525 Qui
3258 5479 3359 5514 non
3386 5479 3448 5515 ea:
3475 5462 3825 5534 sanguinibus,
3853 5481 3944 5518 ne-

2342 5568 2439 5622 que
2466 5549 2529 5605 ea:
2557 5553 2811 5606 voluntate
2843 5552 2938 5605 viri
2955 5593 2969 5618 ,
2998 5552 3086 5605 sed
3115 5569 3179 5607 ea:
3222 5552 3327 5606 Deo
3368 5556 3476 5607 nati
3516 5565 3631 5608 sunt
3661 5553 3850 5623 (Joan.
3889 5557 3936 5611 l.

2345 5643 2457 5712 l3).
2484 5640 2602 5696 Uno
2623 5644 2792 5697 verbo
2819 5642 3149 5697 nobilitatem
3176 5643 3386 5698 illorum
3409 5646 3688 5714 expressit.
3713 5645 3759 5700 Ο
3785 5662 3942 5700 mun-

2344 5733 2412 5786 da
2456 5733 2681 5788 natalia!
2722 5749 2755 5788 o
2794 5733 3096 5803 spit'ituales
3139 5737 3346 5803 partus!
3378 5749 3411 5788 o
3447 5751 3580 5794 nova
3625 5737 3937 5806 puerperia!

2351 5826 2465 5879 sine
2495 5833 2645 5881 utero
2672 5827 2973 5894 conceptio,
3000 5825 3115 5881 sine
3140 5835 3323 5882 ventre
3353 5827 3619 5896 nativitas,
3642 5829 3758 5902 sine
3775 5843 3940 5884 carne
