4212 6290
631 344 701 403 97
1363 355 1422 407 8.
1461 350 1745 408 JOhNNIS
1782 347 2267 408 CHRYSOSTOKI
2305 347 2622 410 ARCHIEP.
2654 352 3207 412 CONSTAN'NNOP.
3829 346 3908 402 98

627 457 724 520 n0;
774 455 957 520 τόκος.
1002 457 1161 521 τόκος
1209 459 1600 529 πνευματικὸς,
1645 459 1812 524 τόκος
1857 464 1923 516 ἐκ
1991 463 2218 534 χάριτος

628 542 725 594 καὶ
763 540 1172 611 φιλανθρωπίας
1198 539 1374 609 βεοῦ,
1422 541 1581 604 τόκος
1634 543 1978 615 εὐφροσύνης
2026 546 2219 616 γέμων

631 621 726 672 καὶ
765 623 957 690 χαρᾶς.
1009 621 1151 673 ’Δλλ⁹
1183 623 1246 677 οὑ
1281 623 1528 687 τοιοῦτος
1555 626 1584 677 ό
1619 624 1905 696 πρότερος,
1949 626 2069 679 ἀλλ’
2106 628 2218 681 ἀπὸ

631 704 850 774 θρήνων
889 705 1002 773 ἔχει
1033 706 1134 776 τὴν
1176 707 1374 779 ἀρχήν.
1408 709 1482 761 T0
1509 709 1617 778 γὰρ
1644 709 1857 761 παιδίον
1884 711 1949 762 ἐκ
1972 710 2073 779 τῆς
2106 713 2216 782 μή-

632 801 768 853 τρας
810 787 1115 840 όλισθαϊνον
1147 791 1243 842 καὶ
1276 791 1339 842 ἐκ
1377 791 1476 859 τῆς
1519 790 1711 861 νηδύος
1747 791 2213 862 καταφερόμενον,

630 866 858 935 πρώτην
890 870 1073 938 φωνὴν
1104 871 1243 938 μετά
1266 871 1520 942 δακρύων
1550 871 1825 934 ἐκϐάλλει,
1855 874 2110 947 καθάπερ
2133 879 2217 941 τίς

629 966 802 1017 φησι·
855 950 1104 1018 Πρώτην
1150 954 1361 1020 φωνὴν
1392 953 1508 1021 τὴν
1557 955 1771 1022 ὁμοίαν
1821 955 2053 1012 ἅπασιν
2111 960 2218 1014 ἴσα

628 1032 874 1084 κλαίων.
915 1035 1016 1086 Διὰ
1048 1035 1263 1106 θρήνων
1296 1037 1404 1108 γάρ
1429 1039 1465 1106 ή
1497 1038 1701 1102 εῐσοδος
1728 1041 1809 1104 εἰς
1841 1042 1934 1094 τὸν
1961 1041 2099 1110 βίον,
2128 1043 2215 1097 διὰ

626 1114 878 1185 δακρύων
919 1121 1204 1190 προοίμια,
1240 1121 1340 1190 τῆς
1387 1121 1603 1188 φύσεως
1625 1123 1690 1175 :0
1738 1124 1931 1195 μέλλον
1959 1125 2215 1196 ὀδυνηρὸν

628 1201 1156 1270 προαναφωνούσης.
1174 1202 1241 1255 Τί
1267 1202 1448 1256 κλαίει
1469 1203 1531 1257 :0
1555 1204 1768 1258 παιδίον
1792 1209 1873 1270 εἰς
1895 1205 2013 1274 φῶς
2035 1206 2213 1273 ἐλθόν;

628 1282 729 1334 Διά
754 1283 941 1335 τοῦτο·
971 1285 1076 1354 πρὸ
1103 1286 1203 1354 μὲν
1227 1285 1328 1354 τῆς
1357 1287 1632 1356 ἁμαρτίας
1665 1287 1850 1355 ἔλεγεν
1879 1291 1906 1340 0
1927 1288 2079 1351 Θεὸς,
2099 1291 2216 1344 Δύ·

632 1362 910 1426 εὰνεσθε,
955 1366 1054 1418 καὶ
1099 1369 1506 1434 πληθύνεσθε,
1556 1371 1696 1440 ὅπερ
1739 1369 1990 1438 εὐλογίας
2016 1366 2118 1442 ἦν·
2152 1371 2218 1424 :0

627 1445 707 1508 δὲ,
763 1447 860 1499 Ἐν
885 1449 1109 1513 λύπαις
1156 1449 1299 1519 τέξῃ
1348 1451 1552 1514 τέκνα,
1597 1453 1736 1520 μετά
1774 1453 1873 1522 τὴν
1913 1455 2212 1524 ἁμαρτίαν,

627 1529 766 1599 ὅπερ
793 1530 1063 1599 τιμωρίας
1087 1527 1177 1603 ἦν.
1213 1533 1288 1586 Οὐ
1319 1533 1532 1604 δάκρυα
1555 1535 1613 1587 δὲ
1643 1535 1701 1587 ἐν
1735 1536 1802 1604 τῇ
1838 1537 2090 1606 γεννήσει
2124 1536 2215 1604 μό-

639 1628 744 1674 νον,
785 1612 922 1665 άλλὰ
951 1612 1068 1684 [81]
1105 1615 1205 1668 καῖ
1227 1616 1522 1687 σπάργανα
1544 1618 1641 1670 καὶ
1669 1617 1848 1686 δεσμά
1867 1633 1880 1647 ο
1915 1617 2127 1682 δάκρυα
2153 1619 2214 1670 ἐν

625 1696 694 1763 τῇ
729 1698 1008 1765 γεννήσει,
1048 1699 1261 1769 δάκρυα
1306 1701 1365 1752 ἐν
1395 1700 1612 1768 θανάτῳ
1637 1717 1649 1730 ·
1684 1700 1976 1770 σπάργανα
2007 1701 2066 1752 ἐν
2090 1718 2213 1768 γεν·

629 1780 808 1847 νήσει.
859 1782 1155 1855 σπάργανα
1181 1785 1239 1835 ἐν
1277 1783 1526 1854 θανάτῳο
1577 1783 1665 1835 ἵνα
1721 1782 1900 1855 μάθῃς
1944 1784 2027 1837 ὄτι
2076 1783 2215 1853 πρὸς

628 1860 862 1916 θάνατον
892 1866 923 1934 ή
973 1863 1085 1935 ζωή
1129 1854 1268 1934 αὕτη
1317 1867 1566 1937 τελευτᾷ,
1603 1867 1698 1919 καὶ
1734 1854 1872 1936 πρὸς
1904 1869 2082 1920 ἐκεῖνο
2121 1885 2214 1920 κα-

625 1943 918 2015 ταστρέφει
952 1945 1013 2002 τὸ
1043 1946 1219 2011 τέλος,
1267 1947 1408 2001 Ἀλλ’
1444 1949 1544 2019 οὐχ
1563 1951 1597 2018 ή
1625 1949 1882 2019 γέννησις
1910 1949 2074 2019 αὕτη.
2108 1951 2212 2003 Οὐ-

2319 462 2492 534 δαμοῦ
2518 463 2730 535 δάκρυα
2751 463 2846 517 καὶ
2872 462 3186 533 σπάργανα,
3225 459 3364 513 ἀλλὰ
3403 456 3697 528 λελυμένος
3715 459 3743 512 0
3775 471 3909 523 γεν-

2322 565 2384 618 νη
2393 547 2526 611 θεὶς,
2543 547 2639 600 καὶ
2668 545 2806 617 πρὸς
2821 545 3039 613 ἀγῶνας
3056 541 3576 614 παρεσκευασμένος
3595 551 3611 568 ⁸
3629 537 3721 592 διά
3743 536 3908 590 τοῦτο

2321 633 2510 700 ἄφετοι
2532 633 2583 684 οί
2609 631 2771 692 πόδες
2799 630 2894 683 καὶ
2909 631 2966 680 αί
2993 631 3196 698 χείρες,
3213 627 3302 678 ἴνα
3319 623 3488 695 τρέχῃ
3512 623 3606 675 καὶ
3631 619 3909 688 πυκτεύῃ⁶

2319 712 2560 783 οὐδαμοῦ
2613 713 2837 784 θρῆνος,
2897 709 3139 781 οὐδαμοῦ
3202 709 3418 779 δάκρυα
3471 703 3735 766 ἐνταῦθα,
3791 702 3910 755 ἀλλ’

2319 793 2628 864 άσπασμοί,
2667 793 2763 846 καὶ
2793 793 2990 862 φιλίαι,
3028 793 3122 846 καὶ
3151 791 3482 863 περιπλοκαὶ
3519 789 3627 842 τῶν
3659 784 3910 854 ἀδελφῶν

2317 876 2378 929 :0
2410 877 2608 929 οίκείον
2637 875 2802 946 μέλος
2831 876 3329 943 ἐπιγινωσκόντων.
3358 874 3455 927 καὶ
3485 872 3675 942 ῶσπερ
3699 874 3764 923 ἐκ
3803 886 3908 937 μα·

2317 960 2457 1028 κρᾱς
2480 957 2863 1012 άπολαϐόντων
2891 958 3224 1028 ἀποδημίας.
3268 955 3487 1024 Ἐπειδὴ
3525 953 3635 1024 γάρ
3670 951 3779 1019 1:90
3812 947 3908 1002 :06

2318 1043 2672 1112 φωτίσματος
2701 1041 2897 1112 ἐχθρὸς
2924 1037 3015 1112 ἦν,
3049 1040 3189 1110 μετὰ
3235 1039 3293 1091 δὲ
3325 1039 3391 1089 τὸ
3421 1038 3680 1105 φώτισμα
3713 1033 3909 1100 γέγονε

2317 1127 2472 1195 φίλος
2497 1127 2592 1180 τοῦ
2623 1126 2805 1179 κοινοῦ
2831 1127 3051 1179 πάντων
3080 1124 3242 1195 ήμῶν
3283 1121 3582 1180 Δεσπότου.
3617 1117 3708 1171 διά
3747 1113 3912 1168 τοῦτο

2317 1213 2521 1274 πάντες
2552 1210 2932 1280 συνηδόμεθα·
2961 1210 3049 1263 διά
3071 1208 3230 1262 τοῦτο
3256 1207 3353 1260 καὶ
3384 1205 3446 1259 :0
3475 1204 3689 1274 φίλημα
3713 1199 3907 1270 εἰρήνη

2317 1293 2585 1358 καλείται,
2613 1295 2700 1345 ἵνα
2725 1293 2989 1364 μάθωμεν
3009 1294 3093 1346 ὅτι
3121 1291 3360 1361 πόλεμον
3381 1286 3731 1364 κατέλυσενδ
3750 1282 3906 1364 ἓεὸς,

2315 1377 2411 1428 καὶ
2440 1374 2578 1445 πρὸς
2605 1374 2706 1444 τὴν
2729 1362 3011 1427 οἰκείωσιν
3040 1374 3358 1443 ἐπανήγαγε
3388 1370 3490 1438 τὴν
3515 1363 3740 1420 ἑαυτοῦ.
3763 1362 3908 1417 Taxi-

2313 1473 2415 1524 την
2437 1453 2530 1510 οὖν
2563 1455 2825 1527 τηρῶμεν
2858 1455 3146 1524 διηνεκῶς,
3179 1453 3387 1522 ταύτην
3415 1448 3776 1519 φυλάττωμεν
3807 1446 3911 1514 τὴν

2315 1539 2563 1608 εἰρήνην,
2594 1537 2803 1607 ταύτην
2837 1538 3172 1607 ἐπιτείνωμεν
3191 1537 3292 1607 τὴν
3320 1534 3528 1604 φιλίαν,
3559 1531 3648 1584 ἵνα
3675 1530 3772 1582 καὶ
3797 1527 3910 1580 τῶν

2315 1621 2551 1674 αἰωνίων
2582 1619 2930 1689 ἐπιτύχωμεν
2966 1620 3206 1689 σκηνῶν,
3237 1620 3422 1690 χάριτι
3457 1617 3554 1670 καὶ
3598 1612 3906 1682 φιλανθρω·

2322 1703 2423 1772 πία
2453 1701 2546 1754 :06
2573 1701 2784 1771 Κυρίου
2811 1701 2970 1771 ήμῶν
3007 1699 3184 1770 Ἰησοῦ
3212 1698 3475 1768 Χριστοῦ.
3493 1699 3563 1750 δι’
3585 1691 3646 1748 οὑ
3669 1695 3766 1748 καὶ
3785 1692 3911 1763 μεθ’

2318 1778 2382 1838 οὑ
2427 1783 2506 1849 τῷ
2535 1785 2714 1854 Πατρὶ
2740 1783 2888 1847 δόξα,
2915 1784 3073 1854 τιμὴ,
3114 1783 3339 1853 κράτος,
3369 1782 3488 1851 ἃμα
3527 1778 3603 1848 τῷ
3637 1777 3778 1846 άγίῳ
3813 1775 3909 1830 καὶ

2321 1864 2572 1934 ζωοποιῷ
2603 1865 2907 1936 Πνεύματι,
2935 1866 3031 1919 νῦν
3061 1867 3157 1918 καὶ
3180 1865 3290 1926 άεὶ,
3315 1866 3411 1918 καὶ
3437 1865 3517 1925 είς
3545 1862 3674 1923 τοὺς
3701 1858 3906 1918 αἰῶνας

2315 1949 2426 2002 τῶν
2459 1947 2694 2002 αἰώνων.
2730 1950 2905 2019 Ἀμήν
2921 1984 2937 1998 .

629 2305 760 2359 Ὀτι
811 2309 922 2361 οὐκ
954 2307 1286 2363 ἀκίνδυνον
1338 2305 1465 2376 τοῖς
1512 2311 1834 2380 ἀκροαταῖς
1875 2311 1938 2366 τὸ
1983 2313 2165 2382 σιγᾷν
2203 2316 2276 2368 τὰ
2335 2314 2634 2383 λεγόμενα
2675 2313 2748 2365 ἐν
2804 2312 3127 2380 ἐκκλησίᾳ,
3187 2308 3288 2363 καὶ
3329 2311 3500 2375 τινος
3542 2307 3758 2362 ἕνεκεν
3827 2309 3896 2361 σε

700 2401 960 2469 Πράξεις
986 2402 1056 2456 ἐν
1087 2402 1160 2471 τῇ
1186 2403 1575 2472 Πεντηκοστῇ
1603 2403 2142 2474 ἁναγινώσκονται,
2180 2405 2279 2459 καί
2300 2404 2396 2460 διὰ
2432 2408 2489 2459 τί
2530 2409 2642 2460 οὐκ
2669 2405 2862 2469 ἔδειξε
2903 2403 3094 2458 πᾶσιν
3135 2401 3355 2455 ἑαυτὸν
3387 2399 3662 2464 ἀναστὰς
3686 2403 3719 2453 d
3753 2402 3891 2467 Χρι-

698 2494 866 2557 στὸς,
921 2495 1018 2547 καὶ
1058 2494 1148 2547 ὅτι
1187 2491 1297 2561 τῆς
1343 2493 1540 2562 ὄψεως
1575 2495 1964 2564 σαφεστέραν
2003 2498 2272 2564 παρέσχε
2293 2495 2410 2563 τὴν
2432 2496 2542 2565 τῆς
2561 2495 2958 2560 ἀναστάσεως
2989 2492 3305 2557 ἀπόδειξιν
3328 2489 3446 2555 τὴν
3477 2491 3575 2547 διὰ
3613 2490 3734 2545 τῶν
3777 2505 3898 2558 ση-

691 2587 880 2655 μείων
902 2584 1020 2639 τῶν
1057 2587 1438 2645 ἀποστόλων.

691 2939 742 2988 α’
755 2932 848 2987 ,Τὸ
868 2931 966 3002 μὲν
983 2931 1144 2986 πλέον
1159 2935 1254 2988 τοῦ
1271 2935 1466 3007 χρέους
1479 2931 1578 2985 :06
1592 2933 1936 2997 συντεθέντος
1951 2935 2086 3004 ἡμῖν
2103 2932 2210 2986 01:0

624 3012 726 3083 τῆς
745 3015 1060 3084 ἐπιγραφῆς
1073 3015 1184 3069 τῶν
1208 3017 1468 3087 Πράξεων
1487 3014 1596 3068 τῶν
1619 3015 1994 3068 άποστολικῶν
2011 3017 2068 3068 ἐν
2087 3017 2209 3078 ταῖς

626 3095 937 3166 ἐμπροσθεν
968 3096 1096 3167 ὑμῖν
1121 3098 1498 3166 κατεϐάλομεν
1521 3097 1760 3168 ἡμέραις
1780 3113 1793 3125 ·
1823 3097 2016 3168 ἐπειδὴ
2041 3097 2098 3150 δέ
2126 3096 2208 3150 ἐτι

630 3179 824 3248 μικρὸν
847 3179 1170 3248 ἐναπέμεινε
1193 3182 1466 3250 λείιίυλνον,
1486 3180 1716 3250 ἀνέστην
1737 3181 2010 3233 καὶτοῦτο
2035 3196 2206 3233 κατα-

627 3258 810 3328 θήσων
839 3261 968 3328 ὑμίν
996 3262 1258 3332 σήμερον.
1280 3263 1344 3315 Et
1367 3263 1423 3315 δὲ
1453 3266 1569 3332 μετ’
1591 3261 1879 3331 ἀκριϐείας
1909 3262 2206 3331 φυλάττετε

625 3342 695 3394 τά
735 3343 1025 3412 εἰρημένα,
1063 3346 1157 3396 καὶ
1205 3346 1348 3413 μετά
1393 3345 1597 3413 πολλῆς
1641 3345 1900 3414 κατέχετε
1947 3345 2205 3414 σπουδῆς,

627 3425 785 3493 ὑμεῖς
829 3423 894 3476 ἀν
929 3426 1160 3496 εἰδείητε
1189 3429 1238 3479 οἱ
1281 3428 1342 3480 :0
1373 3428 1635 3499 ἀργύριον
1676 3425 2084 3496 ὑποδεξάμενοι,
2113 3427 2207 3479 καὶ

624 3508 735 3560 τῶν
765 3508 1044 3578 ἀργυρίων
1067 3509 1273 3562 τούτων
1298 3511 1582 3580 μέλλοντες
1606 3511 1696 3562 τὸν
1716 3509 1874 3575 λόγον
1904 3510 2103 3562 διδόναι
2129 3507 2207 3578 τῷ

626 3591 873 3660 Δεσπότῃ
920 3591 1060 3644 κατὰ
1091 3592 1189 3661 τὴν
1223 3593 1438 3662 ἡμέραν
1484 3590 1723 3660 ἐκείνην,
1774 3592 1903 3643 ὅταν
1934 3591 1984 3642 οί
2014 3591 2081 3643 τά
2113 3592 2208 3644 τά·

627 3671 795 3723 λαντα
825 3673 1213 3735 πιστευθέντες
1243 3673 1540 3733 καλῶνται,
1573 3674 1668 3724 καὶ
1706 3670 1804 3732 τὰς
1837 3670 2068 3734 εὐθύνας
2093 3671 2207 3723 ὑπ-

628 3753 842 3822 έχωσιν·
861 3755 988 3806 ὅταν
1015 3754 1183 3807 ἐλθὼν
1207 3758 1234 3807 0
1255 3756 1486 3824 Χριστὸς
1509 3756 1713 3824 ἀπαιτῇ
1727 3755 1853 3815 τοὺς
1877 3754 2205 3823 τραπεζίτας

626 3837 687 3887 τὸ
730 3836 991 3905 ἀργύριον
1019 3837 1176 3888 τοῦτο
1219 3837 1498 3906 μετά”τῶν
1530 3837 1722 3889 τόκων.
1757 3835 1920 3888 Ἔδει
1964 3835 2072 3906 γάρ
2109 3853 2204 3899 σε,

628 3919 785 3987 φησὶ,
809 3919 1168 3972 καταϐαλεῖν
1192 3921 1255 3972 τὸ
1281 3921 1566 3988 ἀργύριόν
1575 3938 1693 3986 μου
1711 3918 1809 3970 ἐπὶὶ
1839 3918 1979 3984 τοὺς
2004 3935 2208 3985 τραπε-

628 4002 804 4066 ζίτας,
825 4004 923 4055 καὶ
944 4003 1057 4070 ἐγὼ
1073 4004 1265 4056 ἐλθὼν
1278 4004 1430 4071 μετὰ
1447 4005 1623 4055 τόκου
1643 4001 1718 4056 ἂν
1733 4003 2017 4068 ἀπῄτησα
2036 4003 2203 4054 αὑτό.

629 4085 692 4135 Ὠ
717 4084 818 4150 τῆς
854 4085 1057 4151 πολλῆς
1082 4087 1173 4136 καὶ
1203 4087 1410 4151 ἁφάτου
1430 4084 1842 4154 φιλανθρωπίας
1873 4083 1968 4133 :06
2001 4085 2207 4135 Δεσπό-

626 4169 760 4218 τουί
834 4168 1176 4236 Ἀνθρώπους
1224 4167 1444 4234 κωλύων
1493 4169 1740 4218 ἀπαιτεῖν
1789 4165 2000 4227 τόκους,
2047 4165 2208 4228 αὐτὸς

627 4251 843 4300 άπαιτεῖ
868 4249 1075 4310 τόκους.
1109 4247 1205 4300 Διά
1234 4249 1287 4300 τί
1310 4265 1321 4312 ;
1377 4243 1592 4316 Ἐπειδὴ
1620 4249 1825 4310 ἐκεῖνος
1853 4250 1882 4300 0
1911 4248 2066 4308 τόκος
2094 4248 2210 4300 0w.-

487 4329 957 4400 ,καθημμένος
1002 4332 1116 4382 ἐστὶ
1164 4331 1256 4382 καὶ
1307 4330 1641 4400 κατηγορίας
1688 4329 1836 4394 ἄξιος
1875 4347 1887 4360 ο
1945 4321 2100 4390 οὗτος
2152 4329 2208 4380 δὲ

627 4414 909 4472 ἐπαινετὸς
936 4414 1028 4464 καὶ
1058 4412 1254 4480 πολλῆς
1289 4413 1556 4480 ἀποδοχῆς
1587 4413 1729 4464 ἐστιν
1753 4412 1921 4478 ἄξιος.
1971 4411 2209 4474 Ἐκεῖνος

635 4497 804 4548 τοίνυν
827 4499 854 4548 0
887 4497 1062 4557 τόκος,
1100 4496 1128 4546 0
1157 4494 1265 4544 τῶν
1300 4494 1598 4564 χρημάτων
1627 4493 1789 4560 λέγω,
1827 4494 2033 4547 καὶτὸν
2072 4494 2209 4562 λαμ-

627 4579 878 4641 ϐάνοντα,
912 4579 1004 4630 καὶ
1033 4577 1122 4628 τὸν
1155 4577 1363 4629 διδόντα
1394 4577 1599 4647 ζημιοῖ,
1628 4578 1722 4628 καὶ
1749 4577 1841 4636 :06
1871 4579 1967 4646 μὲν
1996 4577 2208 4645 λαμϐά-

631 4677 805 4721 νοντος
832 4659 1090 4711 ἀπόλλυσι
1119 4659 1214 4727 τὴν
1246 4659 1446 4728 ψυχὴν,
1477 4659 1570 4711 :06
1594 4660 1650 4711 δὲ
1677 4659 1905 4721 διδόντος
1940 4659 2054 4730 [82]
2085 4662 2207 4713 ἐπι-

629 4745 801 4813 τρίϐει
833 4743 930 4812 τὴν
959 4743 1168 4794 πενίαν.
1219 4744 1284 4795 Τί
1325 4744 1430 4814 γὰρ
1463 4743 1528 4796 ἂν
1568 4744 1776 4810 γένοιτο
1809 4742 2206 4814 χαλεπώτερον,

629 4826 740 4878 ἀλλ’
766 4824 798 4892 ἢ
825 4826 950 4876 ὅταν
978 4841 1060 4886 τις
1090 4824 1188 4894 τὴν
1216 4827 1404 4878 πενίαν
1429 4825 1522 4877 τοῦ
1550 4827 1776 4896 πλησίον
1810 4826 2205 4895 ἐμπορεύηται,

632 4909 723 4960 καὶ
747 4908 843 4968 τὰς
868 4907 972 4958 τῶν
993 4907 1232 4974 ἀδελφῶν
1257 4908 1709 4978 πραγματεύηται
1734 4910 2046 4978 συμφοράς;
2081 4911 2207 4961 ὅταν

632 5005 711 5051 τις
738 4991 1078 5056 προσωπεῖον
1109 4991 1514 5058 φιλανθρωπίας
1543 4991 1680 5060 ἔχων
1707 4995 1888 5044 πᾶσαν
1919 4991 2208 5061 ἀπανθρω-

631 5072 757 5124 πίαν
781 5070 1164 5132 ἐπιδείκνυται.
1192 5076 1285 5126 καὶ
1308 5077 1334 5126 0
1359 5078 1514 5144 χεῖρα
1538 5087 1562 5114 ι
1601 5074 1806 5143 μέλλων
1835 5075 2046 5146 ὀρέγειν
2073 5076 2208 5144 πρὸς

634 5155 692 5207 :0
729 5155 998 5224 βάραθρον
1041 5155 1153 5226 ὼθῇ
1200 5159 1290 5208 τὸν
1320 5158 1567 5226 βοηθείας
1592 5157 1840 5226 δεόμενον
1867 5175 1882 5222 ;
1923 5159 1986 5209 Τί
2015 5161 2205 5220 ποιεῖς,

634 5239 882 5308 ἄνθρωπε
906 5253 918 5300 ;
957 5239 1027 5289 Οὐ
1055 5238 1140 5292 διὰ
1160 5240 1315 5293 τοῦτο
1343 5242 1478 5311 πρὸς
1503 5241 1597 5305 σὰς
1619 5237 1749 5311 ἦλθε
1773 5241 1940 5311 θύρας
1969 5244 1995 5293 ὁ
2019 5243 2204 5310 πένης,

634 5324 721 5374 ἵνα
751 5321 988 5392 αὐξήσῃς
1017 5323 1180 5377 αὐτοῦ
1213 5326 1310 5396 τὴν
1342 5327 1551 5389 πενίαν,
1585 5326 1697 5379 ἀλλ’
1727 5328 1812 5378 ἵνα
1846 5325 2010 5397 λύσῃς
2042 5326 2205 5378 αὐτοῦ

632 5406 730 5472 τὴν
752 5403 940 5456 πενίαν
962 5421 976 5436 ο
1012 5408 1074 5460 σὺ
1100 5407 1154 5460 δὲ
1184 5409 1375 5462 ταυτὸν
1401 5414 1593 5475 ποιεῖς,
1617 5405 1726 5463 οἷον
1750 5413 1795 5460 οἱ
1819 5410 1884 5462 τά
1908 5410 2207 5479 δηλητήρια

639 5487 990 5556 κεραννύντες
1028 5491 1289 5560 φάρμακα
1312 5509 1324 5521 ο
1379 5495 1472 5546 καὶ
1501 5493 1608 5563 γάρ
1639 5495 1834 5546 ἐκεῖνοι
1865 5491 1961 5562 τὴν
2006 5493 2206 5565 συνήθη

697 5672 717 5696 ¹¹
746 5665 881 5714 Cotb.
912 5667 987 5711 καὶ
1014 5669 1073 5720 ὡς
1095 5669 1240 5731 χεῖρα.

2309 2931 2515 3003 τροφὴν
2537 2933 2724 2993 αὐτοῖς
2752 2929 3117 3000 ἀναμίξαντες
3136 2924 3536 2995 ἀνεπαίσθητον
3559 2926 3780 2983 ποιοῦσι
3802 2925 3903 3000 τὴν

2309 3014 2621 3084 ἐπιϐουλὴν,
2660 3014 2754 3065 καὶ
2786 3005 2934 3065 οὗτοι
2970 3010 3382 3080 φιλανθρωπίας
3414 3011 3764 3081 προσχήματι
3794 3012 3902 3065 τῶν

2307 3097 2481 3150 τόκων
2515 3098 2606 3149 τὸν
2638 3085 2858 3166 ὀλεθρον
2889 3094 3218 3165 κρύψαντες,
3250 3093 3351 3145 οὐκ
3397 3092 3562 3146 ἐῶσιν
3611 3093 3902 3148 αἰσθέσθαι

2309 3181 2406 3250 τῆς
2439 3179 2645 3250 βλάϐης
2676 3181 2801 3242 τοὺς
2833 3179 3124 3248 μέλλοντας
3153 3175 3334 3228 πίνειν
3358 3175 3420 3227 :0
3449 3175 3750 3246 θανάσιμον
3772 3176 3900 3229 :06-

2307 3279 2369 3315 το
2393 3265 2704 3333 φάρμακον.
2736 3262 2938 3331 Διόπερ
2967 3260 3246 3329 εὐκαιρον,
3276 3258 3304 3311 ὃ
3335 3260 3465 3327 περὶ
3493 3259 3592 3330 τῆς
3619 3260 3919 3330 ἁμαρτίας,

2307 3345 2546 3415 εἴρηται,
2576 3345 2672 3397 καὶ
2712 3345 2840 3413 περὶ
2875 3343 2984 3395 τῶν
3013 3341 3339 3405 τοκιξόντων
3371 3340 3466 3392 καὶ
3503 3340 3900 3412 δανειζομένων

2305 3431 2503 3480 εἰπεῖν.
2537 3428 2602 3479 Τί
2635 3428 2692 3480 δέ
2727 3427 2978 3497 περὶτῆς
3001 3423 3278 3494 ἁμαρτίας
3308 3423 3558 3492 εῐρηται;
3589 3424 3742 3492 Πρὸς
3771 3441 3900 3478 και-

2299 3511 2435 3578 ρὸν,
2475 3511 2630 3580 φησι,
2681 3509 2993 3579 γλυκαίνει
3036 3506 3145 3559 τὸν
3181 3505 3475 3574 λάρυγγα,
3523 3505 3782 3572 ὕστερον
3832 3505 3902 3557 δὲ

2309 3594 2664 3662 πικρότερον
2684 3597 2797 3661 χοαὶ
2808 3591 2877 3658 ῆς
2899 3589 3200 3657 εὑρήσεις,
3224 3587 3322 3642 καὶ
3348 3587 3896 3656 ἠκονημένονμᾶλο

2305 3682 2422 3731 λον
2442 3678 2744 3745 μαχαίρας
2774 3675 3084 3742 διστόμου.
3118 3671 3290 3724 Τοῦτο
3323 3672 3502 3724 τοίνυν
3538 3672 3633 3724 καὶ
3663 3673 3756 3724 ἐπὶ
3789 3673 3900 3726 τῶν

2305 3759 2701 3828 δανειζομένων
2743 3759 2988 3824 γίνεταιο
3046 3757 3173 3807 ὅταν
3224 3755 3322 3824 μὲν
3369 3755 3479 3824 γάρ
3531 3753 3784 3828 λαμϐάνῃ
3828 3757 3902 3810 τά

2307 3846 2564 3914 Χρήματα·
2597 3844 2624 3892 ὁ
2650 3841 2935 3909 δεόμενος.
2980 3838 3341 3908 παραμυθίαν
3375 3837 3644 3908 λαμϐάνει
3695 3841 3900 3909 μικράν

2308 3943 2427 3978 τινα
2458 3925 2551 3977 καὶ
2585 3923 2950 3992 πρόσκαιρονο
2994 3921 3219 3990 ὕστερον
3260 3921 3318 3973 δὲ
3357 3921 3467 3973 τῶν
3515 3921 3692 3973 τόκων
3737 3923 3900 3987 αὐξο-

2315 4011 2512 4080 μένων,
2531 4007 2623 4060 καὶ
2644 4007 2737 4058 τοῦ
2774 4007 2993 4076 φορτίου
3027 4005 3272 4073 μείζονος
3305 4006 3403 4074 τῆς
3434 4003 3716 4072 δυνάμεως
3741 4023 3898 4074 γενο-

2315 4093 2496 4161 μένου,
2557 4091 2733 4143 ἐκεῖνο
2765 4090 2824 4142 :0
2871 4089 3044 4156 γλυκὺ
3092 4089 3184 4140 καὶ
3232 4087 3464 4141 λιπάναν
3507 4089 3596 4140 τὸν
3648 4089 3899 4159 λάρυγγα

2313 4175 2630 4244 πικρότερον
2669 4174 2834 4242 χολῆς
2861 4172 3053 4239 ὄψεται
3093 4171 3400 4238 γινόμενον,
3434 4173 3528 4222 καὶ
3555 4173 3897 4241 ἠκονημένον

2317 4259 2512 4327 μᾶλλον
2565 4257 2842 4327 μαχαίρας
2889 4256 3168 4323 διστόμου,
3213 4255 3320 4305 τῶν
3368 4255 3638 4324 πατρῴων
3674 4257 3898 4311 πάντων

2312 4342 2616 4410 ἀποστῆναι
2646 4341 2840 4410 ἀθρόον
2870 4339 3336 4406 ἀναγκαζόμενος.
3442 4365 3447 4378 ›
3871 4391 3878 4400 ,

2383 4423 2451 4491 β’.
2479 4424 2614 4475 Ἀλλ’
2635 4424 2742 4476 άπὸ
2772 4422 2881 4475 τῶν
2916 4423 3190 4492 αἰσθητῶν
3215 4423 3308 4476 ἐπὶ
3331 4420 3401 4474 τὰ
3425 4423 3775 4492 πνευματικά
3805 4422 3898 4476 τὸν

2311 4505 2464 4572 λόγον
2496 4507 2838 4576 μετάγωμεν.
2893 4505 3050 4558 Ἔδει
3090 4523 3183 4570 σε,
3237 4505 3395 4574 φησὶ,
3434 4507 3797 4580 καταϐαλεῖν
3827 4506 3898 4559 τὸ

2311 4591 2592 4657 ἀργύριόν
2623 4607 2742 4658 μου
2781 4589 2880 4642 ἐπὶ
2933 4588 3076 4653 τοὺς
3119 4587 3491 4656 τραπεζῖτας,
3546 4589 3754 4641 ἐκείνου
3799 4589 3896 4641 :06

2311 4675 2574 4745 ἀργυρίου
2606 4673 2941 4744 τραπεζίτας
2972 4675 3114 4742 ὑμᾶς
3149 4673 3328 4727 καλῶν
3351 4675 3476 4735 τοὺς
3501 4674 3608 4725 τῶν
3633 4674 3897 4742 ῥημάτων

2309 4761 2512 4813 τούτων
2539 4761 2832 4829 ἀκροατάς.
2871 4759 2979 4811 Καὶ
3009 4760 3151 4821 τίνος
3183 4759 3366 4811 ἕνεκεν
3395 4757 3727 4828 τραπεζίτας
3752 4759 3898 4828 ὑμᾶς

2311 4843 2568 4896 ἐκάλεσεν
2616 4845 2642 4895 ό
2692 4843 2870 4904 Θεός;
2925 4841 3202 4893 Παιδεύων
3263 4842 3512 4904 ἅπαντας
3568 4841 3669 4910 τὴν
3720 4843 3893 4912 αὐτὴν

2313 4926 2544 4995 σπουδὴν
2571 4924 2975 4978 ἐπιδείκνυσθαι
3015 4927 3141 4993 περὶ
3170 4923 3267 4993 τὴν
3306 4924 3632 4993 δοκιμασίαν
3663 4925 3774 4976 τῶν
3803 4925 3894 4977 λε-

2312 5009 2596 5077 γομένων,
2642 5010 2774 5077 ὅσην
2824 5009 3019 5059 ἐκεῖνοι
3077 5007 3311 5076 σπουδὴν
3363 5008 3551 5076 έχουσι
3611 5009 3739 5078 περὶ
3793 5008 3895 5076 τὴν

2311 5092 2554 5154 ἐξέτασιν
2585 5091 2678 5143 καὶ
2713 5090 2917 5142 εἴσοδον
2951 5091 3058 5142 τῶν
3088 5091 3460 5160 νομισμάτων.
3489 5091 3755 5160 Καθάπερ
3784 5091 3892 5160 γὰρ

2311 5175 2360 5225 οἱ
2388 5172 2710 5243 τραπεζῖται
2752 5173 2811 5224 :0
2847 5173 2945 5243 μὲν
2999 5172 3248 5242 κίϐδηλον
3296 5175 3389 5227 καὶ
3439 5174 3768 5242 παράσημον
3802 5175 3896 5226 ὲκ-

2312 5255 2566 5309 ϐάλλουσι
2595 5256 2860 5326 νόμισμα,
2890 5255 2948 5307 τὸ
2980 5255 3036 5308 δὲ
3069 5257 3290 5325 δόκιμον
3318 5258 3409 5309 καὶ
3436 5257 3587 5323 ὑγιὲς
3617 5257 3888 5324 δέχονται,

2312 5342 2404 5393 καὶ
2437 5340 2771 5409 διακρίνουσι
2801 5339 2861 5391 :0
2883 5338 3034 5390 νόθον
3069 5340 3174 5392 ἀπὺ
3205 5340 3297 5392 :06
3330 5340 3576 5409 γνησίου·
3619 5339 3762 5391 οὕτω
3796 5339 3890 5392 καὶ

2315 5423 2376 5473 σὺ
2428 5423 2669 5490 ποίησον,
2717 5424 2810 5475 καὶ
2861 5422 2934 5490 μὴ
2971 5421 3148 5473 πάντα
3182 5422 3488 5492 παραδέχου
3525 5421 3703 5488 λόγον,
3754 5421 3890 5473 ἀλλά

2307 5505 2399 5556 τὸν
2434 5505 2531 5573 μὲν
2561 5505 2807 5574 κίϐδηλον
2836 5506 2926 5557 καὶ
2960 5504 3349 5574 διεφθαρμένον
3379 5504 3605 5557 ἔκϐαλλε
3638 5504 3743 5556 ἀπὸ
3769 5503 3886 5556 σοῦ.

2307 5588 2400 5638 τὸν
2447 5587 2502 5638 δέ
2554 5588 2678 5656 ὑγιῆ
2739 5589 2833 5640 καὶ
2883 5585 3153 5655 σωτηρίαν
3202 5587 3391 5656 ἔχοντα
3436 5587 3773 5656 παράπεμπε
3818 5589 3885 5655 τῇ

2307 5670 2530 5737 δαιοίᾳ,
2587 5671 2737 5722 Ἔστι
2774 5671 2900 5738 γὰρ,
2937 5671 3050 5720 ἔστι
3098 5672 3189 5721 καὶ
3227 5670 3307 5722 :10".
3351 5669 3488 5736 ζυγὰ
3520 5671 3608 5723 καὶ
3643 5668 3884 5739 σταθμία
