4212 6290
240 396 304 452 9'1
893 384 1032 443 CUR
1071 385 1138 442 IN
1177 383 1466 442 PENTEC.
1508 386 1714 451 ACTA,
1757 385 1908 442 ETC.
1943 386 2012 443 IN
2052 385 2342 444 PRINCIP.
2372 385 2724 444 ACTOBUM.
2760 387 2846 443 IV.
3498 376 3570 435 98

243 508 426 570 partus
445 538 461 562 .
495 505 692 569 partus
719 498 1058 571 spirituales,
1091 508 1275 570 partus
1303 514 1371 554 ex
1399 499 1568 568 gratia
1601 508 1657 555 et
1676 537 1677 540 η
1696 499 1850 556 beni-

240 591 445 659 gnitate
474 588 614 655 Dei,
657 598 840 658 partus
879 587 1074 644 laetitiae
1115 589 1305 658 plenus
1338 598 1394 643 et
1433 588 1631 660 gaudii.
1665 590 1735 645 At
1764 589 1853 645 ille

243 679 394 750 prior
421 679 546 735 talis
571 680 795 733 minime
820 677 952 744 fuit,
985 677 1079 734 sed
1109 694 1138 733 a
1170 679 1418 734 lamentis
1445 680 1651 734 initium
1679 679 1848 735 duxit.

240 769 526 838 Siquidem
553 768 643 822 ubi
675 767 876 839 prodiit
905 768 1078 824 infans
1107 784 1171 823 ex
1201 779 1355 823 utero
1383 776 1438 824 et
1460 785 1525 825 ex
1554 769 1676 824 alvo
1704 769 1853 839 deje-

239 867 364 914 ctus
393 867 517 923 est,
545 859 774 928 primam
804 873 927 928 cum
949 859 1207 929 .lacrymis
1235 873 1420 914 vocem
1455 859 1652 926 mittit,
1695 868 1855 929 prout

238 947 376 1004 dixit
411 950 678 1020 quispiam
711 967 726 1003 :
761 949 990 1004 Primam
1016 966 1186 1005 vocem
1214 951 1429 1005 similem
1457 951 1688 1005 omnibus
1709 966 1851 1022 teque

239 1038 458 1106 plorans
491 1036 644 1108 (Sap.
681 1039 735 1093 7.
769 1039 844 1108 '5).
879 1039 983 1093 Per
1013 1038 1244 1094 lamenta
1284 1038 1549 1108 siquidem
1580 1040 1852 1109 ingressus

238 1129 296 1182 in
327 1135 497 1182 vitam
521 1169 536 1192 ,
571 1145 667 1198 per
696 1129 959 1201 laci-ymas
986 1128 1206 1184 exordia
1226 1168 1242 1194 ,
1274 1127 1401 1183 dum
1445 1127 1648 1186 futuras
1676 1129 1850 1184 mole-

237 1219 377 1274 stias
418 1228 608 1274 natura
651 1221 993 1290 praenuntiat.
1024 1218 1134 1276 Cur
1178 1219 1353 1289 plorat
1379 1219 1555 1279 infans
1582 1234 1703 1276 cum
1733 1220 1850 1277 exit

239 1309 295 1364 in
323 1310 550 1365 lucem?
579 1309 690 1365 liae
718 1310 788 1365 de
824 1325 984 1366 causa
1019 1328 1034 1364 :
1063 1318 1189 1364 ante
1217 1315 1492 1380 peccatum
1521 1309 1737 1380 quidem
1763 1309 1849 1366 di-

234 1399 400 1454 cebat
442 1399 620 1465 Deus,
647 1399 894 1465 Crescite,
925 1407 973 1453 et
1010 1399 1424 1466 multiplicamini
1453 1398 1605 1471 (Gen.
1639 1401 1690 1454 l.
1719 1399 1811 1472 28)
1831 1443 1845 1467 ,

234 1491 387 1562 quod
421 1500 541 1548 erat
567 1491 994 1546 benedictionis:
1019 1490 1148 1546 illud
1174 1500 1374 1556 autem,
1397 1489 1464 1545 In
1485 1490 1659 1550 dolore
1683 1495 1852 1562 paries

234 1583 379 1651 ﬁlios
411 1581 576 1653 (Gen.
613 1584 665 1637 5.
697 1583 829 1651 16),
871 1592 990 1651 post
1020 1592 1292 1650 peccatum
1331 1581 1534 1636 dictum
1563 1590 1679 1648 est,
1705 1583 1851 1653 quod

234 1683 360 1728 erat
383 1687 582 1745 pinnae.
607 1673 793 1745 Neque
813 1687 941 1728 vero
963 1674 1214 1745 lacrymaa
1241 1673 1293 1727 in
1321 1674 1595 1728 nativitate
1621 1682 1848 1742 tantum,

232 1766 334 1822 sed
364 1775 422 1821 et
449 1765 630 1821 fascia:
655 1775 711 1821 et
741 1763 955 1820 vincula
989 1783 1003 1821 :
1032 1765 1288 1836 lacrymte
1330 1764 1384 1824 in
1426 1765 1732 1832 nativitate,
1767 1764 1852 1819 la-

231 1873 444 1929 cryma;
466 1874 522 1914 in
546 1848 751 1914 morte:
775 1857 954 1913 fascize
973 1858 1025 1911 in
1048 1857 1344 1922 nativitate,
1366 1856 1545 1911 fasciae
1566 1857 1618 1913 in
1642 1866 1849 1913 morte:

234 1960 298 2005 ut
341 1950 615 2020 intelligas
654 1950 817 2003 vitam
860 1948 999 2004 banc
1029 1948 1083 2003 in
1114 1957 1343 2002 mortem
1370 1947 1651 2013 desinere,
1674 1957 1730 2002 et
1761 1947 1853 2002 illo

239 2040 354 2097 line
385 2041 685 2096 terminari.
713 2039 820 2096 Sed
850 2040 969 2095 talis
995 2054 1101 2094 non
1138 2047 1224 2094 est
1265 2039 1382 2094 haec
1410 2039 1677 2094 nativitas.
1710 2038 1851 2093 Nus-

237 2261 575 2306 PERICULO
643 2261 769 2304 NON
813 2260 1089 2314 CARERE,
1135 2259 1192 2302 SI
1234 2258 1594 2302 AUDITOBES
1636 2259 1718 2302 ΕΔ
1761 2261 1862 2303 ΤΔ(

1971 2262 2078 2318 NT,
2122 2261 2267 2315 ρυλε
2311 2265 2376 2308 IN
2445 2265 2743 2311 ECCLESIA
2812 2269 3162 2326 υιουιπῠιι,

327 2363 441 2407 REI
485 2362 736 2406 GBATLA’.
770 2360 1108 2404 ιιιοΑΝΤῠιι
1150 2358 1310 2402 ACTA
1374 2357 1833 2405 APOSTOLOBUII

1988 2362 2427 2422 PENTECOSTE;
2475 2367 2557 2409 ΕΤ
2598 2367 2724 2411 CUB
2768 2369 3036 2414 SEIPSUM

1957 516 2118 572 quam
2151 503 2406 575 lacrymt'c
2429 509 2486 557 et
2510 501 2712 567 fascia,
2736 501 2830 556 sed
2858 501 3064 558 solutus
3086 509 3173 558 εει
3191 503 3279 574 qui
3307 505 3565 573 nascitur,

1959 601 2014 647 et
2043 591 2110 646 ad
2138 601 2410 649 certamen
2457 601 2677 663 paratus
2709 608 2724 646 :
2759 603 3040 663 propterea
3069 603 3197 651 sunt
3222 597 3383 651 etiam
3413 598 3564 654 liberi

1957 681 2162 752 pedes,
2191 691 2246 738 et
2276 698 2498 751 manus,
2529 689 2592 738 ut
2621 690 2677 737 et
2711 691 2895 737 currat
2937 693 2992 739 et
3032 694 3229 754 pugnet
3259 703 3272 738 :
3305 701 3568 756 nusquam

1960 771 2193 828 lamenta
2218 813 2235 840 ,
2265 789 2527 845 nusquam
2566 776 2833 838 laci-ymae
2854 774 2943 829 hic
2963 814 2980 840 ,
3018 773 3113 829 sed
3143 776 3490 832 salutationes
3514 787 3571 831 et

1957 864 2140 918 oscula
2165 904 2181 927 ,
2226 873 2282 920 et
2323 865 2600 936 amplexus
2640 859 2872 919 fratrum
2917 867 3009 934 qui
3057 880 3223 920 suum
3263 867 3568 921 membrum

1957 964 2273 1023 agnoscunt,
2301 965 2356 1010 et
2381 963 2652 1026 tamquam
2682 973 2750 1012 ex
2786 954 3074 1024 longinqua
3103 972 3379 1012 reversum
3409 973 3568 1029 pere-

1956 1043 2259 1112 grinatione
2296 1045 2579 1115 recipiunt.
2615 1046 2746 1100 Nam
2777 1045 3032 1118 quoniam
3073 1056 3200 1103 ante
3232 1046 3570 1118 baptismum

1957 1131 2204 1189 inimicus
2229 1142 2378 1201 erat,
2409 1142 2532 1204 post
2563 1135 2890 1206 baptismum
2926 1139 3112 1192 autem
3141 1137 3345 1194 amicus
3373 1147 3456 1194 est
3487 1137 3569 1193 fa-

1956 1230 2075 1277 ctus
2113 1225 2416 1280 communis
2444 1225 2682 1280 omnium
2720 1234 2962 1282 nostrum
3003 1225 3255 1292 Domini,
3289 1218 3570 1298 propterea
3654 1306 3656 1309 τ

1956 1312 2290 1381 gratulamur
2316 1328 2545 1381 omnes;
2578 1315 2779 1372 ideirco
2806 1319 2966 1374 etiam
2995 1320 3236 1376 osculum
3265 1333 3372 1393 pax
3409 1334 3571 1374 voea-

1958 1412 2062 1469 tur,
2094 1415 2152 1458 ut
2178 1404 2450 1460 discamus
2476 1420 2506 1460 a
2533 1406 2644 1461 Deo
2671 1407 2878 1463 ﬁnitum
2909 1425 3031 1466 esse
3060 1411 3281 1482 bellum,
3306 1419 3365 1469 et
3387 1425 3492 1470 nos
3517 1413 3570 1468 in

1959 1493 2245 1548 amicitiam
2286 1495 2406 1564 ejus
2448 1505 2695 1565 receptos
2727 1513 2868 1553 esse.
2915 1500 3065 1557 Hane
3106 1502 3268 1573 igitur
3303 1510 3572 1575 perpetuo

1956 1597 2334 1639 conservemus
2357 1626 2369 1650 ,
2399 1587 2536 1641 hanc
2561 1602 2746 1656 pacem
2772 1587 3048 1644 faveamus
3066 1632 3083 1660 ,
3107 1591 3246 1646 hanc
3265 1594 3559 1651 amicitiam

1957 1689 2247 1744 augeamus
2266 1716 2282 1743 ,
2316 1686 2373 1731 ut
2401 1686 2607 1732 teterna
2636 1695 2850 1749 quoque
2882 1682 3225 1738 tabernacula
3265 1699 3560 1756 consequa-

1960 1780 2102 1833 mur,
2124 1768 2294 1835 gratia
2322 1775 2378 1821 et
2402 1767 2729 1838 benignitate
2757 1771 2966 1826 Domini
2993 1774 3157 1828 nostri
3186 1773 3314 1830 Iesu
3341 1774 3566 1844 Christi,

1963 1871 2058 1925 per
2081 1872 2243 1926 quem
2271 1867 2328 1913 et
2353 1874 2476 1915 cum
2503 1876 2612 1930 quo
2638 1861 2783 1916 Patri
2804 1862 2997 1932 gloria,
3032 1862 3226 1932 honor,
3257 1865 3565 1936 imperium,

1963 1963 2065 2003 una
2091 1963 2215 2004 cum
2243 1960 2432 2006 sancto
2457 1965 2521 2006 ac
2545 1952 2754 2008 vivifica
2782 1952 2983 2024 Spiritu
3004 1995 3018 2021 ,
3051 1970 3197 2010 nunc
3230 1965 3286 2012 et
3323 1970 3582 2026 semper,

1961 2049 2019 2095 et
2044 2042 2095 2094 iu
2129 2043 2320 2096 saecula
2348 2043 2691 2098 saaculorum.
2727 2046 2924 2099 Amen.

1892 2171 2047 2184 —

3233 2272 3315 2316 ET
3373 2273 3581 2318 00109

3105 2371 3232 2416 non
3287 2363 3570 2418 amamus

321 2461 638 2507 CHRISTUS
679 2439 1100 2512 OSTENDBBIT,
1145 2458 1279 2501 CUI
1322 2458 1753 2525 SURREXISSET
1792 2460 1834 2502 Δ
1876 2460 2192 2519 MORTUIS;
2239 2464 2506 2518 EUMQUE
2548 2467 2766 2511 κυιτο
2809 2469 3179 2516 CLARIOBEM
3224 2472 3365 2516 IPSO
3404 2473 3580 2517 CON-

321 2562 567 2606 θρεοτο
611 2557 1247 2604 nnuousrns'rtonsu
1288 2555 1670 2600 nxmnmsss
1715 2550 2259 2605 nasonucrioms
2304 2561 2427 2611 Pun
2470 2564 2822 2622 MIRACULA,
2868 2567 3013 2620 qua;
3057 2570 3222 2613 sum
3264 2572 3363 2614 Αη-
3404 2572 3580 2617 ηο-

323 2661 545 2707 srous
588 2660 783 2704 satu
828 2639 941 2721 (a).
981 2673 985 2676 ν

1784 2772 2051 2826 εαοοωθ

315 2899 372 2954 1.
411 2894 639 2952 Usuram
663 2894 909 2949 doctrina
932 2900 1152 2962 accepta:
1175 2891 1334 2963 exigit
1355 2889 1514 2946 Deus.
1541 2889 1740 2945 Usum:
1768 2889 1859 2959 qui

241 2993 459 3062 exigunt
487 3005 641 3059 quam
679 2988 842 3058 iniqui
877 2987 1001 3042 sint.
1029 3015 1102 3027 —
1131 2985 1386 3055 Majorem
1414 2983 1578 3039 debiti
1612 2990 1819 3054 partem
1839 3018 1857 3046 ,

240 3083 392 3154 quod
413 3098 483 3136 ex
506 3080 792 3135 occasione
819 3075 1181 3147 inscriptionis
1203 3076 1458 3130 Actorum
1480 3071 1858 3143 Apostolorum

239 3171 656 3236 contraximus,
684 3167 1054 3239 superioribus
1082 3167 1239 3221 vobis
1261 3164 1452 3219 diebus
1481 3162 1810 3218 exsalvimus
1843 3179 1856 3216 :

241 3262 344 3319 sed
372 3260 637 3332 quoniam
681 3257 954 3312 modicum
991 3255 1169 3310 adhuc
1211 3251 1557 3323 reliquiarum
1587 3251 1862 3322 quippiam

241 3363 461 3420 restat,
497 3352 602 3407 hoc
639 3363 852 3420 quoque
889 3346 1044 3403 vobis
1072 3345 1334 3401 hodierno
1361 3344 1450 3400 die
1488 3352 1865 3400 numeraturus

243 3459 509 3513 exsurgo.
542 3444 626 3496 An
652 3455 784 3495 vero
807 3439 1093 3510 diligenter
1117 3451 1204 3501 ea,
1232 3450 1351 3505 qua:
1381 3435 1520 3490 dicta
1561 3441 1703 3497 sunt,
1734 3447 1865 3487 con-

244 3537 485 3592 servetis
504 3574 520 3599 ,
546 3543 602 3588 et
623 3532 867 3586 studiose
892 3528 1150 3585 memoria
1181 3527 1412 3602 teneatis
1431 3568 1447 3594 ,
1476 3541 1575 3581 vos
1602 3525 1753 3581 scitis
1774 3525 1864 3594 qui

247 3629 519 3699 pecunias
553 3624 870 3694 accepistis,
897 3632 952 3677 et
976 3636 1006 3675 a
1037 3621 1231 3691 quibus
1260 3621 1483 3675 istarum
1520 3619 1866 3687 pecuniarum

245 3720 524 3775 rationem
549 3717 601 3770 in
627 3715 720 3769 illa
743 3715 831 3769 die
852 3713 1035 3784 exiget
1062 3712 1336 3774 Dominus,
1361 3726 1484 3765 cum
1503 3710 1611 3786 illi,
1639 3725 1866 3779 quorum

250 3811 379 3867 fidei
410 3809 617 3863 talenta
645 3808 936 3862 commissa
965 3811 1107 3868 sunt,
1137 3802 1492 3866 vocabuntur,
1521 3810 1577 3856 et
1602 3801 1864 3854 rationem

247 3902 491 3959 reddent
516 3917 528 3951 :
553 3915 675 3954 cum
698 3897 941 3953 Christus
965 3895 1238 3960 adveniet,
1263 3902 1317 3949 et
1339 3908 1368 3946 a
1396 3893 1707 3947 numulariis
1730 3891 1868 3947 hanc

248 3996 547 4065 pecuniam
575 3993 753 4060 exiget
791 4004 912 4043 cum
945 3988 1141 4043 usuris.
1179 3984 1418 4054 Oportuit
1448 3985 1590 4041 enim
1610 4026 1626 4052 ,
1659 3985 1865 4054 inquit,

249 4096 301 4137 te
319 4082 640 4136 committere
663 4080 928 4150 pecuniam
954 4093 1119 4130 meum
1143 4073 1470 4140 numulariis,
1496 4084 1541 4128 et
1561 4077 1759 4129 veniens
1779 4091 1870 4146 ego

249 4189 372 4226 cum
395 4187 559 4225 usura
587 4171 859 4240 exegissem
886 4168 1030 4221 illam
1051 4165 1268 4235 (Matth.
1294 4166 1385 4220 25.
1411 4165 1529 4234 Ἦ).
1552 4165 1598 4220 Ο
1623 4180 1867 4234 magnam

249 4272 311 4316 et
355 4261 686 4315 ineffabilem
729 4259 938 4314 Domini
981 4257 1400 4327 benignitatem!
1435 4256 1536 4322 Qui
1565 4255 1871 4310 hominibus

253 4355 519 4424 prohibet
545 4366 732 4406 usuras
758 4366 828 4406 ue
857 4350 1072 4419 exigant
1091 4389 1106 4413 ,
1144 4349 1257 4418 ipse
1297 4349 1460 4417 exigit
1497 4363 1706 4403 usuras.
1732 4348 1870 4414 Quid

251 4447 328 4500 ita
353 4446 381 4498 Ἰ
411 4443 677 4511 Quoniam
707 4440 1010 4496 damnanda
1039 4447 1122 4495 est
1149 4453 1310 4495 usura
1347 4439 1437 4493 illa
1463 4445 1519 4494 et
1548 4440 1874 4494 accusationi

251 4536 541 4601 obnoxia;
591 4535 706 4589 haec
754 4542 933 4588 autem
978 4532 1262 4587 laudabilis
1305 4540 1360 4587 et
1405 4532 1873 4588 commendatione

251 4631 448 4700 digna.
486 4626 668 4698 Itaque
692 4641 849 4680 usura
878 4625 993 4692 illa,
1015 4626 1386 4696 pecuniarum,
1415 4626 1652 4694 inquam,
1677 4634 1730 4680 et
1750 4641 1874 4679 eum

250 4725 346 4792 qui
379 4720 614 4788 accipit,
645 4726 701 4773 et
729 4733 849 4772 eum
880 4720 973 4787 qui
1001 4719 1200 4785 solvit,
1231 4718 1429 4773 damno
1455 4717 1624 4772 afficit
1657 4735 1669 4770 :
1703 4718 1873 4788 siqui-

251 4814 385 4869 dem
434 4820 489 4865 et
518 4811 635 4879 ejus
663 4811 753 4879 qui
781 4810 1007 4878 accipit,
1037 4810 1268 4865 animam
1311 4809 1520 4880 perdit,
1554 4822 1609 4864 et
1643 4810 1759 4879 ejus
1784 4812 1872 4880 qui

251 4904 462 4967 solvit,
502 4911 790 4969 egesmtem
833 4899 1039 4969 afﬂigit.
1083 4901 1219 4966 Quid
1263 4903 1405 4956 enim
1449 4901 1717 4957 crudelius
1761 4901 1876 4958 fieri

256 5004 466 5063 potem,
495 5006 653 5060 quam
677 5005 798 5043 cum
826 5005 888 5044 ex
920 4990 1147 5059 proximi
1175 5001 1410 5061 egestate
1436 4992 1700 5062 quispiam
1731 5008 1878 5063 qum-

255 5095 407 5139 stum
437 5083 593 5147 facit,
613 5093 666 5135 et.
691 5081 750 5135 in
777 5082 996 5136 fratrum
1020 5083 1410 5137 calamitatibus
1436 5083 1598 5138 lucra
1611 5087 1878 5140 sectatur?

255 5192 388 5230 cum
409 5177 539 5245 quis
566 5175 906 5244 benignitatis
934 5176 1136 5229 larvam
1163 5187 1402 5245 gestans,
1433 5177 1874 5234 inhumanitatem

257 5281 489 5320 onmem
529 5273 780 5327 exercet,
812 5275 868 5319 et
901 5267 988 5335 qui
1030 5267 1305 5337 porrigere
1336 5283 1551 5323 manum
1586 5269 1873 5333 debuerat.

257 5373 389 5412 eum
436 5357 492 5410 in
540 5356 848 5410 barathrum
881 5358 1164 5426 propellit,
1190 5360 1277 5426 qui
1309 5360 1547 5414 subsidio
1579 5361 1879 5431 indigebat?

260 5447 407 5514 Quid
438 5447 596 5511 facis,
623 5447 694 5500 mi
721 5446 883 5501 homo
903 5447 932 5500 ?‘
951 5448 1066 5503 Non
1099 5450 1298 5504 idcirco
1322 5450 1386 5504 ad
1418 5459 1534 5506 tuas
1569 5455 1769 5523 appulit
1801 5456 1878 5509 fo-

264 5553 358 5593 res
395 5552 640 5606 pauper,
689 5547 744 5590 ut
787 5537 950 5606 ipsius
996 5555 1197 5609 augeas
1245 5552 1641 5610 paupertatem,
1684 5545 1777 5599 sed
1825 5556 1880 5600 ut

264 5627 448 5697 ipsum
484 5627 686 5682 liberes
719 5638 1029 5697 paupertate
1060 5649 1072 5683 :
1102 5639 1156 5684 at
1186 5640 1238 5684 tu
1283 5632 1504 5700 perinde
1542 5636 1654 5705 agis
1675 5678 1688 5703 ,
1722 5646 1880 5707 atque

330 5737 409 5806 (τι)
443 5736 762 5806 (:ollata_eum_
782 5745 862 5788 Ms.
879 5739 1089 5806 colbert.
1115 5741 1254 5798 5038,
1282 5743 1328 5806 in
1354 5757 1450 5806 quo
1468 5746 1722 5798 innumera
1739 5763 1878 5800 meu-

265 5805 352 5854 da.
372 5805 486 5849 tunc
512 5800 717 5851 Humilia
734 5801 879 5852 deest
900 5803 947 5850 in
965 5802 1176 5853 Editione
1194 5803 1368 5854 Smllll.

1968 2888 2044 2943 illi
2075 2891 2166 2960 qui
2195 2907 2401 2948 venena
2431 2905 2659 2952 miscent
2690 2913 2704 2953 :
2731 2895 3168 2968 quandoquidem
3202 2901 3314 2972 ipsi"
3333 2901 3460 2958 dum
3489 2904 3589 2962 illa.

1968 2982 2242 3037 consuetis
2279 2984 2416 3039 cibis
2460 2985 2787 3054 admiscent,
2820 2989 3062 3045 occultas
3097 2991 3169 3047 ita
3213 3003 3405 3062 parant
3443 2995 3592 3050 insi-

1969 3068 2088 3126 dias
2117 3088 2130 3125 :
2161 3071 2250 3126 isti
2279 3089 2492 3145 quoque
2530 3076 2658 3130 dum
2702 3077 3054 3148 benignitatis
3091 3083 3270 3151 specie
3308 3084 3596 3154 pernicie--

1969 3173 2085 3215 sam
2116 3176 2332 3216 usuram
2359 3165 2654 3231 occultant,
2680 3166 2861 3222 damni
2888 3170 2971 3225 sui
3001 3186 3220 3228 sensum
3246 3187 3444 3245 capere
3469 3192 3595 3231 non

1968 3251 2156 3308 sinunt
2173 3269 2288 3322 eos,
2313 3256 2402 3325 qui
2423 3255 2698 3313 letiferum
2725 3257 2853 3314 illud
2879 3270 3004 3316 sunt
3022 3277 3289 3319 venenum
3317 3265 3597 3322 hausturia

1971 3341 2333 3408 Quamobrem
2363 3345 2414 3400 id
2442 3347 2582 3416 quod
2622 3348 2690 3404 de
2733 3360 2956 3420 peccato
2989 3351 3193 3410 dictum
3225 3366 3347 3424 est,
3379 3372 3583 3430 oppor-

1976 3441 2104 3488 tune
2146 3438 2343 3504 poterit
2370 3446 2428 3492 et
2455 3437 2522 3493 de
2552 3439 2654 3494 illis
2683 3443 2776 3511 qui
2819 3442 3008 3499 faenori
3046 3444 3213 3514 dant,
3241 3459 3297 3502 et
3336 3460 3584 3506 mutuum

1973 3525 2264 3596 accipiunt,
2293 3526 2492 3582 efferri.
2521 3529 2660 3597 Quid
2693 3547 2856 3602 porro
2883 3534 3086 3590 dictum
3117 3548 3199 3592 est
3224 3538 3294 3593 de
3322 3544 3586 3609 peccata?

1973 3616 2056 3669 Ad
2097 3626 2331 3686 tempus,
2373 3619 2578 3686 inquit,
2623 3623 2810 3676 mulcet
2849 3628 3022 3694 fauces
3063 3635 3178 3681 tuas
3207 3644 3227 3682 :
3256 3639 3431 3700 postea
3469 3648 3586 3687 vero

1972 3708 2199 3762 amarius
2221 3709 2355 3762 illud
2381 3709 2502 3779 felle
2525 3711 2765 3779 invenies,
2792 3723 2837 3768 ct
2861 3717 3023 3786 magis
3049 3728 3274 3786 acutum,
3298 3738 3450 3793 quam
3471 3723 3589 3794 gla-

1973 3797 2115 3851 dium
2144 3800 2416 3869 ancipitem
2446 3801 2646 3873 (Prov.
2689 3805 2742 3859 5.
2784 3807 2837 3861 5.
2876 3808 2967 3877 4).
3015 3809 3128 3866 Hoc
3173 3811 3335 3882 igitur
3358 3824 3412 3868 et
3440 3815 3493 3870 in
3523 3817 3588 3870 iis

1973 3891 2199 3956 accidit,
2228 3894 2318 3961 qui
2355 3891 2565 3950 fmnore
2601 3897 2873 3966 accipiunt
2906 3917 2920 3954 :
2956 3900 3222 3970 siquidem
3256 3919 3379 3959 cum
3421 3921 3588 3974 pecu-

1975 3980 2092 4034 nias
2119 3980 2314 4050 accipit
2352 3983 2444 4052 qui
2474 3985 2557 4038 eis
2598 3985 2838 4054 indiget,
2868 3989 3061 4058 exiguo
3098 3994 3351 4061 quapiam
3392 3996 3588 4050 solatia

1975 4071 2042 4126 ad
2074 4083 2284 4141 tempus
2318 4073 2510 4128 fruitur
2540 4093 2551 4129 :
2582 4087 2771 4146 postea
2799 4094 2928 4133 vero
2960 4081 3050 4135 ubi
3093 4082 3267 4139 faenus
3311 4088 3545 4141 accrevit
3570 4129 3584 4151 .

1976 4171 2031 4214 et
2065 4162 2237 4232 majus
2277 4164 2481 4218 viribus
2528 4164 2728 4221 factum
2766 4176 2850 4222 est
2887 4184 3062 4238 onus,
3091 4172 3247 4227 dulce
3283 4174 3412 4229 illud
3443 4178 3588 4246 quod

1977 4248 2162 4306 fauces
2201 4253 2670 4323 impinguaverat,
2709 4256 2831 4313 felle
2870 4260 3109 4316 amarius
3149 4263 3349 4318 sentiet
3386 4263 3592 4322 factum

1980 4357 2134 4410 esse,
2164 4353 2324 4414 atque
2349 4347 2560 4401 acutius
2598 4347 2774 4417 gladio
2812 4351 3028 4420 ancipiti
3056 4393 3072 4420 ,
3113 4354 3404 4426 statimque
3435 4357 3594 4413 bonis

1980 4434 2229 4488 omnibus
2257 4437 2491 4504 paternis
2516 4438 2711 4493 cedere
2741 4452 2984 4509 cogetur.

2050 4525 2106 4578 2.
2151 4525 2344 4581 Verum
2387 4531 2664 4585 enimvero
2706 4542 2735 4585 a
2775 4532 3063 4588 sensilibus
3091 4536 3158 4589 ad
3186 4553 3248 4591 ea
3277 4554 3395 4606 quae
3427 4541 3594 4610 spiri-

1981 4617 2144 4671 tualia
2174 4628 2299 4672 sunt
2332 4620 2632 4675 orationem
2673 4622 3036 4680 traducamus.
3076 4625 3351 4695 Oportuit,
3387 4632 3594 4701 inquit,

1983 4719 2030 4762 te
2058 4711 2366 4764 committere
2401 4716 2668 4782 pecuniam
2708 4731 2870 4768 meum
2911 4718 3214 4773 numulariis
3247 4720 3470 4788 (Matth.
3499 4724 3593 4780 25.

1981 4799 2075 4870 27)
2101 4841 2116 4865 ,
2147 4799 2291 4855 illius
2329 4804 2566 4870 pecunia:
2602 4806 2934 4861 numularios
2967 4823 3063 4864 vos
3097 4811 3375 4879 appellans
3400 4816 3594 4869 verbo-

1985 4905 2102 4943 rum
2149 4891 2370 4945 istorum
2415 4893 2704 4950 auditores.
2741 4895 2909 4963 Quam
2950 4914 3079 4954 vero
3117 4901 3188 4955 ob
3228 4918 3443 4958 causam
3488 4923 3596 4960 nu-

1985 4982 2238 5036 mularios
2282 4998 2377 5037 vos
2429 4983 2570 5038 Deus
2616 4987 2943 5054 appellavit?
2974 4989 3038 5044 Ut
3080 5005 3268 5046 omnes
3307 4993 3499 5049 doceat
3528 4997 3608 5053 ad.

1983 5073 2337 5127 examinanda
2369 5090 2467 5139 ea,
2503 5091 2622 5145 qure
2661 5075 2944 5144 dicuntur,
2992 5081 3131 5136 idem
3173 5084 3410 5138 studium
3459 5100 3593 5140 con»

1985 5163 2128 5219 ferre
2151 5205 2168 5230 ,
2202 5165 2341 5233 quod
2392 5166 2462 5219 illi
2502 5167 2795 5235 adhibent,
2828 5184 2949 5225 cum
2981 5173 3305 5241 exploranda
3339 5177 3424 5232 vel
3457 5177 3594 5232 infe-

1985 5257 2151 5310 renda
2176 5267 2299 5311 sunt
2323 5259 2668 5314 numismata.
2690 5260 2822 5316 Nam
2846 5273 2901 5316 ut
2927 5267 3212 5320 numularii
3234 5268 3598 5326 adulterinum

1987 5357 2039 5401 et
2078 5363 2359 5429 perperam
2402 5349 2666 5417 signatum
2703 5354 2967 5409 nomisma
3004 5359 3322 5426 repudiant,
3366 5361 3596 5429 probum

1987 5448 2038 5491 et
2074 5423 2334 5507 integrum
2363 5439 2672 5505 admittunt,
2692 5451 2745 5496 et
2773 5443 3126 5500 adulteratnm
3157 5463 3185 5500 a
3217 5452 3450 5518 genuino
3479 5452 3594 5506 dis-

1985 5516 2235 5598 tinguunt
2262 5548 2275 5583 :
2305 5531 2372 5583 ita
2401 5532 2482 5585 fac
2523 5541 2575 5585 tu
2614 5549 2844 5603 quoque,
2875 5551 3048 5605 neque
3078 5553 3381 5594 sermonem
3409 5558 3597 5612 quem-

1988 5619 2068 5673 vis
2099 5620 2339 5685 admitte,
2373 5623 2466 5676 sed
2512 5623 2867 5680 adulterinum
2905 5630 3141 5698 quidem,
3172 5643 3596 5705 corruptuqu

1989 5710 2084 5764 aliis
2114 5720 2163 5766 te
2194 5713 2390 5782 rejice,
2426 5715 2690 5782 integrum
2735 5728 2911 5772 autem
2947 5729 3003 5774 et
3043 5722 3333 5776 salutarem
3367 5726 3418 5777 in
3451 5735 3595 5782 tuam

1992 5815 2225 5861 mentem
2257 5807 2498 5862 admitto.
2534 5808 2668 5863 Sunt
2699 5811 2841 5866 enim
2864 5852 2880 5879 ,
2913 5822 3035 5868 sunt
3065 5815 3225 5868 etiam
3260 5815 3350 5870 tibi
3385 5821 3604 5870 staterae
