4212 6290
702 369 773 425 99
926 426 933 433 ,
1471 369 1528 424 S.
1571 368 1850 425 JOANNIS
1887 362 2360 422 CllltYSOS'l'Uﬂli
2400 364 2717 421 ARCIHEP.
2758 368 3294 428 CONSTANTINOP.

702 498 765 539 ac
802 482 1018 552 trutina:
1040 523 1055 549 ,
1095 496 1200 536 non
1244 497 1307 535 ex
1359 497 1467 537 τετε
1510 482 1756 552 ferroque
1790 481 2035 536 conﬂata:
2056 523 2070 547 ,
2099 478 2195 535 sed
2223 493 2291 534 ex

702 550 911 627 morum
942 573 1252 628 castimdnia
1280 581 1336 627 et
1369 572 1474 627 ﬁde
1501 550 1842 642 compositzc,
1870 583 2028 640 atque
2058 571 2141 625 his
2171 586 2291 624 om-

701 681 824 719 nem
867 679 1169 720 sermonem
1214 665 1479 718 exauiina.
1522 664 1806 733 Pr0pterea
1850 660 2286 730 namque‘dixit,

703 754 887 808 Estote
916 753 1065 821 probi
1096 753 1398 822 trapezitae,
1430 768 1535 807 non
1566 761 1624 807 ut
1651 754 1701 807 in
1733 752 1850 806 foro
1882 761 2085 806 stantes
2122 766 2290 821 pecu-

723 844 816 895 tias
844 842 1152 908 numerelis,
1178 841 1272 898 sed
1297 852 1355 896 ut
1381 843 1525 895 omni
1550 840 1789 895 adhibito
1809 842 1990 895 studio
2012 856 2289 897 sermones

697 930 1014 986 examinetis
1037 950 1051 985 :
1078 942 1356 1001 prapterea
1385 930 1577 986 Paulus
1599 944 1811 1000 quoque
1830 930 1968 986 dixit
1991 933 2285 1001 apostolus,

699 1021 886 1074 Omnia
924 1023 1134 1091 probate
1154 1063 1169 1084 ,
1198 1023 1333 1092 quod
1364 1033 1527 1074 autem
1571 1022 1756 1076 bonum
1793 1033 1865 1077 est
1885 1064 1902 1089 ,
1934 1033 2096 1079 tenete
2121 1025 2287 1079 solum

696 1112 775 1183 (l.
802 1110 985 1167 Thess.
1015 1114 1070 1167 5.
1096 1113 1207 1181 ει).
1239 1111 1421 1181 Neque
1454 1126 1578 1166 vero
1620 1122 1835 1181 propter
1862 1114 2283 1182 explorationem

696 1211 901 1258 tantum
946 1204 1229 1273 trapezitas
1262 1203 1587 1272 appellavit,
1615 1202 1711 1257 sed
1738 1211 1792 1257 et
1821 1212 2038 1273 propter
2060 1219 2280 1267 eorum,

693 1309 816 1363 qua:
834 1295 1114 1348 com:nissa
1143 1302 1286 1359 sunt,
1310 1293 1757 1347 distributionem.
1778 1293 1910 1347 Nam
1933 1301 1987 1348 et
2013 1296 2285 1363 trapezita:

694 1385 741 1439 si
784 1385 1035 1454 pecunias
1063 1393 1310 1453 acceptas
1341 1392 1544 1437 tantum
1581 1382 1726 1438 domi
1766 1382 2077 1450 recludant,
2109 1399 2282 1451 neque

696 1475 750 1529 in
780 1476 914 1529 alios
952 1475 1069 1528 illas
1093 1474 1447 1537 distribuant,
1483 1484 1626 1528 totus
1656 1473 1759 1529 illis
1788 1483 2024 1544 quaestus
2052 1473 2276 1543 peribit;

690 1574 851 1633 atque
894 1564 1035 1619 idem
1084 1564 1274 1618 accidit
1322 1563 1675 1622 auditoribus.
1722 1565 1779 1620 Si
1819 1566 1961 1619 enim
2005 1575 2279 1633 acceptam

690 1656 988 1711 doctrinam
1020 1656 1159 1726 apud
1190 1666 1242 1711 te
1268 1657 1575 1720 concludas,
1605 1671 1703 1710 nec
1733 1656 1786 1709 in
1824 1657 1960 1710 alios
1988 1655 2273 1720 diﬂundas,

690 1757 801 1801 tota
834 1748 923 1801 tibi
963 1750 1014 1802 in
1044 1730 1278 1802 mihilum
1322 1748 1525 1801 recidet
1563 1748 1871 1816 negotiatio.
1904 1748 2194 1815 Propterea
2224 1747 2277 1801 in

690 1840 793 1909 illis
818 1841 1053 1909 quotidie
1081 1838 1323 1893 videmus
1350 1839 1576 1893 ofﬁcinis
1606 1838 1849 1893 homines
1878 1841 2015 1892 ultro
2036 1838 2278 1907 citroque

686 1946 1006 1986 commeare.
1035 1932 1146 1986 Hoc
1174 1932 1332 2000 igitur
1357 1942 1410 1986 et
1441 1932 1490 1985 in
1518 1932 1757 1986 doctrina
1789 1942 2033 1986 servetur
2063 1950 2075 1984 :
2103 1930 2279 2001 Siqui-

686 2023 805 2075 dem
849 2022 987 2090 apud
1026 2022 1355 2075 numularios
1399 2021 1517 2075 illos
1564 2022 1697 2076 alios
1735 2021 1978 2076 videmus
2027 2023 2276 2091 pecunias

686 2112 1043 2177 committere,
1074 2112 1206 2165 alios
1233 2112 1474 2180 accipere
1500 2113 1677 2165 statim
1703 2120 1757 2165 et
1780 2112 1948 2178 abire,
1980 2111 2137 2180 idque
2164 2121 2275 2165 toto

684 2201 771 2255 die
802 2200 914 2253 ﬁeri
943 2200 1115 2269 quivis
1156 2209 1330 2269 potest
1362 2215 1602 2255 cernere.
1648 2200 1782 2255 Hine
1820 2200 1912 2267 ﬁt,
1945 2211 2004 2255 ut
2031 2202 2275 2270 quamvis

686 2288 912 2358 propria:
939 2288 1157 2342 minime
1185 2289 1293 2344 sint
1318 2288 1426 2342 illis
1450 2289 1709 2358 pecuniae,
1736 2290 1856 2358 quia
1887 2299 2063 2344 tamen
2092 2290 2156 2344 ad
2184 2304 2271 2355 ea,

683 2396 802 2448 ιμιλιι
834 2382 1132 2436 necessaria
1160 2391 1303 2447 sunt,
1332 2382 1439 2436 illis
1472 2390 1708 2447 utuntur,
1738 2381 1960 2435 multum
1990 2396 2053 2435 ex
2084 2381 2271 2434 alienis

682 2472 887 2526 lucrum
926 2472 1227 2542 colligatur.
1270 2472 1345 2527 ita
1389 2474 1472 2527 fac
1515 2481 1571 2526 tu
1610 2487 1840 2542 quoque.
1869 2473 1984 2527 Non
2019 2485 2145 2528 sunt
2181 2483 2269 2527 tua

682 2569 797 2617 true
822 2564 1053 2633 eloquia,
1076 2564 1167 2618 sed
1197 2564 1425 2632 Spiritus
1452 2565 1618 2617 sancti
1655 2582 1668 2615 :
1695 2564 1739 2618 si
1772 2574 1948 2619 tamen
1975 2565 2077 2619 illis
2104 2565 2271 2635 probe

681 2656 753 2705 uti
783 2655 1017 2717 noveris,
1049 2653 1273 2707 multum
1303 2654 1394 2706 tibi
1426 2653 1700 2721 spirituale
1733 2653 1938 2707 lucrum
1969 2669 2225 2724 congeres
2251 2672 2268 2709 :

682 2744 882 2797 idcirco
906 2752 961 2798 et
984 2743 1127 2798 Deus
1156 2759 1251 2797 vos
1278 2744 1606 2797 numularios
1631 2744 1932 2812 appellavit.
1962 2745 2067 2799 Cur
2090 2756 2267 2801 autem

679 2848 980 2889 sermonem
1006 2836 1282 2903 pecuniam
1307 2834 1627 2905 appellavit?
1644 2834 1795 2900 Quod
1820 2835 2067 2891 nimirum
2090 2852 2269 2907 quem-

676 2925 966 2980 admodum
1001 2926 1221 2996 pecunia
1261 2925 1492 2994 perfecta
1536 2926 1675 2995 regis
1710 2925 1887 2997 efﬁgie
1915 2927 2159 2998 insignita
2187 2937 2270 2984 est

678 3017 802 3084 (nisi
830 3019 971 3072 enim
999 3033 1117 3072 eam
1145 3032 1451 3088 expressam
1482 3018 1693 3084 habeat,
1721 3020 1886 3089 proba
1913 3023 2135 3090 pecunia
2158 3039 2265 3077 non

677 3121 781 3177 est,
809 3111 903 3166 sed
932 3110 1130 3166 dicitur
1156 3109 1498 3183 adulterina),
1530 3111 1609 3166 sic
1641 3120 1694 3166 et
1730 3111 2023 3167 doctrinam
2054 3113 2176 3168 ﬁdei
2205 3112 2268 3167 ﬁ-

676 3218 864 3269 guram
895 3218 959 3257 ac
984 3214 1161 3258 notam
1188 3205 1452 3258 sermonis
1480 3213 1688 3274 oportet
1729 3205 2015 3275 perfectam
2048 3206 2266 3263 habere.

680 3296 885 3347 ltursus
913 3294 1257 3363 pecuniarum
1286 3308 1411 3349 usus
1440 3296 1601 3351 vitam
1631 3311 1844 3351 omnem
1877 3308 2111 3352 nostram
2140 3314 2268 3354 con-

678 3388 849 3449 tinet,
880 3395 934 3439 et
962 3395 1327 3440 contractuum
1367 3387 1607 3443 omnium
1644 3390 1978 3445 occasionem
2020 3390 2262 3459 pricbet,

674 3487 733 3530 et
757 3493 851 3531 seu
881 3477 949 3530 sit
977 3477 1262 3531 emendum
1288 3477 1555 3548 quidpiam
1582 3520 1597 3543 ,
1632 3492 1727 3534 seu
1755 3481 2089 3536 vendendum
2115 3522 2129 3547 ,
2174 3499 2268 3551 per

678 3567 772 3619 lus
801 3577 987 3620 cuncta
1019 3568 1341 3637 peragimus.
1376 3569 1487 3624 lloc
1526 3568 1666 3623 idem
1707 3570 1763 3623 lit
1798 3571 1848 3624 iu
1877 3572 2116 3625 doctrina
2142 3613 2157 3637 ,
2190 3575 2263 3626 si-

673 3656 887 3725 quidem
918 3656 1272 3725 spiritualium
1296 3661 1507 3711 occasio
1535 3670 1899 3714 contractuum
1929 3672 1984 3714 et
2012 3662 2157 3715 radix
2185 3674 2268 3718 est

675 3748 965 3815 spiritualis
991 3747 1103 3801 luce
1134 3748 1353 3815 pecunia
1382 3767 1394 3801 :
1419 3764 1523 3817 quo
1555 3748 1631 3814 ﬁt,
1656 3748 1780 3802 utsi
1805 3750 1930 3819 quid
1958 3766 1986 3804 a
2019 3752 2124 3804 Deo
2144 3767 2267 3807 coe-

673 3853 821 3893 mere
847 3838 1172 3892 voluerimus
1195 3879 1210 3901 ,
1249 3850 1527 3893 numerato
1558 3841 1701 3908 prius
1729 3855 1944 3909 precum
1981 3857 2262 3905 sermone,

679 3939 789 3982 tum
811 3928 1027 3983 demum
1057 3928 1184 3981 illud
1204 3928 1548 3997 accipiamus,
1572 3930 1711 3999 quod
1735 3932 2087 3998 postulamus.
2110 3933 2261 3999 Quod

679 4021 723 4073 si
755 4020 1109 4089 negligentem
1138 4019 1350 4073 fratrem
1381 4020 1653 4074 videamus
1677 4062 1693 4087 ,
1723 4031 1881 4090 atque
1913 4034 2218 4090 pereuntem
2242 4064 2262 4089 ,

676 4112 723 4164 si
759 4120 1023 4178 tamquam
1066 4112 1343 4177 pecuniam
1373 4110 1630 4164 doctrina:
1672 4126 1975 4165 sermonem
2013 4128 2262 4167 munera-

674 4202 928 4265 vcrimus,
952 4200 1174 4253 salutem
1200 4199 1364 4268 ipsius
1387 4200 1727 4263 lucrabimur,
1746 4212 1797 4254 et
1819 4203 1981 4255 vitam
2001 4218 2261 4258 cinemus.

750 4290 986 4345 Doctoris
1020 4306 1225 4343 munere
1249 4290 1460 4359 quisque
1502 4291 1646 4361 fungi
1678 4301 1867 4359 potest,
1896 4296 2166 4361 quomodo.
2192 4326 2264 4335 -—

679 4382 848 4449 Quam
875 4383 946 4434 ob
973 4396 1188 4435 causam
1216 4380 1361 4433 omni
1387 4396 1488 4448 ope
1513 4393 1814 4451 conatuque
1837 4384 2130 4437 curandum
2158 4397 2259 4451 est,

678 4481 730 4525 ut
756 4472 933 4527 omnia
962 4484 1361 4533 conservemus,
1402 4484 1466 4523 ac
1507 4472 1759 4524 memoria
1789 4481 2097 4541 teneamus,
2123 4487 2179 4529 ut
2208 4478 2259 4531 in

674 4564 810 4618 alios
860 4562 947 4615 illa
998 4562 1410 4625 distribuamus,
1461 4560 1722 4631 siquidem
1768 4576 1795 4615 a
1846 4566 1998 4620 nobis
2049 4582 2261 4638 quoque

677 4672 850 4710 usum:
892 4654 1232 4724 pecuniarum
1286 4652 1506 4706 istarum
1548 4654 1856 4723 exiguntur.
1913 4657 2261 4714 Attendamus

675 4749 853 4819 igitur,
885 4748 1009 4800 dum
1032 4761 1123 4799 eas
1167 4747 1487 4816 recepimus,
1530 4754 1661 4800 utet
1702 4747 1754 4800 in
1786 4748 1917 4801 alios
1941 4747 2259 4807 distribuere

676 4841 927 4910 pecunias
968 4839 1265 4907 possimus;
1311 4837 1737 4908 quandoquidem
1788 4842 1830 4893 si
1888 4842 2047 4909 velit,
2096 4861 2258 4899 unus-

673 4931 899 5001 quisque
926 4939 1164 4983 nostrum
1192 4928 1417 4983 docendi
1448 4938 1530 4983 est
1559 4930 1814 4998 prmditus
1837 4930 2105 4987 facultate.
2140 4934 2253 4990 Non

672 5032 822 5089 potes
850 5032 1046 5074 tantam
1088 5019 1374 5073 Ecclesiam
1420 5020 1721 5089 corrigere;
1750 5030 1804 5075 at
1847 5033 2001 5091 potes
2027 5041 2249 5080 uxorein

674 5124 816 5164 tuam
864 5124 1101 5163 monere.
1142 5108 1259 5163 Non
1288 5119 1436 5176 potes
1484 5118 1681 5162 tantam
1729 5111 1926 5179 alloqui
1966 5115 2255 5169 multitudi-

673 5218 825 5265 nem;
858 5211 913 5253 at
942 5200 1105 5253 lilium
1140 5210 1282 5252 tuum
1322 5210 1470 5267 potes
1498 5198 1565 5251 ad
1607 5200 1869 5255 saniorem
1902 5214 2134 5257 mentem
2168 5221 2252 5261 re-

671 5295 887 5348 ducere.
926 5292 1039 5346 Non
1072 5299 1223 5361 potes
1247 5290 1314 5346 ad
1346 5300 1550 5344 tantum
1584 5293 1829 5361 populum
1859 5297 2115 5352 doctrinre
2141 5314 2255 5355 ser-

672 5400 882 5439 monem
910 5384 1173 5452 dirigere;
1201 5393 1251 5436 at
1286 5395 1435 5452 poles
1460 5401 1671 5439 servum
1698 5396 1841 5440 tuum
1876 5389 1941 5443 ad
1977 5391 2250 5447 meliorem

671 5475 875 5543 frugem
899 5488 1167 5527 revocare.
1198 5473 1311 5527 Non
1340 5475 1546 5529 excedit
1574 5477 1713 5529 vires
1740 5488 1856 5531 tuas
1871 5479 2249 5547 discipulorum

673 5575 842 5618 riotus
870 5564 996 5616 ille:
1031 5580 1133 5616 non
1166 5565 1374 5618 excedit
1410 5566 1720 5634 sapientiam
1755 5578 1893 5623 tuam
1924 5572 2114 5628 modus
2164 5576 2252 5630 ille

670 5653 926 5709 doctrinae
960 5652 1096 5707 :sed
1151 5664 1205 5706 et
1235 5652 1442 5709 facilius
1484 5672 1644 5725 quam
1692 5674 1787 5713 nos
1827 5661 1954 5730 ipsi,
1998 5679 2089 5717 vos
2131 5666 2249 5722 illos

668 5760 851 5800 uomet
886 5745 1104 5815 potestis
1152 5746 1455 5803 emendare.
1503 5749 1610 5820 Ego
1640 5753 1779 5809 enim
1824 5758 1987 5811 semel
2014 5770 2097 5815 aut
2127 5761 2240 5832 plc-

3896 381 4003 437 ἰοῦ

2392 493 2628 548 rumque
2656 479 2706 532 in
2737 479 3067 536 hcbdomada
3090 483 3362 539 Vobiscum
3391 488 3585 542 lterum
3616 505 3827 555 versor,
3859 501 3914 546 at
3939 503 4002 547 tu

2399 580 2660 639 perpetuo
2685 570 2974 653 discipulos
3016 575 3151 628 intra
3182 580 3414 645 privatos
3456 580 3687 648 parietes
3719 583 3911 650 habes,
3942 594 4000 640 et

2399 676 2641 728 uxorem,
2663 672 2717 717 et
2736 662 2956 728 liberos,
2981 675 3035 720 et
3060 682 3267 734 servos,
3290 679 3347 725 et
3364 675 3595 741 vesperi,
3615 684 3671 728 et
3697 675 3751 729 in
3778 692 3995 743 mensa,

2395 759 2451 805 et
2477 760 2589 805 toto
2615 753 2703 809 die
2733 765 2886 823 pales
2912 756 3034 813 illos
3073 762 3367 831 corrigere.
3413 765 3646 821 Aliunde
3670 783 3888 837 quoque
3913 769 3995 823 fa-

2394 845 2549 902 cilior
2573 846 2627 901 ﬁt
2654 846 2756 902 ista
2783 850 3010 919 curatio,
3038 852 3300 922 siquidem
3329 857 3595 925 ego,dum
3625 867 3825 914 tantam
3852 861 3993 915 allo-

2393 950 2530 1005 quor
2553 937 2968 1007 multitudinem,
2994 942 3213 1011 quinam
3240 946 3462 999 morbus
3489 949 3721 1002 animam
3754 960 3991 1005 vestram

2392 1024 2629 1093 divexet,
2657 1029 2880 1097 ignem;
2910 1043 3237 1102 quapropter
3265 1035 3490 1105 singulis
3516 1038 3567 1091 in
3595 1040 3838 1095 collectis
3867 1058 3992 1095 oin-

2393 1119 2479 1172 nia
2500 1133 2667 1188 cogor
2692 1120 3077 1176 medicamenta
3100 1139 3403 1194 proponere
3430 1120 3450 1193 ξ
3481 1144 3578 1184 Vcs
3602 1146 3735 1184 vero
3774 1148 3882 1187 non
3917 1135 3988 1187 ita

2389 1206 2573 1263 facere
2596 1224 2822 1266 necesse
2847 1221 2949 1279 est,
2977 1213 3071 1268 sed
3096 1214 3293 1270 minori
3323 1216 3474 1272 vobis
3504 1234 3626 1273 cum
3653 1221 3837 1279 labore
3868 1225 3993 1280 licet

2388 1300 2663 1369 amplioris
2733 1300 2961 1357 fructum
3022 1308 3379 1363 correctionis
3445 1308 3772 1380 decerpere;
3832 1316 3990 1368 vobis

2388 1393 2585 1460 quippe
2631 1392 2797 1459 probe
2848 1402 2973 1449 nota
3028 1405 3154 1450 sunt
3201 1410 3389 1452 eorum
3440 1412 3691 1469 peccata,
3745 1406 3840 1474 qui
3886 1407 3992 1461 sub

2387 1478 2575 1533 eodem
2599 1488 2742 1535 tecto
2780 1483 3055 1538 vobiscum
3102 1485 3303 1556 degunt
3329 1506 3341 1544 :
3366 1491 3616 1559 quocirca
3668 1505 3723 1548 et
3755 1496 3989 1551 celerius

2386 1570 2606 1638 potestis
2636 1570 2952 1629 medicinam
2979 1574 3259 1631 adbibere.

2457 1662 2509 1715 5.
2531 1659 2607 1717 Ne
2624 1662 2802 1731 igitur,
2823 1664 3177 1731 dilectissimi,
3202 1671 3663 1728 contubernalium
3678 1688 3987 1731 nostrorum

2385 1766 2569 1806 curam
2602 1754 2936 1822 omittamus,
2982 1758 3247 1826 siquidem
3287 1763 3520 1816 maxima
3570 1760 3728 1834 pinna
3777 1772 3987 1837 suppli-

2384 1842 2633 1911 ciumque
2660 1854 2903 1912 paratum
2930 1857 3013 1901 est
3039 1848 3358 1904 immensum
3392 1853 3518 1920 illis,
3536 1856 3627 1924 qui
3653 1856 3984 1913 domesticos

2382 1947 2509 1987 suos
2534 1936 2888 2005 neglexerint.
2916 1938 2979 1993 Si
2997 1941 3110 2009 quis
3134 1943 3285 2005 enim,
3312 1943 3483 2013 inquit
3509 1946 3724 2010 Paulus,
3747 1967 3982 2014 suorum,

2381 2033 2428 2075 et
2458 2026 2678 2079 maxime
2698 2026 3089 2086 domesticorum
3129 2046 3304 2084 curam
3333 2050 3433 2086 non
3477 2035 3655 2103 habet,
3702 2039 3859 2106 ﬁdem
3889 2058 3980 2093 ne-

2379 2120 2536 2183 gavit,
2566 2125 2616 2169 et
2638 2126 2711 2169 est
2730 2118 2928 2183 infideli
2954 2118 3173 2173 deterior
3194 2122 3272 2190 (l.
3301 2121 3439 2177 Tim.
3469 2126 3522 2180 5.
3554 2128 3631 2199 8).
3658 2128 3851 2196 Vides,
3874 2148 3982 2200 quo

2381 2212 2537 2273 pacto
2565 2205 2760 2262 Paulus
2784 2222 2876 2262 eos
2902 2208 3081 2273 feriat,
3105 2211 3195 2280 qui
3221 2213 3638 2271 domesticorum
3668 2234 3852 2273 curam
3886 2237 3982 2275 ue-

2378 2295 2619 2365 gliguut?
2667 2296 2736 2352 Et
2780 2299 2994 2369 quidem
3045 2304 3286 2359 merito:
3332 2306 3419 2374 qui
3469 2310 3612 2362 enim
3652 2310 3982 2368 domesticos

2378 2398 2502 2437 suos
2530 2386 2746 2456 negligit
2765 2427 2781 2453 ,
2820 2389 3018 2459 inquit,
3050 2393 3321 2473 quomodo
3346 2394 3550 2451 alienos
3577 2401 3824 2455 curabit?
3853 2403 3979 2458 Scio

2379 2488 2467 2530 Ine
2494 2480 2592 2531 hac
2612 2478 2749 2548 apud
2779 2497 2873 2535 vos
2895 2481 3268 2540 cohortatione
3313 2487 3623 2557 frequenter
3646 2507 3798 2547 usmn
3822 2512 3974 2562 esse,

2377 2578 2480 2621 nec
2499 2582 2747 2637 umquam
2783 2571 2855 2624 uti
2896 2572 3165 2641 desinam,
3194 2579 3403 2632 tametsi
3429 2580 3687 2651 deinceps
3713 2584 3975 2642 innocens

2378 2673 2480 2729 ego
2512 2675 2632 2713 sum
2674 2661 2743 2716 ab
2768 2662 2992 2719 aliorum
3032 2667 3351 2738 negligentia
3378 2687 3392 2723 :
3422 2670 3663 2741 Oportuit
3690 2678 3859 2742 enim,
3892 2680 3979 2733 in-

2374 2749 2507 2817 quit,
2537 2758 2584 2804 te
2607 2753 2872 2818 pecuniam
2903 2770 3066 2808 nteant
3088 2759 3396 2813 committere
3423 2764 3726 2819 nmnulariis
3747 2766 3971 2836 (Matth.

2373 2837 2462 2893 25.
2492 2839 2588 2913 27)
2611 2882 2625 2905 ,
2657 2858 2755 2898 nec
2778 2844 3009 2913 amplius
3034 2848 3322 2920 quidquam
3347 2855 3593 2923 requirit.
3623 2857 3737 2927 Ego
3764 2875 3900 2915 vero
3920 2870 3975 2916 et

2376 2930 2654 2997 pecuniam
2681 2928 2973 3003 commisi,"
2986 2954 3160 3007 neque
3187 2940 3382 2996 rationi
3415 2944 3508 2998 ulli
3538 2947 3826 3004 reddendm
3855 2967 3977 3006 sum

2374 3020 2642 3075 obnoxius
2675 3039 2688 3075 :
2720 3036 3090 3082 verumtamen
3118 3036 3460 3099 quantumvis
3491 3039 3738 3092 innoxius
3765 3043 3895 3110 sim,
3922 3054 3977 3099 et

2372 3124 2405 3164 a
2433 3113 2694 3183 supplicio
2715 3114 2839 3171 huic
2857 3119 3068 3173 crimini
3091 3124 3365 3191 proposito
3390 3124 3669 3192 liberatus,
3696 3139 3970 3202 tamquam

2376 3219 2549 3271 paena:
2575 3208 2942 3279 supplicioque
2967 3211 3251 3279 obnoxius,
3275 3216 3345 3271 ita
3375 3218 3562 3275 salutis
3592 3234 3786 3279 vestra:
3808 3242 3971 3282 causa

2372 3304 2557 3349 metuo
2581 3308 2636 3351 et
2661 3301 3045 3357 contremisco.

2445 3383 2549 3440 Cur
2598 3389 2911 3459 longioribus
2961 3396 3184 3450 exordiis
3234 3407 3401 3453 utatur
3442 3401 3853 3475 Clirysostonms.
3901 3435 3973 3452 —-

2370 3477 2539 3532 Nemo
2568 3480 2726 3550 igitur
2766 3492 2968 3540 temere
2992 3501 3056 3551 ac
3099 3489 3463 3557 perfunctorie
3508 3497 3813 3565 spirituales
3850 3516 3969 3557 Ser-

2371 3583 2564 3623 mones
2609 3574 2875 3628 auscultet
2909 3594 2919 3628 :
2954 3591 3127 3645 neque
3155 3581 3298 3634 enim
3343 3580 3540 3639 frustra
3580 3600 3633 3641 et
3659 3590 3777 3643 sine
3806 3607 3969 3648 causa

2374 3664 2577 3730 prolixa
2606 3665 3005 3733 prarmittunlur
3029 3683 3059 3721 a
3100 3686 3189 3724 me
3214 3673 3434 3727 exordia
3455 3717 3471 3740 ,
3496 3678 3591 3731 sed
3632 3689 3688 3733 ut
3725 3686 3971 3739 exactior

2372 3765 2581 3817 eorum,
2610 3770 2730 3821 qua:
2753 3760 3193 3824 committuntur,
3221 3764 3309 3817 liat
3342 3768 3583 3821 custodia
3617 3788 3629 3822 :
3662 3787 3729 3825 ne
3770 3776 3859 3827 ubi
3892 3785 3971 3831 te-

2372 3856 2520 3895 mere
2556 3852 2649 3896 aut
2687 3844 2951 3899 incassum
2980 3850 3386 3920 applauseritis,
3419 3871 3483 3910 ac
3508 3862 3813 3917 tumultuati
3851 3865 3967 3922 fue-

2371 3933 2508 3997 ritis,
2532 3933 2750 3989 domum
2772 3940 3054 3995 recedatis.
3083 3942 3229 3997 Nihil
3253 3948 3396 4001 enim
3422 3964 3522 4020 ego
3547 3962 3750 4009 vestras
3780 3956 3967 4012 Iaudes

2373 4037 2523 4083 curo,
2565 4026 2661 4079 sed
2704 4028 2770 4079 de
2815 4041 2987 4083 vestra
3030 4034 3200 4090 salute
3240 4054 3357 4091 sum
3394 4042 3673 4109 Sollicitus.
3716 4046 3847 4099 Nam
3891 4049 3964 4102 illi

2370 4114 2606 4181 quidem,
2640 4118 2728 4185 qui
2766 4119 2818 4172 in
2850 4119 3069 4177 theatro
3099 4136 3327 4191 certant,
3363 4130 3523 4200 hujus
3555 4135 3628 4188 rei
3659 4140 3963 4195 mercedem

2368 4218 2397 4256 a
2426 4210 2624 4275 populo
2654 4210 2866 4265 laudem
2884 4216 3157 4282 accipiunt
3185 4236 3197 4267 :
3230 4236 3329 4273 nos
3351 4238 3477 4279 vero
3506 4226 3605 4281 l'ac
3630 4228 3699 4282 de
3719 4244 3881 4285 causa
3910 4233 3963 4287 in

2371 4295 2506 4349 hanc
2550 4316 2768 4355 arenam
2810 4319 2916 4357 non
2960 4306 3355 4374 descendimus,
3389 4315 3484 4369 sed
3534 4329 3589 4371 ut
3633 4323 3961 4389 propositam

2370 4386 2493 4441 huic
2533 4390 2605 4441 rvi
2636 4393 2934 4447 mercedem
2963 4411 2992 4449 a
3022 4399 3244 4454 Domino
3289 4386 3643 4473 recipiamus.
3669 4386 3962 4478 Propterea
4052 4480 4055 4483 _

2367 4492 2463 4531 vos
2509 4480 2573 4532 ad
2623 4482 2723 4535 hoc
2761 4482 3064 4553 frequenter
3102 4489 3490 4561 adhortamur,
3517 4507 3571 4550 ut
3607 4512 3691 4563 ea,
3716 4516 3837 4569 qua:
3876 4506 3962 4556 di-

2367 4581 2561 4624 cuntur
2582 4614 2597 4638 ,
2632 4573 2684 4626 in
2717 4577 2909 4629 vestris
2935 4580 3206 4635 mentibus
3231 4584 3337 4638 alte
3364 4585 3682 4655 deligantur.
3718 4591 3785 4647 Ut
3815 4595 3959 4649 enim

2368 4663 2582 4729 plautio,
2624 4681 2745 4734 qua:
2773 4669 3069 4735 profundas
3108 4674 3317 4728 radices
3350 4680 3576 4746 egerint,
3619 4684 3777 4737 nullis
3825 4702 3958 4740 vcn—

2368 4762 2540 4809 torum
2574 4756 2871 4813 incursibus
2893 4764 3101 4817 concuti
3132 4780 3349 4838 possunt
3384 4785 3399 4821 :
3428 4769 3497 4823 ita
3520 4770 3807 4842 Scripturcc
3830 4792 3956 4830 seu-

2367 4846 2545 4899 teutize
2559 4862 2667 4918 quo
2683 4849 2842 4905 altius
2862 4852 3058 4908 fuerint
3082 4855 3135 4909 in
3161 4867 3339 4913 mente
3359 4860 3574 4927 defixrc,
3605 4865 3782 4918 minus
3806 4866 3959 4923 facile

2362 4940 2697 5007 n:~gotiorum
2732 4940 3033 4998 incursibus
3070 4949 3387 5004 evelluntur.
3425 4952 3515 5006 Dic
3542 4954 3707 5021 enim,
3736 4976 3956 5026 quaeso,

2362 5030 2658 5095 carissime,
2696 5034 2738 5087 si
2766 5035 2930 5089 ﬁlium
2964 5037 3102 5092 fame
3130 5042 3432 5097 confectum
3469 5047 3697 5114 videres,
3737 5067 3805 5104 an
3835 5071 3955 5107 eum

2365 5138 2549 5189 posses
2578 5134 2945 5192 contemnere,
2978 5144 3148 5198 neque
3174 5136 3350 5187 omnia
3380 5139 3556 5205 potius
3582 5138 3797 5195 ferenda
3830 5160 3947 5197 ccu-

2359 5230 2525 5279 seres,
2557 5226 2611 5269 ut
2635 5215 2751 5284 ejus
2782 5234 2966 5286 posses
3016 5220 3208 5278 famem
3250 5227 3531 5297 mitigare?
3561 5234 3768 5303 Ergone
3804 5242 3957 5305 panis

2359 5305 2497 5360 fame
2526 5306 2829 5362 divexatum
2871 5326 2974 5363 non
3016 5312 3354 5383 despiceres,
3396 5320 3589 5377 divina:
3632 5335 3809 5379 autem
3853 5330 3953 5383 do-

2359 5399 2542 5452 ctrinae
2572 5401 2709 5455 fame
2727 5417 3039 5470 pereuntem
3068 5418 3220 5477 potes
3242 5418 3627 5471 contemnere?
3652 5419 3768 5485 Quo
3800 5435 3954 5491 pacto

2358 5487 2518 5555 igitur
2541 5489 2732 5559 dignus
2756 5492 2939 5559 fueris,
2965 5506 3020 5549 ut
3051 5510 3197 5567 pater
3218 5504 3425 5557 voceris
3443 5512 3466 5558 ’ἐ
3487 5506 3757 5577 Siquidem
3784 5516 3950 5567 multo

2358 5580 2569 5645 gravior
2616 5582 2701 5636 illa
2738 5594 2821 5640 cst
2851 5588 2965 5641 ha-c
3014 5591 3201 5658 fames,
3249 5608 3446 5666 quanto
3493 5600 3844 5660 funestiorem
3893 5607 3945 5660 in

2358 5680 2583 5725 mortem
2615 5675 2829 5740 desiuit,
2872 5679 3013 5732 unde
3058 5683 3227 5750 majus
3268 5687 3320 5740 iu
3368 5687 3471 5742 hoc
3496 5692 3727 5745 studium
3761 5696 3944 5749 Confe-

2357 5765 2580 5823 renduin
2610 5780 2705 5824 est.
2742 5770 2969 5828 Edumtc
2998 5776 3159 5843 enim,
3190 5778 3353 5850 inquit
3375 5824 3387 5848 ,
3412 5784 3546 5851 ﬁlios
3574 5797 3757 5841 vestros
3790 5788 3840 5843 in
3864 5788 3945 5843 di-
