4212 6290
175 395 265 454 ωι
895 395 1034 433 bu“
1071 395 1137 430 tu
1179 395 1474 429 rumpo.
1514 395 1722 431 nu-n,
1763 395 1780 420 ι

176 509 388 580 sciptina
416 512 464 560 et
492 498 816 569 emptione
842 492 1050 548 Domini
1087 487 1303 558 (Ephes.
1333 485 1388 540 6.
1414 481 1495 554 4).
1539 480 1678 580 ιίςι>ιιΔ
1696 486 1780 533 est

178 566 383 672 mirum
423 609 560 652 cura
604 566 996 662 pulcherrima,
1033 581 1151 636 lucc
1193 590 1450 672 germana
1496 577 1778 644 parentum
1826 566 1830 570 ’

174 669 483 754 sollicitudo
517 685 690 743 :hinc
728 695 829 752 ego
856 685 1062 733 natura:
1102 669 1480 741 cognationem
1522 675 1779 754 agnosco,

173 753 218 841 si
242 787 366 857 plus
389 785 442 836 in
469 774 770 849 spiritualia
796 769 956 827 studii
982 764 1282 822 conferant.
1444 753 1782 857 satis-indul—

176 847 286 933 tum
330 874 405 930 sit
433 847 746 941 proterritis;
783 865 894 934 jam
925 870 1146 914 necesse
1174 861 1256 908 est
1295 850 1363 906 ad
1387 847 1778 941 exsolutioaem

174 966 341 1023 debiti
372 936 654 1019 veniamus
685 975 700 1012 :
742 954 843 1009 hac
871 952 1016 1006 enim
1047 946 1115 1000 de
1139 957 1301 999 causa
1330 940 1599 1011 prolixum
1637 936 1782 990 hunc

172 1069 226 1115 et
259 1056 548 1126 copiosum
590 1049 854 1106 texuimus
898 1042 1054 1097 vobis
1102 1049 1440 1126 sermonem,
1469 1040 1528 1126 ut
1659 1042 1779 1126 qua:

175 1118 534 1205 nuclei-antur
557 1159 679 1199 cum
717 1150 925 1194 summa
962 1132 1209 1188 cautione
1247 1123 1569 1195 suscipiatis.
1601 1118 1783 1188 Quod-

174 1257 296 1298 nam
324 1253 462 1308 ergo
491 1237 726 1291 debitum
757 1229 876 1294 fuit,
902 1241 1008 1294 quo
1031 1227 1312 1311 contracto
1331 1230 1503 1311 nuper
1519 1209 1780 1311 discessi-

174 1331 330 1389 mus?
358 1301 430 1385 ait
460 1340 592 1383 vero
634 1322 776 1378 illius
806 1318 986 1373 forsan
1021 1311 1171 1368 obliti
1216 1307 1384 1364 estis?
1413 1307 1594 1375 Itaque
1630 1301 1781 1356 vobis

175 1424 228 1478 in
259 1417 584 1476 memoriam
614 1427 646 1467 a
673 1410 829 1466 nobis
858 1417 1081 1462 necesse
1117 1409 1204 1457 est
1231 1395 1495 1460 revocari,
1525 1393 1781 1464 priusque

173 1512 539 1588 syngrapham
563 1507 691 1576 legi,
719 1501 884 1572 cujus
919 1510 1084 1590 opera
1115 1493 1261 1565 prior
1297 1488 1623 1590 solutionest
1651 1499 1780 1590 per-

171 1576 312 1670 acta,
342 1576 400 1658 ei.
419 1611 664 1672 quanam
689 1593 887 1649 fuerint
905 1604 939 1644 a
962 1586 1117 1642 nobis
1149 1587 1426 1638 numerata
1449 1576 1778 1681 adicendum

171 1707 276 1761 est,
309 1704 372 1749 ut
417 1669 484 1749 ex
516 1691 582 1745 iis
609 1702 729 1757 quae
776 1688 1054 1738 numerata
1090 1683 1247 1740 sunt,
1277 1687 1398 1743 quae
1441 1671 1550 1724 sint
1576 1669 1777 1738 reliqua

170 1791 474 1844 videamus.
527 1784 782 1850 Qumnam
835 1775 998 1844 igitur
1048 1769 1197 1842 prius
1232 1780 1264 1818 a
1305 1763 1462 1818 nobis
1499 1770 1778 1818 numerata

169 1880 332 1934 sunt?
363 1874 484 1936 Dixi
531 1883 642 1926 tum
683 1864 937 1934 temporis
980 1875 1010 1914 a
1052 1872 1159 1928 quo
1183 1856 1415 1924 scriptus
1445 1853 1604 1907 fuerit
1642 1850 1780 1906 liber

170 1977 439 2031 Actorum,
491 1972 547 2019 et
581 1961 702 2031 quis
744 1954 924 2026 operis
978 1951 1132 2005 istius
1182 1955 1372 2002 auctor
1406 1943 1613 1999 fuerit:
1669 1941 1779 1999 itno

168 2077 301 2118 vero
325 2074 436 2114 non
465 2053 587 2126 quis
606 2059 792 2106 auctor
827 2045 1036 2116 operis,
1063 2039 1159 2096 sed
1194 2039 1317 2110 quis
1344 2036 1592 2093 minister
1623 2051 1637 2089 :
1669 2050 1775 2090 non

169 2154 314 2210 enim
360 2149 454 2205 ille
492 2161 610 2218 qua:
649 2142 792 2198 dicta
819 2145 945 2193 sunt
967 2132 1238 2206 produxit,
1269 2129 1366 2186 sed
1396 2129 1462 2184 iis
1489 2142 1611 2198 qua:
1636 2126 1778 2182 dicta

167 2255 294 2303 sunt
321 2237 670 2298 ministravit.

240 2337 349 2393 Cur
368 2337 423 2389 in
438 2333 750 2389 Pentecoste.
763 2327 996 2396 legantur
1015 2320 1144 2374 Acta
1165 2317 1542 2386 Apostolorum.
1571 2342 1646 2352 -—
1663 2312 1778 2366 Dixi

169 2431 237 2486 de
262 2427 420 2483 Actis
451 2423 606 2494 ipsis,
641 2430 695 2476 et
731 2416 860 2488 quid
885 2413 1101 2469 tandem
1128 2410 1228 2465 sibi
1252 2409 1378 2462 velit
1417 2421 1613 2460 nomen
1649 2402 1777 2456 illud

171 2522 457 2582 Actorum,
476 2513 586 2568 dixi
602 2511 764 2567 etiam
779 2508 848 2562 de
864 2503 1243 2575 Apostolorum
1255 2497 1634 2587 appellatione.
1659 2494 1778 2549 iam

171 2624 398 2667 necesse
449 2613 535 2660 est
577 2602 840 2665 dicamus,
867 2610 972 2666 qua
997 2594 1067 2648 de
1091 2605 1250 2647 causa
1278 2587 1562 2644 statuerint
1601 2594 1780 2655 patres

173 2700 368 2765 nostri,
388 2707 449 2752 ut
477 2695 615 2749 liber
641 2693 896 2746 Actorum
921 2687 972 2741 in
986 2686 1308 2740 Pentecoste
1333 2679 1620 2749 legeretur.
1646 2674 1781 2730 For-

174 2803 315 2846 tasse
331 2800 567 2855 namque
586 2779 904 2838 meministis
921 2777 1022 2829 hoc
1036 2786 1251 2844 quoque
1267 2779 1380 2824 tum
1400 2768 1665 2838 pollicitos
1682 2780 1781 2820 nos

172 2897 292 2938 esse
321 2879 588 2934 dicturos.
617 2872 801 2942 Neque
819 2869 964 2924 enim
985 2876 1188 2920 temere
1209 2871 1265 2917 et
1290 2864 1411 2916 sine
1435 2873 1598 2915 causa
1624 2857 1782 2912 nobis

174 2974 288 3026 haec
315 2980 562 3036 tempora
591 2971 773 3034 patres
799 2960 1179 3022 observarunt,
1208 2954 1304 3008 sed
1331 2950 1580 3023 prudenti
1603 2950 1782 3020 aliqua

172 3063 388 3118 ratione
410 3054 563 3112 ducti
589 3054 642 3110 id
666 3061 894 3122 egerunt
923 3068 938 3102 :
964 3063 1070 3102 non
1102 3053 1162 3100 ut
1201 3043 1503 3098 libertatem
1538 3049 1779 3096 nostram

174 3163 487 3222 temporum
540 3141 848 3200 necessitati
900 3136 1244 3206 subiicerent,
1299 3132 1413 3222 sed;
1453 3141 1512 3186 ut
1543 3130 1671 3222 dum
1726 3145 1786 3184 se

176 3220 601 3297 imbecilliorum
648 3236 1009 3301 attemperant
1043 3224 1300 3296 egestati,
1350 3220 1418 3277 ad
1462 3221 1787 3292 cognitionis

175 3349 307 3404 opes
332 3333 458 3386 illos
485 3327 864 3398 proveherent.
891 3323 1066 3390 Atque
1087 3327 1146 3373 ut
1172 3316 1438 3386 intelligas
1461 3330 1556 3370 eos
1586 3314 1787 3368 idcirco

179 3438 425 3496 tempora
447 3423 760 3483 observare,
787 3431 893 3469 non
922 3423 979 3468 ut
998 3426 1057 3467 se
1083 3408 1479 3466 observationis
1502 3407 1790 3477 subjiciunt

179 3515 517 3576 tit-cessitati,
545 3511 643 3568 sed
672 3508 818 3580 quod
856 3503 1300 3562 imbecillioribus
1327 3516 1448 3556 sese
1486 3514 1790 3555 accommo-

177 3607 310 3662 dare
359 3610 667 3667 conentur,
713 3597 838 3653 audi
881 3595 1009 3665 quid
1053 3594 1201 3649 dicat
1249 3591 1446 3647 Paulus
1481 3608 1494 3643 :
1534 3589 1659 3643 Dies
1696 3590 1789 3643 ob-

180 3700 419 3760 servatis,
445 3703 496 3746 et
532 3706 750 3754 menses,
797 3697 844 3741 et
879 3697 1128 3755 tempora,
1173 3693 1219 3737 et
1251 3681 1456 3736 annos?
1497 3679 1696 3746 Timeo,
1729 3696 1792 3733 ne

185 3791 316 3856 forte
345 3787 461 3840 sine
491 3797 648 3836 causa
675 3777 1006 3833 laboraverim
1051 3777 1105 3828 in
1135 3774 1272 3828 vobis
1303 3770 1444 3843 (Gal.
1473 3772 1526 3825 4.
1555 3771 1641 3825 10.
1674 3771 1786 3841 ll).

184 3879 260 3932 'l‘u
292 3885 483 3932 autem
508 3886 689 3926 nonne
715 3871 970 3924 observas
1008 3866 1124 3920 dies
1147 3877 1202 3919 et
1232 3872 1473 3933 tempora
1500 3872 1554 3917 et
1580 3861 1792 3915 annos?

185 3971 300 4024 Jam
334 3983 472 4023 vero
501 3967 548 4021 si
586 3965 862 4019 videamus
901 3976 1045 4025 eum,
1075 3960 1163 4029 qui
1194 3958 1330 4021 dies,
1364 3967 1417 4012 et
1447 3971 1694 4021 menses,
1739 3965 1794 4010 et

166 4073 454 4131 -tempora,
486 4067 541 4111 et
579 4071 749 4114 annos
797 4052 1074 4110 observari
1115 4059 1278 4114 vetat,
1333 4049 1448 4105 hate
1473 4050 1789 4115 observare,

183 4155 333 4224 quid,
365 4165 553 4220 quaeso
574 4189 588 4213 ,
618 4147 896 4204 dicemus?
927 4161 1054 4199 num
1082 4159 1203 4199 eum
1233 4141 1342 4216 sibi,
1375 4157 1674 4212 repugnare
1703 4155 1790 4195 sc-

183 4259 420 4314 cumque
467 4239 837 4296 contendere?
886 4238 1068 4303 Absit;
1113 4235 1207 4290 sed
1256 4251 1402 4300 eum,
1448 4234 1588 4303 quod
1635 4233 1793 4287 vellet

183 4351 374 4391 eorum
409 4333 603 4387 tollere
651 4329 1070 4384 imbecillitatem
1091 4369 1106 4394 ,
1136 4342 1165 4379 a
1209 4327 1402 4395 quibus
1433 4335 1670 4393 tempora
1699 4324 1783 4377 ob-

184 4427 569 4488 servabantur,
590 4422 692 4481 illis
713 4435 833 4475 sese
861 4434 954 4488 per
972 4417 1399 4472 observationem
1427 4417 1583 4470 istam
1604 4424 1796 4470 attem—

185 4532 405 4588 perare.
436 4515 514 4569 lta
554 4527 769 4584 quoque
813 4511 1015 4565 faciunt
1054 4509 1271 4573 medici,
1312 4504 1594 4579 porrectos
1636 4509 1795 4578 aegris

185 4618 342 4673 cibus
372 4615 526 4685 prius
551 4612 868 4682 degustant,
897 4607 1143 4676 quamvis
1172 4606 1272 4674 ipsi
1303 4606 1523 4659 niiuime
1548 4604 1680 4658 cibis
1711 4605 1792 4657 in-

187 4709 447 4779 digeant,
480 4702 575 4758 sed
602 4689 813 4756 illorum
843 4699 1092 4753 studeant
1125 4695 1419 4750 inlirmitati
1463 4695 1685 4750 mederi.
1720 4693 1795 4748 lta

187 4813 408 4870 quoque
433 4794 635 4850 Paulus
660 4793 801 4862 egit,
835 4806 956 4846 cum
983 4789 1360 4844 observatione
1384 4797 1682 4857 temporum
1717 4787 1802 4839 ui-

188 4891 262 4945 hil
293 4887 601 4957 indigeret,
631 4894 870 4952 tempora
898 4880 1222 4943 observavit,
1257 4887 1313 4932 ut
1342 4894 1456 4943 eos,
1487 4879 1575 4945 qui
1607 4876 1796 4930 obser-

184 4981 413 5044 vabant,
438 4978 528 5032 illa
543 4973 860 5030 observandi
880 4972 1243 5026 imbecillitate
1261 4969 1534 5023 liberaret.
1551 4968 1650 5024 Ubi
1671 4983 1799 5022 vero

193 5072 412 5128 tandem
434 5078 676 5137 tempora
696 5066 893 5120 Paulus
914 5062 1252 5117 observavit?
1271 5061 1563 5123 Attendite,
1593 5075 1797 5128 qumso,

187 5166 503 5234 diligenter.
538 5159 780 5227 Sequenti
810 5167 977 5209 autem
1008 5155 1108 5218 die,
1153 5154 1340 5223 inquit,
1371 5153 1663 5223 appulimus
1695 5150 1797 5203 Mi-

196 5260 376 5310 letum.
405 5253 758 5321 Proposuerat
788 5246 918 5302 enim
953 5245 1148 5299 Paulus
1174 5244 1596 5314 prteternarigare
1624 5241 1800 5308 Ephe-

195 5363 328 5409 sum,
352 5361 417 5398 ne
443 5359 546 5414 qua
573 5358 716 5395 mora
739 5341 812 5392 illi
837 5342 974 5407 ﬁeret
997 5340 1047 5391 in
1079 5339 1218 5390 Asia.
1251 5334 1546 5390 Festinabat
1574 5336 1727 5399 enim,
1761 5337 1806 5387 si

197 5438 436 5509 possibile
463 5436 559 5490 sibi
599 5443 756 5495 esset,
798 5442 850 5485 ut
877 5433 1006 5484 diem
1049 5429 1366 5483 Pentecostes
1401 5435 1567 5496 ageret
1597 5425 1808 5479 Jeroso-

195 5530 347 5599 lymis
387 5527 531 5598 (Act.
576 5524 667 5578 20.
719 5525 806 5578 15.
860 5523 967 5592 16).
1017 5519 1214 5584 Vides,
1266 5529 1321 5572 ut
1375 5519 1463 5572 ille
1518 5519 1604 5586 qui
1656 5517 1802 5572 dice-

196 5622 318 5685 bat,
375 5618 461 5673 Ne
499 5616 770 5671 observetis
802 5615 906 5668 dies
953 5624 996 5666 et
1047 5629 1237 5665 menses
1267 5621 1312 5664 ct
1367 5621 1593 5679 tempora
1618 5653 1630 5674 ,
1663 5610 1804 5663 diem

199 5712 546 5766 Pentecostcs
577 5705 925 5761 observaret?

274 5803 324 5857 6.
352 5801 538 5873 Neque
575 5815 704 5854 γε·το
735 5799 874 5851 diem
907 5807 1110 5850 tantum
1143 5796 1480 5863 observabat,
1519 5796 1611 5851 sed
1647 5798 1804 5852 etiam

895 374 1034 433 cur.
1071 372 1137 430 IN
1178 368 1474 429 rassae.
1514 364 1722 431 ACTA,
1763 360 1918 421 s'rc.
1960 330 2029 418 is
2071 362 2367 421 PRINCIP.
2409 364 2768 472 acroama.
2809 364 2899 423 tv.

3387 369 3494 435 163

1893 476 2112 534 locum:
2144 495 2250 536 non
2293 481 2439 539 enim
2468 481 2644 537 solum
2658 469 3025 538 "Pentecostes
3060 482 3205 539 diem
3228 491 3286 538 ut
3309 491 3495 554 ageret

1885 565 2197 638 festinabat,
2226 571 2323 627 sed
2349 574 2512 627 etiam
2545 581 2603 627 ut
2630 587 2750 628 eam
2779 572 3137 645 Jerosolymis
3161 571 3484 628 celebraret.

1890 659 2030 728 Quid
2058 661 2210 726 facis,
2244 663 2400 718 beate
2420 663 2628 719 Paule?
2655 665 2937 719 Destructa
2963 674 3088 719 sunt
3114 662 3456 734 Jerosolyma
3478 706 3496 731 ,

1888 749 2135 807 desolata
2179 760 2307 808 sunt
2357 763 2544 809 sancta
2596 764 2904 809 sanctorum
2958 755 3227 810 sententia
3273 754 3487 820 divina,

1888 843 2039 913 prior
2067 843 2261 915 religio
2286 845 2496 901 sublata
2521 854 2624 901 est.
2653 845 2842 900 Nonne
2866 846 2934 901 ad
2958 845 3177 903 Galatas
3205 846 3406 901 clamas
3435 856 3491 901 et

1889 934 2028 987 dicis
2058 952 2072 989 :
2103 933 2204 1002 Qui
2232 936 2288 990 in
2317 935 2427 1006 lege
2444 937 2725 1007 justiﬁcari
2745 938 3068 1008 exspectatis,
3097 953 3130 990 a
3156 939 3324 1008 gratia
3349 936 3490 992 exci-

1888 1026 2036 1081 distis
2061 1025 2208 1097 (Gal.
2233 1028 2287 1083 5.
2315 1027 2371 1099 4)
2391 1029 2416 1082 ‘l
2437 1037 2493 1083 et
2528 1044 2627 1084 cur
2660 1044 2761 1083 nos
2790 1031 2982 1084 iterum
3013 1029 3113 1083 sub
3139 1030 3273 1100 legis
3312 1030 3487 1084 servi-

1889 1128 2056 1177 tutem
2086 1121 2463 1191 redigis?Non
2502 1132 2587 1178 est
2614 1124 2790 1192 exigui
2832 1124 3090 1178 momenti
3139 1137 3250 1188 res,
3292 1122 3361 1177 de
3381 1137 3486 1192 qua

1887 1214 2081 1280 agitur,
2116 1221 2173 1266 ut
2202 1213 2494 1278 discamus,
2527 1230 2653 1269 num
2680 1228 2863 1270 secum
2889 1215 3006 1284 ipse
3029 1214 3227 1269 Paulus
3265 1220 3487 1285 pugnet.

1889 1300 2070 1370 Neque
2099 1302 2242 1356 enim
2290 1302 2408 1358 dies
2431 1303 2683 1359 observat
2729 1304 3104 1360 tantummodo
3135 1305 3363 1373 Paulus,
3391 1305 3486 1360 sed

1886 1400 1942 1447 et
1964 1392 2069 1447 alia
2108 1392 2242 1462 legis
2270 1405 2532 1465 przcccpta
2561 1397 2812 1467 custodit,
2855 1407 2910 1453 et
2934 1399 3132 1452 clamat
3165 1398 3230 1453 ad
3266 1397 3485 1453 Galatas

1885 1485 2071 1541 dicens
2102 1504 2117 1542 :
2151 1487 2303 1552 Ecce,
2335 1503 2428 1559 ego
2453 1489 2656 1543 Paulus
2686 1489 2801 1544 dico
2838 1489 3007 1558 vobis,
3038 1492 3280 1564 quoniam
3305 1491 3351 1544 si
3379 1493 3483 1544 cir-

1882 1577 2265 1644 cumcidamini,
2305 1578 2534 1633 Christus
2563 1580 2700 1634 vobis
2734 1581 2866 1635 nihil
2895 1583 3118 1649 proderit
3140 1581 3304 1653 (Ibid.
3327 1599 3372 1640 v.
3395 1581 3479 1655 2).

1969 1667 2074 1722 Cur
2111 1669 2479 1724 circumciderit
2522 1669 2846 1727 Timotheum
2896 1674 3115 1729 Paulus.
3145 1705 3218 1717 --
3245 1675 3343 1730 Hic
3387 1677 3487 1746 igi-

1886 1765 1973 1812 tur
2019 1759 2216 1814 Paulus
2261 1761 2349 1831 qui
2401 1762 2565 1826 dicit,
2611 1763 2864 1828 Quoniam
2910 1767 2954 1820 si
3003 1766 3443 1821 circumcidamiui
3466 1806 3486 1834 ,

1883 1847 2114 1905 Christus
2143 1851 2281 1906 vobis
2308 1852 2436 1908 nihil
2459 1852 2708 1924 proderit,
2739 1855 2852 1927 ipse
2879 1859 3220 1914 Timotheum
3249 1860 3484 1914 circum-

1883 1939 2081 1998 cidisse
2101 1945 2450 2012 compcritur.
2478 1946 2613 2001 Cum
2639 1949 2782 2002 enim
2811 1949 3124 2015 invenisset,
3146 1952 3315 2022 inquit
3335 1951 3486 2006 Scri-

1885 2043 2062 2101 ptura,
2095 2032 2291 2088 Paulus
2320 2032 2527 2105 Lystris
2554 2037 3272 2109 adolescentem'quemdam
3314 2040 3484 2094 lilium

1884 2122 2126 2177 mulieris
2164 2121 2365 2178 Jndtnte
2409 2125 2614 2192 fidelis,
2657 2127 2823 2195 patris
2864 2138 3041 2182 autem
3087 2130 3323 2201 gentilis,
3365 2147 3488 2184 cum

1881 2213 2214 2270 circumcidit
2257 2215 2395 2287 (Act.
2440 2217 2528 2272 16.
2577 2219 2658 2273 1-
2689 2219 2748 2289 5)
2782 2234 2795 2273 :
2836 2220 3052 2275 nolebat
3084 2222 3228 2274 enim
3271 2233 3488 2291 praepu-

1884 2305 2018 2360 tium
2066 2305 2356 2361 habentem
2382 2308 2658 2363 doctorem
2697 2311 2930 2366 mittere.
2966 2310 3104 2379 Quid
3136 2312 3296 2373 facis,
3332 2311 3492 2368 beate

1883 2395 2087 2451 Paule?
2112 2399 2292 2453 verbis
2320 2400 2788 2455 circumcisionem
2833 2402 3001 2468 tollis,
3037 2411 3091 2456 et
3121 2418 3308 2458 rursus
3334 2403 3491 2458 factis

1883 2487 2030 2541 illam
2080 2491 2411 2544 conlirmas?
2451 2490 2569 2545 Non
2618 2492 2915 2557 confirmo,
2965 2494 3170 2563 inquit,
3220 2495 3317 2551 sed
3361 2496 3492 2550 tollo

1884 2577 2060 2635 factis.
2109 2579 2387 2652 Siquidem
2432 2584 2676 2640 mulieris
2730 2581 2932 2640 Judaute
2978 2585 3153 2640 ﬁdelis
3197 2586 3339 2642 filius
3375 2595 3495 2642 erat

1886 2673 2231 2742 Timotheus,
2263 2678 2429 2747 patris
2469 2687 2648 2732 autem
2688 2678 2910 2746 gentilis
2935 2688 2990 2733 et
3017 2693 3084 2734 ex
3125 2694 3326 2749 genere
3353 2694 3496 2750 pra:-

1886 2769 2095 2836 putium
2127 2768 2378 2823 habente.
2398 2768 2625 2837 Quando
2644 2770 2804 2840 igitur
2823 2785 2947 2826 eum
2976 2773 3353 2842 prxmissurus
3379 2784 3496 2829 erat

1885 2857 2088 2913 Judteis
2131 2857 2413 2914 doctorem
2462 2861 2695 2929 Paulus,
2748 2863 2968 2918 nolebat
3000 2878 3131 2920 sane
3174 2866 3493 2935 praeputium

1889 2946 2180 3002 habentem
2207 2950 2453 3015 mittere,
2489 2965 2557 3006 ne
2585 2952 2768 3006 statim
2800 2968 2829 3004 a
2857 2954 3123 3023 principio
3153 2955 3322 3010 verbo
3349 2953 3496 3011 fores

1889 3037 2220 3094 occluderet.
2263 3038 2337 3094 Ut
2379 3039 2539 3109 igitur
2583 3039 2649 3096 ad
2695 3043 2989 3098 tollendam
3027 3045 3495 3102 circumcisionem

1889 3130 2030 3184 viam
2043 3138 2327 3195 sterneret,
2344 3143 2399 3186 et
2415 3132 2676 3187 doctrinm
2691 3133 2959 3190 Timothei
2980 3135 3183 3191 aditum
3207 3147 3496 3209 reseraret,

1889 3222 2356 3278 circumcisionem
2397 3223 2472 3277 illi
2517 3227 2802 3295 apposuit,
2849 3236 2908 3282 ut
2950 3229 3165 3285 tolleret
3210 3231 3499 3287 circumci-

1891 3311 2122 3367 sionem.
2149 3313 2441 3382 Propterea
2469 3315 2625 3383 dixit,
2656 3315 2850 3371 Factus
2873 3334 2987 3372 sum
3010 3316 3214 3375 ludatis
3239 3331 3500 3393 tamquam

1892 3402 2110 3457 Judarus
2149 3405 2228 3474 (1.
2264 3404 2381 3459 Cor.
2411 3405 2466 3462 9.
2497 3406 2591 3479 20)
2622 3425 2635 3462 :
2668 3423 2777 3463 non
2825 3419 2884 3464 ut
2925 3409 3149 3465 Judmus
3192 3414 3364 3482 tieret,
3397 3414 3498 3470 hoc

1893 3495 2028 3550 dixit
2052 3495 2394 3563 Paulus,‘sed
2423 3507 2480 3551 ut
2509 3497 2574 3552 iis
2611 3498 2704 3569 qui
2729 3499 2903 3554 Judaei
2930 3501 3242 3569 manebant,
3277 3518 3503 3573 persua-

1893 3587 2069 3654 deret,
2097 3595 2285 3642 utnon
2324 3589 2553 3658 amplius
2578 3600 2762 3644 essent
2794 3590 2964 3646 Judaei
2996 3609 3011 3647 :
3041 3605 3327 3664 propterea
3356 3594 3503 3652 hunc

1895 3677 2056 3730 etiam
2084 3677 2439 3741 circumcidit,
2467 3687 2524 3731 ut
2550 3680 3019 3735 circumcisionem
3053 3684 3287 3739 tolleret.
3319 3684 3504 3755 Itaque

1896 3769 2310 3823 circumcisione
2325 3767 2586 3824 adversus
2607 3769 3075 3826 circumcisionem
3102 3780 3187 3827 est
3212 3789 3362 3829 usus.
3393 3777 3502 3832 Ac-

1895 3861 2039 3930 cepit
2063 3861 2282 3916 enimet
2308 3860 2623 3916 Timotheus
2649 3862 3137 3930 circmncisioncm,
3166 3877 3221 3920 ut
3246 3881 3275 3919 a
3300 3852 3502 3923 Judmis

1900 3959 2080 4021 posset
2108 3950 2336 4016 admitti,
2371 3959 2428 4004 et
2466 3951 2740 4020 ingressus
2776 3952 2894 4006 illos
2933 3954 3134 4008 sensim
3165 3956 3232 4009 ab
3279 3958 3377 4011 hac
3405 3959 3507 4012 ob-

1896 4043 2203 4097 servatione
2246 4041 2555 4096 abduceret.
2589 4042 2750 4098 Vides
2788 4059 2889 4112 qua
2917 4043 2985 4099 de
3024 4061 3188 4101 causa
3225 4055 3279 4102 et
3303 4047 3503 4104 Pente-

1898 4144 2082 4187 costen
2123 4141 2180 4187 et
2207 4133 2673 4188 circumcisionem
2715 4135 2912 4190 Paulus
2952 4136 3302 4192 observaret?
3335 4140 3506 4196 Vultis

1899 4233 1952 4277 et
1982 4223 2084 4277 alia
2113 4223 2348 4292 legitima
2381 4224 2532 4279 vobis
2567 4225 2848 4280 ostendam
2873 4226 2942 4280 ab
2970 4242 3036 4281 eo
3067 4227 3228 4284 fuisse
3251 4233 3505 4288 servata?

1904 4315 2192 4386 Diligenter
2208 4317 2487 4371 attendite.
2509 4318 2763 4372 Ascendit
2781 4319 3067 4387 aliquando
3083 4320 3502 4394 Jerosolymam,

1900 4418 2099 4462 etcum
2140 4423 2262 4462 eum
2297 4408 2558 4461 vidissent
2603 4409 2857 4477 apostoli,
2891 4410 3142 4467 dicebant
3185 4414 3277 4467 ei:
3321 4413 3504 4483 Vides,

1902 4505 2062 4574 frater
2091 4501 2276 4566 Paule,
2309 4513 2429 4571 quot
2457 4505 2622 4556 millia
2651 4515 2768 4557 situt
2794 4505 2847 4558 in
2875 4504 3107 4571 ludatis,
3135 4510 3221 4578 qui
3255 4527 3498 4566 convene-

1901 4605 2042 4662 runt,
2072 4605 2117 4648 et
2153 4612 2325 4648 omnes
2353 4595 2622 4649 audierunt
2653 4597 2715 4649 de
2757 4607 2836 4660 te,
2873 4600 2990 4666 quia
3017 4600 3371 4656 discessionem
3411 4605 3498 4660 do-

1901 4703 2016 4740 ceas
2043 4703 2073 4738 α
2101 4686 2227 4754 lege.
2275 4685 2413 4753 Quid
2452 4686 2614 4756 ergo?
2646 4686 2756 4740 Fac
2793 4689 2930 4757 quod
2973 4689 3060 4743 tibi
3098 4691 3315 4746 dicimus
3349 4711 3369 4749 :
3393 4709 3510 4751 sunt

1903 4779 2044 4849 apud
2087 4794 2177 4831 uos
2209 4779 2300 4831 viri
2342 4788 2511 4831 votum
2541 4778 2776 4832 habentes
2817 4795 2973 4851 super
3001 4799 3056 4835 se
3085 4798 3104 4837 :
3127 4784 3210 4837 his
3233 4790 3510 4858 assumptis

1904 4871 2171 4940 sancti/ica
2209 4882 2257 4923 te
2295 4887 2408 4923 cum
2450 4871 2574 4932 illis,
2624 4881 2672 4924 et
2711 4883 2864 4942 caput
2902 4873 3028 4927 rade
3050 4892 3164 4929 tum
3198 4877 3334 4944 illis,
3366 4889 3422 4933 ut
3458 4898 3513 4937 re

1905 4963 2017 5028 ipsa
2044 4962 2172 5029 fides
2196 4961 2300 5014 illis
2326 4963 2437 5027 ﬁat,
2467 4961 2587 5032 quia
2609 4977 2724 5032 quae
2742 4963 3015 5017 audierunt
3041 4965 3107 5020 tle
3133 4977 3180 5020 te
3207 4969 3339 5040 falsa
3366 4981 3506 5036 sunt,

1905 5055 1995 5107 sed
2034 5064 2080 5108 et
2124 5054 2232 5123 ipse
2271 5051 2469 5123 Moysis
2510 5053 2669 5124 legem
2712 5071 2880 5109 servas
2922 5055 3058 5128 (Act.
3109 5059 3200 5112 21.
3245 5061 3316 5116 920
3341 5091 3365 5102 -
3392 5061 3509 5131 2!»).

1913 5144 2114 5199 Videtis
2131 5144 2645 5199 condescensioncm
2673 5145 3081 5202 admirabilem?
3103 5149 3366 5205 Obscrvat
3382 5161 3518 5208 tctu-

1911 5251 2060 5311 pora,
2096 5246 2153 5290 ut
2184 5237 2622 5290 observationem
2667 5247 2970 5307 temporum
3003 5241 3156 5295 tollat
3189 5259 3201 5296 :
3233 5247 3518 5301 circumci-

1911 5331 2117 5384 sionem
2145 5331 2383 5396 adhibet,
2412 5339 2470 5384 ut
2491 5329 2886 5385 circumcisioni
2915 5332 3074 5387 finem
3111 5335 3352 5404 imponat
3385 5355 3398 5391 :
3430 5353 3517 5392 sa-

1912 5423 2171 5477 criﬁcium
2213 5423 2388 5488 offert,
2427 5433 2484 5475 ut
2513 5406 2940 5478 observationem
2983 5424 3190 5480 auferat
3227 5421 3518 5482 sacrificio-

1914 5532 2054 5570 rum.
2085 5515 2197 5570 Hoc
2225 5523 2403 5569 autem
2448 5515 2592 5569 illum
2624 5515 2823 5570 idcirco
2867 5517 3058 5573 fecisse
3115 5526 3171 5572 ut
3201 5520 3466 5589 intelligas
3496 5565 3510 5587 ,

1915 5609 2036 5662 audi
2063 5609 2235 5678 ipsum
2268 5607 2371 5662 hoc
2393 5607 2658 5662 dicentem
2693 5625 2704 5660 :
2733 5607 2923 5663 Factus
2949 5627 3059 5663 sum
3089 5612 3152 5665 iis
3181 5613 3267 5676 qui
3289 5615 3382 5665 sub
3413 5616 3521 5684 lege

1918 5713 2058 5767 sunt,
2100 5703 2242 5770 quasi
2282 5701 2372 5755 sub
2401 5700 2509 5770 lege
2543 5718 2724 5764 essent,
2758 5713 2812 5753 ut
2848 5719 2932 5757 eos
2961 5707 3044 5767 qui
3086 5704 3176 5758 sub
3206 5705 3316 5774 lege
3340 5714 3521 5765 erant,

1903 5797 2314 5865 lm'rifum'cm:
2348 5803 2391 5848 ct
2426 5809 2537 5846 cum
2568 5793 2693 5848 liber
2717 5811 2873 5849 essent
2912 5795 2974 5849 ab
3008 5798 3523 5868 omuibus,omuiurt
