  <div class='ocr_page' id='page_1' title='image "/cluster/home/n/w/nwhite01/storage/ocr_20150623/51/pst.000005712502/103.png"; bbox 0 0 4212 6290; ppageno 0'>
   <div class='ocr_carea' id='block_1_1' title="bbox 1427 339 3982 407">
    <p class='ocr_par' dir='ltr' id='par_1_1' title="bbox 1427 339 3982 407">
     <span class='ocr_line' id='line_1_1' title="bbox 1427 339 3982 407; baseline -0.004 -5"><span class='ocrx_word' id='word_1_1' title='bbox 1427 346 1484 402; x_wconf 86' lang='lat' dir='ltr'><strong>S.</strong></span> <span class='ocrx_word' id='word_1_2' title='bbox 1524 344 1801 403; x_wconf 74' lang='lat' dir='ltr'><strong>JOANNlS</strong></span> <span class='ocrx_word' id='word_1_3' title='bbox 1836 340 2314 399; x_wconf 79' lang='lat' dir='ltr'><strong>CllRYSOSTOMl</strong></span> <span class='ocrx_word' id='word_1_4' title='bbox 2356 339 2674 397; x_wconf 80' lang='lat' dir='ltr'><strong>ARCHIEP.</strong></span> <span class='ocrx_word' id='word_1_5' title='bbox 2715 341 3245 400; x_wconf 70' lang='lat' dir='ltr'><strong>CONSTANTINOP.</strong></span> <span class='ocrx_word' id='word_1_6' title='bbox 3875 350 3982 407; x_wconf 60' lang='grc' dir='ltr'><strong>ἐς</strong></span> 
     </span>
    </p>
   </div>
   <div class='ocr_carea' id='block_1_2' title="bbox 2392 454 3995 525">
    <p class='ocr_par' dir='ltr' id='par_1_2' title="bbox 2392 454 3995 525">
     <span class='ocr_line' id='line_1_2' title="bbox 2392 454 3995 525; baseline 0.01 -22"><span class='ocrx_word' id='word_1_7' title='bbox 2392 467 2556 521; x_wconf 90' lang='lat' dir='ltr'><strong>quum</strong></span> <span class='ocrx_word' id='word_1_8' title='bbox 2580 463 2662 509; x_wconf 83' lang='lat' dir='ltr'><strong>est</strong></span> <span class='ocrx_word' id='word_1_9' title='bbox 2684 462 2860 509; x_wconf 89' lang='lat' dir='ltr'><strong>autem</strong></span> <span class='ocrx_word' id='word_1_10' title='bbox 2893 463 2948 509; x_wconf 91' lang='lat' dir='ltr'><strong>ut</strong></span> <span class='ocrx_word' id='word_1_11' title='bbox 2970 454 3244 511; x_wconf 86' lang='lat' dir='ltr'><strong>videamus</strong></span> <span class='ocrx_word' id='word_1_12' title='bbox 3273 472 3375 525; x_wconf 86' lang='lat' dir='ltr'><strong>qua</strong></span> <span class='ocrx_word' id='word_1_13' title='bbox 3403 457 3469 513; x_wconf 86' lang='lat' dir='ltr'><strong>de</strong></span> <span class='ocrx_word' id='word_1_14' title='bbox 3492 472 3652 514; x_wconf 67' lang='lat' dir='ltr'><strong>musa</strong></span> <span class='ocrx_word' id='word_1_15' title='bbox 3690 462 3744 515; x_wconf 89' lang='lat' dir='ltr'><strong>in</strong></span> <span class='ocrx_word' id='word_1_16' title='bbox 3783 461 3995 519; x_wconf 73' lang='lat' dir='ltr'><strong>Pente-</strong></span> 
     </span>
    </p>
   </div>
   <div class='ocr_carea' id='block_1_3' title="bbox 2388 544 3995 615">
    <p class='ocr_par' dir='ltr' id='par_1_3' title="bbox 2388 544 3995 615">
     <span class='ocr_line' id='line_1_3' title="bbox 2388 544 3995 615; baseline 0.006 -18"><span class='ocrx_word' id='word_1_17' title='bbox 2388 554 2539 599; x_wconf 89' lang='lat' dir='ltr'><strong>coste</strong></span> <span class='ocrx_word' id='word_1_18' title='bbox 2563 544 2698 600; x_wconf 90' lang='lat' dir='ltr'><strong>liber</strong></span> <span class='ocrx_word' id='word_1_19' title='bbox 2724 546 2975 599; x_wconf 81' lang='lat' dir='ltr'><strong>Actorum</strong></span> <span class='ocrx_word' id='word_1_20' title='bbox 3009 546 3232 615; x_wconf 79' lang='lat' dir='ltr'><strong>legatur.</strong></span> <span class='ocrx_word' id='word_1_21' title='bbox 3256 547 3367 603; x_wconf 88' lang='lat' dir='ltr'><strong>llac</strong></span> <span class='ocrx_word' id='word_1_22' title='bbox 3388 550 3530 604; x_wconf 88' lang='lat' dir='ltr'><strong>enim</strong></span> <span class='ocrx_word' id='word_1_23' title='bbox 3564 549 3632 604; x_wconf 89' lang='lat' dir='ltr'><strong>de</strong></span> <span class='ocrx_word' id='word_1_24' title='bbox 3657 566 3816 604; x_wconf 82' lang='lat' dir='ltr'><strong>causa</strong></span> <span class='ocrx_word' id='word_1_25' title='bbox 3864 562 3995 607; x_wconf 68' lang='lat' dir='ltr'><strong>[nec</strong></span> 
     </span>
    </p>
   </div>
   <div class='ocr_carea' id='block_1_4' title="bbox 2387 638 3989 710">
    <p class='ocr_par' dir='ltr' id='par_1_4' title="bbox 2387 638 3989 710">
     <span class='ocr_line' id='line_1_4' title="bbox 2387 638 3989 710; baseline 0.003 -20"><span class='ocrx_word' id='word_1_26' title='bbox 2387 638 2567 690; x_wconf 89' lang='lat' dir='ltr'><strong>oumia</strong></span> <span class='ocrx_word' id='word_1_27' title='bbox 2596 638 2991 707; x_wconf 84' lang='lat' dir='ltr'><strong>proposuimus,</strong></span> <span class='ocrx_word' id='word_1_28' title='bbox 3020 646 3097 703; x_wconf 90' lang='lat' dir='ltr'><strong>ut,</strong></span> <span class='ocrx_word' id='word_1_29' title='bbox 3142 654 3262 701; x_wconf 86' lang='lat' dir='ltr'><strong>cum</strong></span> <span class='ocrx_word' id='word_1_30' title='bbox 3296 650 3596 710; x_wconf 75' lang='lat' dir='ltr'><strong>tentporum</strong></span> <span class='ocrx_word' id='word_1_31' title='bbox 3638 643 3989 697; x_wconf 80' lang='lat' dir='ltr'><strong>observatio-</strong></span> 
     </span>
    </p>
   </div>
   <div class='ocr_carea' id='block_1_5' title="bbox 2386 726 3973 803">
    <p class='ocr_par' dir='ltr' id='par_1_5' title="bbox 2386 726 3973 803">
     <span class='ocr_line' id='line_1_5' title="bbox 2386 726 3973 803; baseline 0.004 -23"><span class='ocrx_word' id='word_1_32' title='bbox 2386 741 2508 781; x_wconf 89' lang='lat' dir='ltr'><strong>nem</strong></span> <span class='ocrx_word' id='word_1_33' title='bbox 2541 726 2741 782; x_wconf 87' lang='lat' dir='ltr'><strong>instare</strong></span> <span class='ocrx_word' id='word_1_34' title='bbox 2767 728 3029 796; x_wconf 89' lang='lat' dir='ltr'><strong>videritis,</strong></span> <span class='ocrx_word' id='word_1_35' title='bbox 3080 745 3148 784; x_wconf 89' lang='lat' dir='ltr'><strong>ne</strong></span> <span class='ocrx_word' id='word_1_36' title='bbox 3196 730 3517 787; x_wconf 77' lang='lat' dir='ltr'><strong>existimetis</strong></span> <span class='ocrx_word' id='word_1_37' title='bbox 3559 736 3838 803; x_wconf 77' lang='lat' dir='ltr'><strong>apostolos</strong></span> <span class='ocrx_word' id='word_1_38' title='bbox 3886 734 3973 789; x_wconf 77' lang='lat' dir='ltr'><strong>Ju-</strong></span> 
     </span>
    </p>
   </div>
   <div class='ocr_carea' id='block_1_6' title="bbox 2384 813 3987 890">
    <p class='ocr_par' dir='ltr' id='par_1_6' title="bbox 2384 813 3987 890">
     <span class='ocr_line' id='line_1_6' title="bbox 2384 813 3987 890; baseline 0.006 -22"><span class='ocrx_word' id='word_1_39' title='bbox 2384 813 2552 871; x_wconf 89' lang='lat' dir='ltr'><strong>daicis</strong></span> <span class='ocrx_word' id='word_1_40' title='bbox 2569 816 2910 873; x_wconf 81' lang='lat' dir='ltr'><strong>ritibusvelle</strong></span> <span class='ocrx_word' id='word_1_41' title='bbox 2954 833 3015 874; x_wconf 88' lang='lat' dir='ltr'><strong>se</strong></span> <span class='ocrx_word' id='word_1_42' title='bbox 3061 819 3417 890; x_wconf 78' lang='lat' dir='ltr'><strong>obstringere.</strong></span> <span class='ocrx_word' id='word_1_43' title='bbox 3464 823 3659 877; x_wconf 87' lang='lat' dir='ltr'><strong>Verum</strong></span> <span class='ocrx_word' id='word_1_44' title='bbox 3711 824 3987 879; x_wconf 67' lang='lat' dir='ltr'><strong>attendite</strong></span> 
     </span>
    </p>
   </div>
   <div class='ocr_carea' id='block_1_7' title="bbox 2382 904 3955 979">
    <p class='ocr_par' dir='ltr' id='par_1_7' title="bbox 2382 904 3955 979">
     <span class='ocr_line' id='line_1_7' title="bbox 2382 904 3955 979; baseline 0.004 -22"><span class='ocrx_word' id='word_1_45' title='bbox 2382 904 2688 976; x_wconf 68' lang='lat' dir='ltr'><strong>diligenter,</strong></span> <span class='ocrx_word' id='word_1_46' title='bbox 2716 921 2931 976; x_wconf 65' lang='lat' dir='ltr'><strong>quasso:</strong></span> <span class='ocrx_word' id='word_1_47' title='bbox 2984 921 3161 975; x_wconf 85' lang='lat' dir='ltr'><strong>neque</strong></span> <span class='ocrx_word' id='word_1_48' title='bbox 3196 908 3339 963; x_wconf 91' lang='lat' dir='ltr'><strong>enim</strong></span> <span class='ocrx_word' id='word_1_49' title='bbox 3375 909 3702 966; x_wconf 80' lang='lat' dir='ltr'><strong>mediocrem</strong></span> <span class='ocrx_word' id='word_1_50' title='bbox 3766 924 3955 979; x_wconf 66' lang='lat' dir='ltr'><strong>quaes—</strong></span> 
     </span>
    </p>
   </div>
   <div class='ocr_carea' id='block_1_8' title="bbox 2383 996 3985 1069">
    <p class='ocr_par' dir='ltr' id='par_1_8' title="bbox 2383 996 3985 1069">
     <span class='ocr_line' id='line_1_8' title="bbox 2383 996 3985 1069; baseline 0.006 -20"><span class='ocrx_word' id='word_1_51' title='bbox 2383 996 2583 1052; x_wconf 90' lang='lat' dir='ltr'><strong>tionem</strong></span> <span class='ocrx_word' id='word_1_52' title='bbox 2626 1000 3000 1067; x_wconf 83' lang='lat' dir='ltr'><strong>complectitur</strong></span> <span class='ocrx_word' id='word_1_53' title='bbox 3040 999 3093 1053; x_wconf 89' lang='lat' dir='ltr'><strong>id</strong></span> <span class='ocrx_word' id='word_1_54' title='bbox 3134 999 3277 1069; x_wconf 89' lang='lat' dir='ltr'><strong>quod</strong></span> <span class='ocrx_word' id='word_1_55' title='bbox 3301 1001 3496 1056; x_wconf 90' lang='lat' dir='ltr'><strong>dicturi</strong></span> <span class='ocrx_word' id='word_1_56' title='bbox 3527 1020 3742 1061; x_wconf 84' lang='lat' dir='ltr'><strong>sumus.</strong></span> <span class='ocrx_word' id='word_1_57' title='bbox 3779 1005 3837 1058; x_wconf 87' lang='lat' dir='ltr'><strong>In</strong></span> <span class='ocrx_word' id='word_1_58' title='bbox 3885 1003 3985 1058; x_wconf 86' lang='lat' dir='ltr'><strong>die</strong></span> 
     </span>
    </p>
   </div>
   <div class='ocr_carea' id='block_1_9' title="bbox 701 351 804 407">
    <p class='ocr_par' dir='ltr' id='par_1_9' title="bbox 701 351 804 407">
     <span class='ocr_line' id='line_1_9' title="bbox 701 351 804 407; baseline -0.019 0"><span class='ocrx_word' id='word_1_59' title='bbox 701 351 804 407; x_wconf 70' lang='lat'><strong>{03</strong></span> 
     </span>
    </p>
   </div>
   <div class='ocr_carea' id='block_1_10' title="bbox 696 454 2280 534">
    <p class='ocr_par' dir='ltr' id='par_1_10' title="bbox 696 454 2280 534">
     <span class='ocr_line' id='line_1_10' title="bbox 696 454 2280 534; baseline -0.005 -17"><span class='ocrx_word' id='word_1_60' title='bbox 696 481 779 519; x_wconf 85' lang='lat' dir='ltr'><strong>me</strong></span> <span class='ocrx_word' id='word_1_61' title='bbox 798 477 998 517; x_wconf 67' lang='lat' dir='ltr'><strong>servum</strong></span> <span class='ocrx_word' id='word_1_62' title='bbox 1026 465 1121 533; x_wconf 75' lang='lat' dir='ltr'><strong>feci</strong></span> <span class='ocrx_word' id='word_1_63' title='bbox 1146 464 1216 534; x_wconf 83' lang='grc' dir='ltr'><strong>(ι.</strong></span> <span class='ocrx_word' id='word_1_64' title='bbox 1247 457 1365 516; x_wconf 79' lang='lat' dir='ltr'><strong>Cor.</strong></span> <span class='ocrx_word' id='word_1_65' title='bbox 1393 459 1449 515; x_wconf 79' lang='lat'><strong>9.</strong></span> <span class='ocrx_word' id='word_1_66' title='bbox 1479 458 1569 515; x_wconf 74' lang='lat'><strong>2|.</strong></span> <span class='ocrx_word' id='word_1_67' title='bbox 1601 455 1711 527; x_wconf 82' lang='lat' dir='ltr'><strong>l9).</strong></span> <span class='ocrx_word' id='word_1_68' title='bbox 1739 455 1861 511; x_wconf 69' lang='lat' dir='ltr'><strong>lltec</strong></span> <span class='ocrx_word' id='word_1_69' title='bbox 1886 465 2061 510; x_wconf 87' lang='lat' dir='ltr'><strong>autem</strong></span> <span class='ocrx_word' id='word_1_70' title='bbox 2086 454 2280 509; x_wconf 86' lang='lat' dir='ltr'><strong>Paulus</strong></span> 
     </span>
    </p>
   </div>
   <div class='ocr_carea' id='block_1_11' title="bbox 695 542 2279 620">
    <p class='ocr_par' dir='ltr' id='par_1_11' title="bbox 695 542 2279 620">
     <span class='ocr_line' id='line_1_11' title="bbox 695 542 2279 620; baseline -0.008 -11"><span class='ocrx_word' id='word_1_71' title='bbox 695 553 908 620; x_wconf 74' lang='lat' dir='ltr'><strong>agebat,</strong></span> <span class='ocrx_word' id='word_1_72' title='bbox 952 563 1009 607; x_wconf 91' lang='grc' dir='ltr'><strong>ιιι</strong></span> <span class='ocrx_word' id='word_1_73' title='bbox 1054 567 1208 607; x_wconf 82' lang='lat' dir='ltr'><strong>suum</strong></span> <span class='ocrx_word' id='word_1_74' title='bbox 1252 548 1527 603; x_wconf 89' lang='lat' dir='ltr'><strong>dominum</strong></span> <span class='ocrx_word' id='word_1_75' title='bbox 1571 548 1891 602; x_wconf 73' lang='lat' dir='ltr'><strong>inuitaretur.</strong></span> <span class='ocrx_word' id='word_1_76' title='bbox 1932 544 2060 602; x_wconf 76' lang='lat' dir='ltr'><strong>Nam</strong></span> <span class='ocrx_word' id='word_1_77' title='bbox 2106 552 2163 597; x_wconf 91' lang='grc' dir='ltr'><strong>ιιι</strong></span> <span class='ocrx_word' id='word_1_78' title='bbox 2190 542 2279 597; x_wconf 87' lang='lat' dir='ltr'><strong>ille</strong></span> 
     </span>
    </p>
   </div>
   <div class='ocr_carea' id='block_1_12' title="bbox 685 639 2279 711">
    <p class='ocr_par' dir='ltr' id='par_1_12' title="bbox 685 639 2279 711">
     <span class='ocr_line' id='line_1_12' title="bbox 685 639 2279 711; baseline -0.008 -8"><span class='ocrx_word' id='word_1_79' title='bbox 685 650 819 703; x_wconf 79' lang='lat' dir='ltr'><strong>Cum</strong></span> <span class='ocrx_word' id='word_1_80' title='bbox 843 648 898 701; x_wconf 82' lang='lat' dir='ltr'><strong>in</strong></span> <span class='ocrx_word' id='word_1_81' title='bbox 922 647 1088 711; x_wconf 80' lang='lat' dir='ltr'><strong>[arma</strong></span> <span class='ocrx_word' id='word_1_82' title='bbox 1107 642 1204 697; x_wconf 87' lang='lat' dir='ltr'><strong>Dei</strong></span> <span class='ocrx_word' id='word_1_83' title='bbox 1228 651 1374 708; x_wconf 85' lang='lat' dir='ltr'><strong>esset,</strong></span> <span class='ocrx_word' id='word_1_84' title='bbox 1403 659 1505 696; x_wconf 87' lang='lat' dir='ltr'><strong>non</strong></span> <span class='ocrx_word' id='word_1_85' title='bbox 1524 641 1763 711; x_wconf 81' lang='lat' dir='ltr'><strong>rapinam</strong></span> <span class='ocrx_word' id='word_1_86' title='bbox 1790 639 2059 693; x_wconf 79' lang='lat' dir='ltr'><strong>arbitratus</strong></span> <span class='ocrx_word' id='word_1_87' title='bbox 2080 646 2151 691; x_wconf 89' lang='lat' dir='ltr'><strong>est</strong></span> <span class='ocrx_word' id='word_1_88' title='bbox 2170 651 2279 690; x_wconf 78' lang='lat' dir='ltr'><strong>esse</strong></span> 
     </span>
    </p>
   </div>
   <div class='ocr_carea' id='block_1_13' title="bbox 690 730 2275 807">
    <p class='ocr_par' dir='ltr' id='par_1_13' title="bbox 690 730 2275 807">
     <span class='ocr_line' id='line_1_13' title="bbox 690 730 2275 807; baseline -0.008 -16"><span class='ocrx_word' id='word_1_89' title='bbox 690 756 742 791; x_wconf 88' lang='lat' dir='ltr'><strong>se</strong></span> <span class='ocrx_word' id='word_1_90' title='bbox 780 737 1023 807; x_wconf 64' lang='lat' dir='ltr'><strong>aqualem</strong></span> <span class='ocrx_word' id='word_1_91' title='bbox 1063 734 1193 800; x_wconf 78' lang='lat' dir='ltr'><strong>Deo,</strong></span> <span class='ocrx_word' id='word_1_92' title='bbox 1237 733 1327 788; x_wconf 83' lang='lat' dir='ltr'><strong>sed</strong></span> <span class='ocrx_word' id='word_1_93' title='bbox 1368 732 1691 803; x_wconf 68' lang='lat' dir='ltr'><strong>semetipsum</strong></span> <span class='ocrx_word' id='word_1_94' title='bbox 1736 730 2011 785; x_wconf 68' lang='lat' dir='ltr'><strong>exinanirit</strong></span> <span class='ocrx_word' id='word_1_95' title='bbox 2055 732 2275 799; x_wconf 82' lang='lat' dir='ltr'><strong>formam</strong></span> 
     </span>
    </p>
   </div>
   <div class='ocr_carea' id='block_1_14' title="bbox 687 817 2273 896">
    <p class='ocr_par' dir='ltr' id='par_1_14' title="bbox 687 817 2273 896">
     <span class='ocr_line' id='line_1_14' title="bbox 687 817 2273 896; baseline -0.006 -15"><span class='ocrx_word' id='word_1_96' title='bbox 687 828 816 881; x_wconf 76' lang='lat' dir='ltr'><strong>seni</strong></span> <span class='ocrx_word' id='word_1_97' title='bbox 841 826 1091 895; x_wconf 83' lang='lat' dir='ltr'><strong>accipiens</strong></span> <span class='ocrx_word' id='word_1_98' title='bbox 1120 823 1377 896; x_wconf 81' lang='lat' dir='ltr'><strong>(Philipp.</strong></span> <span class='ocrx_word' id='word_1_99' title='bbox 1410 823 1467 876; x_wconf 76' lang='grc' dir='ltr'><strong>Ξ.</strong></span> <span class='ocrx_word' id='word_1_100' title='bbox 1498 822 1552 876; x_wconf 87' lang='grc'><strong>6.</strong></span> <span class='ocrx_word' id='word_1_101' title='bbox 1588 820 1667 890; x_wconf 87' lang='lat'><strong>7),</strong></span> <span class='ocrx_word' id='word_1_102' title='bbox 1697 831 1890 874; x_wconf 91' lang='lat' dir='ltr'><strong>etcum</strong></span> <span class='ocrx_word' id='word_1_103' title='bbox 1931 817 2066 872; x_wconf 89' lang='lat' dir='ltr'><strong>lihcr</strong></span> <span class='ocrx_word' id='word_1_104' title='bbox 2093 825 2273 885; x_wconf 85' lang='lat' dir='ltr'><strong>esset,</strong></span> 
     </span>
    </p>
   </div>
   <div class='ocr_carea' id='block_1_15' title="bbox 690 908 2273 971">
    <p class='ocr_par' dir='ltr' id='par_1_15' title="bbox 690 908 2273 971">
     <span class='ocr_line' id='line_1_15' title="bbox 690 908 2273 971; baseline -0.006 -2"><span class='ocrx_word' id='word_1_105' title='bbox 690 916 858 971; x_wconf 86' lang='lat' dir='ltr'><strong>factus</strong></span> <span class='ocrx_word' id='word_1_106' title='bbox 888 923 972 971; x_wconf 87' lang='lat' dir='ltr'><strong>est</strong></span> <span class='ocrx_word' id='word_1_107' title='bbox 998 929 1187 968; x_wconf 84' lang='lat' dir='ltr'><strong>servus</strong></span> <span class='ocrx_word' id='word_1_108' title='bbox 1218 931 1232 968; x_wconf 94' lang='lat'><strong>:</strong></span> <span class='ocrx_word' id='word_1_109' title='bbox 1261 914 1341 967; x_wconf 88' lang='lat' dir='ltr'><strong>sic</strong></span> <span class='ocrx_word' id='word_1_110' title='bbox 1359 921 1415 967; x_wconf 90' lang='lat' dir='ltr'><strong>et</strong></span> <span class='ocrx_word' id='word_1_111' title='bbox 1440 912 1540 965; x_wconf 91' lang='lat' dir='ltr'><strong>iste</strong></span> <span class='ocrx_word' id='word_1_112' title='bbox 1577 925 1695 965; x_wconf 90' lang='lat' dir='ltr'><strong>eum</strong></span> <span class='ocrx_word' id='word_1_113' title='bbox 1734 908 1869 963; x_wconf 86' lang='lat' dir='ltr'><strong>liber</strong></span> <span class='ocrx_word' id='word_1_114' title='bbox 1896 917 2038 962; x_wconf 87' lang='lat' dir='ltr'><strong>esset</strong></span> <span class='ocrx_word' id='word_1_115' title='bbox 2062 922 2128 961; x_wconf 79' lang='lat' dir='ltr'><strong>ex</strong></span> <span class='ocrx_word' id='word_1_116' title='bbox 2152 922 2273 960; x_wconf 87' lang='lat' dir='ltr'><strong>om-</strong></span> 
     </span>
    </p>
   </div>
   <div class='ocr_carea' id='block_1_16' title="bbox 685 997 2270 1072">
    <p class='ocr_par' dir='ltr' id='par_1_16' title="bbox 685 997 2270 1072">
     <span class='ocr_line' id='line_1_16' title="bbox 685 997 2270 1072; baseline -0.006 -13"><span class='ocrx_word' id='word_1_117' title='bbox 685 1007 862 1072; x_wconf 86' lang='lat' dir='ltr'><strong>nibus,</strong></span> <span class='ocrx_word' id='word_1_118' title='bbox 876 1006 1117 1060; x_wconf 90' lang='lat' dir='ltr'><strong>omnium</strong></span> <span class='ocrx_word' id='word_1_119' title='bbox 1140 1019 1198 1058; x_wconf 87' lang='lat' dir='ltr'><strong>se</strong></span> <span class='ocrx_word' id='word_1_120' title='bbox 1224 1018 1437 1058; x_wconf 87' lang='lat' dir='ltr'><strong>servum</strong></span> <span class='ocrx_word' id='word_1_121' title='bbox 1462 1001 1607 1063; x_wconf 87' lang='lat' dir='ltr'><strong>fecit,</strong></span> <span class='ocrx_word' id='word_1_122' title='bbox 1629 1008 1686 1053; x_wconf 91' lang='lat' dir='ltr'><strong>ut</strong></span> <span class='ocrx_word' id='word_1_123' title='bbox 1705 1014 1892 1053; x_wconf 86' lang='lat' dir='ltr'><strong>omnes</strong></span> <span class='ocrx_word' id='word_1_124' title='bbox 1914 997 2270 1053; x_wconf 84' lang='lat' dir='ltr'><strong>lucrifaceret.</strong></span> 
     </span>
    </p>
   </div>
   <div class='ocr_carea' id='block_1_17' title="bbox 684 1090 2272 1152">
    <p class='ocr_par' dir='ltr' id='par_1_17' title="bbox 684 1090 2272 1152">
     <span class='ocr_line' id='line_1_17' title="bbox 684 1090 2272 1152; baseline -0.005 -1"><span class='ocrx_word' id='word_1_125' title='bbox 684 1097 937 1152; x_wconf 77' lang='lat' dir='ltr'><strong>Naturam</strong></span> <span class='ocrx_word' id='word_1_126' title='bbox 980 1106 1216 1152; x_wconf 64' lang='lat' dir='ltr'><strong>nostram</strong></span> <span class='ocrx_word' id='word_1_127' title='bbox 1247 1109 1527 1148; x_wconf 81' lang='lat' dir='ltr'><strong>assumens</strong></span> <span class='ocrx_word' id='word_1_128' title='bbox 1550 1092 1799 1147; x_wconf 90' lang='lat' dir='ltr'><strong>dominus</strong></span> <span class='ocrx_word' id='word_1_129' title='bbox 1836 1090 2005 1145; x_wconf 87' lang='lat' dir='ltr'><strong>factus</strong></span> <span class='ocrx_word' id='word_1_130' title='bbox 2045 1099 2129 1145; x_wconf 90' lang='lat' dir='ltr'><strong>est</strong></span> <span class='ocrx_word' id='word_1_131' title='bbox 2156 1104 2272 1144; x_wconf 88' lang='lat' dir='ltr'><strong>ser-</strong></span> 
     </span>
    </p>
   </div>
   <div class='ocr_carea' id='block_1_18' title="bbox 685 1181 2271 1254">
    <p class='ocr_par' dir='ltr' id='par_1_18' title="bbox 685 1181 2271 1254">
     <span class='ocr_line' id='line_1_18' title="bbox 685 1181 2271 1254; baseline -0.004 -13"><span class='ocrx_word' id='word_1_132' title='bbox 685 1205 802 1254; x_wconf 83' lang='lat' dir='ltr'><strong>vus,</strong></span> <span class='ocrx_word' id='word_1_133' title='bbox 836 1203 895 1244; x_wconf 91' lang='lat' dir='ltr'><strong>ut</strong></span> <span class='ocrx_word' id='word_1_134' title='bbox 934 1189 1131 1243; x_wconf 85' lang='lat' dir='ltr'><strong>liberos</strong></span> <span class='ocrx_word' id='word_1_135' title='bbox 1161 1186 1412 1241; x_wconf 90' lang='lat' dir='ltr'><strong>redderet</strong></span> <span class='ocrx_word' id='word_1_136' title='bbox 1447 1198 1674 1238; x_wconf 84' lang='lat' dir='ltr'><strong>servos:</strong></span> <span class='ocrx_word' id='word_1_137' title='bbox 1710 1181 1982 1236; x_wconf 85' lang='lat' dir='ltr'><strong>Inclinavit</strong></span> <span class='ocrx_word' id='word_1_138' title='bbox 2008 1181 2194 1246; x_wconf 67' lang='grc' dir='ltr'>αιτιοι,</span> <span class='ocrx_word' id='word_1_139' title='bbox 2224 1189 2271 1234; x_wconf 86' lang='lat' dir='ltr'><strong>et</strong></span> 
     </span>
    </p>
   </div>
   <div class='ocr_carea' id='block_1_19' title="bbox 686 1272 2272 1349">
    <p class='ocr_par' dir='ltr' id='par_1_19' title="bbox 686 1272 2272 1349">
     <span class='ocr_line' id='line_1_19' title="bbox 686 1272 2272 1349; baseline -0.004 -16"><span class='ocrx_word' id='word_1_140' title='bbox 686 1280 940 1333; x_wconf 62' lang='lat' dir='ltr'><strong>descendit</strong></span> <span class='ocrx_word' id='word_1_141' title='bbox 966 1278 1134 1349; x_wconf 78' lang='lat' dir='ltr'><strong>(Psal.</strong></span> <span class='ocrx_word' id='word_1_142' title='bbox 1167 1278 1253 1331; x_wconf 76' lang='lat' dir='ltr'><strong>l7.</strong></span> <span class='ocrx_word' id='word_1_143' title='bbox 1287 1276 1396 1347; x_wconf 81' lang='grc'><strong>10),</strong></span> <span class='ocrx_word' id='word_1_144' title='bbox 1426 1285 1480 1328; x_wconf 89' lang='grc' dir='ltr'><strong>ιιι</strong></span> <span class='ocrx_word' id='word_1_145' title='bbox 1506 1289 1601 1329; x_wconf 86' lang='lat' dir='ltr'><strong>eos</strong></span> <span class='ocrx_word' id='word_1_146' title='bbox 1625 1273 1716 1344; x_wconf 87' lang='lat' dir='ltr'><strong>qui</strong></span> <span class='ocrx_word' id='word_1_147' title='bbox 1738 1273 1958 1328; x_wconf 77' lang='lat' dir='ltr'><strong>inferius</strong></span> <span class='ocrx_word' id='word_1_148' title='bbox 1986 1272 2272 1327; x_wconf 85' lang='lat' dir='ltr'><strong>manebant</strong></span> 
     </span>
    </p>
   </div>
   <div class='ocr_carea' id='block_1_20' title="bbox 683 1362 2269 1435">
    <p class='ocr_par' dir='ltr' id='par_1_20' title="bbox 683 1362 2269 1435">
     <span class='ocr_line' id='line_1_20' title="bbox 683 1362 2269 1435; baseline -0.006 -9"><span class='ocrx_word' id='word_1_149' title='bbox 683 1374 737 1426; x_wconf 91' lang='lat' dir='ltr'><strong>iu</strong></span> <span class='ocrx_word' id='word_1_150' title='bbox 763 1372 952 1426; x_wconf 74' lang='lat' dir='ltr'><strong>etclam</strong></span> <span class='ocrx_word' id='word_1_151' title='bbox 985 1370 1262 1435; x_wconf 85' lang='lat' dir='ltr'><strong>eveheret.</strong></span> <span class='ocrx_word' id='word_1_152' title='bbox 1295 1366 1569 1421; x_wconf 76' lang='lat' dir='ltr'><strong>Inclinaoit</strong></span> <span class='ocrx_word' id='word_1_153' title='bbox 1595 1364 1789 1420; x_wconf 58' lang='lat' dir='ltr'><strong>talos:</strong></span> <span class='ocrx_word' id='word_1_154' title='bbox 1822 1380 1929 1419; x_wconf 90' lang='lat' dir='ltr'><strong>non</strong></span> <span class='ocrx_word' id='word_1_155' title='bbox 1977 1363 2130 1426; x_wconf 74' lang='lat' dir='ltr'><strong>dixit,</strong></span> <span class='ocrx_word' id='word_1_156' title='bbox 2162 1362 2269 1417; x_wconf 88' lang='lat' dir='ltr'><strong>De-</strong></span> 
     </span>
    </p>
   </div>
   <div class='ocr_carea' id='block_1_21' title="bbox 682 1454 2269 1533">
    <p class='ocr_par' dir='ltr' id='par_1_21' title="bbox 682 1454 2269 1533">
     <span class='ocr_line' id='line_1_21' title="bbox 682 1454 2269 1533; baseline -0.008 -14"><span class='ocrx_word' id='word_1_157' title='bbox 682 1464 892 1533; x_wconf 87' lang='lat' dir='ltr'><strong>teliquit</strong></span> <span class='ocrx_word' id='word_1_158' title='bbox 928 1464 1089 1518; x_wconf 63' lang='lat' dir='ltr'><strong>caelos</strong></span> <span class='ocrx_word' id='word_1_159' title='bbox 1113 1472 1165 1516; x_wconf 92' lang='lat' dir='ltr'><strong>et</strong></span> <span class='ocrx_word' id='word_1_160' title='bbox 1191 1460 1487 1522; x_wconf 84' lang='lat' dir='ltr'><strong>descendit,</strong></span> <span class='ocrx_word' id='word_1_161' title='bbox 1522 1458 1615 1513; x_wconf 91' lang='lat' dir='ltr'><strong>sed</strong></span> <span class='ocrx_word' id='word_1_162' title='bbox 1648 1456 1945 1516; x_wconf 75' lang='lat' dir='ltr'><strong>lnctinavit.</strong></span> <span class='ocrx_word' id='word_1_163' title='bbox 1979 1464 2035 1510; x_wconf 90' lang='grc' dir='ltr'><strong>ιιι</strong></span> <span class='ocrx_word' id='word_1_164' title='bbox 2062 1454 2269 1509; x_wconf 78' lang='lat' dir='ltr'><strong>facilio-</strong></span> 
     </span>
    </p>
   </div>
   <div class='ocr_carea' id='block_1_22' title="bbox 682 1548 2268 1617">
    <p class='ocr_par' dir='ltr' id='par_1_22' title="bbox 682 1548 2268 1617">
     <span class='ocr_line' id='line_1_22' title="bbox 682 1548 2268 1617; baseline -0.005 -7"><span class='ocrx_word' id='word_1_165' title='bbox 682 1571 795 1610; x_wconf 87' lang='lat' dir='ltr'><strong>rem</strong></span> <span class='ocrx_word' id='word_1_166' title='bbox 824 1556 917 1610; x_wconf 90' lang='lat' dir='ltr'><strong>tibi</strong></span> <span class='ocrx_word' id='word_1_167' title='bbox 954 1554 1193 1609; x_wconf 80' lang='lat' dir='ltr'><strong>efficeret</strong></span> <span class='ocrx_word' id='word_1_168' title='bbox 1230 1568 1511 1606; x_wconf 85' lang='lat' dir='ltr'><strong>ascensum</strong></span> <span class='ocrx_word' id='word_1_169' title='bbox 1559 1551 1613 1605; x_wconf 91' lang='lat' dir='ltr'><strong>in</strong></span> <span class='ocrx_word' id='word_1_170' title='bbox 1653 1550 1834 1605; x_wconf 71' lang='lat' dir='ltr'><strong>cazlos.</strong></span> <span class='ocrx_word' id='word_1_171' title='bbox 1879 1548 2027 1602; x_wconf 91' lang='lat' dir='ltr'><strong>llune</strong></span> <span class='ocrx_word' id='word_1_172' title='bbox 2055 1563 2268 1617; x_wconf 79' lang='lat' dir='ltr'><strong>quoque</strong></span> 
     </span>
    </p>
   </div>
   <div class='ocr_carea' id='block_1_23' title="bbox 684 1638 2264 1713">
    <p class='ocr_par' dir='ltr' id='par_1_23' title="bbox 684 1638 2264 1713">
     <span class='ocr_line' id='line_1_23' title="bbox 684 1638 2264 1713; baseline -0.001 -20"><span class='ocrx_word' id='word_1_173' title='bbox 684 1661 781 1713; x_wconf 88' lang='lat' dir='ltr'><strong>pro</strong></span> <span class='ocrx_word' id='word_1_174' title='bbox 822 1645 1023 1699; x_wconf 84' lang='lat' dir='ltr'><strong>viribus</strong></span> <span class='ocrx_word' id='word_1_175' title='bbox 1068 1644 1303 1697; x_wconf 89' lang='lat' dir='ltr'><strong>imitatus</strong></span> <span class='ocrx_word' id='word_1_176' title='bbox 1338 1650 1421 1695; x_wconf 76' lang='lat' dir='ltr'><strong>est</strong></span> <span class='ocrx_word' id='word_1_177' title='bbox 1463 1642 1685 1702; x_wconf 84' lang='lat' dir='ltr'><strong>Paulus,</strong></span> <span class='ocrx_word' id='word_1_178' title='bbox 1725 1640 1973 1709; x_wconf 85' lang='lat' dir='ltr'><strong>quocirca</strong></span> <span class='ocrx_word' id='word_1_179' title='bbox 2016 1638 2264 1693; x_wconf 88' lang='lat' dir='ltr'><strong>dicebat:</strong></span> 
     </span>
    </p>
   </div>
   <div class='ocr_carea' id='block_1_24' title="bbox 679 1730 2263 1801">
    <p class='ocr_par' dir='ltr' id='par_1_24' title="bbox 679 1730 2263 1801">
     <span class='ocr_line' id='line_1_24' title="bbox 679 1730 2263 1801; baseline -0.003 -14"><span class='ocrx_word' id='word_1_180' title='bbox 679 1733 969 1789; x_wconf 85' lang='lat' dir='ltr'><strong>lmitatores</strong></span> <span class='ocrx_word' id='word_1_181' title='bbox 1008 1734 1105 1787; x_wconf 84' lang='lat' dir='ltr'><strong>mei</strong></span> <span class='ocrx_word' id='word_1_182' title='bbox 1149 1744 1334 1797; x_wconf 81' lang='lat' dir='ltr'><strong>estote,</strong></span> <span class='ocrx_word' id='word_1_183' title='bbox 1377 1734 1505 1785; x_wconf 85' lang='lat' dir='ltr'><strong>sicut</strong></span> <span class='ocrx_word' id='word_1_184' title='bbox 1545 1743 1590 1783; x_wconf 82' lang='lat' dir='ltr'><strong>et</strong></span> <span class='ocrx_word' id='word_1_185' title='bbox 1632 1748 1721 1801; x_wconf 81' lang='lat' dir='ltr'><strong>ego</strong></span> <span class='ocrx_word' id='word_1_186' title='bbox 1757 1730 1944 1784; x_wconf 79' lang='lat' dir='ltr'><strong>Christi</strong></span> <span class='ocrx_word' id='word_1_187' title='bbox 1994 1730 2011 1795; x_wconf 92' lang='lat'><strong>(</strong></span> <span class='ocrx_word' id='word_1_188' title='bbox 2044 1730 2091 1783; x_wconf 84' lang='grc' dir='ltr'><strong>Ι.</strong></span> <span class='ocrx_word' id='word_1_189' title='bbox 2143 1730 2263 1783; x_wconf 82' lang='lat' dir='ltr'><strong>Cor.</strong></span> 
     </span>
    </p>
   </div>
   <div class='ocr_carea' id='block_1_25' title="bbox 680 1822 2267 1894">
    <p class='ocr_par' dir='ltr' id='par_1_25' title="bbox 680 1822 2267 1894">
     <span class='ocr_line' id='line_1_25' title="bbox 680 1822 2267 1894; baseline -0.003 -14"><span class='ocrx_word' id='word_1_190' title='bbox 680 1827 733 1880; x_wconf 65' lang='grc' dir='ltr'><strong>Α.</strong></span> <span class='ocrx_word' id='word_1_191' title='bbox 770 1826 879 1894; x_wconf 86' lang='lat' dir='ltr'><strong>l6).</strong></span> <span class='ocrx_word' id='word_1_192' title='bbox 913 1826 970 1878; x_wconf 79' lang='lat' dir='ltr'><strong>Et</strong></span> <span class='ocrx_word' id='word_1_193' title='bbox 1005 1825 1275 1893; x_wconf 88' lang='lat' dir='ltr'><strong>quomodo</strong></span> <span class='ocrx_word' id='word_1_194' title='bbox 1307 1836 1380 1887; x_wconf 89' lang='lat' dir='ltr'><strong>tu,</strong></span> <span class='ocrx_word' id='word_1_195' title='bbox 1416 1824 1571 1877; x_wconf 90' lang='lat' dir='ltr'><strong>beate</strong></span> <span class='ocrx_word' id='word_1_196' title='bbox 1592 1822 1776 1887; x_wconf 80' lang='lat' dir='ltr'><strong>Paule,</strong></span> <span class='ocrx_word' id='word_1_197' title='bbox 1807 1822 2005 1875; x_wconf 83' lang='lat' dir='ltr'><strong>Christi</strong></span> <span class='ocrx_word' id='word_1_198' title='bbox 2033 1822 2267 1876; x_wconf 85' lang='lat' dir='ltr'><strong>imitator</strong></span> 
     </span>
    </p>
   </div>
   <div class='ocr_carea' id='block_1_26' title="bbox 678 1914 2265 1984">
    <p class='ocr_par' dir='ltr' id='par_1_26' title="bbox 678 1914 2265 1984">
     <span class='ocr_line' id='line_1_26' title="bbox 678 1914 2265 1984; baseline -0.001 -13"><span class='ocrx_word' id='word_1_199' title='bbox 678 1933 737 1973; x_wconf 83' lang='lat' dir='ltr'><strong>es</strong></span> <span class='ocrx_word' id='word_1_200' title='bbox 766 1917 971 1971; x_wconf 81' lang='lat' dir='ltr'><strong>lactus?</strong></span> <span class='ocrx_word' id='word_1_201' title='bbox 992 1915 1315 1984; x_wconf 80' lang='lat' dir='ltr'><strong>Quomodo?</strong></span> <span class='ocrx_word' id='word_1_202' title='bbox 1340 1916 1473 1983; x_wconf 83' lang='lat' dir='ltr'><strong>Quia</strong></span> <span class='ocrx_word' id='word_1_203' title='bbox 1504 1916 1686 1969; x_wconf 85' lang='lat' dir='ltr'><strong>nullibi</strong></span> <span class='ocrx_word' id='word_1_204' title='bbox 1711 1916 1850 1984; x_wconf 90' lang='lat' dir='ltr'><strong>quod</strong></span> <span class='ocrx_word' id='word_1_205' title='bbox 1876 1914 2003 1967; x_wconf 87' lang='lat' dir='ltr'><strong>mihi</strong></span> <span class='ocrx_word' id='word_1_206' title='bbox 2031 1924 2112 1967; x_wconf 86' lang='lat' dir='ltr'><strong>est.</strong></span> <span class='ocrx_word' id='word_1_207' title='bbox 2138 1915 2265 1969; x_wconf 83' lang='lat' dir='ltr'><strong>utile</strong></span> 
     </span>
    </p>
   </div>
   <div class='ocr_carea' id='block_1_27' title="bbox 677 2006 2265 2079">
    <p class='ocr_par' dir='ltr' id='par_1_27' title="bbox 677 2006 2265 2079">
     <span class='ocr_line' id='line_1_27' title="bbox 677 2006 2265 2079; baseline -0.001 -19"><span class='ocrx_word' id='word_1_208' title='bbox 677 2026 881 2078; x_wconf 73' lang='lat' dir='ltr'><strong>qumro,</strong></span> <span class='ocrx_word' id='word_1_209' title='bbox 919 2011 1011 2063; x_wconf 90' lang='lat' dir='ltr'><strong>sed</strong></span> <span class='ocrx_word' id='word_1_210' title='bbox 1040 2009 1179 2079; x_wconf 88' lang='lat' dir='ltr'><strong>quod</strong></span> <span class='ocrx_word' id='word_1_211' title='bbox 1212 2008 1422 2072; x_wconf 89' lang='lat' dir='ltr'><strong>multis,</strong></span> <span class='ocrx_word' id='word_1_212' title='bbox 1452 2016 1508 2061; x_wconf 90' lang='grc' dir='ltr'><strong>ιιι</strong></span> <span class='ocrx_word' id='word_1_213' title='bbox 1533 2007 1859 2069; x_wconf 72' lang='grc' dir='ltr'>ειιΙι·ἰ,Ιίιιιιι,</span> <span class='ocrx_word' id='word_1_214' title='bbox 1901 2016 1956 2061; x_wconf 88' lang='lat' dir='ltr'><strong>et</strong></span> <span class='ocrx_word' id='word_1_215' title='bbox 1983 2022 2102 2061; x_wconf 92' lang='lat' dir='ltr'><strong>cum</strong></span> <span class='ocrx_word' id='word_1_216' title='bbox 2132 2006 2265 2059; x_wconf 88' lang='lat' dir='ltr'><strong>liber</strong></span> 
     </span>
    </p>
   </div>
   <div class='ocr_carea' id='block_1_28' title="bbox 676 2096 2263 2163">
    <p class='ocr_par' dir='ltr' id='par_1_28' title="bbox 676 2096 2263 2163">
     <span class='ocr_line' id='line_1_28' title="bbox 676 2096 2263 2163; baseline -0.003 -9"><span class='ocrx_word' id='word_1_217' title='bbox 676 2115 849 2154; x_wconf 74' lang='lat' dir='ltr'><strong>essem</strong></span> <span class='ocrx_word' id='word_1_218' title='bbox 889 2115 953 2154; x_wconf 81' lang='lat' dir='ltr'><strong>ex</strong></span> <span class='ocrx_word' id='word_1_219' title='bbox 1002 2100 1277 2163; x_wconf 89' lang='lat' dir='ltr'><strong>omnibus,</strong></span> <span class='ocrx_word' id='word_1_220' title='bbox 1321 2100 1558 2153; x_wconf 89' lang='lat' dir='ltr'><strong>omnium</strong></span> <span class='ocrx_word' id='word_1_221' title='bbox 1589 2113 1800 2151; x_wconf 86' lang='lat' dir='ltr'><strong>servum</strong></span> <span class='ocrx_word' id='word_1_222' title='bbox 1833 2108 1918 2151; x_wconf 84' lang='lat' dir='ltr'><strong>tne</strong></span> <span class='ocrx_word' id='word_1_223' title='bbox 1954 2098 2075 2151; x_wconf 84' lang='lat' dir='ltr'><strong>feci.</strong></span> <span class='ocrx_word' id='word_1_224' title='bbox 2119 2096 2263 2150; x_wconf 77' lang='lat' dir='ltr'><strong>Nihil</strong></span> 
     </span>
    </p>
   </div>
   <div class='ocr_carea' id='block_1_29' title="bbox 674 2186 2260 2258">
    <p class='ocr_par' dir='ltr' id='par_1_29' title="bbox 674 2186 2260 2258">
     <span class='ocr_line' id='line_1_29' title="bbox 674 2186 2260 2258; baseline -0.003 -14"><span class='ocrx_word' id='word_1_225' title='bbox 674 2206 802 2258; x_wconf 79' lang='lat' dir='ltr'><strong>ergo</strong></span> <span class='ocrx_word' id='word_1_226' title='bbox 831 2190 1019 2244; x_wconf 89' lang='lat' dir='ltr'><strong>melius</strong></span> <span class='ocrx_word' id='word_1_227' title='bbox 1049 2200 1131 2243; x_wconf 90' lang='lat' dir='ltr'><strong>est</strong></span> <span class='ocrx_word' id='word_1_228' title='bbox 1160 2189 1258 2242; x_wconf 89' lang='lat' dir='ltr'><strong>hac</strong></span> <span class='ocrx_word' id='word_1_229' title='bbox 1287 2194 1562 2253; x_wconf 69' lang='lat' dir='ltr'><strong>serxitutc,</strong></span> <span class='ocrx_word' id='word_1_230' title='bbox 1587 2188 1783 2256; x_wconf 79' lang='lat' dir='ltr'><strong>quippe</strong></span> <span class='ocrx_word' id='word_1_231' title='bbox 1813 2203 1929 2255; x_wconf 65' lang='lat' dir='ltr'><strong>qua!</strong></span> <span class='ocrx_word' id='word_1_232' title='bbox 1962 2186 2260 2240; x_wconf 84' lang='lat' dir='ltr'><strong>libertatem</strong></span> 
     </span>
    </p>
   </div>
   <div class='ocr_carea' id='block_1_30' title="bbox 676 2274 2262 2348">
    <p class='ocr_par' dir='ltr' id='par_1_30' title="bbox 676 2274 2262 2348">
     <span class='ocr_line' id='line_1_30' title="bbox 676 2274 2262 2348; baseline -0.003 -17"><span class='ocrx_word' id='word_1_233' title='bbox 676 2281 889 2333; x_wconf 73' lang='lat' dir='ltr'><strong>czetcris</strong></span> <span class='ocrx_word' id='word_1_234' title='bbox 918 2279 1109 2348; x_wconf 88' lang='lat' dir='ltr'><strong>pariat.</strong></span> <span class='ocrx_word' id='word_1_235' title='bbox 1146 2278 1448 2347; x_wconf 84' lang='lat' dir='ltr'><strong>Spiritualis</strong></span> <span class='ocrx_word' id='word_1_236' title='bbox 1483 2285 1598 2330; x_wconf 88' lang='lat' dir='ltr'><strong>erat</strong></span> <span class='ocrx_word' id='word_1_237' title='bbox 1636 2277 1866 2345; x_wconf 75' lang='lat' dir='ltr'><strong>piscator</strong></span> <span class='ocrx_word' id='word_1_238' title='bbox 1899 2275 2121 2338; x_wconf 86' lang='lat' dir='ltr'><strong>Paulus;</strong></span> <span class='ocrx_word' id='word_1_239' title='bbox 2156 2274 2203 2327; x_wconf 86' lang='lat' dir='ltr'><em>F</em></span> <span class='ocrx_word' id='word_1_240' title='bbox 2206 2293 2262 2326; x_wconf 85' lang='grc' dir='ltr'>ιι-</span> 
     </span>
    </p>
   </div>
   <div class='ocr_carea' id='block_1_31' title="bbox 675 2363 2257 2435">
    <p class='ocr_par' dir='ltr' id='par_1_31' title="bbox 675 2363 2257 2435">
     <span class='ocr_line' id='line_1_31' title="bbox 675 2363 2257 2435; baseline -0.002 -17"><span class='ocrx_word' id='word_1_241' title='bbox 675 2369 805 2419; x_wconf 71' lang='lat' dir='ltr'><strong>riam</strong></span> <span class='ocrx_word' id='word_1_242' title='bbox 843 2369 1006 2431; x_wconf 87' lang='lat' dir='ltr'><strong>enim,</strong></span> <span class='ocrx_word' id='word_1_243' title='bbox 1055 2366 1256 2435; x_wconf 78' lang='lat' dir='ltr'><strong>inquit,</strong></span> <span class='ocrx_word' id='word_1_244' title='bbox 1302 2383 1387 2419; x_wconf 78' lang='lat' dir='ltr'><strong>ros</strong></span> <span class='ocrx_word' id='word_1_245' title='bbox 1442 2367 1714 2434; x_wconf 73' lang='lat' dir='ltr'><strong>piscatores</strong></span> <span class='ocrx_word' id='word_1_246' title='bbox 1749 2365 2008 2417; x_wconf 84' lang='lat' dir='ltr'><strong>hominum</strong></span> <span class='ocrx_word' id='word_1_247' title='bbox 2047 2363 2257 2425; x_wconf 78' lang='lat' dir='ltr'><strong>(Matth.</strong></span> 
     </span>
    </p>
   </div>
   <div class='ocr_carea' id='block_1_32' title="bbox 672 2454 2262 2527">
    <p class='ocr_par' dir='ltr' id='par_1_32' title="bbox 672 2454 2262 2527">
     <span class='ocr_line' id='line_1_32' title="bbox 672 2454 2262 2527; baseline -0.003 -15"><span class='ocrx_word' id='word_1_248' title='bbox 672 2460 723 2512; x_wconf 69' lang='grc'><strong>4.</strong></span> <span class='ocrx_word' id='word_1_249' title='bbox 754 2456 876 2527; x_wconf 75' lang='lat' dir='ltr'><strong>l9);</strong></span> <span class='ocrx_word' id='word_1_250' title='bbox 909 2473 1067 2526; x_wconf 83' lang='lat' dir='ltr'><strong>quam</strong></span> <span class='ocrx_word' id='word_1_251' title='bbox 1112 2459 1182 2510; x_wconf 91' lang='lat' dir='ltr'><strong>ob</strong></span> <span class='ocrx_word' id='word_1_252' title='bbox 1209 2472 1423 2509; x_wconf 79' lang='lat' dir='ltr'><strong>causam</strong></span> <span class='ocrx_word' id='word_1_253' title='bbox 1455 2466 1510 2509; x_wconf 90' lang='lat' dir='ltr'><strong>et</strong></span> <span class='ocrx_word' id='word_1_254' title='bbox 1548 2456 1645 2508; x_wconf 67' lang='lat' dir='ltr'><strong>ista</strong></span> <span class='ocrx_word' id='word_1_255' title='bbox 1691 2455 2000 2524; x_wconf 78' lang='lat' dir='ltr'><strong>praestabat.</strong></span> <span class='ocrx_word' id='word_1_256' title='bbox 2031 2454 2162 2508; x_wconf 84' lang='lat' dir='ltr'><strong>Nam</strong></span> <span class='ocrx_word' id='word_1_257' title='bbox 2207 2464 2262 2508; x_wconf 89' lang='lat' dir='ltr'><strong>et</strong></span> 
     </span>
    </p>
   </div>
   <div class='ocr_carea' id='block_1_33' title="bbox 674 2546 2256 2618">
    <p class='ocr_par' dir='ltr' id='par_1_33' title="bbox 674 2546 2256 2618">
     <span class='ocr_line' id='line_1_33' title="bbox 674 2546 2256 2618; baseline -0.002 -16"><span class='ocrx_word' id='word_1_258' title='bbox 674 2550 961 2618; x_wconf 76' lang='lat' dir='ltr'><strong>piscatores</strong></span> <span class='ocrx_word' id='word_1_259' title='bbox 1008 2564 1129 2601; x_wconf 85' lang='lat' dir='ltr'><strong>Cllm</strong></span> <span class='ocrx_word' id='word_1_260' title='bbox 1177 2550 1375 2617; x_wconf 82' lang='lat' dir='ltr'><strong>piscem</strong></span> <span class='ocrx_word' id='word_1_261' title='bbox 1427 2547 1656 2599; x_wconf 77' lang='lat' dir='ltr'><strong>viderint</strong></span> <span class='ocrx_word' id='word_1_262' title='bbox 1702 2546 1919 2599; x_wconf 83' lang='lat' dir='ltr'><strong>hamum</strong></span> <span class='ocrx_word' id='word_1_263' title='bbox 1959 2546 2256 2613; x_wconf 81' lang='lat' dir='ltr'><strong>deglutire,</strong></span> 
     </span>
    </p>
   </div>
   <div class='ocr_carea' id='block_1_34' title="bbox 671 2635 2258 2701">
    <p class='ocr_par' dir='ltr' id='par_1_34' title="bbox 671 2635 2258 2701">
     <span class='ocr_line' id='line_1_34' title="bbox 671 2635 2258 2701; baseline -0.005 -8"><span class='ocrx_word' id='word_1_264' title='bbox 671 2656 775 2695; x_wconf 86' lang='lat' dir='ltr'><strong>neu</strong></span> <span class='ocrx_word' id='word_1_265' title='bbox 804 2640 980 2692; x_wconf 82' lang='lat' dir='ltr'><strong>statim</strong></span> <span class='ocrx_word' id='word_1_266' title='bbox 1020 2638 1319 2701; x_wconf 79' lang='lat' dir='ltr'><strong>retrahunt,</strong></span> <span class='ocrx_word' id='word_1_267' title='bbox 1362 2636 1454 2690; x_wconf 85' lang='lat' dir='ltr'><strong>sed</strong></span> <span class='ocrx_word' id='word_1_268' title='bbox 1483 2636 1734 2690; x_wconf 82' lang='lat' dir='ltr'><strong>cedentes</strong></span> <span class='ocrx_word' id='word_1_269' title='bbox 1763 2635 1829 2688; x_wconf 90' lang='lat' dir='ltr'><strong>ad</strong></span> <span class='ocrx_word' id='word_1_270' title='bbox 1877 2635 2100 2687; x_wconf 90' lang='lat' dir='ltr'><strong>multum</strong></span> <span class='ocrx_word' id='word_1_271' title='bbox 2134 2650 2258 2700; x_wconf 70' lang='lat' dir='ltr'><strong>Spa-</strong></span> 
     </span>
    </p>
   </div>
   <div class='ocr_carea' id='block_1_35' title="bbox 675 2732 2250 2809">
    <p class='ocr_par' dir='ltr' id='par_1_35' title="bbox 675 2732 2250 2809">
     <span class='ocr_line' id='line_1_35' title="bbox 675 2732 2250 2809; baseline -0.005 -16"><span class='ocrx_word' id='word_1_272' title='bbox 675 2741 801 2794; x_wconf 69' lang='lat' dir='ltr'><strong>tium</strong></span> <span class='ocrx_word' id='word_1_273' title='bbox 830 2749 1145 2809; x_wconf 88' lang='lat' dir='ltr'><strong>sequuntur,</strong></span> <span class='ocrx_word' id='word_1_274' title='bbox 1175 2749 1227 2791; x_wconf 83' lang='lat' dir='ltr'><strong>et</strong></span> <span class='ocrx_word' id='word_1_275' title='bbox 1275 2744 1589 2804; x_wconf 74' lang='lat' dir='ltr'><strong>exspectant</strong></span> <span class='ocrx_word' id='word_1_276' title='bbox 1617 2745 1672 2789; x_wconf 92' lang='lat' dir='ltr'><strong>ut</strong></span> <span class='ocrx_word' id='word_1_277' title='bbox 1712 2734 1902 2787; x_wconf 91' lang='lat' dir='ltr'><strong>hamus</strong></span> <span class='ocrx_word' id='word_1_278' title='bbox 1952 2743 2096 2787; x_wconf 89' lang='lat' dir='ltr'><strong>recte</strong></span> <span class='ocrx_word' id='word_1_279' title='bbox 2120 2732 2250 2786; x_wconf 85' lang='lat' dir='ltr'><strong>deli-</strong></span> 
     </span>
    </p>
   </div>
   <div class='ocr_carea' id='block_1_36' title="bbox 670 2826 2259 2902">
    <p class='ocr_par' dir='ltr' id='par_1_36' title="bbox 670 2826 2259 2902">
     <span class='ocr_line' id='line_1_36' title="bbox 670 2826 2259 2902; baseline -0.004 -15"><span class='ocrx_word' id='word_1_280' title='bbox 670 2844 856 2902; x_wconf 78' lang='lat' dir='ltr'><strong>gatur,</strong></span> <span class='ocrx_word' id='word_1_281' title='bbox 899 2844 1059 2901; x_wconf 84' lang='lat' dir='ltr'><strong>atque</strong></span> <span class='ocrx_word' id='word_1_282' title='bbox 1110 2831 1181 2885; x_wconf 89' lang='lat' dir='ltr'><strong>ita</strong></span> <span class='ocrx_word' id='word_1_283' title='bbox 1225 2830 1459 2900; x_wconf 69' lang='lat' dir='ltr'><strong>prtedam</strong></span> <span class='ocrx_word' id='word_1_284' title='bbox 1507 2829 1667 2882; x_wconf 84' lang='lat' dir='ltr'><strong>tutius</strong></span> <span class='ocrx_word' id='word_1_285' title='bbox 1716 2826 2041 2882; x_wconf 80' lang='lat' dir='ltr'><strong>extrahant:</strong></span> <span class='ocrx_word' id='word_1_286' title='bbox 2089 2829 2166 2881; x_wconf 90' lang='lat' dir='ltr'><strong>sic</strong></span> <span class='ocrx_word' id='word_1_287' title='bbox 2204 2836 2259 2881; x_wconf 90' lang='lat' dir='ltr'><strong>et</strong></span> 
     </span>
    </p>
   </div>
   <div class='ocr_carea' id='block_1_37' title="bbox 671 2918 2253 2991">
    <p class='ocr_par' dir='ltr' id='par_1_37' title="bbox 671 2918 2253 2991">
     <span class='ocr_line' id='line_1_37' title="bbox 671 2918 2253 2991; baseline -0.003 -15"><span class='ocrx_word' id='word_1_288' title='bbox 671 2924 897 2990; x_wconf 78' lang='lat' dir='ltr'><strong>apostoli</strong></span> <span class='ocrx_word' id='word_1_289' title='bbox 949 2934 1057 2975; x_wconf 90' lang='lat' dir='ltr'><strong>tum</strong></span> <span class='ocrx_word' id='word_1_290' title='bbox 1106 2923 1375 2991; x_wconf 82' lang='lat' dir='ltr'><strong>agebam:</strong></span> <span class='ocrx_word' id='word_1_291' title='bbox 1417 2920 1629 2973; x_wconf 80' lang='lat' dir='ltr'><strong>hamum</strong></span> <span class='ocrx_word' id='word_1_292' title='bbox 1670 2919 1927 2973; x_wconf 74' lang='lat' dir='ltr'><strong>doctrina:</strong></span> <span class='ocrx_word' id='word_1_293' title='bbox 1968 2918 2116 2972; x_wconf 80' lang='lat' dir='ltr'><strong>verbi</strong></span> <span class='ocrx_word' id='word_1_294' title='bbox 2160 2919 2253 2973; x_wconf 84' lang='lat' dir='ltr'><strong>Ju-</strong></span> 
     </span>
    </p>
   </div>
   <div class='ocr_carea' id='block_1_38' title="bbox 669 3011 2251 3084">
    <p class='ocr_par' dir='ltr' id='par_1_38' title="bbox 669 3011 2251 3084">
     <span class='ocr_line' id='line_1_38' title="bbox 669 3011 2251 3084; baseline -0.002 -16"><span class='ocrx_word' id='word_1_295' title='bbox 669 3016 833 3071; x_wconf 69' lang='lat' dir='ltr'><strong>daicm</strong></span> <span class='ocrx_word' id='word_1_296' title='bbox 863 3016 1055 3070; x_wconf 65' lang='lat' dir='ltr'><strong>anima!</strong></span> <span class='ocrx_word' id='word_1_297' title='bbox 1084 3012 1392 3084; x_wconf 83' lang='lat' dir='ltr'><strong>injicicbaut</strong></span> <span class='ocrx_word' id='word_1_298' title='bbox 1422 3031 1435 3065; x_wconf 90' lang='lat'><strong>:</strong></span> <span class='ocrx_word' id='word_1_299' title='bbox 1468 3022 1519 3065; x_wconf 89' lang='lat' dir='ltr'><strong>at</strong></span> <span class='ocrx_word' id='word_1_300' title='bbox 1549 3011 1623 3069; x_wconf 86' lang='lat' dir='ltr'><strong>illi</strong></span> <span class='ocrx_word' id='word_1_301' title='bbox 1651 3011 1997 3066; x_wconf 87' lang='lat' dir='ltr'><strong>retrahebant</strong></span> <span class='ocrx_word' id='word_1_302' title='bbox 2022 3022 2251 3077; x_wconf 81' lang='lat' dir='ltr'><strong>temere,</strong></span> 
     </span>
    </p>
   </div>
   <div class='ocr_carea' id='block_1_39' title="bbox 592 3102 2254 3179">
    <p class='ocr_par' dir='ltr' id='par_1_39' title="bbox 592 3102 2254 3179">
     <span class='ocr_line' id='line_1_39' title="bbox 592 3102 2254 3179; baseline -0.007 -17"><span class='ocrx_word' id='word_1_303' title='bbox 592 3172 595 3175; x_wconf 19' lang='grc' dir='ltr'><em>Α</em></span> <span class='ocrx_word' id='word_1_304' title='bbox 669 3107 1169 3179; x_wconf 81' lang='lat' dir='ltr'><strong>atqucretincbaut,</strong></span> <span class='ocrx_word' id='word_1_305' title='bbox 1200 3113 1255 3159; x_wconf 84' lang='lat' dir='ltr'><strong>et</strong></span> <span class='ocrx_word' id='word_1_306' title='bbox 1298 3106 1503 3171; x_wconf 88' lang='lat' dir='ltr'><strong>scipsos</strong></span> <span class='ocrx_word' id='word_1_307' title='bbox 1536 3103 1602 3156; x_wconf 90' lang='lat' dir='ltr'><strong>ad</strong></span> <span class='ocrx_word' id='word_1_308' title='bbox 1638 3102 2098 3157; x_wconf 86' lang='lat' dir='ltr'><strong>circumcisionem</strong></span> <span class='ocrx_word' id='word_1_309' title='bbox 2144 3110 2254 3156; x_wconf 85' lang='lat' dir='ltr'><strong>tra-</strong></span> 
     </span>
    </p>
   </div>
   <div class='ocr_carea' id='block_1_40' title="bbox 669 3195 2253 3267">
    <p class='ocr_par' dir='ltr' id='par_1_40' title="bbox 669 3195 2253 3267">
     <span class='ocr_line' id='line_1_40' title="bbox 669 3195 2253 3267; baseline -0.005 -12"><span class='ocrx_word' id='word_1_310' title='bbox 669 3201 960 3267; x_wconf 86' lang='lat' dir='ltr'><strong>ducebaut,</strong></span> <span class='ocrx_word' id='word_1_311' title='bbox 990 3198 1057 3254; x_wconf 82' lang='lat' dir='ltr'><strong>ad</strong></span> <span class='ocrx_word' id='word_1_312' title='bbox 1105 3200 1235 3255; x_wconf 76' lang='lat' dir='ltr'><strong>festa</strong></span> <span class='ocrx_word' id='word_1_313' title='bbox 1280 3207 1335 3251; x_wconf 89' lang='lat' dir='ltr'><strong>et</strong></span> <span class='ocrx_word' id='word_1_314' title='bbox 1377 3207 1675 3266; x_wconf 86' lang='lat' dir='ltr'><strong>temporum</strong></span> <span class='ocrx_word' id='word_1_315' title='bbox 1717 3196 2136 3261; x_wconf 80' lang='lat' dir='ltr'><strong>observationes,</strong></span> <span class='ocrx_word' id='word_1_316' title='bbox 2186 3195 2253 3247; x_wconf 87' lang='lat' dir='ltr'><strong>ad</strong></span> 
     </span>
    </p>
   </div>
   <div class='ocr_carea' id='block_1_41' title="bbox 669 3284 2255 3358">
    <p class='ocr_par' dir='ltr' id='par_1_41' title="bbox 669 3284 2255 3358">
     <span class='ocr_line' id='line_1_41' title="bbox 669 3284 2255 3358; baseline -0.006 -11"><span class='ocrx_word' id='word_1_317' title='bbox 669 3292 926 3347; x_wconf 70' lang='lat' dir='ltr'><strong>sacrificia</strong></span> <span class='ocrx_word' id='word_1_318' title='bbox 956 3333 971 3358; x_wconf 91' lang='lat'><strong>,</strong></span> <span class='ocrx_word' id='word_1_319' title='bbox 1014 3291 1080 3345; x_wconf 87' lang='lat' dir='ltr'><strong>ad</strong></span> <span class='ocrx_word' id='word_1_320' title='bbox 1124 3291 1293 3358; x_wconf 79' lang='lat' dir='ltr'><strong>capita</strong></span> <span class='ocrx_word' id='word_1_321' title='bbox 1342 3286 1573 3343; x_wconf 88' lang='lat' dir='ltr'><strong>radenda</strong></span> <span class='ocrx_word' id='word_1_322' title='bbox 1599 3327 1613 3350; x_wconf 92' lang='lat'><strong>,</strong></span> <span class='ocrx_word' id='word_1_323' title='bbox 1644 3295 1697 3340; x_wconf 90' lang='lat' dir='ltr'><strong>et</strong></span> <span class='ocrx_word' id='word_1_324' title='bbox 1735 3295 1926 3339; x_wconf 77' lang='lat' dir='ltr'><strong>cauera</strong></span> <span class='ocrx_word' id='word_1_325' title='bbox 1975 3284 2098 3339; x_wconf 86' lang='lat' dir='ltr'><strong>talia</strong></span> <span class='ocrx_word' id='word_1_326' title='bbox 2136 3299 2255 3352; x_wconf 82' lang='lat' dir='ltr'><strong>pcr-</strong></span> 
     </span>
    </p>
   </div>
   <div class='ocr_carea' id='block_1_42' title="bbox 667 3377 2253 3454">
    <p class='ocr_par' dir='ltr' id='par_1_42' title="bbox 667 3377 2253 3454">
     <span class='ocr_line' id='line_1_42' title="bbox 667 3377 2253 3454; baseline -0.006 -15"><span class='ocrx_word' id='word_1_327' title='bbox 667 3386 873 3454; x_wconf 79' lang='lat' dir='ltr'><strong>agenda</strong></span> <span class='ocrx_word' id='word_1_328' title='bbox 896 3402 909 3437; x_wconf 92' lang='lat'><strong>:</strong></span> <span class='ocrx_word' id='word_1_329' title='bbox 933 3400 1115 3438; x_wconf 80' lang='lat' dir='ltr'><strong>verum</strong></span> <span class='ocrx_word' id='word_1_330' title='bbox 1147 3382 1372 3453; x_wconf 82' lang='lat' dir='ltr'><strong>apostoli</strong></span> <span class='ocrx_word' id='word_1_331' title='bbox 1399 3377 1895 3449; x_wconf 87' lang='lat' dir='ltr'><strong>sequebanturillos</strong></span> <span class='ocrx_word' id='word_1_332' title='bbox 1918 3377 2132 3445; x_wconf 78' lang='lat' dir='ltr'><strong>ubique,</strong></span> <span class='ocrx_word' id='word_1_333' title='bbox 2156 3391 2253 3430; x_wconf 88' lang='lat' dir='ltr'><strong>nec</strong></span> 
     </span>
    </p>
   </div>
   <div class='ocr_carea' id='block_1_43' title="bbox 668 3470 2251 3545">
    <p class='ocr_par' dir='ltr' id='par_1_43' title="bbox 668 3470 2251 3545">
     <span class='ocr_line' id='line_1_43' title="bbox 668 3470 2251 3545; baseline -0.006 -14"><span class='ocrx_word' id='word_1_334' title='bbox 668 3476 1027 3531; x_wconf 77' lang='lat' dir='ltr'><strong>retrahebaut.</strong></span> <span class='ocrx_word' id='word_1_335' title='bbox 1062 3475 1241 3545; x_wconf 85' lang='lat' dir='ltr'><strong>Itaque</strong></span> <span class='ocrx_word' id='word_1_336' title='bbox 1270 3474 1383 3527; x_wconf 87' lang='lat' dir='ltr'><strong>sive</strong></span> <span class='ocrx_word' id='word_1_337' title='bbox 1412 3471 1870 3525; x_wconf 86' lang='lat' dir='ltr'><strong>circumcisiooem</strong></span> <span class='ocrx_word' id='word_1_338' title='bbox 1899 3482 2141 3537; x_wconf 77' lang='lat' dir='ltr'><strong>quaeras,</strong></span> <span class='ocrx_word' id='word_1_339' title='bbox 2173 3470 2251 3521; x_wconf 87' lang='lat' dir='ltr'><strong>in-</strong></span> 
     </span>
    </p>
   </div>
   <div class='ocr_carea' id='block_1_44' title="bbox 663 3560 2251 3638">
    <p class='ocr_par' dir='ltr' id='par_1_44' title="bbox 663 3560 2251 3638">
     <span class='ocr_line' id='line_1_44' title="bbox 663 3560 2251 3638; baseline -0.004 -19"><span class='ocrx_word' id='word_1_340' title='bbox 663 3570 807 3638; x_wconf 84' lang='lat' dir='ltr'><strong>quit,</strong></span> <span class='ocrx_word' id='word_1_341' title='bbox 839 3583 943 3623; x_wconf 89' lang='lat' dir='ltr'><strong>non</strong></span> <span class='ocrx_word' id='word_1_342' title='bbox 972 3567 1185 3633; x_wconf 79' lang='lat' dir='ltr'><strong>resisto,</strong></span> <span class='ocrx_word' id='word_1_343' title='bbox 1220 3565 1313 3619; x_wconf 83' lang='lat' dir='ltr'><strong>scd</strong></span> <span class='ocrx_word' id='word_1_344' title='bbox 1359 3580 1555 3633; x_wconf 75' lang='lat' dir='ltr'><strong>sequor</strong></span> <span class='ocrx_word' id='word_1_345' title='bbox 1588 3580 1602 3615; x_wconf 87' lang='lat'><strong>:</strong></span> <span class='ocrx_word' id='word_1_346' title='bbox 1634 3562 1749 3617; x_wconf 85' lang='lat' dir='ltr'><strong>sive</strong></span> <span class='ocrx_word' id='word_1_347' title='bbox 1795 3560 2117 3615; x_wconf 82' lang='lat' dir='ltr'><strong>sacriﬁcium</strong></span> <span class='ocrx_word' id='word_1_348' title='bbox 2163 3575 2251 3613; x_wconf 86' lang='lat' dir='ltr'><strong>re-</strong></span> 
     </span>
    </p>
   </div>
   <div class='ocr_carea' id='block_1_45' title="bbox 669 3652 2254 3727">
    <p class='ocr_par' dir='ltr' id='par_1_45' title="bbox 669 3652 2254 3727">
     <span class='ocr_line' id='line_1_45' title="bbox 669 3652 2254 3727; baseline -0.003 -16"><span class='ocrx_word' id='word_1_349' title='bbox 669 3663 866 3727; x_wconf 73' lang='lat' dir='ltr'><strong>quiras,</strong></span> <span class='ocrx_word' id='word_1_350' title='bbox 898 3661 1143 3713; x_wconf 81' lang='lat' dir='ltr'><strong>sacrilico</strong></span> <span class='ocrx_word' id='word_1_351' title='bbox 1174 3677 1185 3712; x_wconf 93' lang='lat'><strong>:</strong></span> <span class='ocrx_word' id='word_1_352' title='bbox 1218 3658 1332 3711; x_wconf 85' lang='lat' dir='ltr'><strong>sive</strong></span> <span class='ocrx_word' id='word_1_353' title='bbox 1359 3657 1471 3709; x_wconf 87' lang='lat' dir='ltr'><strong>radi</strong></span> <span class='ocrx_word' id='word_1_354' title='bbox 1502 3656 1633 3709; x_wconf 86' lang='lat' dir='ltr'><strong>velis</strong></span> <span class='ocrx_word' id='word_1_355' title='bbox 1676 3670 1782 3717; x_wconf 86' lang='lat' dir='ltr'><strong>me,</strong></span> <span class='ocrx_word' id='word_1_356' title='bbox 1811 3655 1899 3723; x_wconf 91' lang='lat' dir='ltr'><strong>qui</strong></span> <span class='ocrx_word' id='word_1_357' title='bbox 1929 3668 1958 3707; x_wconf 88' lang='lat' dir='ltr'><strong>a</strong></span> <span class='ocrx_word' id='word_1_358' title='bbox 1997 3662 2083 3706; x_wconf 89' lang='lat' dir='ltr'><strong>tua</strong></span> <span class='ocrx_word' id='word_1_359' title='bbox 2130 3652 2254 3706; x_wconf 89' lang='lat' dir='ltr'><strong>reli-</strong></span> 
     </span>
    </p>
   </div>
   <div class='ocr_carea' id='block_1_46' title="bbox 670 3742 2251 3817">
    <p class='ocr_par' dir='ltr' id='par_1_46' title="bbox 670 3742 2251 3817">
     <span class='ocr_line' id='line_1_46' title="bbox 670 3742 2251 3817; baseline -0.003 -16"><span class='ocrx_word' id='word_1_360' title='bbox 670 3751 828 3817; x_wconf 67' lang='lat' dir='ltr'><strong>gione</strong></span> <span class='ocrx_word' id='word_1_361' title='bbox 850 3750 1172 3813; x_wconf 75' lang='lat' dir='ltr'><strong>deieceram,</strong></span> <span class='ocrx_word' id='word_1_362' title='bbox 1204 3748 1413 3813; x_wconf 77' lang='lat' dir='ltr'><strong>adsum,</strong></span> <span class='ocrx_word' id='word_1_363' title='bbox 1442 3756 1496 3800; x_wconf 91' lang='lat' dir='ltr'><strong>et</strong></span> <span class='ocrx_word' id='word_1_364' title='bbox 1521 3744 1906 3815; x_wconf 78' lang='lat' dir='ltr'><strong>quodjusseris</strong></span> <span class='ocrx_word' id='word_1_365' title='bbox 1936 3742 2072 3796; x_wconf 82' lang='lat' dir='ltr'><strong>facio</strong></span> <span class='ocrx_word' id='word_1_366' title='bbox 2097 3762 2108 3795; x_wconf 88' lang='lat'><strong>:</strong></span> <span class='ocrx_word' id='word_1_367' title='bbox 2138 3742 2251 3797; x_wconf 84' lang='lat' dir='ltr'><strong>sive</strong></span> 
     </span>
    </p>
   </div>
   <div class='ocr_carea' id='block_1_47' title="bbox 667 3833 2248 3904">
    <p class='ocr_par' dir='ltr' id='par_1_47' title="bbox 667 3833 2248 3904">
     <span class='ocr_line' id='line_1_47' title="bbox 667 3833 2248 3904; baseline -0.004 -11"><span class='ocrx_word' id='word_1_368' title='bbox 667 3842 1018 3894; x_wconf 58' lang='lat' dir='ltr'><strong>l&#39;entecomcn</strong></span> <span class='ocrx_word' id='word_1_369' title='bbox 1052 3840 1338 3893; x_wconf 84' lang='lat' dir='ltr'><strong>observare</strong></span> <span class='ocrx_word' id='word_1_370' title='bbox 1379 3836 1677 3904; x_wconf 65' lang='lat' dir='ltr'><strong>put-cipias,</strong></span> <span class='ocrx_word' id='word_1_371' title='bbox 1711 3850 1779 3889; x_wconf 86' lang='lat' dir='ltr'><strong>ne</strong></span> <span class='ocrx_word' id='word_1_372' title='bbox 1804 3836 1887 3888; x_wconf 86' lang='lat' dir='ltr'><strong>hic</strong></span> <span class='ocrx_word' id='word_1_373' title='bbox 1916 3833 2128 3902; x_wconf 89' lang='lat' dir='ltr'><strong>quidem</strong></span> <span class='ocrx_word' id='word_1_374' title='bbox 2160 3848 2248 3887; x_wconf 90' lang='lat' dir='ltr'><strong>rc-</strong></span> 
     </span>
    </p>
   </div>
   <div class='ocr_carea' id='block_1_48' title="bbox 666 3923 2248 4000">
    <p class='ocr_par' dir='ltr' id='par_1_48' title="bbox 666 3923 2248 4000">
     <span class='ocr_line' id='line_1_48' title="bbox 666 3923 2248 4000; baseline -0.006 -15"><span class='ocrx_word' id='word_1_375' title='bbox 666 3932 859 3994; x_wconf 87' lang='lat' dir='ltr'><strong>loctor,</strong></span> <span class='ocrx_word' id='word_1_376' title='bbox 893 3930 985 3985; x_wconf 87' lang='lat' dir='ltr'><strong>sed</strong></span> <span class='ocrx_word' id='word_1_377' title='bbox 1004 3943 1339 4000; x_wconf 85' lang='lat' dir='ltr'><strong>quocumque</strong></span> <span class='ocrx_word' id='word_1_378' title='bbox 1360 3926 1780 3981; x_wconf 79' lang='lat' dir='ltr'><strong>circnmduxeris</strong></span> <span class='ocrx_word' id='word_1_379' title='bbox 1804 3940 2020 3995; x_wconf 87' lang='lat' dir='ltr'><strong>sequor,</strong></span> <span class='ocrx_word' id='word_1_380' title='bbox 2042 3935 2097 3979; x_wconf 89' lang='lat' dir='ltr'><strong>et</strong></span> <span class='ocrx_word' id='word_1_381' title='bbox 2116 3923 2248 3979; x_wconf 79' lang='lat' dir='ltr'><strong>cedo</strong></span> 
     </span>
    </p>
   </div>
   <div class='ocr_carea' id='block_1_49' title="bbox 661 4018 2248 4091">
    <p class='ocr_par' dir='ltr' id='par_1_49' title="bbox 661 4018 2248 4091">
     <span class='ocr_line' id='line_1_49' title="bbox 661 4018 2248 4091; baseline -0.006 -14"><span class='ocrx_word' id='word_1_382' title='bbox 661 4031 1014 4091; x_wconf 74' lang='lat' dir='ltr'><strong>exspectans,</strong></span> <span class='ocrx_word' id='word_1_383' title='bbox 1063 4029 1121 4073; x_wconf 88' lang='grc' dir='ltr'><strong>ιιι</strong></span> <span class='ocrx_word' id='word_1_384' title='bbox 1173 4022 1361 4072; x_wconf 74' lang='lat' dir='ltr'><strong>hamus</strong></span> <span class='ocrx_word' id='word_1_385' title='bbox 1407 4018 1553 4071; x_wconf 86' lang='lat' dir='ltr'><strong>verbi</strong></span> <span class='ocrx_word' id='word_1_386' title='bbox 1600 4018 1887 4085; x_wconf 80' lang='lat' dir='ltr'><strong>deligatur,</strong></span> <span class='ocrx_word' id='word_1_387' title='bbox 1931 4019 2008 4069; x_wconf 82' lang='lat' dir='ltr'><strong>sic</strong></span> <span class='ocrx_word' id='word_1_388' title='bbox 2035 4026 2091 4069; x_wconf 94' lang='grc' dir='ltr'><strong>ιιι</strong></span> <span class='ocrx_word' id='word_1_389' title='bbox 2136 4024 2248 4067; x_wconf 88' lang='lat' dir='ltr'><strong>tuto</strong></span> 
     </span>
    </p>
   </div>
   <div class='ocr_carea' id='block_1_50' title="bbox 665 4106 2249 4183">
    <p class='ocr_par' dir='ltr' id='par_1_50' title="bbox 665 4106 2249 4183">
     <span class='ocr_line' id='line_1_50' title="bbox 665 4106 2249 4183; baseline -0.004 -20"><span class='ocrx_word' id='word_1_390' title='bbox 665 4115 863 4183; x_wconf 69' lang='lat' dir='ltr'><strong>possim</strong></span> <span class='ocrx_word' id='word_1_391' title='bbox 893 4121 1055 4165; x_wconf 88' lang='lat' dir='ltr'><strong>totam</strong></span> <span class='ocrx_word' id='word_1_392' title='bbox 1086 4113 1353 4164; x_wconf 85' lang='lat' dir='ltr'><strong>nationem</strong></span> <span class='ocrx_word' id='word_1_393' title='bbox 1386 4116 1613 4159; x_wconf 80' lang='lat' dir='ltr'><strong>vestram</strong></span> <span class='ocrx_word' id='word_1_394' title='bbox 1640 4122 1669 4158; x_wconf 90' lang='lat' dir='ltr'><strong>a</strong></span> <span class='ocrx_word' id='word_1_395' title='bbox 1696 4106 1859 4159; x_wconf 83' lang='lat' dir='ltr'><strong>veteri</strong></span> <span class='ocrx_word' id='word_1_396' title='bbox 1888 4108 2031 4157; x_wconf 89' lang='lat' dir='ltr'><strong>cultu</strong></span> <span class='ocrx_word' id='word_1_397' title='bbox 2061 4118 2123 4157; x_wconf 92' lang='lat' dir='ltr'><strong>ac</strong></span> <span class='ocrx_word' id='word_1_398' title='bbox 2158 4120 2249 4157; x_wconf 86' lang='lat' dir='ltr'><strong>rc-</strong></span> 
     </span>
    </p>
   </div>
   <div class='ocr_carea' id='block_1_51' title="bbox 667 4194 2250 4273">
    <p class='ocr_par' dir='ltr' id='par_1_51' title="bbox 667 4194 2250 4273">
     <span class='ocr_line' id='line_1_51' title="bbox 667 4194 2250 4273; baseline -0.006 -17"><span class='ocrx_word' id='word_1_399' title='bbox 667 4206 859 4273; x_wconf 74' lang='lat' dir='ltr'><strong>ligione</strong></span> <span class='ocrx_word' id='word_1_400' title='bbox 894 4215 1166 4256; x_wconf 85' lang='lat' dir='ltr'><strong>revocare.</strong></span> <span class='ocrx_word' id='word_1_401' title='bbox 1199 4199 1486 4267; x_wconf 81' lang='lat' dir='ltr'><strong>Propterea</strong></span> <span class='ocrx_word' id='word_1_402' title='bbox 1532 4212 1760 4265; x_wconf 86' lang='lat' dir='ltr'><strong>namque</strong></span> <span class='ocrx_word' id='word_1_403' title='bbox 1791 4194 2005 4264; x_wconf 79' lang='lat' dir='ltr'><strong>Epheso</strong></span> <span class='ocrx_word' id='word_1_404' title='bbox 2035 4194 2250 4248; x_wconf 82' lang='lat' dir='ltr'><strong>Jeroso-</strong></span> 
     </span>
    </p>
   </div>
   <div class='ocr_carea' id='block_1_52' title="bbox 663 4285 2249 4366">
    <p class='ocr_par' dir='ltr' id='par_1_52' title="bbox 663 4285 2249 4366">
     <span class='ocr_line' id='line_1_52' title="bbox 663 4285 2249 4366; baseline -0.007 -16"><span class='ocrx_word' id='word_1_405' title='bbox 663 4296 858 4366; x_wconf 72' lang='lat' dir='ltr'><strong>lymam</strong></span> <span class='ocrx_word' id='word_1_406' title='bbox 901 4294 1043 4347; x_wconf 82' lang='lat' dir='ltr'><strong>veni.</strong></span> <span class='ocrx_word' id='word_1_407' title='bbox 1102 4291 1258 4345; x_wconf 78' lang='lat' dir='ltr'><strong>Vides</strong></span> <span class='ocrx_word' id='word_1_408' title='bbox 1307 4301 1562 4358; x_wconf 88' lang='lat' dir='ltr'><strong>quantutn</strong></span> <span class='ocrx_word' id='word_1_409' title='bbox 1615 4286 2003 4355; x_wconf 84' lang='lat' dir='ltr'><strong>obsequeretur</strong></span> <span class='ocrx_word' id='word_1_410' title='bbox 2056 4285 2249 4339; x_wconf 87' lang='lat' dir='ltr'><strong>Paulus</strong></span> 
     </span>
    </p>
   </div>
   <div class='ocr_carea' id='block_1_53' title="bbox 665 4378 2246 4453">
    <p class='ocr_par' dir='ltr' id='par_1_53' title="bbox 665 4378 2246 4453">
     <span class='ocr_line' id='line_1_53' title="bbox 665 4378 2246 4453; baseline -0.004 -15"><span class='ocrx_word' id='word_1_411' title='bbox 665 4386 947 4451; x_wconf 75' lang='lat' dir='ltr'><strong>piscatum:</strong></span> <span class='ocrx_word' id='word_1_412' title='bbox 974 4382 1197 4453; x_wconf 88' lang='lat' dir='ltr'><strong>piseimn</strong></span> <span class='ocrx_word' id='word_1_413' title='bbox 1240 4380 1401 4433; x_wconf 87' lang='lat' dir='ltr'><strong>verbo</strong></span> <span class='ocrx_word' id='word_1_414' title='bbox 1432 4379 1665 4434; x_wconf 72' lang='lat' dir='ltr'><strong>cedens?</strong></span> <span class='ocrx_word' id='word_1_415' title='bbox 1696 4378 1845 4433; x_wconf 84' lang='lat' dir='ltr'><strong>vides</strong></span> <span class='ocrx_word' id='word_1_416' title='bbox 1896 4393 2083 4432; x_wconf 75' lang='lat' dir='ltr'><strong>rursus</strong></span> <span class='ocrx_word' id='word_1_417' title='bbox 2110 4387 2246 4432; x_wconf 89' lang='lat' dir='ltr'><strong>tem-</strong></span> 
     </span>
    </p>
   </div>
   <div class='ocr_carea' id='block_1_54' title="bbox 664 4469 2245 4545">
    <p class='ocr_par' dir='ltr' id='par_1_54' title="bbox 664 4469 2245 4545">
     <span class='ocr_line' id='line_1_54' title="bbox 664 4469 2245 4545; baseline -0.001 -20"><span class='ocrx_word' id='word_1_418' title='bbox 664 4491 851 4545; x_wconf 84' lang='lat' dir='ltr'><strong>porum</strong></span> <span class='ocrx_word' id='word_1_419' title='bbox 868 4474 1316 4535; x_wconf 81' lang='lat' dir='ltr'><strong>observationem,</strong></span> <span class='ocrx_word' id='word_1_420' title='bbox 1346 4479 1398 4524; x_wconf 90' lang='lat' dir='ltr'><strong>et</strong></span> <span class='ocrx_word' id='word_1_421' title='bbox 1421 4469 1841 4523; x_wconf 77' lang='lat' dir='ltr'><strong>circuntcisionis</strong></span> <span class='ocrx_word' id='word_1_422' title='bbox 1866 4470 2245 4539; x_wconf 78' lang='lat' dir='ltr'><strong>indulgentiam</strong></span> 
     </span>
    </p>
   </div>
   <div class='ocr_carea' id='block_1_55' title="bbox 661 4560 2241 4624">
    <p class='ocr_par' dir='ltr' id='par_1_55' title="bbox 661 4560 2241 4624">
     <span class='ocr_line' id='line_1_55' title="bbox 661 4560 2241 4624; baseline -0.004 -3"><span class='ocrx_word' id='word_1_423' title='bbox 661 4582 723 4621; x_wconf 85' lang='lat' dir='ltr'><strong>ac</strong></span> <span class='ocrx_word' id='word_1_424' title='bbox 760 4566 1144 4619; x_wconf 88' lang='lat' dir='ltr'><strong>sacriliciorum</strong></span> <span class='ocrx_word' id='word_1_425' title='bbox 1175 4562 1606 4615; x_wconf 89' lang='lat' dir='ltr'><strong>communionem</strong></span> <span class='ocrx_word' id='word_1_426' title='bbox 1652 4560 1834 4614; x_wconf 89' lang='lat' dir='ltr'><strong>initam</strong></span> <span class='ocrx_word' id='word_1_427' title='bbox 1867 4560 2065 4615; x_wconf 89' lang='lat' dir='ltr'><strong>idcirco</strong></span> <span class='ocrx_word' id='word_1_428' title='bbox 2094 4577 2241 4624; x_wconf 75' lang='lat' dir='ltr'><strong>esse,</strong></span> 
     </span>
    </p>
   </div>
   <div class='ocr_carea' id='block_1_56' title="bbox 664 4639 2247 4727">
    <p class='ocr_par' dir='ltr' id='par_1_56' title="bbox 664 4639 2247 4727">
     <span class='ocr_line' id='line_1_56' title="bbox 664 4639 2247 4727; baseline -0.005 -12"><span class='ocrx_word' id='word_1_429' title='bbox 664 4677 769 4715; x_wconf 84' lang='lat' dir='ltr'><strong>non</strong></span> <span class='ocrx_word' id='word_1_430' title='bbox 803 4670 859 4713; x_wconf 92' lang='grc' dir='ltr'><strong>ιιι</strong></span> <span class='ocrx_word' id='word_1_431' title='bbox 898 4658 995 4727; x_wconf 87' lang='lat' dir='ltr'><strong>ipsi</strong></span> <span class='ocrx_word' id='word_1_432' title='bbox 1035 4658 1101 4712; x_wconf 84' lang='lat' dir='ltr'><strong>ad</strong></span> <span class='ocrx_word' id='word_1_433' title='bbox 1130 4639 1360 4710; x_wconf 76' lang='lat' dir='ltr'><strong>veterem</strong></span> <span class='ocrx_word' id='word_1_434' title='bbox 1408 4655 1719 4723; x_wconf 87' lang='lat' dir='ltr'><strong>religionem</strong></span> <span class='ocrx_word' id='word_1_435' title='bbox 1764 4653 2019 4717; x_wconf 89' lang='lat' dir='ltr'><strong>redirent,</strong></span> <span class='ocrx_word' id='word_1_436' title='bbox 2051 4654 2144 4708; x_wconf 91' lang='lat' dir='ltr'><strong>sed</strong></span> <span class='ocrx_word' id='word_1_437' title='bbox 2190 4663 2247 4708; x_wconf 92' lang='lat' dir='ltr'><strong>ut</strong></span> 
     </span>
    </p>
   </div>
   <div class='ocr_carea' id='block_1_57' title="bbox 662 4746 2244 4821">
    <p class='ocr_par' dir='ltr' id='par_1_57' title="bbox 662 4746 2244 4821">
     <span class='ocr_line' id='line_1_57' title="bbox 662 4746 2244 4821; baseline -0.004 -14"><span class='ocrx_word' id='word_1_438' title='bbox 662 4754 783 4808; x_wconf 88' lang='lat' dir='ltr'><strong>illos</strong></span> <span class='ocrx_word' id='word_1_439' title='bbox 809 4752 895 4821; x_wconf 86' lang='lat' dir='ltr'><strong>qui</strong></span> <span class='ocrx_word' id='word_1_440' title='bbox 932 4750 1115 4820; x_wconf 80' lang='lat' dir='ltr'><strong>ﬁguris</strong></span> <span class='ocrx_word' id='word_1_441' title='bbox 1150 4748 1527 4812; x_wconf 65' lang='lat' dir='ltr'><strong>adhaerebant,</strong></span> <span class='ocrx_word' id='word_1_442' title='bbox 1558 4746 1624 4800; x_wconf 90' lang='lat' dir='ltr'><strong>ad</strong></span> <span class='ocrx_word' id='word_1_443' title='bbox 1667 4747 1944 4800; x_wconf 86' lang='lat' dir='ltr'><strong>veritatem</strong></span> <span class='ocrx_word' id='word_1_444' title='bbox 1981 4747 2244 4815; x_wconf 87' lang='lat' dir='ltr'><strong>provehe-</strong></span> 
     </span>
    </p>
   </div>
   <div class='ocr_carea' id='block_1_58' title="bbox 665 4837 2244 4908">
    <p class='ocr_par' dir='ltr' id='par_1_58' title="bbox 665 4837 2244 4908">
     <span class='ocr_line' id='line_1_58' title="bbox 665 4837 2244 4908; baseline -0.004 -11"><span class='ocrx_word' id='word_1_445' title='bbox 665 4844 822 4897; x_wconf 75' lang='lat' dir='ltr'><strong>rcnt?</strong></span> <span class='ocrx_word' id='word_1_446' title='bbox 865 4842 962 4908; x_wconf 82' lang='lat' dir='ltr'><strong>Qui</strong></span> <span class='ocrx_word' id='word_1_447' title='bbox 1009 4841 1151 4895; x_wconf 88' lang='lat' dir='ltr'><strong>enim</strong></span> <span class='ocrx_word' id='word_1_448' title='bbox 1199 4840 1249 4892; x_wconf 92' lang='lat' dir='ltr'><strong>in</strong></span> <span class='ocrx_word' id='word_1_449' title='bbox 1285 4839 1498 4892; x_wconf 83' lang='lat' dir='ltr'><strong>sublimi</strong></span> <span class='ocrx_word' id='word_1_450' title='bbox 1545 4837 1663 4894; x_wconf 91' lang='lat' dir='ltr'><strong>loco</strong></span> <span class='ocrx_word' id='word_1_451' title='bbox 1692 4838 1860 4899; x_wconf 84' lang='lat' dir='ltr'><strong>sedet.</strong></span> <span class='ocrx_word' id='word_1_452' title='bbox 1895 4839 1938 4892; x_wconf 89' lang='lat' dir='ltr'><strong>si</strong></span> <span class='ocrx_word' id='word_1_453' title='bbox 1991 4847 2244 4906; x_wconf 81' lang='lat' dir='ltr'><strong>perpetuo</strong></span> 
     </span>
    </p>
   </div>
   <div class='ocr_carea' id='block_1_59' title="bbox 664 4928 2245 4999">
    <p class='ocr_par' dir='ltr' id='par_1_59' title="bbox 664 4928 2245 4999">
     <span class='ocr_line' id='line_1_59' title="bbox 664 4928 2245 4999; baseline -0.004 -12"><span class='ocrx_word' id='word_1_454' title='bbox 664 4943 877 4987; x_wconf 85' lang='lat' dir='ltr'><strong>maneat</strong></span> <span class='ocrx_word' id='word_1_455' title='bbox 908 4934 958 4985; x_wconf 89' lang='lat' dir='ltr'><strong>in</strong></span> <span class='ocrx_word' id='word_1_456' title='bbox 988 4931 1223 4994; x_wconf 86' lang='lat' dir='ltr'><strong>sublimi,</strong></span> <span class='ocrx_word' id='word_1_457' title='bbox 1257 4945 1543 4997; x_wconf 80' lang='lat' dir='ltr'><strong>numquam</strong></span> <span class='ocrx_word' id='word_1_458' title='bbox 1573 4934 1766 4999; x_wconf 88' lang='lat' dir='ltr'><strong>poterit</strong></span> <span class='ocrx_word' id='word_1_459' title='bbox 1794 4946 1938 4992; x_wconf 90' lang='lat' dir='ltr'><strong>eum,</strong></span> <span class='ocrx_word' id='word_1_460' title='bbox 1968 4930 2056 4997; x_wconf 92' lang='lat' dir='ltr'><strong>qui</strong></span> <span class='ocrx_word' id='word_1_461' title='bbox 2086 4928 2245 4981; x_wconf 89' lang='lat' dir='ltr'><strong>deor-</strong></span> 
     </span>
    </p>
   </div>
   <div class='ocr_carea' id='block_1_60' title="bbox 661 5020 2246 5093">
    <p class='ocr_par' dir='ltr' id='par_1_60' title="bbox 661 5020 2246 5093">
     <span class='ocr_line' id='line_1_60' title="bbox 661 5020 2246 5093; baseline -0.004 -14"><span class='ocrx_word' id='word_1_462' title='bbox 661 5043 779 5079; x_wconf 79' lang='lat' dir='ltr'><strong>sum</strong></span> <span class='ocrx_word' id='word_1_463' title='bbox 823 5024 985 5093; x_wconf 80' lang='lat' dir='ltr'><strong>jacet,</strong></span> <span class='ocrx_word' id='word_1_464' title='bbox 1028 5022 1292 5085; x_wconf 82' lang='lat' dir='ltr'><strong>evehere,</strong></span> <span class='ocrx_word' id='word_1_465' title='bbox 1338 5022 1429 5074; x_wconf 84' lang='lat' dir='ltr'><strong>sed</strong></span> <span class='ocrx_word' id='word_1_466' title='bbox 1479 5021 1625 5074; x_wconf 90' lang='lat' dir='ltr'><strong>illum</strong></span> <span class='ocrx_word' id='word_1_467' title='bbox 1678 5022 1823 5089; x_wconf 88' lang='lat' dir='ltr'><strong>prius</strong></span> <span class='ocrx_word' id='word_1_468' title='bbox 1867 5035 1925 5073; x_wconf 90' lang='lat' dir='ltr'><strong>se</strong></span> <span class='ocrx_word' id='word_1_469' title='bbox 1963 5020 2246 5073; x_wconf 84' lang='lat' dir='ltr'><strong>demittere</strong></span> 
     </span>
    </p>
   </div>
   <div class='ocr_carea' id='block_1_61' title="bbox 656 5109 2242 5181">
    <p class='ocr_par' dir='ltr' id='par_1_61' title="bbox 656 5109 2242 5181">
     <span class='ocr_line' id='line_1_61' title="bbox 656 5109 2242 5181; baseline -0.003 -15"><span class='ocrx_word' id='word_1_470' title='bbox 656 5125 890 5181; x_wconf 72' lang='lat' dir='ltr'><strong>t-ptn&#39;lcl,</strong></span> <span class='ocrx_word' id='word_1_471' title='bbox 920 5128 982 5167; x_wconf 91' lang='lat' dir='ltr'><strong>ac</strong></span> <span class='ocrx_word' id='word_1_472' title='bbox 1026 5112 1217 5166; x_wconf 88' lang='lat' dir='ltr'><strong>deinde</strong></span> <span class='ocrx_word' id='word_1_473' title='bbox 1245 5112 1401 5164; x_wconf 82' lang='lat' dir='ltr'><strong>istum</strong></span> <span class='ocrx_word' id='word_1_474' title='bbox 1429 5110 1673 5165; x_wconf 72' lang='lat' dir='ltr'><strong>exaltari.</strong></span> <span class='ocrx_word' id='word_1_475' title='bbox 1703 5111 1986 5180; x_wconf 71' lang='lat' dir='ltr'><strong>Propterea</strong></span> <span class='ocrx_word' id='word_1_476' title='bbox 2016 5124 2078 5162; x_wconf 83' lang='lat' dir='ltr'><strong>ex</strong></span> <span class='ocrx_word' id='word_1_477' title='bbox 2111 5109 2242 5161; x_wconf 89' lang='lat' dir='ltr'><strong>sub—</strong></span> 
     </span>
    </p>
   </div>
   <div class='ocr_carea' id='block_1_62' title="bbox 661 5202 2242 5273">
    <p class='ocr_par' dir='ltr' id='par_1_62' title="bbox 661 5202 2242 5273">
     <span class='ocr_line' id='line_1_62' title="bbox 661 5202 2242 5273; baseline -0.004 -13"><span class='ocrx_word' id='word_1_478' title='bbox 661 5209 883 5262; x_wconf 87' lang='lat' dir='ltr'><strong>limitate</strong></span> <span class='ocrx_word' id='word_1_479' title='bbox 924 5205 1194 5273; x_wconf 79' lang='lat' dir='ltr'><strong>religionis</strong></span> <span class='ocrx_word' id='word_1_480' title='bbox 1235 5206 1553 5272; x_wconf 76' lang='lat' dir='ltr'><strong>evangelica:</strong></span> <span class='ocrx_word' id='word_1_481' title='bbox 1602 5204 1618 5234; x_wconf 86' lang='grc'>¹</span> <span class='ocrx_word' id='word_1_482' title='bbox 1670 5202 2063 5256; x_wconf 87' lang='lat' dir='ltr'><strong>descenderunt</strong></span> <span class='ocrx_word' id='word_1_483' title='bbox 2108 5216 2242 5270; x_wconf 88' lang='lat' dir='ltr'><strong>apo-</strong></span> 
     </span>
    </p>
   </div>
   <div class='ocr_carea' id='block_1_63' title="bbox 662 5293 2243 5365">
    <p class='ocr_par' dir='ltr' id='par_1_63' title="bbox 662 5293 2243 5365">
     <span class='ocr_line' id='line_1_63' title="bbox 662 5293 2243 5365; baseline -0.004 -14"><span class='ocrx_word' id='word_1_484' title='bbox 662 5300 804 5365; x_wconf 80' lang='lat' dir='ltr'><strong>stoli,</strong></span> <span class='ocrx_word' id='word_1_485' title='bbox 841 5308 896 5351; x_wconf 91' lang='lat' dir='ltr'><strong>ut</strong></span> <span class='ocrx_word' id='word_1_486' title='bbox 924 5312 951 5349; x_wconf 89' lang='lat' dir='ltr'><strong>a</strong></span> <span class='ocrx_word' id='word_1_487' title='bbox 996 5297 1268 5365; x_wconf 75' lang='lat' dir='ltr'><strong>religionis</strong></span> <span class='ocrx_word' id='word_1_488' title='bbox 1297 5295 1530 5349; x_wconf 69' lang='lat' dir='ltr'><strong>.Indaica)</strong></span> <span class='ocrx_word' id='word_1_489' title='bbox 1573 5294 1871 5347; x_wconf 89' lang='lat' dir='ltr'><strong>humilitate</strong></span> <span class='ocrx_word' id='word_1_490' title='bbox 1900 5293 1962 5347; x_wconf 85' lang='lat' dir='ltr'><strong>ad</strong></span> <span class='ocrx_word' id='word_1_491' title='bbox 1998 5294 2243 5347; x_wconf 90' lang='lat' dir='ltr'><strong>sublimi-</strong></span> 
     </span>
    </p>
   </div>
   <div class='ocr_carea' id='block_1_64' title="bbox 662 5385 1641 5456">
    <p class='ocr_par' dir='ltr' id='par_1_64' title="bbox 662 5385 1641 5456">
     <span class='ocr_line' id='line_1_64' title="bbox 662 5385 1641 5456; baseline -0.004 -16"><span class='ocrx_word' id='word_1_492' title='bbox 662 5398 821 5441; x_wconf 62' lang='lat' dir='ltr'><strong>tatem</strong></span> <span class='ocrx_word' id='word_1_493' title='bbox 853 5388 994 5441; x_wconf 86' lang='lat' dir='ltr'><strong>illam</strong></span> <span class='ocrx_word' id='word_1_494' title='bbox 1022 5387 1236 5440; x_wconf 69' lang='lat' dir='ltr'><strong>Judmos</strong></span> <span class='ocrx_word' id='word_1_495' title='bbox 1267 5385 1641 5456; x_wconf 87' lang='lat' dir='ltr'><strong>provcltercnt.</strong></span> 
     </span>
    </p>
   </div>
   <div class='ocr_carea' id='block_1_65' title="bbox 730 5474 2241 5548">
    <p class='ocr_par' dir='ltr' id='par_1_65' title="bbox 730 5474 2241 5548">
     <span class='ocr_line' id='line_1_65' title="bbox 730 5474 2241 5548; baseline -0.001 -17"><span class='ocrx_word' id='word_1_496' title='bbox 730 5478 785 5531; x_wconf 81' lang='lat'><strong>5.</strong></span> <span class='ocrx_word' id='word_1_497' title='bbox 826 5476 1179 5548; x_wconf 78' lang='lat' dir='ltr'><strong>Cui-legantur</strong></span> <span class='ocrx_word' id='word_1_498' title='bbox 1223 5476 1274 5529; x_wconf 87' lang='lat' dir='ltr'><strong>in</strong></span> <span class='ocrx_word' id='word_1_499' title='bbox 1327 5475 1618 5529; x_wconf 70' lang='lat' dir='ltr'><strong>Pentecoste</strong></span> <span class='ocrx_word' id='word_1_500' title='bbox 1660 5474 1789 5528; x_wconf 79' lang='lat' dir='ltr'><strong>Acta</strong></span> <span class='ocrx_word' id='word_1_501' title='bbox 1838 5474 2109 5543; x_wconf 77' lang='lat' dir='ltr'><strong>Apost.—</strong></span> <span class='ocrx_word' id='word_1_502' title='bbox 2136 5475 2241 5531; x_wconf 88' lang='lat' dir='ltr'><strong>Sed</strong></span> 
     </span>
    </p>
   </div>
   <div class='ocr_carea' id='block_1_66' title="bbox 662 5566 2242 5636">
    <p class='ocr_par' dir='ltr' id='par_1_66' title="bbox 662 5566 2242 5636">
     <span class='ocr_line' id='line_1_66' title="bbox 662 5566 2242 5636; baseline 0.001 -16"><span class='ocrx_word' id='word_1_503' title='bbox 662 5578 696 5620; x_wconf 82' lang='grc' dir='ltr'><strong>ιι</strong></span> <span class='ocrx_word' id='word_1_504' title='bbox 716 5581 957 5634; x_wconf 88' lang='lat' dir='ltr'><strong>mporum</strong></span> <span class='ocrx_word' id='word_1_505' title='bbox 988 5566 1203 5635; x_wconf 87' lang='lat' dir='ltr'><strong>quidem</strong></span> <span class='ocrx_word' id='word_1_506' title='bbox 1232 5566 1658 5620; x_wconf 84' lang='lat' dir='ltr'><strong>observationem</strong></span> <span class='ocrx_word' id='word_1_507' title='bbox 1706 5581 1770 5619; x_wconf 89' lang='lat' dir='ltr'><strong>ac</strong></span> <span class='ocrx_word' id='word_1_508' title='bbox 1814 5566 2017 5636; x_wconf 88' lang='lat' dir='ltr'><strong>reliqua</strong></span> <span class='ocrx_word' id='word_1_509' title='bbox 2066 5568 2242 5621; x_wconf 89' lang='lat' dir='ltr'><strong>omnia</strong></span> 
     </span>
    </p>
   </div>
   <div class='ocr_carea' id='block_1_67' title="bbox 663 5654 2237 5713">
    <p class='ocr_par' dir='ltr' id='par_1_67' title="bbox 663 5654 2237 5713">
     <span class='ocr_line' id='line_1_67' title="bbox 663 5654 2237 5713; baseline 0.003 -5"><span class='ocrx_word' id='word_1_510' title='bbox 663 5656 859 5708; x_wconf 85' lang='lat' dir='ltr'><strong>utiliter</strong></span> <span class='ocrx_word' id='word_1_511' title='bbox 878 5665 932 5709; x_wconf 90' lang='lat' dir='ltr'><strong>et</strong></span> <span class='ocrx_word' id='word_1_512' title='bbox 959 5654 1243 5712; x_wconf 88' lang='lat' dir='ltr'><strong>commode</strong></span> <span class='ocrx_word' id='word_1_513' title='bbox 1272 5656 1407 5711; x_wconf 89' lang='lat' dir='ltr'><strong>facta</strong></span> <span class='ocrx_word' id='word_1_514' title='bbox 1441 5671 1558 5712; x_wconf 82' lang='lat' dir='ltr'><strong>esse</strong></span> <span class='ocrx_word' id='word_1_515' title='bbox 1582 5666 1787 5712; x_wconf 86' lang='lat' dir='ltr'><strong>constat</strong></span> <span class='ocrx_word' id='word_1_516' title='bbox 1818 5671 1884 5713; x_wconf 84' lang='lat' dir='ltr'><strong>ex</strong></span> <span class='ocrx_word' id='word_1_517' title='bbox 1927 5657 2074 5713; x_wconf 75' lang='lat' dir='ltr'><strong>istis:</strong></span> <span class='ocrx_word' id='word_1_518' title='bbox 2110 5657 2237 5713; x_wconf 84' lang='lat' dir='ltr'><strong>reli-</strong></span> 
     </span>
    </p>
   </div>
   <div class='ocr_carea' id='block_1_68' title="bbox 724 5756 1184 5813">
    <p class='ocr_par' dir='ltr' id='par_1_68' title="bbox 724 5756 1184 5813">
     <span class='ocr_line' id='line_1_68' title="bbox 724 5756 1184 5813; baseline 0.009 -8"><span class='ocrx_word' id='word_1_519' title='bbox 724 5757 741 5789; x_wconf 81' lang='grc'><strong><em>³</em></strong></span> <span class='ocrx_word' id='word_1_520' title='bbox 773 5756 922 5813; x_wconf 44' lang='lat' dir='ltr'><strong>colla.</strong></span> <span class='ocrx_word' id='word_1_521' title='bbox 942 5758 1184 5812; x_wconf 64' lang='lat' dir='ltr'><strong>«nectit-rc.</strong></span> 
     </span>
    </p>
   </div>
   <div class='ocr_carea' id='block_1_69' title="bbox 2379 1078 3981 1163">
    <p class='ocr_par' dir='ltr' id='par_1_69' title="bbox 2379 1078 3981 1163">
     <span class='ocr_line' id='line_1_69' title="bbox 2379 1078 3981 1163; baseline 0.006 -22"><span class='ocrx_word' id='word_1_522' title='bbox 2379 1078 2557 1143; x_wconf 80' lang='lat' dir='ltr'><strong>crucis</strong></span> <span class='ocrx_word' id='word_1_523' title='bbox 2580 1092 2758 1145; x_wconf 89' lang='lat' dir='ltr'><strong>omnia</strong></span> <span class='ocrx_word' id='word_1_524' title='bbox 2794 1090 3020 1162; x_wconf 81' lang='lat' dir='ltr'><strong>legimus</strong></span> <span class='ocrx_word' id='word_1_525' title='bbox 3046 1108 3166 1161; x_wconf 80' lang='lat' dir='ltr'><strong>qua:</strong></span> <span class='ocrx_word' id='word_1_526' title='bbox 3193 1092 3259 1146; x_wconf 89' lang='lat' dir='ltr'><strong>ad</strong></span> <span class='ocrx_word' id='word_1_527' title='bbox 3308 1109 3524 1149; x_wconf 87' lang='lat' dir='ltr'><strong>crucem</strong></span> <span class='ocrx_word' id='word_1_528' title='bbox 3568 1098 3839 1163; x_wconf 88' lang='lat' dir='ltr'><strong>pertinent</strong></span> <span class='ocrx_word' id='word_1_529' title='bbox 3869 1115 3886 1150; x_wconf 91' lang='lat'><strong>:</strong></span> <span class='ocrx_word' id='word_1_530' title='bbox 3918 1097 3981 1150; x_wconf 85' lang='lat' dir='ltr'><strong>in</strong></span> 
     </span>
    </p>
   </div>
   <div class='ocr_carea' id='block_1_70' title="bbox 2379 1179 3980 1249">
    <p class='ocr_par' dir='ltr' id='par_1_70' title="bbox 2379 1179 3980 1249">
     <span class='ocr_line' id='line_1_70' title="bbox 2379 1179 3980 1249; baseline 0.007 -18"><span class='ocrx_word' id='word_1_531' title='bbox 2379 1194 2573 1249; x_wconf 82' lang='lat' dir='ltr'><strong>magno</strong></span> <span class='ocrx_word' id='word_1_532' title='bbox 2620 1179 2844 1235; x_wconf 88' lang='lat' dir='ltr'><strong>sabbato</strong></span> <span class='ocrx_word' id='word_1_533' title='bbox 2900 1196 3125 1249; x_wconf 88' lang='lat' dir='ltr'><strong>rursus,</strong></span> <span class='ocrx_word' id='word_1_534' title='bbox 3187 1182 3438 1238; x_wconf 82' lang='lat' dir='ltr'><strong>traditum</strong></span> <span class='ocrx_word' id='word_1_535' title='bbox 3503 1200 3623 1240; x_wconf 82' lang='lat' dir='ltr'><strong>esse</strong></span> <span class='ocrx_word' id='word_1_536' title='bbox 3682 1187 3980 1243; x_wconf 85' lang='lat' dir='ltr'><strong>Dominum</strong></span> 
     </span>
    </p>
   </div>
   <div class='ocr_carea' id='block_1_71' title="bbox 2379 1263 3979 1336">
    <p class='ocr_par' dir='ltr' id='par_1_71' title="bbox 2379 1263 3979 1336">
     <span class='ocr_line' id='line_1_71' title="bbox 2379 1263 3979 1336; baseline 0.006 -14"><span class='ocrx_word' id='word_1_537' title='bbox 2379 1279 2644 1331; x_wconf 90' lang='lat' dir='ltr'><strong>nostrum,</strong></span> <span class='ocrx_word' id='word_1_538' title='bbox 2674 1263 2987 1325; x_wconf 78' lang='lat' dir='ltr'><strong>crucifixum</strong></span> <span class='ocrx_word' id='word_1_539' title='bbox 3012 1285 3165 1336; x_wconf 87' lang='lat' dir='ltr'><strong>esse,</strong></span> <span class='ocrx_word' id='word_1_540' title='bbox 3200 1283 3468 1327; x_wconf 91' lang='lat' dir='ltr'><strong>mortuum</strong></span> <span class='ocrx_word' id='word_1_541' title='bbox 3513 1289 3635 1330; x_wconf 88' lang='lat' dir='ltr'><strong>esse</strong></span> <span class='ocrx_word' id='word_1_542' title='bbox 3672 1276 3979 1331; x_wconf 85' lang='lat' dir='ltr'><strong>secundum</strong></span> 
     </span>
    </p>
   </div>
   <div class='ocr_carea' id='block_1_72' title="bbox 2376 1360 3978 1432">
    <p class='ocr_par' dir='ltr' id='par_1_72' title="bbox 2376 1360 3978 1432">
     <span class='ocr_line' id='line_1_72' title="bbox 2376 1360 3978 1432; baseline 0.005 -21"><span class='ocrx_word' id='word_1_543' title='bbox 2376 1374 2594 1412; x_wconf 88' lang='lat' dir='ltr'><strong>carnem</strong></span> <span class='ocrx_word' id='word_1_544' title='bbox 2616 1369 2671 1414; x_wconf 90' lang='lat' dir='ltr'><strong>et</strong></span> <span class='ocrx_word' id='word_1_545' title='bbox 2694 1360 2940 1429; x_wconf 90' lang='lat' dir='ltr'><strong>sepulcro</strong></span> <span class='ocrx_word' id='word_1_546' title='bbox 2966 1361 3398 1417; x_wconf 84' lang='lat' dir='ltr'><strong>conditumzcur</strong></span> <span class='ocrx_word' id='word_1_547' title='bbox 3438 1363 3599 1432; x_wconf 73' lang='lat' dir='ltr'><strong>igitur</strong></span> <span class='ocrx_word' id='word_1_548' title='bbox 3648 1380 3753 1418; x_wconf 91' lang='lat' dir='ltr'><strong>non</strong></span> <span class='ocrx_word' id='word_1_549' title='bbox 3804 1366 3978 1420; x_wconf 87' lang='lat' dir='ltr'><strong>etiam</strong></span> 
     </span>
    </p>
   </div>
   <div class='ocr_carea' id='block_1_73' title="bbox 2377 1450 3979 1525">
    <p class='ocr_par' dir='ltr' id='par_1_73' title="bbox 2377 1450 3979 1525">
     <span class='ocr_line' id='line_1_73' title="bbox 2377 1450 3979 1525; baseline 0.004 -23"><span class='ocrx_word' id='word_1_550' title='bbox 2377 1450 2756 1518; x_wconf 79' lang='lat' dir='ltr'><strong>Apostolorum</strong></span> <span class='ocrx_word' id='word_1_551' title='bbox 2789 1455 2919 1505; x_wconf 85' lang='lat' dir='ltr'><strong>Acta</strong></span> <span class='ocrx_word' id='word_1_552' title='bbox 2945 1452 3169 1521; x_wconf 73' lang='lat' dir='ltr'><strong>legimus</strong></span> <span class='ocrx_word' id='word_1_553' title='bbox 3199 1461 3320 1521; x_wconf 90' lang='lat' dir='ltr'><strong>post</strong></span> <span class='ocrx_word' id='word_1_554' title='bbox 3343 1452 3721 1516; x_wconf 86' lang='lat' dir='ltr'><strong>Pentecosten,</strong></span> <span class='ocrx_word' id='word_1_555' title='bbox 3750 1457 3979 1525; x_wconf 81' lang='lat' dir='ltr'><strong>quando</strong></span> 
     </span>
    </p>
   </div>
   <div class='ocr_carea' id='block_1_74' title="bbox 2374 1542 3974 1617">
    <p class='ocr_par' dir='ltr' id='par_1_74' title="bbox 2374 1542 3974 1617">
     <span class='ocr_line' id='line_1_74' title="bbox 2374 1542 3974 1617; baseline 0.006 -24"><span class='ocrx_word' id='word_1_556' title='bbox 2374 1548 2428 1593; x_wconf 88' lang='lat' dir='ltr'><strong>et</strong></span> <span class='ocrx_word' id='word_1_557' title='bbox 2446 1549 2762 1604; x_wconf 87' lang='lat' dir='ltr'><strong>evenerunt,</strong></span> <span class='ocrx_word' id='word_1_558' title='bbox 2786 1551 2838 1595; x_wconf 89' lang='lat' dir='ltr'><strong>et</strong></span> <span class='ocrx_word' id='word_1_559' title='bbox 2860 1542 3069 1595; x_wconf 90' lang='lat' dir='ltr'><strong>initium</strong></span> <span class='ocrx_word' id='word_1_560' title='bbox 3098 1542 3405 1597; x_wconf 73' lang='lat' dir='ltr'><strong>duxerunt?</strong></span> <span class='ocrx_word' id='word_1_561' title='bbox 3454 1547 3534 1599; x_wconf 82' lang='lat' dir='ltr'><strong>Ac</strong></span> <span class='ocrx_word' id='word_1_562' title='bbox 3562 1546 3675 1601; x_wconf 90' lang='lat' dir='ltr'><strong>scio</strong></span> <span class='ocrx_word' id='word_1_563' title='bbox 3715 1548 3974 1617; x_wconf 71' lang='lat' dir='ltr'><strong>equidem</strong></span> 
     </span>
    </p>
   </div>
   <div class='ocr_carea' id='block_1_75' title="bbox 2376 1627 3978 1708">
    <p class='ocr_par' dir='ltr' id='par_1_75' title="bbox 2376 1627 3978 1708">
     <span class='ocr_line' id='line_1_75' title="bbox 2376 1627 3978 1708; baseline 0.006 -28"><span class='ocrx_word' id='word_1_564' title='bbox 2376 1627 2477 1681; x_wconf 91' lang='lat' dir='ltr'><strong>hoc</strong></span> <span class='ocrx_word' id='word_1_565' title='bbox 2506 1630 2743 1698; x_wconf 79' lang='lat' dir='ltr'><strong>ignotum</strong></span> <span class='ocrx_word' id='word_1_566' title='bbox 2767 1646 2885 1685; x_wconf 88' lang='lat' dir='ltr'><strong>esse</strong></span> <span class='ocrx_word' id='word_1_567' title='bbox 2916 1628 3117 1698; x_wconf 84' lang='lat' dir='ltr'><strong>multis,</strong></span> <span class='ocrx_word' id='word_1_568' title='bbox 3142 1647 3301 1701; x_wconf 89' lang='lat' dir='ltr'><strong>quam</strong></span> <span class='ocrx_word' id='word_1_569' title='bbox 3351 1634 3423 1687; x_wconf 92' lang='lat' dir='ltr'><strong>ob</strong></span> <span class='ocrx_word' id='word_1_570' title='bbox 3466 1648 3683 1690; x_wconf 87' lang='lat' dir='ltr'><strong>causam</strong></span> <span class='ocrx_word' id='word_1_571' title='bbox 3728 1653 3796 1691; x_wconf 80' lang='lat' dir='ltr'><strong>ex</strong></span> <span class='ocrx_word' id='word_1_572' title='bbox 3850 1637 3978 1708; x_wconf 85' lang='lat' dir='ltr'><strong>ipso</strong></span> 
     </span>
    </p>
   </div>
   <div class='ocr_carea' id='block_1_76' title="bbox 2375 1720 3977 1792">
    <p class='ocr_par' dir='ltr' id='par_1_76' title="bbox 2375 1720 3977 1792">
     <span class='ocr_line' id='line_1_76' title="bbox 2375 1720 3977 1792; baseline 0.007 -21"><span class='ocrx_word' id='word_1_573' title='bbox 2375 1720 2628 1773; x_wconf 77' lang='lat' dir='ltr'><strong>Actorum</strong></span> <span class='ocrx_word' id='word_1_574' title='bbox 2657 1721 2793 1774; x_wconf 92' lang='lat' dir='ltr'><strong>libro</strong></span> <span class='ocrx_word' id='word_1_575' title='bbox 2820 1722 3252 1777; x_wconf 84' lang='lat' dir='ltr'><strong>demonstremus</strong></span> <span class='ocrx_word' id='word_1_576' title='bbox 3293 1723 3433 1777; x_wconf 90' lang='lat' dir='ltr'><strong>istud</strong></span> <span class='ocrx_word' id='word_1_577' title='bbox 3481 1740 3702 1780; x_wconf 77' lang='lat' dir='ltr'><strong>necesse</strong></span> <span class='ocrx_word' id='word_1_578' title='bbox 3748 1737 3855 1792; x_wconf 88' lang='lat' dir='ltr'><strong>est,</strong></span> <span class='ocrx_word' id='word_1_579' title='bbox 3910 1740 3977 1782; x_wconf 81' lang='lat' dir='ltr'><strong>ut</strong></span> 
     </span>
    </p>
   </div>
   <div class='ocr_carea' id='block_1_77' title="bbox 2374 1812 3971 1884">
    <p class='ocr_par' dir='ltr' id='par_1_77' title="bbox 2374 1812 3971 1884">
     <span class='ocr_line' id='line_1_77' title="bbox 2374 1812 3971 1884; baseline 0.007 -21"><span class='ocrx_word' id='word_1_580' title='bbox 2374 1826 2476 1865; x_wconf 90' lang='lat' dir='ltr'><strong>non</strong></span> <span class='ocrx_word' id='word_1_581' title='bbox 2507 1827 2535 1865; x_wconf 91' lang='lat' dir='ltr'><strong>a</strong></span> <span class='ocrx_word' id='word_1_582' title='bbox 2560 1812 2895 1878; x_wconf 86' lang='lat' dir='ltr'><strong>Pentecoste,</strong></span> <span class='ocrx_word' id='word_1_583' title='bbox 2928 1814 3021 1868; x_wconf 87' lang='lat' dir='ltr'><strong>sed</strong></span> <span class='ocrx_word' id='word_1_584' title='bbox 3046 1829 3074 1866; x_wconf 91' lang='lat' dir='ltr'><strong>a</strong></span> <span class='ocrx_word' id='word_1_585' title='bbox 3099 1823 3337 1884; x_wconf 88' lang='lat' dir='ltr'><strong>tempore</strong></span> <span class='ocrx_word' id='word_1_586' title='bbox 3358 1857 3372 1881; x_wconf 95' lang='lat'><strong>,</strong></span> <span class='ocrx_word' id='word_1_587' title='bbox 3417 1818 3558 1884; x_wconf 89' lang='lat' dir='ltr'><strong>quod</strong></span> <span class='ocrx_word' id='word_1_588' title='bbox 3612 1819 3971 1874; x_wconf 68' lang='lat' dir='ltr'><strong>Pentecoste&quot;</strong></span> 
     </span>
    </p>
   </div>
   <div class='ocr_carea' id='block_1_78' title="bbox 2371 1890 3975 1973">
    <p class='ocr_par' dir='ltr' id='par_1_78' title="bbox 2371 1890 3975 1973">
     <span class='ocr_line' id='line_1_78' title="bbox 2371 1890 3975 1973; baseline 0.005 -17"><span class='ocrx_word' id='word_1_589' title='bbox 2371 1912 2654 1971; x_wconf 88' lang='lat' dir='ltr'><strong>sequutum</strong></span> <span class='ocrx_word' id='word_1_590' title='bbox 2683 1912 2785 1970; x_wconf 87' lang='lat' dir='ltr'><strong>est,</strong></span> <span class='ocrx_word' id='word_1_591' title='bbox 2842 1905 3206 1973; x_wconf 86' lang='lat' dir='ltr'><strong>apostolorum</strong></span> <span class='ocrx_word' id='word_1_592' title='bbox 3238 1915 3352 1959; x_wconf 87' lang='lat' dir='ltr'><strong>acta</strong></span> <span class='ocrx_word' id='word_1_593' title='bbox 3387 1907 3593 1961; x_wconf 90' lang='lat' dir='ltr'><strong>initium</strong></span> <span class='ocrx_word' id='word_1_594' title='bbox 3622 1890 3839 1963; x_wconf 58' lang='lat' dir='ltr'><strong>(lusisse</strong></span> <span class='ocrx_word' id='word_1_595' title='bbox 3886 1908 3975 1963; x_wconf 79' lang='lat' dir='ltr'><strong>lu-</strong></span> 
     </span>
    </p>
   </div>
   <div class='ocr_carea' id='block_1_79' title="bbox 2373 1993 3971 2068">
    <p class='ocr_par' dir='ltr' id='par_1_79' title="bbox 2373 1993 3971 2068">
     <span class='ocr_line' id='line_1_79' title="bbox 2373 1993 3971 2068; baseline 0.006 -23"><span class='ocrx_word' id='word_1_596' title='bbox 2373 1993 2643 2063; x_wconf 81' lang='lat' dir='ltr'><strong>tclligatis.</strong></span> <span class='ocrx_word' id='word_1_597' title='bbox 2671 1993 2935 2060; x_wconf 82' lang='lat' dir='ltr'><strong>Quocirca</strong></span> <span class='ocrx_word' id='word_1_598' title='bbox 2962 1994 3156 2048; x_wconf 89' lang='lat' dir='ltr'><strong>merito</strong></span> <span class='ocrx_word' id='word_1_599' title='bbox 3177 2006 3381 2065; x_wconf 68' lang='lat' dir='ltr'><strong>queret</strong></span> <span class='ocrx_word' id='word_1_600' title='bbox 3406 1997 3620 2066; x_wconf 87' lang='lat' dir='ltr'><strong>aliquis,</strong></span> <span class='ocrx_word' id='word_1_601' title='bbox 3648 2015 3807 2068; x_wconf 89' lang='lat' dir='ltr'><strong>quam</strong></span> <span class='ocrx_word' id='word_1_602' title='bbox 3840 2009 3971 2053; x_wconf 77' lang='lat' dir='ltr'><strong>tan-</strong></span> 
     </span>
    </p>
   </div>
   <div class='ocr_carea' id='block_1_80' title="bbox 2370 2083 3963 2149">
    <p class='ocr_par' dir='ltr' id='par_1_80' title="bbox 2370 2083 3963 2149">
     <span class='ocr_line' id='line_1_80' title="bbox 2370 2083 3963 2149; baseline 0.006 -12"><span class='ocrx_word' id='word_1_603' title='bbox 2370 2083 2491 2138; x_wconf 89' lang='lat' dir='ltr'><strong>dem</strong></span> <span class='ocrx_word' id='word_1_604' title='bbox 2518 2085 2587 2139; x_wconf 93' lang='lat' dir='ltr'><strong>ob</strong></span> <span class='ocrx_word' id='word_1_605' title='bbox 2613 2100 2826 2139; x_wconf 88' lang='lat' dir='ltr'><strong>causam</strong></span> <span class='ocrx_word' id='word_1_606' title='bbox 2863 2096 3118 2140; x_wconf 91' lang='lat' dir='ltr'><strong>statutum</strong></span> <span class='ocrx_word' id='word_1_607' title='bbox 3149 2088 3238 2149; x_wconf 89' lang='lat' dir='ltr'><strong>sit,</strong></span> <span class='ocrx_word' id='word_1_608' title='bbox 3283 2097 3340 2140; x_wconf 90' lang='lat' dir='ltr'><strong>ut</strong></span> <span class='ocrx_word' id='word_1_609' title='bbox 3387 2086 3665 2141; x_wconf 88' lang='lat' dir='ltr'><strong>historiam</strong></span> <span class='ocrx_word' id='word_1_610' title='bbox 3697 2092 3875 2144; x_wconf 86' lang='lat' dir='ltr'><strong>erucis</strong></span> <span class='ocrx_word' id='word_1_611' title='bbox 3905 2092 3963 2146; x_wconf 84' lang='lat' dir='ltr'><strong>in</strong></span> 
     </span>
    </p>
   </div>
   <div class='ocr_carea' id='block_1_81' title="bbox 2369 2172 3974 2247">
    <p class='ocr_par' dir='ltr' id='par_1_81' title="bbox 2369 2172 3974 2247">
     <span class='ocr_line' id='line_1_81' title="bbox 2369 2172 3974 2247; baseline 0.006 -20"><span class='ocrx_word' id='word_1_612' title='bbox 2369 2172 2454 2229; x_wconf 91' lang='lat' dir='ltr'><strong>die</strong></span> <span class='ocrx_word' id='word_1_613' title='bbox 2501 2176 2674 2230; x_wconf 86' lang='lat' dir='ltr'><strong>crucis</strong></span> <span class='ocrx_word' id='word_1_614' title='bbox 2715 2185 2769 2231; x_wconf 91' lang='lat' dir='ltr'><strong>et</strong></span> <span class='ocrx_word' id='word_1_615' title='bbox 2809 2178 3071 2245; x_wconf 89' lang='lat' dir='ltr'><strong>passionis</strong></span> <span class='ocrx_word' id='word_1_616' title='bbox 3116 2178 3355 2245; x_wconf 80' lang='lat' dir='ltr'><strong>legamus</strong></span> <span class='ocrx_word' id='word_1_617' title='bbox 3388 2196 3401 2231; x_wconf 90' lang='lat'><strong>:</strong></span> <span class='ocrx_word' id='word_1_618' title='bbox 3442 2180 3817 2247; x_wconf 79' lang='lat' dir='ltr'><strong>Apostolorum</strong></span> <span class='ocrx_word' id='word_1_619' title='bbox 3866 2197 3974 2236; x_wconf 90' lang='lat' dir='ltr'><strong>au-</strong></span> 
     </span>
    </p>
   </div>
   <div class='ocr_carea' id='block_1_82' title="bbox 2370 2268 3967 2340">
    <p class='ocr_par' dir='ltr' id='par_1_82' title="bbox 2370 2268 3967 2340">
     <span class='ocr_line' id='line_1_82' title="bbox 2370 2268 3967 2340; baseline 0.004 -22"><span class='ocrx_word' id='word_1_620' title='bbox 2370 2276 2474 2319; x_wconf 88' lang='lat' dir='ltr'><strong>tem</strong></span> <span class='ocrx_word' id='word_1_621' title='bbox 2524 2269 2655 2321; x_wconf 80' lang='lat' dir='ltr'><strong>Acta</strong></span> <span class='ocrx_word' id='word_1_622' title='bbox 2699 2284 2806 2321; x_wconf 89' lang='lat' dir='ltr'><strong>non</strong></span> <span class='ocrx_word' id='word_1_623' title='bbox 2848 2269 2975 2336; x_wconf 87' lang='lat' dir='ltr'><strong>ipsis</strong></span> <span class='ocrx_word' id='word_1_624' title='bbox 3016 2269 3119 2321; x_wconf 89' lang='lat' dir='ltr'><strong>illis</strong></span> <span class='ocrx_word' id='word_1_625' title='bbox 3166 2268 3356 2322; x_wconf 83' lang='lat' dir='ltr'><strong>diebus</strong></span> <span class='ocrx_word' id='word_1_626' title='bbox 3403 2279 3493 2322; x_wconf 89' lang='lat' dir='ltr'><strong>aut</strong></span> <span class='ocrx_word' id='word_1_627' title='bbox 3539 2271 3631 2323; x_wconf 89' lang='lat' dir='ltr'><strong>illo</strong></span> <span class='ocrx_word' id='word_1_628' title='bbox 3676 2281 3920 2340; x_wconf 86' lang='lat' dir='ltr'><strong>tempore</strong></span> <span class='ocrx_word' id='word_1_629' title='bbox 3947 2315 3967 2337; x_wconf 88' lang='lat'><strong>,</strong></span> 
     </span>
    </p>
   </div>
   <div class='ocr_carea' id='block_1_83' title="bbox 2366 2358 3971 2430">
    <p class='ocr_par' dir='ltr' id='par_1_83' title="bbox 2366 2358 3971 2430">
     <span class='ocr_line' id='line_1_83' title="bbox 2366 2358 3971 2430; baseline 0.003 -22"><span class='ocrx_word' id='word_1_630' title='bbox 2366 2373 2474 2425; x_wconf 91' lang='lat' dir='ltr'><strong>quo</strong></span> <span class='ocrx_word' id='word_1_631' title='bbox 2518 2366 2719 2424; x_wconf 86' lang='lat' dir='ltr'><strong>patrata</strong></span> <span class='ocrx_word' id='word_1_632' title='bbox 2770 2368 2924 2420; x_wconf 85' lang='lat' dir='ltr'><strong>sunt,</strong></span> <span class='ocrx_word' id='word_1_633' title='bbox 2974 2358 3245 2427; x_wconf 80' lang='lat' dir='ltr'><strong>legamus,</strong></span> <span class='ocrx_word' id='word_1_634' title='bbox 3272 2360 3364 2411; x_wconf 89' lang='lat' dir='ltr'><strong>sed</strong></span> <span class='ocrx_word' id='word_1_635' title='bbox 3409 2370 3619 2427; x_wconf 87' lang='lat' dir='ltr'><strong>tempus</strong></span> <span class='ocrx_word' id='word_1_636' title='bbox 3660 2362 3971 2430; x_wconf 71' lang='lat' dir='ltr'><strong>pnevenia-</strong></span> 
     </span>
    </p>
   </div>
   <div class='ocr_carea' id='block_1_84' title="bbox 2370 2447 3970 2517">
    <p class='ocr_par' dir='ltr' id='par_1_84' title="bbox 2370 2447 3970 2517">
     <span class='ocr_line' id='line_1_84' title="bbox 2370 2447 3970 2517; baseline 0.004 -18"><span class='ocrx_word' id='word_1_637' title='bbox 2370 2448 2521 2500; x_wconf 84' lang='lat' dir='ltr'><strong>inus?</strong></span> <span class='ocrx_word' id='word_1_638' title='bbox 2564 2448 2747 2517; x_wconf 80' lang='lat' dir='ltr'><strong>Neque</strong></span> <span class='ocrx_word' id='word_1_639' title='bbox 2798 2449 2940 2507; x_wconf 86' lang='lat' dir='ltr'><strong>enim</strong></span> <span class='ocrx_word' id='word_1_640' title='bbox 2991 2447 3298 2515; x_wconf 74' lang='lat' dir='ltr'><strong>confestim,</strong></span> <span class='ocrx_word' id='word_1_641' title='bbox 3354 2449 3439 2502; x_wconf 81' lang='lat' dir='ltr'><strong>ulti</strong></span> <span class='ocrx_word' id='word_1_642' title='bbox 3481 2450 3727 2503; x_wconf 85' lang='lat' dir='ltr'><strong>Christus</strong></span> <span class='ocrx_word' id='word_1_643' title='bbox 3778 2467 3970 2505; x_wconf 82' lang='lat' dir='ltr'><strong>resur-</strong></span> 
     </span>
    </p>
   </div>
   <div class='ocr_carea' id='block_1_85' title="bbox 2368 2537 3968 2609">
    <p class='ocr_par' dir='ltr' id='par_1_85' title="bbox 2368 2537 3968 2609">
     <span class='ocr_line' id='line_1_85' title="bbox 2368 2537 3968 2609; baseline 0.004 -20"><span class='ocrx_word' id='word_1_644' title='bbox 2368 2537 2522 2597; x_wconf 79' lang='lat' dir='ltr'><strong>rexit,</strong></span> <span class='ocrx_word' id='word_1_645' title='bbox 2550 2537 2689 2591; x_wconf 89' lang='lat' dir='ltr'><strong>edita</strong></span> <span class='ocrx_word' id='word_1_646' title='bbox 2732 2548 2857 2591; x_wconf 85' lang='lat' dir='ltr'><strong>sunt</strong></span> <span class='ocrx_word' id='word_1_647' title='bbox 2904 2538 3158 2591; x_wconf 81' lang='lat' dir='ltr'><strong>miracula</strong></span> <span class='ocrx_word' id='word_1_648' title='bbox 3189 2540 3256 2593; x_wconf 87' lang='lat' dir='ltr'><strong>ab</strong></span> <span class='ocrx_word' id='word_1_649' title='bbox 3298 2540 3576 2608; x_wconf 77' lang='lat' dir='ltr'><strong>apostolis,</strong></span> <span class='ocrx_word' id='word_1_650' title='bbox 3606 2542 3699 2594; x_wconf 88' lang='lat' dir='ltr'><strong>sed</strong></span> <span class='ocrx_word' id='word_1_651' title='bbox 3728 2542 3968 2609; x_wconf 83' lang='lat' dir='ltr'><strong>quadra-</strong></span> 
     </span>
    </p>
   </div>
   <div class='ocr_carea' id='block_1_86' title="bbox 2364 2627 3968 2699">
    <p class='ocr_par' dir='ltr' id='par_1_86' title="bbox 2364 2627 3968 2699">
     <span class='ocr_line' id='line_1_86' title="bbox 2364 2627 3968 2699; baseline 0.006 -21"><span class='ocrx_word' id='word_1_652' title='bbox 2364 2628 2508 2695; x_wconf 67' lang='lat' dir='ltr'><strong>ginta</strong></span> <span class='ocrx_word' id='word_1_653' title='bbox 2530 2627 2716 2683; x_wconf 85' lang='lat' dir='ltr'><strong>diebus</strong></span> <span class='ocrx_word' id='word_1_654' title='bbox 2738 2644 2857 2683; x_wconf 90' lang='lat' dir='ltr'><strong>cum</strong></span> <span class='ocrx_word' id='word_1_655' title='bbox 2881 2631 3009 2699; x_wconf 86' lang='lat' dir='ltr'><strong>ipsis</strong></span> <span class='ocrx_word' id='word_1_656' title='bbox 3030 2631 3342 2684; x_wconf 86' lang='lat' dir='ltr'><strong>vescebatur</strong></span> <span class='ocrx_word' id='word_1_657' title='bbox 3364 2631 3414 2683; x_wconf 91' lang='lat' dir='ltr'><strong>in</strong></span> <span class='ocrx_word' id='word_1_658' title='bbox 3440 2634 3615 2686; x_wconf 83' lang='lat' dir='ltr'><strong>terris.</strong></span> <span class='ocrx_word' id='word_1_659' title='bbox 3648 2633 3755 2686; x_wconf 88' lang='lat' dir='ltr'><strong>Cur</strong></span> <span class='ocrx_word' id='word_1_660' title='bbox 3780 2642 3968 2688; x_wconf 81' lang='lat' dir='ltr'><strong>autem</strong></span> 
     </span>
    </p>
   </div>
   <div class='ocr_carea' id='block_1_87' title="bbox 2364 2716 3967 2791">
    <p class='ocr_par' dir='ltr' id='par_1_87' title="bbox 2364 2716 3967 2791">
     <span class='ocr_line' id='line_1_87' title="bbox 2364 2716 3967 2791; baseline 0.005 -21"><span class='ocrx_word' id='word_1_661' title='bbox 2364 2716 2552 2771; x_wconf 88' lang='lat' dir='ltr'><strong>diebus</strong></span> <span class='ocrx_word' id='word_1_662' title='bbox 2576 2718 2924 2788; x_wconf 82' lang='lat' dir='ltr'><strong>quadraginta</strong></span> <span class='ocrx_word' id='word_1_663' title='bbox 2951 2718 3111 2773; x_wconf 80' lang='lat' dir='ltr'><strong>fuerit</strong></span> <span class='ocrx_word' id='word_1_664' title='bbox 3136 2736 3259 2774; x_wconf 89' lang='lat' dir='ltr'><strong>cum</strong></span> <span class='ocrx_word' id='word_1_665' title='bbox 3292 2720 3395 2774; x_wconf 80' lang='lat' dir='ltr'><strong>illis</strong></span> <span class='ocrx_word' id='word_1_666' title='bbox 3423 2731 3667 2776; x_wconf 78' lang='lat' dir='ltr'><strong>verszttus</strong></span> <span class='ocrx_word' id='word_1_667' title='bbox 3695 2723 3745 2775; x_wconf 89' lang='lat' dir='ltr'><strong>in</strong></span> <span class='ocrx_word' id='word_1_668' title='bbox 3779 2724 3967 2791; x_wconf 88' lang='lat' dir='ltr'><strong>terris,</strong></span> 
     </span>
    </p>
   </div>
   <div class='ocr_carea' id='block_1_88' title="bbox 2363 2807 3968 2882">
    <p class='ocr_par' dir='ltr' id='par_1_88' title="bbox 2363 2807 3968 2882">
     <span class='ocr_line' id='line_1_88' title="bbox 2363 2807 3968 2882; baseline 0.007 -25"><span class='ocrx_word' id='word_1_669' title='bbox 2363 2808 2467 2859; x_wconf 82' lang='lat' dir='ltr'><strong>alio</strong></span> <span class='ocrx_word' id='word_1_670' title='bbox 2525 2817 2765 2877; x_wconf 87' lang='lat' dir='ltr'><strong>tempore</strong></span> <span class='ocrx_word' id='word_1_671' title='bbox 2818 2807 3258 2873; x_wconf 87' lang='lat' dir='ltr'><strong>declarabimus;</strong></span> <span class='ocrx_word' id='word_1_672' title='bbox 3318 2827 3459 2864; x_wconf 90' lang='lat' dir='ltr'><strong>nunc</strong></span> <span class='ocrx_word' id='word_1_673' title='bbox 3508 2812 3574 2865; x_wconf 89' lang='lat' dir='ltr'><strong>ad</strong></span> <span class='ocrx_word' id='word_1_674' title='bbox 3624 2813 3968 2882; x_wconf 86' lang='lat' dir='ltr'><strong>propositum</strong></span> 
     </span>
    </p>
   </div>
   <div class='ocr_carea' id='block_1_89' title="bbox 2364 2901 3956 2966">
    <p class='ocr_par' dir='ltr' id='par_1_89' title="bbox 2364 2901 3956 2966">
     <span class='ocr_line' id='line_1_89' title="bbox 2364 2901 3956 2966; baseline 0.006 -16"><span class='ocrx_word' id='word_1_675' title='bbox 2364 2908 2695 2953; x_wconf 86' lang='lat' dir='ltr'><strong>revertamur</strong></span> <span class='ocrx_word' id='word_1_676' title='bbox 2724 2940 2739 2966; x_wconf 96' lang='lat'><strong>,</strong></span> <span class='ocrx_word' id='word_1_677' title='bbox 2797 2907 2854 2954; x_wconf 88' lang='lat' dir='ltr'><strong>ct</strong></span> <span class='ocrx_word' id='word_1_678' title='bbox 2899 2901 3249 2956; x_wconf 87' lang='lat' dir='ltr'><strong>ostendamus</strong></span> <span class='ocrx_word' id='word_1_679' title='bbox 3291 2902 3562 2955; x_wconf 67' lang='lat' dir='ltr'><strong>Christum</strong></span> <span class='ocrx_word' id='word_1_680' title='bbox 3612 2918 3714 2957; x_wconf 90' lang='lat' dir='ltr'><strong>non</strong></span> <span class='ocrx_word' id='word_1_681' title='bbox 3771 2905 3956 2959; x_wconf 86' lang='lat' dir='ltr'><strong>statim</strong></span> 
     </span>
    </p>
   </div>
   <div class='ocr_carea' id='block_1_90' title="bbox 2367 2990 3963 3059">
    <p class='ocr_par' dir='ltr' id='par_1_90' title="bbox 2367 2990 3963 3059">
     <span class='ocr_line' id='line_1_90' title="bbox 2367 2990 3963 3059; baseline 0.01 -23"><span class='ocrx_word' id='word_1_682' title='bbox 2367 3000 2482 3058; x_wconf 79' lang='lat' dir='ltr'><strong>post</strong></span> <span class='ocrx_word' id='word_1_683' title='bbox 2499 2990 2952 3046; x_wconf 86' lang='lat' dir='ltr'><strong>resurrectionem</strong></span> <span class='ocrx_word' id='word_1_684' title='bbox 2971 2993 3022 3045; x_wconf 90' lang='lat' dir='ltr'><strong>in</strong></span> <span class='ocrx_word' id='word_1_685' title='bbox 3046 2993 3208 3046; x_wconf 74' lang='lat' dir='ltr'><strong>cados</strong></span> <span class='ocrx_word' id='word_1_686' title='bbox 3222 2994 3548 3059; x_wconf 83' lang='lat' dir='ltr'><strong>ascendisse,</strong></span> <span class='ocrx_word' id='word_1_687' title='bbox 3574 3010 3758 3048; x_wconf 72' lang='lat' dir='ltr'><strong>vi-rum</strong></span> <span class='ocrx_word' id='word_1_688' title='bbox 3776 2997 3826 3049; x_wconf 90' lang='lat' dir='ltr'><strong>in</strong></span> <span class='ocrx_word' id='word_1_689' title='bbox 3847 3006 3963 3051; x_wconf 87' lang='lat' dir='ltr'><strong>ter-</strong></span> 
     </span>
    </p>
   </div>
   <div class='ocr_carea' id='block_1_91' title="bbox 2365 3081 3964 3155">
    <p class='ocr_par' dir='ltr' id='par_1_91' title="bbox 2365 3081 3964 3155">
     <span class='ocr_line' id='line_1_91' title="bbox 2365 3081 3964 3155; baseline 0.005 -22"><span class='ocrx_word' id='word_1_690' title='bbox 2365 3083 2439 3133; x_wconf 70' lang='lat' dir='ltr'><strong>ris</strong></span> <span class='ocrx_word' id='word_1_691' title='bbox 2468 3088 2859 3134; x_wconf 89' lang='lat' dir='ltr'><strong>commoratum</strong></span> <span class='ocrx_word' id='word_1_692' title='bbox 2884 3096 3001 3134; x_wconf 87' lang='lat' dir='ltr'><strong>esse</strong></span> <span class='ocrx_word' id='word_1_693' title='bbox 3018 3081 3207 3135; x_wconf 87' lang='lat' dir='ltr'><strong>diebus</strong></span> <span class='ocrx_word' id='word_1_694' title='bbox 3219 3082 3566 3151; x_wconf 83' lang='lat' dir='ltr'><strong>quadraginta</strong></span> <span class='ocrx_word' id='word_1_695' title='bbox 3584 3098 3704 3137; x_wconf 91' lang='lat' dir='ltr'><strong>cum</strong></span> <span class='ocrx_word' id='word_1_696' title='bbox 3718 3085 3964 3155; x_wconf 83' lang='lat' dir='ltr'><strong>discipu-</strong></span> 
     </span>
    </p>
   </div>
   <div class='ocr_carea' id='block_1_92' title="bbox 2364 3171 3963 3239">
    <p class='ocr_par' dir='ltr' id='par_1_92' title="bbox 2364 3171 3963 3239">
     <span class='ocr_line' id='line_1_92' title="bbox 2364 3171 3963 3239; baseline 0.006 -17"><span class='ocrx_word' id='word_1_697' title='bbox 2364 3171 2449 3237; x_wconf 78' lang='lat' dir='ltr'><strong>lis,</strong></span> <span class='ocrx_word' id='word_1_698' title='bbox 2476 3186 2647 3239; x_wconf 90' lang='lat' dir='ltr'><strong>neque</strong></span> <span class='ocrx_word' id='word_1_699' title='bbox 2662 3172 2975 3239; x_wconf 88' lang='lat' dir='ltr'><strong>simpliciter</strong></span> <span class='ocrx_word' id='word_1_700' title='bbox 2992 3182 3379 3225; x_wconf 79' lang='lat' dir='ltr'><strong>commoratum</strong></span> <span class='ocrx_word' id='word_1_701' title='bbox 3397 3214 3412 3235; x_wconf 88' lang='lat'><strong>,</strong></span> <span class='ocrx_word' id='word_1_702' title='bbox 3438 3173 3531 3227; x_wconf 89' lang='lat' dir='ltr'><strong>sed</strong></span> <span class='ocrx_word' id='word_1_703' title='bbox 3564 3184 3616 3228; x_wconf 89' lang='lat' dir='ltr'><strong>et</strong></span> <span class='ocrx_word' id='word_1_704' title='bbox 3650 3188 3963 3231; x_wconf 84' lang='lat' dir='ltr'><strong>vescentem</strong></span> 
     </span>
    </p>
   </div>
   <div class='ocr_carea' id='block_1_93' title="bbox 2360 3265 3965 3330">
    <p class='ocr_par' dir='ltr' id='par_1_93' title="bbox 2360 3265 3965 3330">
     <span class='ocr_line' id='line_1_93' title="bbox 2360 3265 3965 3330; baseline 0.006 -14"><span class='ocrx_word' id='word_1_705' title='bbox 2360 3279 2479 3316; x_wconf 90' lang='lat' dir='ltr'><strong>cum</strong></span> <span class='ocrx_word' id='word_1_706' title='bbox 2512 3266 2729 3330; x_wconf 84' lang='lat' dir='ltr'><strong>ipsis.ct</strong></span> <span class='ocrx_word' id='word_1_707' title='bbox 2748 3265 2797 3317; x_wconf 91' lang='lat' dir='ltr'><strong>in</strong></span> <span class='ocrx_word' id='word_1_708' title='bbox 2824 3279 3005 3317; x_wconf 89' lang='lat' dir='ltr'><strong>mensa</strong></span> <span class='ocrx_word' id='word_1_709' title='bbox 3029 3280 3153 3318; x_wconf 89' lang='lat' dir='ltr'><strong>cum</strong></span> <span class='ocrx_word' id='word_1_710' title='bbox 3175 3265 3281 3319; x_wconf 80' lang='lat' dir='ltr'><strong>illis</strong></span> <span class='ocrx_word' id='word_1_711' title='bbox 3300 3267 3698 3321; x_wconf 82' lang='lat' dir='ltr'><strong>recumbeutcm</strong></span> <span class='ocrx_word' id='word_1_712' title='bbox 3729 3269 3965 3325; x_wconf 73' lang='lat' dir='ltr'><strong>iiunilia-</strong></span> 
     </span>
    </p>
   </div>
   <div class='ocr_carea' id='block_1_94' title="bbox 2361 3353 3963 3427">
    <p class='ocr_par' dir='ltr' id='par_1_94' title="bbox 2361 3353 3963 3427">
     <span class='ocr_line' id='line_1_94' title="bbox 2361 3353 3963 3427; baseline 0.007 -22"><span class='ocrx_word' id='word_1_713' title='bbox 2361 3353 2488 3406; x_wconf 86' lang='lat' dir='ltr'><strong>riter</strong></span> <span class='ocrx_word' id='word_1_714' title='bbox 2530 3368 2651 3406; x_wconf 90' lang='lat' dir='ltr'><strong>cum</strong></span> <span class='ocrx_word' id='word_1_715' title='bbox 2702 3353 2806 3407; x_wconf 91' lang='lat' dir='ltr'><strong>illis</strong></span> <span class='ocrx_word' id='word_1_716' title='bbox 2862 3364 3130 3408; x_wconf 84' lang='lat' dir='ltr'><strong>versatum</strong></span> <span class='ocrx_word' id='word_1_717' title='bbox 3176 3371 3324 3419; x_wconf 88' lang='lat' dir='ltr'><strong>esse,</strong></span> <span class='ocrx_word' id='word_1_718' title='bbox 3359 3372 3419 3409; x_wconf 87' lang='lat' dir='ltr'><strong>ac</strong></span> <span class='ocrx_word' id='word_1_719' title='bbox 3450 3358 3709 3427; x_wconf 79' lang='lat' dir='ltr'><strong>postdies</strong></span> <span class='ocrx_word' id='word_1_720' title='bbox 3740 3361 3963 3415; x_wconf 85' lang='lat' dir='ltr'><strong>tandem</strong></span> 
     </span>
    </p>
   </div>
   <div class='ocr_carea' id='block_1_95' title="bbox 2358 3445 3965 3514">
    <p class='ocr_par' dir='ltr' id='par_1_95' title="bbox 2358 3445 3965 3514">
     <span class='ocr_line' id='line_1_95' title="bbox 2358 3445 3965 3514; baseline 0.009 -21"><span class='ocrx_word' id='word_1_721' title='bbox 2358 3445 2705 3514; x_wconf 76' lang='lat' dir='ltr'><strong>quadraginta</strong></span> <span class='ocrx_word' id='word_1_722' title='bbox 2760 3445 2811 3499; x_wconf 90' lang='lat' dir='ltr'><strong>in</strong></span> <span class='ocrx_word' id='word_1_723' title='bbox 2862 3447 3026 3499; x_wconf 73' lang='lat' dir='ltr'><strong>cmlos</strong></span> <span class='ocrx_word' id='word_1_724' title='bbox 3058 3447 3121 3499; x_wconf 87' lang='lat' dir='ltr'><strong>ad</strong></span> <span class='ocrx_word' id='word_1_725' title='bbox 3165 3446 3375 3501; x_wconf 88' lang='lat' dir='ltr'><strong>Patrem</strong></span> <span class='ocrx_word' id='word_1_726' title='bbox 3424 3451 3764 3513; x_wconf 83' lang='lat' dir='ltr'><strong>ascendisse.</strong></span> <span class='ocrx_word' id='word_1_727' title='bbox 3797 3467 3857 3505; x_wconf 87' lang='lat' dir='ltr'><strong>ac</strong></span> <span class='ocrx_word' id='word_1_728' title='bbox 3889 3470 3965 3508; x_wconf 81' lang='lat' dir='ltr'><strong>ne</strong></span> 
     </span>
    </p>
   </div>
   <div class='ocr_carea' id='block_1_96' title="bbox 2362 3536 3963 3604">
    <p class='ocr_par' dir='ltr' id='par_1_96' title="bbox 2362 3536 3963 3604">
     <span class='ocr_line' id='line_1_96' title="bbox 2362 3536 3963 3604; baseline 0.007 -17"><span class='ocrx_word' id='word_1_729' title='bbox 2362 3546 2468 3587; x_wconf 84' lang='lat' dir='ltr'><strong>tum</strong></span> <span class='ocrx_word' id='word_1_730' title='bbox 2498 3536 2712 3604; x_wconf 85' lang='lat' dir='ltr'><strong>quidem</strong></span> <span class='ocrx_word' id='word_1_731' title='bbox 2747 3537 3001 3589; x_wconf 82' lang='lat' dir='ltr'><strong>miracola</strong></span> <span class='ocrx_word' id='word_1_732' title='bbox 3033 3537 3151 3589; x_wconf 89' lang='lat' dir='ltr'><strong>illos</strong></span> <span class='ocrx_word' id='word_1_733' title='bbox 3182 3536 3414 3591; x_wconf 68' lang='lat' dir='ltr'><strong>edidisse</strong></span> <span class='ocrx_word' id='word_1_734' title='bbox 3437 3582 3449 3600; x_wconf 92' lang='lat'><strong>,</strong></span> <span class='ocrx_word' id='word_1_735' title='bbox 3480 3540 3572 3592; x_wconf 75' lang='lat' dir='ltr'><strong>sed</strong></span> <span class='ocrx_word' id='word_1_736' title='bbox 3603 3541 3735 3595; x_wconf 85' lang='lat' dir='ltr'><strong>alios</strong></span> <span class='ocrx_word' id='word_1_737' title='bbox 3764 3541 3963 3599; x_wconf 82' lang='lat' dir='ltr'><strong>decem</strong></span> 
     </span>
    </p>
   </div>
   <div class='ocr_carea' id='block_1_97' title="bbox 2358 3627 3961 3703">
    <p class='ocr_par' dir='ltr' id='par_1_97' title="bbox 2358 3627 3961 3703">
     <span class='ocr_line' id='line_1_97' title="bbox 2358 3627 3961 3703; baseline 0.007 -24"><span class='ocrx_word' id='word_1_738' title='bbox 2358 3627 2471 3681; x_wconf 75' lang='lat' dir='ltr'><strong>dies</strong></span> <span class='ocrx_word' id='word_1_739' title='bbox 2500 3628 2711 3695; x_wconf 85' lang='lat' dir='ltr'><strong>elapsos</strong></span> <span class='ocrx_word' id='word_1_740' title='bbox 2735 3642 2855 3681; x_wconf 86' lang='lat' dir='ltr'><strong>esse</strong></span> <span class='ocrx_word' id='word_1_741' title='bbox 2874 3668 2889 3692; x_wconf 93' lang='lat'><strong>,</strong></span> <span class='ocrx_word' id='word_1_742' title='bbox 2934 3642 3163 3695; x_wconf 89' lang='lat' dir='ltr'><strong>cumque</strong></span> <span class='ocrx_word' id='word_1_743' title='bbox 3212 3631 3569 3697; x_wconf 81' lang='lat' dir='ltr'><strong>compleretur</strong></span> <span class='ocrx_word' id='word_1_744' title='bbox 3598 3631 3922 3690; x_wconf 79' lang='lat' dir='ltr'><strong>Pentecoste</strong></span> <span class='ocrx_word' id='word_1_745' title='bbox 3941 3678 3961 3703; x_wconf 93' lang='lat'><strong>,</strong></span> 
     </span>
    </p>
   </div>
   <div class='ocr_carea' id='block_1_98' title="bbox 2358 3718 3962 3792">
    <p class='ocr_par' dir='ltr' id='par_1_98' title="bbox 2358 3718 3962 3792">
     <span class='ocr_line' id='line_1_98' title="bbox 2358 3718 3962 3792; baseline 0.005 -22"><span class='ocrx_word' id='word_1_746' title='bbox 2358 3719 2577 3770; x_wconf 55' lang='lat' dir='ltr'><strong>inissum</strong></span> <span class='ocrx_word' id='word_1_747' title='bbox 2607 3718 2671 3770; x_wconf 86' lang='lat' dir='ltr'><strong>ad</strong></span> <span class='ocrx_word' id='word_1_748' title='bbox 2698 3732 2791 3770; x_wconf 85' lang='lat' dir='ltr'><strong>eos</strong></span> <span class='ocrx_word' id='word_1_749' title='bbox 2817 3718 3071 3787; x_wconf 88' lang='lat' dir='ltr'><strong>Spiritum</strong></span> <span class='ocrx_word' id='word_1_750' title='bbox 3099 3731 3338 3771; x_wconf 89' lang='lat' dir='ltr'><strong>sanctum</strong></span> <span class='ocrx_word' id='word_1_751' title='bbox 3371 3722 3529 3773; x_wconf 75' lang='lat' dir='ltr'><strong>fuisse</strong></span> <span class='ocrx_word' id='word_1_752' title='bbox 3551 3764 3563 3785; x_wconf 90' lang='lat'><strong>,</strong></span> <span class='ocrx_word' id='word_1_753' title='bbox 3600 3732 3817 3792; x_wconf 84' lang='lat' dir='ltr'><strong>ltnnque</strong></span> <span class='ocrx_word' id='word_1_754' title='bbox 3846 3724 3962 3779; x_wconf 76' lang='lat' dir='ltr'><strong>litt-</strong></span> 
     </span>
    </p>
   </div>
   <div class='ocr_carea' id='block_1_99' title="bbox 2357 3794 3960 3881">
    <p class='ocr_par' dir='ltr' id='par_1_99' title="bbox 2357 3809 3960 3881">
     <span class='ocr_line' id='line_1_99' title="bbox 2357 3809 3960 3881; baseline 0.007 -20"><span class='ocrx_word' id='word_1_755' title='bbox 2357 3812 2471 3879; x_wconf 69' lang='lat' dir='ltr'><strong>guis</strong></span> <span class='ocrx_word' id='word_1_756' title='bbox 2493 3812 2706 3865; x_wconf 88' lang='lat' dir='ltr'><strong>demttm</strong></span> <span class='ocrx_word' id='word_1_757' title='bbox 2736 3809 2905 3879; x_wconf 77' lang='lat' dir='ltr'><strong>igneis</strong></span> <span class='ocrx_word' id='word_1_758' title='bbox 2933 3812 3164 3877; x_wconf 83' lang='lat' dir='ltr'><strong>acceptis</strong></span> <span class='ocrx_word' id='word_1_759' title='bbox 3194 3812 3354 3866; x_wconf 71' lang='lat' dir='ltr'><strong>cdt-re</strong></span> <span class='ocrx_word' id='word_1_760' title='bbox 3396 3816 3623 3881; x_wconf 69' lang='lat' dir='ltr'><strong>coepisse</strong></span> <span class='ocrx_word' id='word_1_761' title='bbox 3674 3818 3960 3873; x_wconf 87' lang='lat' dir='ltr'><strong>miracula.</strong></span> 
     </span>
    </p>
   </div>
   <div class='ocr_carea' id='block_1_100' title="bbox 2361 3904 3963 3976">
    <p class='ocr_par' dir='ltr' id='par_1_100' title="bbox 2361 3904 3963 3976">
     <span class='ocr_line' id='line_1_100' title="bbox 2361 3904 3963 3976; baseline 0.006 -21"><span class='ocrx_word' id='word_1_762' title='bbox 2361 3906 2482 3955; x_wconf 54' lang='grc' dir='ltr'>[ιω</span> <span class='ocrx_word' id='word_1_763' title='bbox 2532 3914 2707 3958; x_wconf 89' lang='lat' dir='ltr'><strong>autem</strong></span> <span class='ocrx_word' id='word_1_764' title='bbox 2747 3904 2957 3968; x_wconf 90' lang='lat' dir='ltr'><strong>omnia,</strong></span> <span class='ocrx_word' id='word_1_765' title='bbox 2998 3904 3363 3970; x_wconf 64' lang='lat' dir='ltr'><strong>dilectissimi,</strong></span> <span class='ocrx_word' id='word_1_766' title='bbox 3415 3923 3478 3960; x_wconf 75' lang='lat' dir='ltr'><strong>cx</strong></span> <span class='ocrx_word' id='word_1_767' title='bbox 3530 3908 3817 3976; x_wconf 84' lang='lat' dir='ltr'><strong>Scripturis</strong></span> <span class='ocrx_word' id='word_1_768' title='bbox 3857 3912 3963 3968; x_wconf 82' lang='lat' dir='ltr'><strong>de-</strong></span> 
     </span>
    </p>
   </div>
   <div class='ocr_carea' id='block_1_101' title="bbox 2360 3994 3962 4067">
    <p class='ocr_par' dir='ltr' id='par_1_101' title="bbox 2360 3994 3962 4067">
     <span class='ocr_line' id='line_1_101' title="bbox 2360 3994 3962 4067; baseline 0.007 -21"><span class='ocrx_word' id='word_1_769' title='bbox 2360 3994 2775 4048; x_wconf 76' lang='lat' dir='ltr'><strong>monstrabimus</strong></span> <span class='ocrx_word' id='word_1_770' title='bbox 2805 4010 2820 4046; x_wconf 90' lang='lat'><strong>:</strong></span> <span class='ocrx_word' id='word_1_771' title='bbox 2849 3996 3076 4063; x_wconf 77' lang='lat' dir='ltr'><strong>exempli</strong></span> <span class='ocrx_word' id='word_1_772' title='bbox 3104 4010 3263 4048; x_wconf 87' lang='lat' dir='ltr'><strong>causa</strong></span> <span class='ocrx_word' id='word_1_773' title='bbox 3301 4036 3314 4058; x_wconf 94' lang='lat'><strong>,</strong></span> <span class='ocrx_word' id='word_1_774' title='bbox 3369 3998 3715 4067; x_wconf 79' lang='lat' dir='ltr'><strong>quadraginta</strong></span> <span class='ocrx_word' id='word_1_775' title='bbox 3761 4001 3962 4057; x_wconf 86' lang='lat' dir='ltr'><strong>diebus</strong></span> 
     </span>
    </p>
   </div>
   <div class='ocr_carea' id='block_1_102' title="bbox 2357 4086 3960 4156">
    <p class='ocr_par' dir='ltr' id='par_1_102' title="bbox 2357 4086 3960 4156">
     <span class='ocr_line' id='line_1_102' title="bbox 2357 4086 3960 4156; baseline 0.005 -18"><span class='ocrx_word' id='word_1_776' title='bbox 2357 4103 2476 4138; x_wconf 86' lang='lat' dir='ltr'><strong>cum</strong></span> <span class='ocrx_word' id='word_1_777' title='bbox 2513 4086 2643 4154; x_wconf 65' lang='lat' dir='ltr'><strong>ipsis</strong></span> <span class='ocrx_word' id='word_1_778' title='bbox 2675 4096 2943 4140; x_wconf 86' lang='lat' dir='ltr'><strong>versatum</strong></span> <span class='ocrx_word' id='word_1_779' title='bbox 2969 4103 3088 4141; x_wconf 88' lang='lat' dir='ltr'><strong>cum</strong></span> <span class='ocrx_word' id='word_1_780' title='bbox 3111 4102 3251 4147; x_wconf 66' lang='lat' dir='ltr'><strong>esse,</strong></span> <span class='ocrx_word' id='word_1_781' title='bbox 3277 4087 3533 4155; x_wconf 79' lang='lat' dir='ltr'><strong>Spiritum</strong></span> <span class='ocrx_word' id='word_1_782' title='bbox 3564 4102 3804 4143; x_wconf 76' lang='lat' dir='ltr'><strong>sanctum</strong></span> <span class='ocrx_word' id='word_1_783' title='bbox 3831 4103 3960 4156; x_wconf 63' lang='lat' dir='ltr'><strong>past</strong></span> 
     </span>
    </p>
   </div>
   <div class='ocr_carea' id='block_1_103' title="bbox 2359 4177 3961 4247">
    <p class='ocr_par' dir='ltr' id='par_1_103' title="bbox 2359 4177 3961 4247">
     <span class='ocr_line' id='line_1_103' title="bbox 2359 4177 3961 4247; baseline 0 -15"><span class='ocrx_word' id='word_1_784' title='bbox 2359 4178 2706 4232; x_wconf 75' lang='lat' dir='ltr'><strong>l&#39;entccosten</strong></span> <span class='ocrx_word' id='word_1_785' title='bbox 2734 4177 3077 4231; x_wconf 85' lang='lat' dir='ltr'><strong>descendisse</strong></span> <span class='ocrx_word' id='word_1_786' title='bbox 3099 4220 3112 4240; x_wconf 90' lang='lat'><strong>,</strong></span> <span class='ocrx_word' id='word_1_787' title='bbox 3146 4189 3360 4247; x_wconf 84' lang='lat' dir='ltr'><strong>tumque</strong></span> <span class='ocrx_word' id='word_1_788' title='bbox 3389 4179 3595 4245; x_wconf 70' lang='lat' dir='ltr'><strong>linguas</strong></span> <span class='ocrx_word' id='word_1_789' title='bbox 3620 4181 3736 4233; x_wconf 87' lang='lat' dir='ltr'><strong>illos</strong></span> <span class='ocrx_word' id='word_1_790' title='bbox 3767 4182 3961 4247; x_wconf 67' lang='lat' dir='ltr'><strong>igttt&#39;as</strong></span> 
     </span>
    </p>
   </div>
   <div class='ocr_carea' id='block_1_104' title="bbox 2356 4271 3958 4339">
    <p class='ocr_par' dir='ltr' id='par_1_104' title="bbox 2356 4271 3958 4339">
     <span class='ocr_line' id='line_1_104' title="bbox 2356 4271 3958 4339; baseline 0.006 -18"><span class='ocrx_word' id='word_1_791' title='bbox 2356 4271 2622 4337; x_wconf 77' lang='lat' dir='ltr'><strong>accepisse</strong></span> <span class='ocrx_word' id='word_1_792' title='bbox 2643 4311 2655 4333; x_wconf 95' lang='lat'><strong>,</strong></span> <span class='ocrx_word' id='word_1_793' title='bbox 2690 4280 2847 4339; x_wconf 81' lang='lat' dir='ltr'><strong>atque</strong></span> <span class='ocrx_word' id='word_1_794' title='bbox 2876 4271 2944 4324; x_wconf 86' lang='lat' dir='ltr'><strong>ab</strong></span> <span class='ocrx_word' id='word_1_795' title='bbox 2971 4285 3034 4324; x_wconf 89' lang='lat' dir='ltr'><strong>eo</strong></span> <span class='ocrx_word' id='word_1_796' title='bbox 3061 4279 3299 4337; x_wconf 86' lang='lat' dir='ltr'><strong>tempore</strong></span> <span class='ocrx_word' id='word_1_797' title='bbox 3328 4271 3579 4323; x_wconf 88' lang='lat' dir='ltr'><strong>miracula</strong></span> <span class='ocrx_word' id='word_1_798' title='bbox 3626 4272 3711 4324; x_wconf 85' lang='lat' dir='ltr'><strong>edi</strong></span> <span class='ocrx_word' id='word_1_799' title='bbox 3748 4275 3816 4324; x_wconf 86' lang='lat' dir='ltr'><strong>ab</strong></span> <span class='ocrx_word' id='word_1_800' title='bbox 3844 4274 3958 4330; x_wconf 86' lang='lat' dir='ltr'><strong>illis</strong></span> 
     </span>
    </p>
   </div>
   <div class='ocr_carea' id='block_1_105' title="bbox 2356 4361 3961 4430">
    <p class='ocr_par' dir='ltr' id='par_1_105' title="bbox 2356 4361 3961 4430">
     <span class='ocr_line' id='line_1_105' title="bbox 2356 4361 3961 4430; baseline 0.003 -17"><span class='ocrx_word' id='word_1_801' title='bbox 2356 4365 2602 4426; x_wconf 70' lang='lat' dir='ltr'><strong>uenisse.</strong></span> <span class='ocrx_word' id='word_1_802' title='bbox 2635 4361 2763 4426; x_wconf 80' lang='lat' dir='ltr'><strong>Quis</strong></span> <span class='ocrx_word' id='word_1_803' title='bbox 2793 4362 2949 4430; x_wconf 76' lang='lat' dir='ltr'><strong>igitur</strong></span> <span class='ocrx_word' id='word_1_804' title='bbox 2975 4361 3152 4415; x_wconf 88' lang='lat' dir='ltr'><strong>omnia</strong></span> <span class='ocrx_word' id='word_1_805' title='bbox 3186 4361 3281 4412; x_wconf 82' lang='lat' dir='ltr'><strong>ista</strong></span> <span class='ocrx_word' id='word_1_806' title='bbox 3314 4373 3699 4414; x_wconf 79' lang='lat' dir='ltr'><strong>commemorat</strong></span> <span class='ocrx_word' id='word_1_807' title='bbox 3728 4364 3751 4414; x_wconf 70' lang='grc' dir='ltr'><em>Ἰ</em></span> <span class='ocrx_word' id='word_1_808' title='bbox 3784 4364 3961 4418; x_wconf 66' lang='lat' dir='ltr'><strong>Disci-</strong></span> 
     </span>
    </p>
   </div>
   <div class='ocr_carea' id='block_1_106' title="bbox 2358 4449 3957 4519">
    <p class='ocr_par' dir='ltr' id='par_1_106' title="bbox 2358 4449 3957 4519">
     <span class='ocr_line' id='line_1_106' title="bbox 2358 4449 3957 4519; baseline 0.004 -17"><span class='ocrx_word' id='word_1_809' title='bbox 2358 4453 2509 4519; x_wconf 62' lang='lat' dir='ltr'><strong>pulu~</strong></span> <span class='ocrx_word' id='word_1_810' title='bbox 2543 4451 2717 4513; x_wconf 79' lang='lat' dir='ltr'><strong>Pauli,</strong></span> <span class='ocrx_word' id='word_1_811' title='bbox 2744 4452 3080 4505; x_wconf 77' lang='lat' dir='ltr'><strong>venerandus</strong></span> <span class='ocrx_word' id='word_1_812' title='bbox 3104 4462 3157 4505; x_wconf 89' lang='lat' dir='ltr'><strong>ct</strong></span> <span class='ocrx_word' id='word_1_813' title='bbox 3204 4468 3425 4519; x_wconf 72' lang='lat' dir='ltr'><strong>magnus</strong></span> <span class='ocrx_word' id='word_1_814' title='bbox 3480 4449 3676 4511; x_wconf 62' lang='lat' dir='ltr'><strong>Lucas.</strong></span> <span class='ocrx_word' id='word_1_815' title='bbox 3720 4455 3844 4507; x_wconf 90' lang='lat' dir='ltr'><strong>dum</strong></span> <span class='ocrx_word' id='word_1_816' title='bbox 3879 4457 3957 4509; x_wconf 79' lang='lat' dir='ltr'><strong>ita</strong></span> 
     </span>
    </p>
   </div>
   <div class='ocr_carea' id='block_1_107' title="bbox 2358 4536 3959 4610">
    <p class='ocr_par' dir='ltr' id='par_1_107' title="bbox 2358 4536 3959 4610">
     <span class='ocr_line' id='line_1_107' title="bbox 2358 4536 3959 4610; baseline 0.002 -18"><span class='ocrx_word' id='word_1_817' title='bbox 2358 4543 2572 4607; x_wconf 85' lang='lat' dir='ltr'><strong>incipit,</strong></span> <span class='ocrx_word' id='word_1_818' title='bbox 2615 4550 2663 4593; x_wconf 81' lang='lat' dir='ltr'><strong>el</strong></span> <span class='ocrx_word' id='word_1_819' title='bbox 2694 4540 2776 4593; x_wconf 82' lang='lat' dir='ltr'><strong>his</strong></span> <span class='ocrx_word' id='word_1_820' title='bbox 2807 4540 2983 4594; x_wconf 75' lang='lat' dir='ltr'><strong>verbis</strong></span> <span class='ocrx_word' id='word_1_821' title='bbox 3012 4542 3213 4594; x_wconf 83' lang='lat' dir='ltr'><strong>utitur:</strong></span> <span class='ocrx_word' id='word_1_822' title='bbox 3245 4536 3714 4610; x_wconf 67' lang='lat' dir='ltr'><strong>Primnnt&#39;qnidcm</strong></span> <span class='ocrx_word' id='word_1_823' title='bbox 3757 4562 3959 4599; x_wconf 62' lang='lat' dir='ltr'><strong>sermo-</strong></span> 
     </span>
    </p>
   </div>
   <div class='ocr_carea' id='block_1_108' title="bbox 2355 4631 3954 4706">
    <p class='ocr_par' dir='ltr' id='par_1_108' title="bbox 2355 4631 3954 4706">
     <span class='ocr_line' id='line_1_108' title="bbox 2355 4631 3954 4706; baseline 0.004 -24"><span class='ocrx_word' id='word_1_824' title='bbox 2355 4649 2467 4683; x_wconf 86' lang='lat' dir='ltr'><strong>nem</strong></span> <span class='ocrx_word' id='word_1_825' title='bbox 2495 4633 2590 4701; x_wconf 70' lang='lat' dir='ltr'><strong>frci</strong></span> <span class='ocrx_word' id='word_1_826' title='bbox 2618 4634 2679 4684; x_wconf 83' lang='lat' dir='ltr'><strong>de</strong></span> <span class='ocrx_word' id='word_1_827' title='bbox 2699 4633 2929 4684; x_wconf 84' lang='lat' dir='ltr'><strong>omnibus</strong></span> <span class='ocrx_word' id='word_1_828' title='bbox 2950 4673 2964 4697; x_wconf 91' lang='lat'><strong>,</strong></span> <span class='ocrx_word' id='word_1_829' title='bbox 2986 4647 3011 4684; x_wconf 91' lang='grc' dir='ltr'>ο</span> <span class='ocrx_word' id='word_1_830' title='bbox 3029 4631 3338 4701; x_wconf 75' lang='grc' dir='ltr'><strong>ἸἸιιίιρΙιίΙε,</strong></span> <span class='ocrx_word' id='word_1_831' title='bbox 3370 4649 3483 4699; x_wconf 70' lang='grc' dir='ltr'>ιιιιιιν</span> <span class='ocrx_word' id='word_1_832' title='bbox 3513 4636 3659 4703; x_wconf 67' lang='grc' dir='ltr'><strong>ιἾΙἸῘίῘ</strong></span> <span class='ocrx_word' id='word_1_833' title='bbox 3680 4634 3830 4688; x_wconf 76' lang='lat' dir='ltr'><strong>Jews</strong></span> <span class='ocrx_word' id='word_1_834' title='bbox 3861 4641 3954 4706; x_wconf 76' lang='lat' dir='ltr'><strong>fu-</strong></span> 
     </span>
    </p>
   </div>
   <div class='ocr_carea' id='block_1_109' title="bbox 2354 4723 3952 4796">
    <p class='ocr_par' dir='ltr' id='par_1_109' title="bbox 2354 4723 3952 4796">
     <span class='ocr_line' id='line_1_109' title="bbox 2354 4723 3952 4796; baseline 0.004 -21"><span class='ocrx_word' id='word_1_835' title='bbox 2354 4741 2491 4788; x_wconf 74' lang='lat' dir='ltr'><strong>rere,</strong></span> <span class='ocrx_word' id='word_1_836' title='bbox 2521 4733 2565 4775; x_wconf 74' lang='lat' dir='ltr'><strong>ct</strong></span> <span class='ocrx_word' id='word_1_837' title='bbox 2596 4723 2774 4776; x_wconf 79' lang='lat' dir='ltr'><strong>doccrc</strong></span> <span class='ocrx_word' id='word_1_838' title='bbox 2798 4739 2954 4792; x_wconf 83' lang='lat' dir='ltr'><strong>usque</strong></span> <span class='ocrx_word' id='word_1_839' title='bbox 2982 4724 3035 4774; x_wconf 83' lang='lat' dir='ltr'><strong>in</strong></span> <span class='ocrx_word' id='word_1_840' title='bbox 3062 4723 3214 4785; x_wconf 73' lang='lat' dir='ltr'><strong>diem,</strong></span> <span class='ocrx_word' id='word_1_841' title='bbox 3242 4740 3341 4790; x_wconf 81' lang='lat' dir='ltr'><strong>qua</strong></span> <span class='ocrx_word' id='word_1_842' title='bbox 3372 4726 3669 4791; x_wconf 58' lang='lat' dir='ltr'><strong>praecipiens</strong></span> <span class='ocrx_word' id='word_1_843' title='bbox 3704 4730 3952 4796; x_wconf 71' lang='lat' dir='ltr'><strong>apostolis</strong></span> 
     </span>
    </p>
   </div>
   <div class='ocr_carea' id='block_1_110' title="bbox 2355 4814 3955 4884">
    <p class='ocr_par' dir='ltr' id='par_1_110' title="bbox 2355 4814 3955 4884">
     <span class='ocr_line' id='line_1_110' title="bbox 2355 4814 3955 4884; baseline 0.004 -21"><span class='ocrx_word' id='word_1_844' title='bbox 2355 4831 2444 4881; x_wconf 73' lang='lat' dir='ltr'><strong>per</strong></span> <span class='ocrx_word' id='word_1_845' title='bbox 2468 4814 2719 4883; x_wconf 82' lang='lat' dir='ltr'><strong>Spiritum</strong></span> <span class='ocrx_word' id='word_1_846' title='bbox 2747 4824 2978 4867; x_wconf 79' lang='lat' dir='ltr'><strong>sanctum</strong></span> <span class='ocrx_word' id='word_1_847' title='bbox 2995 4853 3007 4876; x_wconf 96' lang='lat'><strong>,</strong></span> <span class='ocrx_word' id='word_1_848' title='bbox 3031 4830 3159 4881; x_wconf 82' lang='lat' dir='ltr'><strong>quos</strong></span> <span class='ocrx_word' id='word_1_849' title='bbox 3178 4814 3324 4882; x_wconf 67' lang='lat' dir='ltr'><strong>cli-git</strong></span> <span class='ocrx_word' id='word_1_850' title='bbox 3343 4856 3357 4877; x_wconf 96' lang='lat'><strong>,</strong></span> <span class='ocrx_word' id='word_1_851' title='bbox 3382 4829 3673 4884; x_wconf 72' lang='lat' dir='ltr'><strong>assumptus</strong></span> <span class='ocrx_word' id='word_1_852' title='bbox 3693 4826 3785 4869; x_wconf 86' lang='lat' dir='ltr'><strong>est.</strong></span> <span class='ocrx_word' id='word_1_853' title='bbox 3817 4818 3955 4883; x_wconf 78' lang='lat' dir='ltr'><strong>Qui-</strong></span> 
     </span>
    </p>
   </div>
   <div class='ocr_carea' id='block_1_111' title="bbox 2352 4904 3953 4972">
    <p class='ocr_par' dir='ltr' id='par_1_111' title="bbox 2352 4904 3953 4972">
     <span class='ocr_line' id='line_1_111' title="bbox 2352 4904 3953 4972; baseline 0.006 -16"><span class='ocrx_word' id='word_1_854' title='bbox 2352 4904 2444 4956; x_wconf 83' lang='lat' dir='ltr'><strong>bas</strong></span> <span class='ocrx_word' id='word_1_855' title='bbox 2484 4914 2528 4957; x_wconf 71' lang='lat' dir='ltr'><strong>et</strong></span> <span class='ocrx_word' id='word_1_856' title='bbox 2552 4904 2762 4971; x_wconf 72' lang='lat' dir='ltr'><strong>pra‘bnit</strong></span> <span class='ocrx_word' id='word_1_857' title='bbox 2801 4904 3022 4972; x_wconf 83' lang='lat' dir='ltr'><strong>scipsum</strong></span> <span class='ocrx_word' id='word_1_858' title='bbox 3054 4905 3217 4956; x_wconf 79' lang='lat' dir='ltr'><strong>vivum</strong></span> <span class='ocrx_word' id='word_1_859' title='bbox 3255 4916 3365 4972; x_wconf 83' lang='lat' dir='ltr'><strong>post</strong></span> <span class='ocrx_word' id='word_1_860' title='bbox 3391 4909 3675 4972; x_wconf 79' lang='lat' dir='ltr'><strong>passionem</strong></span> <span class='ocrx_word' id='word_1_861' title='bbox 3718 4926 3861 4961; x_wconf 81' lang='lat' dir='ltr'><strong>suam</strong></span> <span class='ocrx_word' id='word_1_862' title='bbox 3892 4910 3953 4965; x_wconf 72' lang='lat' dir='ltr'><strong>in</strong></span> 
     </span>
    </p>
   </div>
   <div class='ocr_carea' id='block_1_112' title="bbox 2356 4986 3952 5069">
    <p class='ocr_par' dir='ltr' id='par_1_112' title="bbox 2356 4986 3952 5069">
     <span class='ocr_line' id='line_1_112' title="bbox 2356 4986 3952 5069; baseline 0.006 -23"><span class='ocrx_word' id='word_1_863' title='bbox 2356 4996 2527 5049; x_wconf 82' lang='lat' dir='ltr'><strong>ntultis</strong></span> <span class='ocrx_word' id='word_1_864' title='bbox 2553 4986 2883 5066; x_wconf 66' lang='lat' dir='ltr'><strong>argumen&#39;tis,</strong></span> <span class='ocrx_word' id='word_1_865' title='bbox 2911 5013 2999 5063; x_wconf 72' lang='lat' dir='ltr'><strong>per</strong></span> <span class='ocrx_word' id='word_1_866' title='bbox 3026 4997 3133 5049; x_wconf 86' lang='lat' dir='ltr'><strong>dies</strong></span> <span class='ocrx_word' id='word_1_867' title='bbox 3163 4998 3506 5066; x_wconf 78' lang='lat' dir='ltr'><strong>quadraginta</strong></span> <span class='ocrx_word' id='word_1_868' title='bbox 3536 5016 3790 5069; x_wconf 75' lang='lat' dir='ltr'><strong>apparens</strong></span> <span class='ocrx_word' id='word_1_869' title='bbox 3831 5003 3905 5055; x_wconf 80' lang='lat' dir='ltr'><strong>eis</strong></span> <span class='ocrx_word' id='word_1_870' title='bbox 3932 5046 3952 5069; x_wconf 88' lang='lat'><strong>,</strong></span> 
     </span>
    </p>
   </div>
   <div class='ocr_carea' id='block_1_113' title="bbox 2352 5085 3953 5160">
    <p class='ocr_par' dir='ltr' id='par_1_113' title="bbox 2352 5085 3953 5160">
     <span class='ocr_line' id='line_1_113' title="bbox 2352 5085 3953 5160; baseline 0.003 -21"><span class='ocrx_word' id='word_1_871' title='bbox 2352 5098 2396 5139; x_wconf 84' lang='lat' dir='ltr'><strong>ct</strong></span> <span class='ocrx_word' id='word_1_872' title='bbox 2444 5090 2650 5155; x_wconf 84' lang='lat' dir='ltr'><strong>loquens</strong></span> <span class='ocrx_word' id='word_1_873' title='bbox 2690 5085 2751 5141; x_wconf 88' lang='lat' dir='ltr'><strong>de</strong></span> <span class='ocrx_word' id='word_1_874' title='bbox 2782 5103 2935 5157; x_wconf 81' lang='lat' dir='ltr'><strong>regno</strong></span> <span class='ocrx_word' id='word_1_875' title='bbox 2992 5087 3104 5138; x_wconf 67' lang='lat' dir='ltr'><strong>Dei.</strong></span> <span class='ocrx_word' id='word_1_876' title='bbox 3144 5085 3207 5138; x_wconf 79' lang='lat' dir='ltr'><strong>Et</strong></span> <span class='ocrx_word' id='word_1_877' title='bbox 3236 5103 3537 5140; x_wconf 74' lang='lat' dir='ltr'><strong>convcscetts</strong></span> <span class='ocrx_word' id='word_1_878' title='bbox 3570 5093 3808 5160; x_wconf 72' lang='lat' dir='ltr'><strong>pra-cepit</strong></span> <span class='ocrx_word' id='word_1_879' title='bbox 3840 5095 3953 5157; x_wconf 79' lang='lat' dir='ltr'><strong>cis,</strong></span> 
     </span>
    </p>
   </div>
   <div class='ocr_carea' id='block_1_114' title="bbox 2351 5176 3955 5250">
    <p class='ocr_par' dir='ltr' id='par_1_114' title="bbox 2351 5176 3955 5250">
     <span class='ocr_line' id='line_1_114' title="bbox 2351 5176 3955 5250; baseline 0.005 -23"><span class='ocrx_word' id='word_1_880' title='bbox 2351 5179 2412 5228; x_wconf 83' lang='lat' dir='ltr'><strong>ab</strong></span> <span class='ocrx_word' id='word_1_881' title='bbox 2433 5178 2765 5248; x_wconf 83' lang='lat' dir='ltr'><strong>Jcrosolymis</strong></span> <span class='ocrx_word' id='word_1_882' title='bbox 2786 5194 2847 5229; x_wconf 85' lang='lat' dir='ltr'><strong>ne</strong></span> <span class='ocrx_word' id='word_1_883' title='bbox 2873 5177 3184 5228; x_wconf 78' lang='lat' dir='ltr'><strong>discederent</strong></span> <span class='ocrx_word' id='word_1_884' title='bbox 3205 5176 3338 5246; x_wconf 74' lang='lat' dir='ltr'><strong>(Act.</strong></span> <span class='ocrx_word' id='word_1_885' title='bbox 3366 5178 3414 5231; x_wconf 83' lang='grc' dir='ltr'><strong>Ι.</strong></span> <span class='ocrx_word' id='word_1_886' title='bbox 3446 5179 3543 5231; x_wconf 70' lang='grc'><strong>1-4</strong></span> <span class='ocrx_word' id='word_1_887' title='bbox 3630 5179 3787 5234; x_wconf 71' lang='lat' dir='ltr'><strong>Vides</strong></span> <span class='ocrx_word' id='word_1_888' title='bbox 3810 5199 3955 5248; x_wconf 87' lang='lat' dir='ltr'><strong>qua-</strong></span> 
     </span>
    </p>
   </div>
   <div class='ocr_carea' id='block_1_115' title="bbox 2360 5268 3955 5340">
    <p class='ocr_par' dir='ltr' id='par_1_115' title="bbox 2360 5268 3955 5340">
     <span class='ocr_line' id='line_1_115' title="bbox 2360 5268 3955 5340; baseline 0.007 -23"><span class='ocrx_word' id='word_1_889' title='bbox 2360 5268 2599 5335; x_wconf 79' lang='lat' dir='ltr'><strong>draginta</strong></span> <span class='ocrx_word' id='word_1_890' title='bbox 2629 5268 2817 5321; x_wconf 90' lang='lat' dir='ltr'><strong>diebus</strong></span> <span class='ocrx_word' id='word_1_891' title='bbox 2837 5268 2885 5319; x_wconf 93' lang='lat' dir='ltr'><strong>in</strong></span> <span class='ocrx_word' id='word_1_892' title='bbox 2912 5268 3067 5321; x_wconf 67' lang='lat' dir='ltr'><strong>terris</strong></span> <span class='ocrx_word' id='word_1_893' title='bbox 3092 5268 3372 5321; x_wconf 77' lang='lat' dir='ltr'><strong>hominum</strong></span> <span class='ocrx_word' id='word_1_894' title='bbox 3396 5281 3664 5324; x_wconf 79' lang='lat' dir='ltr'><strong>versatum</strong></span> <span class='ocrx_word' id='word_1_895' title='bbox 3686 5287 3804 5325; x_wconf 87' lang='lat' dir='ltr'><strong>esse</strong></span> <span class='ocrx_word' id='word_1_896' title='bbox 3830 5286 3955 5340; x_wconf 81' lang='lat' dir='ltr'><strong>post</strong></span> 
     </span>
    </p>
   </div>
   <div class='ocr_carea' id='block_1_116' title="bbox 2355 5358 3959 5431">
    <p class='ocr_par' dir='ltr' id='par_1_116' title="bbox 2355 5358 3959 5431">
     <span class='ocr_line' id='line_1_116' title="bbox 2355 5358 3959 5431; baseline 0.002 -20"><span class='ocrx_word' id='word_1_897' title='bbox 2355 5375 2379 5411; x_wconf 90' lang='lat' dir='ltr'><strong>r</strong></span> <span class='ocrx_word' id='word_1_898' title='bbox 2400 5361 2800 5413; x_wconf 66' lang='lat' dir='ltr'><strong>?:l|l’l&#39;CCll0llCﬂ|</strong></span> <span class='ocrx_word' id='word_1_899' title='bbox 2819 5401 2831 5421; x_wconf 92' lang='lat'><strong>,</strong></span> <span class='ocrx_word' id='word_1_900' title='bbox 2860 5359 2928 5413; x_wconf 89' lang='lat' dir='ltr'><strong>de</strong></span> <span class='ocrx_word' id='word_1_901' title='bbox 2955 5374 3118 5427; x_wconf 78' lang='lat' dir='ltr'><strong>regno</strong></span> <span class='ocrx_word' id='word_1_902' title='bbox 3149 5358 3237 5413; x_wconf 84' lang='lat' dir='ltr'><strong>Dei</strong></span> <span class='ocrx_word' id='word_1_903' title='bbox 3265 5360 3569 5427; x_wconf 88' lang='lat' dir='ltr'><strong>loquentem</strong></span> <span class='ocrx_word' id='word_1_904' title='bbox 3588 5372 3641 5414; x_wconf 92' lang='lat' dir='ltr'><strong>ct</strong></span> <span class='ocrx_word' id='word_1_905' title='bbox 3666 5377 3787 5415; x_wconf 92' lang='lat' dir='ltr'><strong>cum</strong></span> <span class='ocrx_word' id='word_1_906' title='bbox 3817 5378 3959 5431; x_wconf 84' lang='lat' dir='ltr'><strong>apo-</strong></span> 
     </span>
    </p>
   </div>
   <div class='ocr_carea' id='block_1_117' title="bbox 2352 5451 3950 5509">
    <p class='ocr_par' dir='ltr' id='par_1_117' title="bbox 2352 5451 3950 5509">
     <span class='ocr_line' id='line_1_117' title="bbox 2352 5451 3950 5509; baseline 0.001 -4"><span class='ocrx_word' id='word_1_907' title='bbox 2352 5452 2505 5505; x_wconf 75' lang='lat' dir='ltr'><strong>stolis</strong></span> <span class='ocrx_word' id='word_1_908' title='bbox 2536 5461 2842 5506; x_wconf 83' lang='lat' dir='ltr'><strong>vescentem</strong></span> <span class='ocrx_word' id='word_1_909' title='bbox 2870 5454 2894 5504; x_wconf 84' lang='lat'><strong>?</strong></span> <span class='ocrx_word' id='word_1_910' title='bbox 2927 5451 3083 5506; x_wconf 56' lang='lat' dir='ltr'><strong>\&quot;idcs</strong></span> <span class='ocrx_word' id='word_1_911' title='bbox 3107 5453 3266 5506; x_wconf 89' lang='lat' dir='ltr'><strong>etiam</strong></span> <span class='ocrx_word' id='word_1_912' title='bbox 3295 5452 3473 5505; x_wconf 83' lang='lat' dir='ltr'><strong>cibum</strong></span> <span class='ocrx_word' id='word_1_913' title='bbox 3505 5469 3624 5505; x_wconf 84' lang='lat' dir='ltr'><strong>cum</strong></span> <span class='ocrx_word' id='word_1_914' title='bbox 3666 5455 3770 5509; x_wconf 89' lang='lat' dir='ltr'><strong>illis</strong></span> <span class='ocrx_word' id='word_1_915' title='bbox 3797 5470 3950 5508; x_wconf 81' lang='lat' dir='ltr'><strong>sum-</strong></span> 
     </span>
    </p>
   </div>
   <div class='ocr_carea' id='block_1_118' title="bbox 2355 5543 3955 5616">
    <p class='ocr_par' dir='ltr' id='par_1_118' title="bbox 2355 5543 3955 5616">
     <span class='ocr_line' id='line_1_118' title="bbox 2355 5543 3955 5616; baseline 0.004 -23"><span class='ocrx_word' id='word_1_916' title='bbox 2355 5546 2524 5613; x_wconf 74' lang='lat' dir='ltr'><strong>psisse</strong></span> <span class='ocrx_word' id='word_1_917' title='bbox 2544 5546 2565 5596; x_wconf 85' lang='lat'><strong>?</strong></span> <span class='ocrx_word' id='word_1_918' title='bbox 2586 5543 2650 5615; x_wconf 79' lang='lat' dir='ltr'><strong>Et</strong></span> <span class='ocrx_word' id='word_1_919' title='bbox 2679 5545 2915 5614; x_wconf 79' lang='lat' dir='ltr'><strong>pra&#39;cepit</strong></span> <span class='ocrx_word' id='word_1_920' title='bbox 2945 5545 3035 5607; x_wconf 80' lang='lat' dir='ltr'><strong>eis,</strong></span> <span class='ocrx_word' id='word_1_921' title='bbox 3061 5546 3245 5613; x_wconf 89' lang='lat' dir='ltr'><strong>inquit,</strong></span> <span class='ocrx_word' id='word_1_922' title='bbox 3270 5546 3332 5596; x_wconf 84' lang='lat' dir='ltr'><strong>ab</strong></span> <span class='ocrx_word' id='word_1_923' title='bbox 3344 5543 3377 5597; x_wconf 67' lang='grc' dir='ltr'>,ἕ</span> <span class='ocrx_word' id='word_1_924' title='bbox 3385 5546 3677 5616; x_wconf 68' lang='grc' dir='ltr'><strong>ιῖνοδοίυηιὶδ</strong></span> <span class='ocrx_word' id='word_1_925' title='bbox 3702 5564 3765 5597; x_wconf 85' lang='lat' dir='ltr'><strong>ne</strong></span> <span class='ocrx_word' id='word_1_926' title='bbox 3781 5548 3955 5601; x_wconf 74' lang='lat' dir='ltr'><strong>disce-</strong></span> 
     </span>
    </p>
   </div>
   <div class='ocr_carea' id='block_1_119' title="bbox 2354 5635 3956 5707">
    <p class='ocr_par' dir='ltr' id='par_1_119' title="bbox 2354 5635 3956 5707">
     <span class='ocr_line' id='line_1_119' title="bbox 2354 5635 3956 5707; baseline 0.002 -19"><span class='ocrx_word' id='word_1_927' title='bbox 2354 5638 2525 5689; x_wconf 73' lang='lat' dir='ltr'><strong>tierent</strong></span> <span class='ocrx_word' id='word_1_928' title='bbox 2552 5678 2565 5699; x_wconf 91' lang='lat'><strong>,</strong></span> <span class='ocrx_word' id='word_1_929' title='bbox 2612 5638 2699 5689; x_wconf 72' lang='lat' dir='ltr'><strong>scd</strong></span> <span class='ocrx_word' id='word_1_930' title='bbox 2751 5647 3095 5704; x_wconf 67' lang='lat' dir='ltr'><strong>exspectarent</strong></span> <span class='ocrx_word' id='word_1_931' title='bbox 3146 5637 3527 5705; x_wconf 75' lang='lat' dir='ltr'><strong>promissionem</strong></span> <span class='ocrx_word' id='word_1_932' title='bbox 3576 5635 3752 5690; x_wconf 74' lang='lat' dir='ltr'><strong>Patris</strong></span> <span class='ocrx_word' id='word_1_933' title='bbox 3796 5655 3956 5707; x_wconf 76' lang='lat' dir='ltr'><strong>qmmt</strong></span> 
     </span>
    </p>
   </div>
   <div class='ocr_carea' id='block_1_120' title="bbox 2357 5726 3945 5800">
    <p class='ocr_par' dir='ltr' id='par_1_120' title="bbox 2357 5726 3945 5800">
     <span class='ocr_line' id='line_1_120' title="bbox 2357 5726 3945 5800; baseline 0.001 -19"><span class='ocrx_word' id='word_1_934' title='bbox 2357 5728 2595 5793; x_wconf 68' lang='lat' dir='ltr'><strong>audistis,</strong></span> <span class='ocrx_word' id='word_1_935' title='bbox 2629 5726 2814 5796; x_wconf 69' lang='lat' dir='ltr'><strong>inquit,</strong></span> <span class='ocrx_word' id='word_1_936' title='bbox 2846 5744 2904 5780; x_wconf 68' lang='lat' dir='ltr'><strong>cx</strong></span> <span class='ocrx_word' id='word_1_937' title='bbox 2931 5728 3007 5779; x_wconf 80' lang='lat' dir='ltr'><strong>titc</strong></span> <span class='ocrx_word' id='word_1_938' title='bbox 3029 5741 3045 5779; x_wconf 92' lang='lat'><strong>:</strong></span> <span class='ocrx_word' id='word_1_939' title='bbox 3071 5728 3185 5794; x_wconf 78' lang='lat' dir='ltr'><strong>quia</strong></span> <span class='ocrx_word' id='word_1_940' title='bbox 3213 5727 3439 5781; x_wconf 54' lang='lat' dir='ltr'><strong>Joannes</strong></span> <span class='ocrx_word' id='word_1_941' title='bbox 3474 5728 3742 5796; x_wconf 57' lang='lat' dir='ltr'><strong>baptizavit</strong></span> <span class='ocrx_word' id='word_1_942' title='bbox 3772 5747 3904 5800; x_wconf 69' lang='lat' dir='ltr'><strong>aqua</strong></span> <span class='ocrx_word' id='word_1_943' title='bbox 3928 5772 3945 5793; x_wconf 84' lang='lat'><strong>,</strong></span> 
     </span>
    </p>
   </div>
  </div>
