4212 6290
237 392 349 447 ωδ

239 507 433 561 πᾶσιν
457 502 728 574 ἐμαυτὸν
750 503 1084 558 ἐδούλωσα.
1128 507 1332 560 Ἐποίει
1356 504 1611 560 δὲταῦτα
1639 505 1667 557 6
1698 502 1838 559 Παῦ-

240 592 331 656 λος
368 586 712 660 μιμούμενος
753 587 845 640 τὸν
875 588 1066 641 ἐαυτοῦ
1094 588 1394 658 Δεσπότην.
1441 587 1710 656 Καθάπερ
1733 585 1842 657 γάρ

239 673 409 739 αὐτὸς
467 674 563 725 ἐν
608 669 816 741 μορφῇ
868 672 1016 725 Θεοῦ
1050 671 1340 740 ὑπάρχων
1373 673 1486 739 οὐχ
1526 669 1845 739 ἁρπαγμὸν

239 756 520 826 ἡγήσατο
549 755 618 806 τὸ
641 755 797 808 εἶναι
833 754 940 807 ίσα
976 753 1099 818 Θεῷ
1124 755 1304 817 ,ἀλλ’
1333 753 1555 807 ἑαυτὸν
1581 753 1844 806 ἐκένωσε

233 837 487 910 μορφὴν
519 836 747 890 δούλου
775 835 997 902 λαϐὼν,
1027 837 1125 890 καί
1151 837 1474 904 ἐλεύθερος
1507 834 1596 888 ὢν
1619 835 1844 901 δοῦλος

240 922 532 991 γέγονεν’
560 918 705 973 οὕτω
735 920 830 972 καὶ
871 912 1028 982 οὗτος
1057 918 1345 990 ἐλεύθερος
1382 917 1457 971 ὢν
1513 919 1578 972 ἐκ
1624 919 1843 972 πάντων

241 1005 419 1057 πᾶσιν
467 1002 660 1055 ἐαυτὸν
713 1001 1010 1054 ἐδούλωσεν
1033 1042 1048 1065 ,
1102 1001 1245 1055 ὥστε
1302 1001 1512 1064 πάντας
1558 999 1839 1070 κερδᾶναι.

240 1085 444 1149 Δοῦλος
483 1085 702 1154 ἐγένετο
731 1085 830 1155 τὴν
864 1083 1026 1154 φύσιν
1054 1085 1154 1155 τὴν
1183 1083 1462 1154 ἡμετέραν
1495 1081 1783 1138 ἀναλαϐὼν
1814 1083 1844 1135 6

241 1170 572 1240 Δεσπότης,
628 1169 716 1220 ἶνα
773 1167 900 1229 τοὺς
953 1167 1174 1230 δούλους
1223 1166 1547 1238 ἐλευθέρους
1601 1167 1839 1238 ποιήσει’

256 1253 538 1308 Ἐκλινεν
592 1249 884 1319 οὐρανοὺς
906 1288 922 1314 ,
982 1250 1079 1303 καί
1114 1247 1362 1317 κατέϐη,
1384 1249 1482 1303 ’ἴνα
1511 1249 1642 1313 τοὺς
1693 1248 1844 1301 κάτω

243 1334 515 1406 μένοντας
539 1333 794 1404 ἀναγάγῃ
826 1335 904 1395 εἰς
927 1333 1180 1402 οὐρανόν.
1210 1335 1499 1387 Ἔκ.1ινεν
1521 1332 1840 1400 οὐρανούςο

235 1418 345 1471 ὡκ
378 1412 503 1470 εἷπε
528 1433 542 1445 ο
579 1416 888 1469 Κατέλιπεν
942 1416 1244 1486 οὐρανοὺς,
1283 1416 1377 1469 καὶ
1425 1415 1630 1487 κατέϐη
1659 1456 1674 1479 ,
1727 1413 1843 1467 ἀλλ’

241 1502 550 1563 Ἔκλινεν,
577 1498 950 1570 εύκολωτέραν
983 1515 1064 1551 σοι
1088 1500 1189 1570 τὴν
1222 1499 1406 1554 ἀνοδον
1435 1500 1605 1552 ποιῶν
1635 1498 1735 1569 τὴν
1764 1499 1843 1560 εἰς

237 1586 373 1646 τοὺς
400 1581 685 1652 ούρανούς.
723 1581 928 1636 Τοῦτον
955 1581 1048 1635 καὶ
1068 1582 1097 1632 ὁ
1130 1583 1343 1646 Παῦλος
1363 1584 1675 1653 ἐμιμήσατο
1701 1580 1846 1634 κατά

236 1665 476 1736 δύναμιν
501 1706 514 1729 ,
545 1665 628 1718 διὸ
650 1663 743 1716 καὶ
767 1663 920 1734 ἔλεγε
945 1680 960 1694 ·
986 1667 1249 1735 Μιμηταί
1268 1684 1390 1736 μου
1415 1667 1657 1734 γίνεσθε
1679 1705 1694 1728 ,
1733 1679 1842 1716 και

235 1749 364 1812 θὼς
391 1747 555 1816 κάγὼ
581 1747 862 1815 Χριστοῦ.
894 1749 1004 1802 Kal
1037 1749 1154 1812 πῶς
1181 1752 1268 1812 σὺ,
1291 1743 1336 1802 ὦ
1368 1749 1607 1820 μακάριε
1639 1745 1840 1812 Παῦλε,

236 1829 337 1883 τοῦ
388 1830 628 1902 Χριστοῦ
664 1831 854 1898 ἐγένου
893 1832 1176 1902 μιμητήςς
1213 1830 1375 1896 Πῶς;
1423 1831 1640 1897 Ἐπειδὴ
1680 1829 1846 1884 οὐδα-

233 1913 350 1982 μοῦ
381 1913 532 1983 ζητῶ
561 1926 586 1954 ιι
619 1911 684 1966 τὸ
707 1913 947 1983 ἐμαυτοῦ
981 1915 1292 1984 συμφέρον,
1325 1913 1462 1967 ἀλλά
1490 1913 1551 1966 τὸ
1576 1913 1686 1967 τῶν
1715 1916 1844 1969 πολ-

234 1997 350 2050 λῶν
373 2038 390 2061 ,
431 1999 584 2062 ὅπως
629 1997 881 2060 σωθῶσι,
920 1999 1014 2050 καὶ
1050 1997 1337 2068 ἐλεύθερος
1380 1996 1455 2050 ὣν
1500 2000 1564 2050 ἐκ
1597 1997 1841 2064 πάντων,

238 2082 414 2134 πᾶσιν
445 2081 685 2152 ἐμαυτὸν
717 2080 1011 2134 ἐδούλωσα.
1049 2081 1218 2133 Οὐδὲν
1269 2079 1449 2134 τοίνυν
1502 2080 1706 2150 ταύτης
1744 2083 1843 2152 τῆς

236 2163 488 2226 δουλείας
529 2163 764 2232 βέλτιον,
799 2162 1116 2232 ἐλευθερίας
1166 2164 1276 2230 γὰρ
1317 2163 1525 2233 ἑτέροις
1560 2164 1710 2216 αἰτία
1757 2165 1844 2232 γί-

235 2263 414 2300 νεται.
469 2246 681 2310 Ἀλιεὺς
730 2241 798 2316 ἦν
847 2245 1216 2314 πνευματικὸς
1247 2246 1276 2296 ό
1315 2245 1527 2308 Παῦλος
1551 2261 1565 2274 ·
1600 2246 1841 2312 "animo

235 2329 349 2400 γὰρ
375 2327 536 2398 ὑμᾶς
553 2368 569 2391 ,
605 2329 772 2398 φησιν
790 2369 804 2390 ,
835 2328 1024 2394 ἁλιεῖς
1050 2329 1378 2396 ἀνθρώπων
1399 2345 1413 2357 ·
1442 2328 1530 2381 διὰ
1562 2330 1721 2382 τοῦτο
1747 2332 1843 2383 καὶ

234 2413 416 2467 ταῦτα
446 2412 642 2466 ἐποίει.
677 2413 786 2464 Kal
820 2413 928 2484 γὰρ
963 2413 1058 2464 καὶ
1095 2412 1144 2464 οί
1189 2412 1362 2474 ἁλιεῖς
1385 2450 1402 2474 ,
1435 2413 1656 2465 ἐπειδὰν
1690 2414 1842 2467 ίδωσι

231 2501 328 2548 τὸν
367 2495 525 2566 ἰχθὺν
549 2497 886 2549 καταπιόντα
913 2495 972 2547 τὸ
999 2495 1319 2567 ἄγκιστρον,
1339 2496 1438 2549 οὐκ
1472 2496 1680 2560 εύθέως
1711 2499 1843 2551 ἀνθ-

234 2579 492 2633 ἐλκουσιν
515 2621 530 2644 ,
570 2580 687 2633 ἀλλ’
735 2579 1028 2642 ἐνδιδόντες
1098 2579 1262 2649 μέχρι
1305 2579 1501 2633 πολλοῦ
1540 2583 1844 2651 διαστήμα-

230 2678 328 2726 τος
358 2660 747 2715 ἀκολουθοῦσιν
793 2661 1156 2731 ἀναμένοντες
1205 2664 1526 2733 ἐμπαγῆναι
1575 2663 1638 2717 τὸ
1686 2664 1846 2732 ἀγκι-

235 2761 404 2815 στρον
439 2743 623 2806 καλῶς
649 2785 664 2808 ,
691 2743 781 2796 ἵνα
827 2742 973 2797 οὕτω
1015 2745 1153 2813 μετά
1196 2744 1500 2812 ἀσφαλείας
1527 2746 1628 2817 τὴν
1669 2747 1844 2817 θήραν

234 2827 565 2881 ἐλκύσωσιν.
594 2824 760 2880 Οὕτω
792 2828 882 2879 καὶ
908 2829 957 2880 οί
987 2829 1278 2882 ἀπόστολοι
1307 2831 1428 2883 τότε
1459 2831 1697 2884 ἐποίουψ
1729 2831 1847 2885 ἐνέ-

234 2908 437 2962 ϐαλλον
463 2911 524 2962 τὸ
547 2910 848 2980 ἄγκιστρον
877 2911 975 2980 τῆς
1000 2910 1354 2974 διδασκαλίας
1381 2913 1476 2966 τοῦ
1510 2912 1670 2981 λόγου
1697 2914 1843 2986 ψυχῇ

231 2995 302 3064 τῇ
353 2992 651 3062 Ἰουδαϊκῇ,
690 2995 739 3044 οἱ
761 2993 819 3046 δὲ
845 2993 1130 3046 ἀνθεῖλκον
1158 2997 1280 3063 εξκῆ
1304 3033 1320 3056 ,
1349 2996 1446 3047 καὶ
1472 2998 1738 3066 κατέσχον
1765 2999 1846 3058 είς

235 3077 551 3146 περιτομὴν
577 3077 804 3137 ἑαυτοὺς
834 3076 1061 3145 ἄγοντες
1086 3117 1099 3138 ,
1129 3079 1208 3139 εἰς
1243 3077 1464 3146 ἐορτάς,
1514 3079 1593 3143 εἰς
1637 3079 1846 3149 καιρῶν

232 3159 653 3228 παρατήρησιν.
697 3160 778 3221 εἰς
809 3159 1001 3222 θυσίας
1021 3199 1034 3220 ,
1065 3159 1146 3223 είς
1169 3157 1230 3211 τὸ
1259 3160 1526 3231 ξυρᾶσθαι
1561 3163 1656 3215 καὶ
1681 3161 1850 3231 ἕτερα

231 3239 468 3294 τοιαῦτα
505 3243 730 3295 ποιεῖν’·
762 3244 840 3314 οἱΔ
854 3242 912 3294 δέ
964 3241 1254 3294 ἀπόστολοι
1289 3243 1565 3314 πανταχοῦ
1618 3243 1850 3314 ἠκολού-

234 3323 367 3377 θουν
393 3323 613 3386 αὐτοῖς,
656 3324 752 3376 καὶ
794 3307 895 3375 οῦκ
933 3322 1218 3378 ἀνθεῖλκον
1245 3341 1258 3355 ·
1312 3324 1455 3378 ὥστε
1493 3327 1597 3380 κᾶν
1629 3344 1850 3396 περιτο·

239 3405 350 3477 μὴν
380 3406 556 3476 ζητῇς
579 3446 593 3467 ,
621 3407 810 3476 φησιν,
847 3406 951 3458 οὐκ
986 3406 1296 3473 ἀντιτείνω,
1323 3407 1440 3462 ἀλλ’
1472 3408 1680 3481 ἕπομαι
1701 3429 1714 3441 -
1742 3410 1850 3464 κᾶν

235 3489 433 3542 θυσίαν
468 3492 662 3560 αἰτῇς,
696 3487 807 3540 θύω
834 3528 848 3554 ,
881 3487 986 3541 κᾶν
1029 3487 1296 3557 ξυρᾶσθαι
1329 3490 1598 3563 βουληθῇς
1629 3494 1729 3564 ἐμὲ
1758 3494 1849 3546 τὸν

233 3572 557 3627 ἀποστάντα
580 3572 682 3642 τῆς
711 3573 811 3641 σῆς
842 3571 1120 3637 πολιτείας
1145 3615 1161 3639 ,
1192 3574 1446 3646 πάρειμι,
1489 3576 1582 3629 καὶ
1619 3576 1757 3629 ποιῶ
1789 3577 1850 3630 τὸ

235 3658 594 3728 κελευόμενον
617 3675 629 3686 ·
703 3657 806 3710 κᾶν
837 3657 1221 3729 Πεντηκοστὴν
1263 3657 1492 3730 κελεύῃς
1523 3662 1850 3731 παρατηρῆ-

239 3742 332 3796 σαί
369 3759 474 3810 με,
509 3740 633 3792 ούδέ
691 3740 929 3793 ἐνταῦθα
971 3741 1289 3810 φιλονεικῶ·
1337 3742 1452 3794 ἀλλ’
1501 3743 1748 3812 ὅπουπερ
1781 3744 1849 3798 ἀν

238 3827 547 3896 περιάγῃς,
603 3824 884 3877 ἀκολουθιῦ
927 3827 1022 3878 καὶ
1077 3826 1334 3895 ἐνδίδωμι
1384 3826 1704 3896 ἐμπαγῆναί
1767 3834 1847 3880 σοι

235 3910 528 3978 ἀναμένων
557 3909 654 3960 τοῦ
693 3909 853 3974 λόγου
893 3909 953 3962 τὸ
987 3908 1285 3981 ἄγκιστρον
1307 3951 1321 3973 ,
1369 3909 1511 3963 ὥστε
1543 3910 1848 3982 δυνηθῆναι

239 3992 382 4063 μετά
414 3991 720 4059 ἀσφαλείας
757 3991 903 4044 ἀπαν
956 3991 1109 4061 ὑμῶν
1141 3992 1431 4056 ἐξελκύσαι
1469 3994 1530 4046 τὸ
1567 3993 1718 4058 ἔθνος
1749 3994 1847 4066 τῆς

238 4075 484 4136 παλαιᾶς
517 4074 775 4143 λατρείας
809 4076 903 4127 καὶ
933 4076 1229 4139 πολιτείας.
1258 4078 1359 4128 Διά
1401 4075 1562 4129 τοῦτο
1605 4077 1715 4148 γὰρ
1753 4078 1848 4130 καὶ

235 4157 348 4208 ἀπο
407 4156 636 4222 Ἐφέσου
692 4157 772 4219 είς
826 4158 1180 4228 Ἰεροσόλυμα
1234 4154 1420 4229 ἦλθον.
1465 4160 1630 4231 Ὀρᾷς
1679 4161 1845 4214 πόσον

235 4239 734 4309 παρηκολούθησεν
766 4240 795 4292 6
827 4241 1041 4306 Παῦλος
1071 4245 1139 4313 τῇ
1178 4243 1336 4313 ἀλείᾳ
1384 4242 1495 4295 τῶν
1533 4243 1732 4315 ἰχθύων
1760 4247 1846 4298 ἐν·

233 4322 418 4386 διδοὺς
445 4323 524 4389 τῷ
548 4323 732 4393 λόγῳ;
779 4327 910 4395 ὁρᾷς
940 4325 1022 4377 ὃτι
1059 4329 1092 4395 η
1131 4327 1521 4397 παρατήρησις
1568 4327 1678 4379 τῶν
1719 4347 1844 4383 και-

241 4405 396 4476 ρῶν,
447 4407 542 4472 καὶ
588 4409 619 4478 η
679 4407 1089 4474 συγκατάϐασις
1139 4409 1241 4478 τῆς
1290 4411 1630 4482 περιτομῆς,
1665 4413 1759 4465 καὶ
1807 4415 1842 4483 ἡ

237 4487 500 4551 κοινωνία
535 4488 647 4540 τῶν
681 4487 882 4542 θυσιῶν
905 4489 994 4543 διὰ
1021 4490 1182 4544 τοῦτο
1212 4491 1444 4559 ἐγίνετο,
1488 4493 1585 4563 οὐχ
1617 4495 1703 4546 ἵνα
1744 4495 1844 4548 αύ-

234 4573 322 4626 10l
363 4572 502 4642 πρὸς
547 4573 649 4644 τὴν
699 4573 938 4627 παλαιὰν
972 4575 1308 4629 ἐπανέλθωσι
1364 4578 1679 4641 πολιτείαν,
1730 4580 1844 4632 ἀλλ’

238 4657 328 4708 [va
359 4656 604 4718 ἐκείνους
650 4659 764 4720 τοῖς
812 4657 1004 4721 τύποις
1043 4659 1546 4730 παρακαθημένους
1577 4662 1714 4730 πρὸς
1745 4665 1845 4733 τὴν

235 4737 498 4807 ἀλήθειαν
531 4740 985 4808 ἐπαναγάγωσιν;
1018 4743 1076 4795 '0
1110 4742 1221 4812 γὰρ
1260 4742 1318 4794 ἐν
1353 4743 1478 4810 ὕψει
1513 4745 1843 4816 καθήμενος,

235 4821 337 4874 ἐὰν
370 4821 661 4885 διαπαντὸς
696 4825 788 4875 ἐπὶ
808 4824 904 4876 τοῦ
929 4823 1100 4893 ῦψους
1131 4825 1268 4898 μένῃ
1286 4867 1298 4888 ,
1333 4826 1592 4880 οὐδέποτε
1618 4829 1846 4898 δυνήσε-

235 4921 328 4957 ται
375 4905 469 4956 τὸν
499 4905 652 4957 κάτω
690 4906 941 4975 κείμενον
987 4909 1290 4975 ἀναγαγεῖν
1313 4949 1326 4971 ,
1364 4909 1500 4962 ἀλλά
1533 4912 1616 4962 δεῖ
1649 4913 1847 4981 πρότε-

236 5005 333 5058 ρον
363 4989 571 5040 ἐκεῖνον
597 4988 1020 5060 ταπεινωθῆναι,
1047 4991 1141 5044 καὶ
1166 4991 1289 5044 τότε
1317 4995 1508 5044 τοῦτον
1533 4994 1840 5065 ὑψωθῆναι.

233 5071 338 5126 Διά
382 5071 543 5125 τοῦτο
577 5074 894 5144 κατέδησαν
931 5078 980 5127 οί
1033 5076 1324 5128 ἀπόστολοι
1379 5076 1488 5128 ἀπὸ
1527 5077 1619 5130 τοῦ
1676 5080 1844 5149 ὕψους

236 5155 336 5225 τῆς
369 5153 648 5218 πολιτείας
699 5157 800 5226 τῆς
847 5158 1212 5227 εὐαγγελικῆς
1242 5159 1292 5222 b,
1337 5159 1424 5210 ἵνα
1455 5161 1565 5212 ἀπὸ
1610 5163 1708 5232 τῆς
1746 5181 1844 5215 τα-

234 5235 556 5305 πεινότητος
579 5237 680 5307 τῆς
712 5239 990 5303 πολιτείας
1025 5242 1126 5311 τῆς
1159 5241 1461 5312 Ἰουδαϊκῆς
1497 5241 1610 5316 [88]
1637 5245 1846 5314 ἀναγά-

231 5338 410 5391 γωσιν
437 5323 519 5384 εἰς
541 5321 603 5374 τὸ
635 5321 769 5392 ῦψος
799 5326 974 5377 ἐκεῖνο
995 5329 1123 5389 τοὺς
1165 5323 1484 5390 ἰουδαὶουςε

309 5411 376 5458 ι’.
415 5404 561 5458 Ἀλλ’
583 5406 666 5460 ὅτι
689 5407 790 5477 μὲν
817 5410 849 5479 ἡ
874 5408 982 5461 τῶν
1008 5406 1219 5480 καιρῶν
1241 5411 1627 5483 παρατήρησις
1647 5413 1740 5467 καὶ
1769 5413 1840 5468 τὰ

236 5487 405 5541 λοιπά
452 5489 634 5542 πάντα
665 5491 952 5561 χρησίμως
987 5493 1082 5546 καὶ
1136 5493 1526 5562 συμφερόντως
1577 5496 1839 5564 ἐγίνοντο,

235 5573 352 5634 ἀπὸ
375 5573 582 5627 τούτων
604 5575 763 5647 δῆλον
786 5592 800 5607 ·
834 5576 1036 5647 ἴδωμεν
1061 5577 1118 5629 δὲ
1170 5577 1354 5631 λοιπὸν
1389 5579 1536 5643 τίνος
1565 5580 1752 5636 ἕνεκεν
1781 5587 1843 5638 τὸ

302 5695 336 5728 ⁸
357 5697 454 5767 Ali]
476 5699 568 5767 ul
597 5701 701 5767 πῷς
740 5700 802 5748 σὺ
821 5700 924 5766 γίνῃ
946 5701 1160 5766 Χριστοῦ
1196 5705 1418 5767 μιμητής
1452 5705 1506 5753 οὐ
1534 5707 1678 5764 ζητῶ.
1709 5707 1840 5760 Edili

236 5757 906 5885 ﬂmﬁmﬁmm.

889 399 1024 456 (ZUR
1085 402 1148 456 IN
1193 400 1482 457 PENTEC.
1519 401 1722 464 ACTA,
1755 398 1911 456 ETC.

1950 397 2016 454 IN
2057 396 2354 456 PRINCIP.
2408 398 2770 458 ACTORUM.
2811 399 2902 456 IV.
3453 395 3549 448 ιυι

1953 502 2158 573 βιϐλίον
2194 507 2304 561 τῶν
2335 507 2597 579 Πράξεων
2645 504 3099 560 τών-ἀποστόλων
3144 511 3208 565 ὲν
3264 505 3342 576 τῷ
3375 510 3555 580 καιρῷ

1951 587 2052 658 τῆς
2107 590 2494 661 Πεντηκοστῆς
2555 587 3013 657 ἀναγινώσκεται.
3074 588 3169 643 Διά
3226 590 3337 658 γὰρ
3391 590 3556 645 τοῦτο

1949 669 2125 725 ταῦτα
2175 673 2355 727 πάντα
2405 674 2771 743 ἐκινήσαμεν,
2823 672 2912 736 ἵν’,
2965 672 3094 725 ὅταν
3146 670 3292 743 ἴδητε
3342 673 3556 742 καιρῶν

1951 757 2343 826 παρατήρησιν
2391 756 2760 826 ἐγκειμένην,
2823 755 2899 826 μὴ
2961 754 3224 825 νομίσητε
3277 755 3555 809 πολιτείαν

1952 840 2128 892 νοσεῖν
2177 839 2474 910 Ίουδαῖκὴν
2495 840 2624 902 τοὺς
2657 837 3010 900 ἀποστόλους.
3059 838 3222 891 Ἀλλά
3250 839 3554 910 προσέχετε

1956 920 2098 990 μετά
2153 921 2440 993 ἀκριϐείας
2465 961 2480 985 ,
2527 920 2834 992 παρακαλῶ
2863 935 2877 950 ⁶
2929 921 2990 974 ού
3027 920 3136 992 γὰρ
3199 921 3396 992 μικρόν
3435 922 3554 974 ἐστι

1954 1005 2178 1078 ζήτημα
2230 1009 2291 1061 τὸ
2343 1009 2538 1078 μέλλον
2575 1006 2932 1080 ῥηθήσεσθαι.
2971 1008 3061 1060 Ἐν
3107 1009 3174 1079 τῇ
3227 1006 3414 1079 ἡμέρα
3456 1006 3554 1060 τοῦ

1955 1092 2194 1162 σταυροῦ
2217 1093 2299 1145 τὰ·
2315 1094 2446 1164 περὶ
2467 1091 2560 1147 τοῦ
2596 1091 2832 1162 σταυροῦ
2866 1091 3046 1145 πάντα
3068 1091 3518 1162 ἀναγινώσκομεν
3537 1107 3551 1120 ·

1954 1175 2013 1226 ἐν
2042 1173 2120 1244 τῷ
2166 1174 2426 1246 σαϐϐάτῳ
2473 1174 2551 1245 τῷ
2603 1175 2828 1245 μεγάλῳ
2885 1174 3085 1238 πάλιν,
3140 1175 3223 1228 ὅτι
3279 1172 3556 1244 παρεδόθη

1952 1255 2113 1325 ἡμῶν
2136 1258 2164 1310 6
2197 1256 2422 1328 Κύριος,
2451 1259 2532 1312 ὅτι
2573 1257 2916 1329 ἐσταυρώθη,
2954 1258 3036 1311 ὃτι
3057 1256 3298 1311 ἀπέθανε
3325 1255 3386 1309 16
3413 1253 3560 1309 κατά

1955 1342 2157 1411 σάρκα,
2198 1341 2279 1394 ὅτι
2306 1342 2482 1412 ἐτάφη
2503 1360 2516 1373 ·
2549 1343 2694 1406 τίνος
2721 1337 2814 1396 οὖν
2852 1342 3041 1396 ἕνεκεν
3063 1342 3160 1394 καὶ
3184 1341 3283 1401 τὰς
3322 1338 3560 1412 Πράξεις

1952 1423 2064 1476 τῶν
2089 1423 2405 1478 ἀποστόλων
2441 1425 2504 1478 οὐ
2554 1425 2694 1496 μετά
2737 1425 2839 1496 τὴν
2870 1424 3256 1496 Πεντηκοστὴν
3291 1421 3560 1490 ἀναγινώ-

1956 1523 2159 1575 σκομεν
2183 1549 2198 1573 ,
2226 1509 2315 1561 ὅτε
2362 1508 2459 1561 καὶ
2504 1510 2756 1577 ἐγένοντο
2777 1548 2792 1572 ,
2832 1509 2928 1562 καὶ
2976 1509 3152 1580 ἀρχὴν
3185 1507 3415 1571 έλαϐονς
3447 1507 3561 1562 Kal

1954 1586 2073 1644 οἶδα
2100 1593 2198 1660 μὲν
2229 1593 2311 1644 ὅτι
2339 1592 2523 1644 πολλοὶ
2553 1592 2713 1646 τοῦτο
2757 1591 3015 1661 ἀγνοοῦσι
3041 1608 3054 1622 ·
3081 1591 3271 1663 διόπερ
3305 1589 3412 1645 ἀπὸ
3461 1589 3559 1643 τοῦ

1957 1673 2164 1743 βιϐλίου
2215 1675 2324 1729 τῶν
2354 1675 2614 1746 Πράξεων
2651 1678 2783 1729 αὐτὸ
2827 1674 3208 1729 πιστώσασθαι
3236 1676 3559 1742 ἀναγκαῖον,

1953 1759 2044 1812 ἵνα
2070 1759 2313 1830 μάθητε,
2349 1761 2431 1813 ὅτι
2476 1759 2576 1830 τὴν
2621 1761 2799 1831 ἀρχὴν
2835 1760 2944 1813 τῶν
2979 1760 3245 1830 Πράξεων
3285 1759 3394 1813 τῶν
3421 1761 3561 1812 ἀπο-

1957 1840 2221 1895 πολικῶν
2269 1843 2369 1912 οὑχ
2413 1844 2446 1912 ἡ
2499 1843 2848 1913 Πεντηκοστὴ
2886 1842 3000 1912 ἔχει
3027 1880 3043 1905 ,
3075 1841 3191 1895 ἀλλ’
3239 1843 3268 1894 6
3314 1839 3564 1912 καιρδςό

1957 1924 2098 1993 μετά
2134 1917 2247 1996 τὴν
2276 1927 2682 1996 Πεντηκοστήν.
2715 1925 2808 1978 Διὸ
2841 1925 2937 1978 καὶ
2965 1925 3195 1988 δικαίως
3248 1925 3314 1978 ἄν
3355 1942 3438 1986 τις
3466 1925 3566 1992 ζη-

1953 2009 2158 2077 τήσειε,
2190 2007 2242 2061 τί
2275 2009 2479 2079 δήποτε
2508 2007 2598 2060 τὸν
2634 2008 2732 2078 μὲν
2765 2009 3001 2079 σταυρόν
3049 2011 3106 2061 ἐν
3137 2011 3204 2078 τῇ
3239 2007 3424 2078 ἡμέρᾳ
3467 2006 3562 2059 τοῦ

1956 2091 2192 2163 σταυροῦ
2228 2093 2324 2145 καὶ
2356 2092 2451 2145 τοῦ
2510 2093 2719 2155 πάθους
2746 2091 3149 2159 ἀναγινώσκειν
3203 2090 3566 2162 νενομοθέτη-

1953 2191 2076 2227 ταιο
2131 2174 2232 2239 τὰς
2275 2175 2332 2226 δέ
2362 2175 2600 2246 Πράξεις
2649 2176 2749 2237 τάς
2788 2174 3159 2238 ἀποπολικάς
3214 2174 3316 2227 ούκ
3373 2175 3565 2235 αύταῖς

1952 2259 2072 2322 ταῖς
2105 2257 2344 2331 ἡμέραις
2391 2259 2886 2328 ἀναγινώσκομεν,
2938 2258 3058 2311 οὑδέ
3089 2255 3168 2326 τῷ
3206 2256 3386 2327 καιρῷ
3439 2251 3566 2310 καθ’

1953 2341 2013 2394 δν
2042 2342 2424 2413 ἐπράχθησαν,
2454 2340 2591 2395 ἀλλά
2620 2341 3006 2412 προφθάνομεν
3030 2347 3122 2394 τὸν
3165 2340 3382 2411 καιρόν.
3428 2337 3567 2392 Οὐδὲ

1954 2425 2064 2498 γάρ
2095 2425 2300 2489 εὐθέως
2332 2427 2422 2479 ὅτε
2446 2425 2645 2496 ἀνέστη
2673 2426 2911 2496 Χριστὸς
2931 2465 2945 2487 ,
2978 2423 3238 2494 θαύματα
3268 2422 3488 2476 ἐποίουν
3515 2421 3567 2474 οξ

1955 2509 2244 2564 ἀπόστολοι
2269 2548 2286 2572 ,
2313 2509 2451 2562 ἀλλά
2485 2508 2910 2580 τεσσαράκοντα·
2935 2509 3150 2579 ἡμέρας
3202 2508 3391 2570 αὐτοῖς
3439 2523 3569 2559 συν-

1953 2593 2172 2663 ηλίζετο
2201 2604 2223 2631 ο
2267 2595 2360 2648 ἐπὶ
2383 2593 2486 2663 τῆς
2513 2593 2639 2663 γῆς.
2674 2592 2830 2655 Τίνος
2856 2592 2914 2645 δέ
2939 2592 3126 2643 ἕνεκεν
3149 2590 3248 2652 τὰς
3295 2590 3569 2660 τεσσαρά-

1956 2693 2122 2730 κοντα
2172 2676 2388 2747 ἡμέρας
2446 2676 2632 2738 αὐτοῖς
2688 2674 3007 2743 συνεγένετο
3052 2674 3149 2726 ἐπὶ⁸
3198 2675 3298 2743 τῆς
3334 2673 3473 2741 γῆς,
3509 2673 3570 2724 ἐν

1956 2759 2130 2830 ἐτέρῳ
2151 2758 2330 2831 καιρῷ
2348 2758 2690 2831 δηλώσομεν·
2727 2759 2866 2820 τέως
2903 2757 2959 2810 δέ
2986 2757 3081 2809 ἐπὶ
3111 2756 3172 2810 τὸ
3204 2757 3570 2828 προκείμενον

1961 2843 2130 2915 ἴωμεν
2164 2843 2258 2897 τοῦ
2297 2843 2457 2912 λόγου
2486 2881 2501 2906 ,
2524 2842 2861 2905 δεικνύντες,
2889 2842 2970 2894 ὃτι
2997 2843 3098 2894 οὐκ
3131 2841 3337 2904 εὐθέως
3367 2843 3448 2903 είς
3475 2840 3571 2893 τὸν

1957 2927 2189 2997 οὐρανὸν
2219 2927 2388 2997 ἀνέϐη
2424 2925 2564 2996 μετά
2593 2927 2694 2996 τὴν
2731 2925 3030 2978 ἀνάστασιν
3065 2926 3093 2977 6
3124 2923 3360 2994 Χριστὸς
3385 2965 3399 2986 ,
3434 2923 3571 2977 ἀλλά

1959 3009 2366 3078 τεσσαράκοντα
2388 3010 2604 3080 ἡμέρας
2635 3010 2727 3062 ἐπὶ
2752 3010 2854 3079 τῆς
2884 3008 2990 3078 γῆς
3017 3008 3262 3078 διέτριψε
3293 3007 3431 3076 μετά
3459 3008 3572 3060 τῶν

1963 3092 2253 3163 μαθητῶν,
2308 3093 2404 3146 καὶ¹
2428 3095 2527 3163 ούχ
2555 3093 2744 3155 ἁπλῶς
2783 3091 3082 3163 διέτριψεν,
3117 3091 3254 3146 ἀλλά
3290 3092 3385 3145 καὶ
3441 3109 3571 3145 συν-

1963 3174 2313 3244 αλιζόμενος,
2338 3177 2433 3227 καὶ
2464 3176 2746 3247 τραπέζης
2778 3173 3053 3228 κοινωνῶν
3072 3215 3088 3238 ,
3118 3175 3212 3228 καὶ
3235 3175 3453 3245 ὁμιλίας
3483 3193 3570 3246 με·

1959 3258 2233 3321 ταδιδοὺς,
2266 3260 2360 3312 καὶ
2386 3259 2525 3329 μετὰ
2545 3259 2645 3322 τὰς
2675 3259 3090 3328 τεσσαράκοντα
3120 3259 3338 3330 ἡμέρας
3367 3261 3571 3331 ἀνῆλθε

1961 3340 2099 3412 πρὸς
2133 3340 2227 3393 τὸν
2273 3342 2494 3414 Πατέρα
2549 3343 2608 3395 ἐν
2639 3344 2754 3404 τοῖς
2803 3341 3086 3414 οὐρανοῖς,
3132 3342 3228 3394 καὶ
3267 3341 3392 3396 ούδέ
3445 3345 3570 3397 τότε

1962 3425 2448 3496 ἐθαυματούργουν
2468 3466 2483 3489 ,
2522 3426 2637 3479 ἀλλ’
2668 3426 2856 3497 ἐτεραι
2887 3426 3020 3479 δέκα
3065 3427 3308 3494 ἐγίνοντο
3339 3428 3570 3499 ἡμέραι,

1961 3511 2056 3563 καὶ
2103 3510 2489 3580 πληρουμένης
2523 3511 2624 3580 τῆς
2654 3509 3043 3581 Πεντηκοστῆς
3090 3510 3350 3583 ἐπέμφθη
3383 3514 3570 3578 αὐτοῖς

1958 3595 2021 3647 τὸ
2049 3595 2274 3666 Πνεῦμα
2305 3595 2365 3647 τὸ
2394 3596 2549 3662 ἅγιον
2577 3635 2590 3657 ,
2626 3594 2721 3647 καὶ
2750 3592 2872 3645 τότε
2905 3592 3162 3656 λαϐόντες
3188 3593 3289 3657 τὰς
3335 3595 3570 3665 πυρίνας

1959 3677 2213 3747 γλώσσας
2260 3677 2497 3749 ῆρξαντο
2529 3681 2702 3731 ποιεῖν
2730 3675 3004 3746 θαύματα.
3042 3676 3230 3730 Ταῦτα
3262 3677 3319 3732 δὲ
3367 3680 3569 3742 πάντα,

1960 3762 2236 3832 ἀγαπητοὶ
2265 3803 2279 3826 ,
2317 3761 2426 3815 ἀπὸ
2475 3762 2586 3814 τῶν
2615 3759 2851 3830 Γραφῶν
2883 3759 3274 3830 πιστωσόμεθα
3301 3777 3316 3792 ο
3347 3755 3458 3814 οἷον
3486 3761 3570 3816 ὃτι

1959 3846 2372 3914 τεσσαράκοντα
2403 3844 2616 3916 ἡμέρας
2668 3844 2854 3907 αὐτοῖς
2907 3843 3259 3911 συνεγένετο,
3296 3845 3378 3897 ὅτι
3431 3845 3570 3914 μετὰ

1959 3927 2059 4000 τὴν
2094 3927 2482 3998 Πεντηκοστὴν
2511 3927 2744 3998 κατῆλθε
2789 3927 2851 3980 τὸ
2889 3927 3114 3998 Πνεῦμα
3148 3927 3210 3980 τὸ
3241 3927 3398 3996 ἀγιον
3422 3969 3437 3991 ,
3487 3930 3569 3982 ὅτι

1959 4011 2082 4065 τότε
2109 4012 2208 4074 τὰς
2237 4011 2489 4079 γλώσσας
2524 4011 2717 4064 ἔλαϐον
2765 4009 2865 4072 τὰς
2893 4011 3157 4081 πυρίνας,
3190 4011 3273 4064 ὃτι
3305 4011 3416 4064 τῶν
3468 4028 3568 4082 ση-

1963 4097 2132 4167 μείων
2168 4095 2353 4148 έκτοτε
2383 4092 2639 4165 ῆρξαντο.
2669 4093 2766 4157 Τίς
2800 4088 2892 4146 οὗν
2920 4093 3094 4146 ταῦτα
3150 4094 3328 4146 πάντα
3360 4096 3567 4166 φησίνς

1972 4179 2029 4232 '0
2051 4179 2146 4232 τοῦ
2173 4177 2388 4233 Παύλου
2424 4177 2673 4249 μαθητὴς
2693 4217 2706 4239 ,
2737 4179 2766 4230 6
2795 4177 2976 4246 τίμιος
3000 4177 3094 4230 καὶ
3123 4176 3299 4247 μέγας
3328 4181 3567 4245 Λουκᾶς,

1958 4260 2104 4316 οὕτω
2139 4260 2465 4330 ποιούμενος
2503 4260 2602 4330 τὴν
2654 4261 2830 4330 ἀρχὴν
2885 4261 2980 4312 καὶ
3041 4259 3251 4326 λέγων*
3290 4259 3408 4312 Τὸν
3452 4263 3568 4329 μὲν

1957 4345 2197 4414 πρῶτον
2225 4345 2414 4414 λόγον
2449 4342 2834 4411 ἐποιησάμην
2864 4342 2999 4409 περὶ
3032 4341 3281 4394 πάντων
3305 4382 3320 4402 ,
3350 4337 3396 4396 ὦ
3429 4347 3568 4399 θεό-

1957 4423 2221 4499 φιλε,ὧν
2237 4428 2462 4496 ἤρξατο
2483 4430 2516 4480 ὁ
2535 4425 2764 4491 Ἰησοῦς
2796 4424 2990 4478 ποιεῖν
3019 4441 3081 4477 τε
3105 4425 3201 4477 καὶ
3231 4424 3566 4492 διδάσκειν,

1957 4511 2097 4580 ἄχρι
2125 4507 2200 4580 ἧς
2222 4509 2448 4579 ἡμέρας
2472 4507 2896 4576 ἐντειλάμενος
2918 4507 3042 4573 τοῖς
3066 4509 3440 4575 ἀποστόλοις
3467 4510 3569 4564 διὰ

1958 4597 2308 4663 Πνεύματος
2333 4593 2530 4661 ἁγίου,
2565 4591 2674 4657 οὒς
2704 4590 3049 4654 ἐξελέξατο,
3086 4591 3405 4661 ἀνελήφθη
3427 4607 3442 4622 '
3477 4588 3567 4659 οἷς

1957 4679 2055 4732 καί
2091 4679 2481 4746 παρέστησεν
2531 4676 2750 4729 ἑαυτὸν
2784 4673 2971 4734 ζῶντα
3017 4677 3172 4745 μετὰ
3224 4677 3289 4729 τὸ
3351 4677 3569 4732 παθεῖν

1957 4763 2167 4825 αὐτὸν,
2206 4765 2278 4815 ἐν
2321 4759 2579 4824 πολλοῖς
2630 4761 2990 4828 τεκμηρίοις,
3041 4759 3116 4812 δι’
3154 4761 3394 4829 ἡμερῶν
3423 4780 3563 4816 τεσ-

1957 4845 2303 4915 σαρὰκοντα
2357 4844 2772 4911 ὀπτανόμενος
2825 4843 3033 4908 αὐτοῖς
3064 4885 3079 4908 ,
3111 4844 3208 4896 καὶ
3257 4845 3454 4913 λέγων
3489 4849 3566 4902 τὰ

1957 4930 2092 4996 περὶ
2120 4927 2231 4996 τῆς
2261 4927 2590 4992 βασιλείας
2625 4925 2733 4978 τοῦ
2762 4924 2878 4998 [89]
2913 4925 3084 4980 Θεοῦ.
3120 4925 3227 4978 Καί
3252 4927 3566 4988 συναλιζὶς-

1950 5031 2137 5082 μενος
2169 5012 2572 5080 παρήγγειλεν
2620 5009 2827 5075 αὐτοῖς
2858 5009 2976 5062 ἀπὸ
3015 5009 3443 5080 Ἰεροσολύμων
3471 5012 3562 5081 μὴ

1923 5148 1931 5156 ,
1956 5097 2324 5167 χωρίζεσθαι.
2368 5097 2534 5168 Ὁρᾷς
2561 5096 2642 5147 ὅτι
2677 5093 2815 5164 μετὰ
2864 5093 2964 5164 τὴν
2999 5093 3302 5146 ἀνάστασιν
3361 5111 3563 5150 τεσσα-

1958 5181 2196 5252 ράκοντα
2252 5179 2469 5250 ἡμέρας
2497 5179 2591 5230 ἐπὶ
2627 5178 2725 5241 τῆς
2759 5176 2864 5244 γῆς
2913 5173 2982 5247 ῆν
3038 5179 3065 5230 6
3095 5176 3302 5246 Κύριος
3325 5218 3340 5240 ,
3383 5177 3562 5248 λέγων

1957 5265 2086 5334 περὶ
2124 5263 2226 5334 τῆς
2287 5261 2563 5332 βασιλείας
2610 5259 2705 5312 τοῦ
2756 5259 2891 5312 Θεοῦ
2920 5301 2934 5324 ,
2963 5261 3077 5319 ,καὶ
3139 5260 3564 5330 συναλιζόμενος

1953 5351 2068 5410 τοῖς
2102 5346 2456 5408 ἀποστόλοις;
2482 5345 2616 5416 δρᾷς
2671 5345 2750 5397 ’ὁτι
2784 5345 2878 5396 καὶ
2902 5342 3180 5415 τραπέζης
3237 5343 3559 5411 ἐκοινώνει;

1954 5431 2065 5486 Καὶ
2113 5429 2519 5498 παρήγγειλεν
2550 5427 2785 5493 αὐτοῖς,
2820 5428 2984 5497 φησιν
3012 5467 3026 5489 ,
3059 5425 3180 5480 ἀπὸ
3230 5427 3560 5495 Ἱεροσολύ-

1949 5531 2082 5585 μων
2103 5514 2185 5583 μὴ
2221 5512 2592 5582 χωρίζεσθαι,
2631 5512 2793 5566 ἀλλὰ
2825 5509 3165 5579 περιμένειν
3208 5509 3327 5577 τὴν
3372 5511 3560 5578 ἐπαγκ-

1953 5598 2166 5668 τελίαν
2187 5596 2292 5650 τοῦ
2321 5596 2550 5664 Πατρός
2573 5637 2587 5660 ,
2623 5594 2705 5662 ἦν
2726 5592 3035 5662 ἠκούσατέ
3058 5610 3201 5662 μου,
3226 5592 3443 5661 φησιν·
3466 5591 3562 5648 ὅτι

1967 5679 2244 5748 Ἰωάννης
2281 5679 2400 5748 μὲν
2442 5679 2768 5733 ἐϐάπτισεν
2813 5675 3007 5742 ὕδατι,
3035 5674 3212 5746 ὑμεῖς
3246 5674 3316 5729 δὲ
3336 5674 3562 5740 ,βαπτι-

2014 5833 2037 5864 ⁶
2062 5829 2198 5882 Colb.
2224 5828 2502 5887 συνεγίνετο.
