4212 6290
694 322 798 377 105

688 432 1001 502 σθήσεσθε
1052 429 1123 484 ἐν
1175 428 1469 496 Πνεύματι
1520 429 1667 496 ἁγίῳ
1725 430 1795 483 οὐ
1849 428 1998 497 μετὰ
2034 424 2270 488 ⁸πολλὰς

690 526 915 588 ταύτας
964 519 1207 593 ἡμέρας.
1246 518 1429 574 Ταῦτα
1462 518 1519 571 δέ
1557 518 1743 588 ἔλεγεν
1773 521 1804 572 6
1830 517 2017 589 Σωτὴρ
2053 518 2111 568 ἐν
2154 517 2271 576 ταῖς

592 637 596 641 ·
686 612 1096 682 τεσσαράκοντα
1144 609 1399 681 ἡμέραις.
1424 610 1490 662 Ol
1539 610 1655 679 μὲν
1699 604 1814 663 οὖν
1869 606 2273 669 συνελθόντες

685 700 1011 768 ἐπηρώτων
1030 699 1218 753 αὑτὸν
1242 698 1521 767 λέγοντες
1544 716 1559 731 ο
1581 699 1782 766 Κύριε,
1804 699 1856 751 εί
1874 699 1946 751 ὲν
1973 695 2053 761 τῷ
2075 695 2271 762 χρόνῳ

690 791 880 854 τούτῳ
897 789 1398 855 ἀποκαθιστάνεις
1422 788 1539 858 τὴν
1554 790 1883 856 ,βασιλείαν
1900 786 1979 851 τῷ
1999 787 2235 856 Ἰσραήλ
2252 801 2271 849 ;

691 878 841 937 Εἷπε
871 880 940 934 δὲ
984 880 1135 949 πρὸς
1181 874 1433 947 αὐτούςδ
1495 883 1619 948 Οὐχ
1660 876 1829 949 ὑμῶν
1873 878 2006 931 ἐστι
2052 876 2272 947 γνῶναι

689 971 952 1041 χρόνους
975 969 1015 1038 ἢ
1038 970 1281 1039 καιροὺς
1298 1009 1313 1033 ,
1344 969 1454 1036 οὓς
1484 973 1518 1025 ὁ
1540 969 1739 1037 Πατὴρ
1764 968 1930 1022 ἔθετο
1951 969 2020 1021 ἐν
2048 966 2123 1035 τῇ
2150 966 2272 1033 ιδίᾳ

684 1061 941 1127 ἐξουσίᾳ
960 1077 975 1091 °
1005 1060 1166 1115 ἀλλὰ
1189 1059 1467 1128 λήψεσθε
1491 1059 1750 1129 δύναμιν
1775 1060 2139 1124 ἐπελθόντος
2162 1057 2271 1113 τοῦ

687 1145 863 1214 ἁγίου
888 1147 1230 1215 Πνεύματος
1248 1147 1341 1215 ἐφ’
1382 1146 1538 1216 ὑμᾶς
1560 1190 1574 1213 ,
1612 1149 1711 1201 καί
1756 1146 1974 1201 ἐσεσθέ
1996 1165 2097 1215 μοι
2122 1146 2271 1216 pcip-

690 1252 865 1304 τυρες
888 1237 958 1290 ἐν
984 1235 1060 1304 τῇ
1100 1236 1517 1306 Ἰερουσαλὴμ,
1558 1239 1654 1291 καί
1700 1238 1769 1291 ἐν
1798 1238 1965 1306 πάσῃ
2010 1237 2087 1307 τῇ
2135 1241 2271 1293 ’1ου-

690 1323 829 1391 διιίᾳ
879 1322 978 1376 καί
1031 1326 1357 1393 Σαμαρείᾳ,
1411 1326 1509 1379 καί
1541 1326 1652 1391 ἕως
1691 1326 1955 1392 ἐσχάτου
1984 1327 2096 1395 τῆς
2132 1328 2264 1395 τῆς.

690 1417 800 1469 Καὶ
841 1415 1026 1469 ταῦτα
1073 1416 1257 1470 εἰπὼν
1283 1459 1296 1478 .
1340 1419 1700 1483 βλεπόντων
1739 1417 1969 1482 αὐτῶν,
2015 1421 2263 1487 ἐπήρθη,

686 1505 789 1558 καί
825 1506 1049 1575 νεφέλη
1091 1507 1395 1562 ὑπέλαϐεν
1423 1509 1611 1563 αὐτὸν
1646 1509 1765 1562 ἀπὸ
1793 1504 1911 1563 τῶν
1947 1508 2270 1579 ὀφθαλμῶν

689 1596 907 1651 αὐτῶν.
937 1593 1090 1661 Είδες
1124 1599 1241 1661 πῶς
1277 1601 1370 1652 καὶ
1398 1601 1805 1671 τεσσαράκοντα
1842 1601 2055 1672 ἡμέρας
2085 1602 2268 1664 αὐτοῖς

692 1683 1007 1751 συνεγένετο
1055 1687 1147 1738 ἐπὶ
1191 1686 1292 1756 τῆς
1334 1687 1439 1757 γῆς
1486 1690 1514 1741 6
1542 1690 1809 1759 Χριστὸς,
1849 1690 1943 1743 καὶ
2000 1690 2138 1760 μετὰ
2169 1689 2269 1753 τάς

690 1775 1098 1844 τεσσαράκοντα
1127 1778 1339 1847 ἡμέρας
1387 1778 1508 1831 τότε
1538 1779 1813 1851 ἀνελήφθη
1848 1782 1906 1833 ἐν
1954 1784 2067 1843 τοῖς
2102 1782 2268 1851 ούρα-

684 1865 839 1926 νοῖς·
875 1864 988 1917 ἀλλ’
1020 1864 1217 1936 ἴδωμεν
1241 1869 1288 1920 εί
1335 1869 1394 1921 ἐν
1440 1873 1505 1940 τῇ
1548 1871 1894 1941 ιιεντηκοστῇ
1944 1870 2004 1923 τὸ
2047 1871 2269 1947 Πνεῦμα

689 1953 941 2025 ἐπέμφθη
966 1954 1027 2009 16
1055 1956 1225 2025 ἅγιον.
1248 1959 1359 2011 Καὶ
1380 1959 1448 2012 ἐν
1467 1959 1545 2025 τῷ
1568 1960 2267 2032 συμπληροῦσθαιῗφησὶ,

686 2044 806 2111 τὴν
863 2046 1092 2114 ἡμέραν
1149 2045 1258 2116 τῆς
1329 2048 1753 2115 Πεντηκοστῆς
1813 2049 2047 2119 ἐγένετο
2102 2050 2270 2118 ἄφνω

688 2131 841 2204 ἦχος
888 2137 957 2190 ἐκ
1016 2137 1123 2191 τοῦ
1177 2139 1436 2207 οίιρανοῦ
1489 2140 1632 2193 ὡσεὶ
1689 2138 2019 2208 φερομένης
2071 2138 2269 2206 πνοῆς

686 2227 892 2292 βιαίας
916 2267 932 2290 ,
1000 2229 1097 2281 καὶ
1172 2228 1465 2297 ὤφθησαν
1538 2230 1739 2297 αὐτοῖς
1806 2230 2268 2300 διαμεριζόμεναι

687 2315 963 2384 ⁷γολῶσσιιι
1001 2318 1142 2373 ὡσεὶ
1174 2319 1392 2388 πυρὸς,
1430 2323 1525 2374 καὶ
1555 2320 1834 2376 ἐκάθισεν
1873 2324 1966 2390 ἐφ’
2001 2322 2110 2376 ἕνα
2134 2321 2268 2374 ἕκα-

684 2422 844 2461 στον
888 2407 1105 2463 αὐτῶν.
1134 2410 1316 2463 Εἴδετε
1349 2411 1552 2481 ἀκριϐῆ
1594 2412 1691 2481 τὴν
1728 2412 1999 2477 ἀπόδειξιν
2042 2429 2269 2481 γεγενη-

685 2497 861 2566 μένην
881 2535 895 2559 ,
926 2493 1037 2551 οἷον
1066 2500 1148 2553 ὅτι
1171 2502 1579 2569 τεσσαράκοντα
1604 2502 1815 2572 ἡμέρας
1844 2498 1910 2572 ἦν
1961 2503 2054 2554 ἐπὶ
2091 2502 2193 2570 γῆς
2242 2502 2271 2554 ὁ

690 2585 963 2656 Χριστὸς,
992 2587 1087 2641 x61
1138 2589 1258 2641 οὐδὲ
1309 2588 1789 2661 ἐθαυματούργουν
1845 2593 1893 2644 οί
1944 2592 2267 2657 ἀπόστολοι;

692 2677 822 2741 Πῶς
852 2678 960 2751 γάρ
1008 2678 1231 2747 ἔμελλον
1263 2681 1697 2753 θαυματουργεῖν
1737 2685 1838 2754 τὴν
1863 2683 1956 2736 τοῦ
1987 2684 2144 2752 ἁγίου
2176 2684 2271 2737 καὶ

692 2768 957 2835 (won-0:05
990 2771 1303 2840 Πνεύματος
1334 2774 1493 2844 χάριν
1519 2774 1731 2828 οὐδέπω
1759 2774 2003 2844 ἔχοντεςς

762 2860 943 2915 Εἵδετε
966 2900 980 2921 ,
1019 2861 1103 2913 ὅτι
1133 2861 1269 2930 μετά
1295 2863 1395 2925 τὰς
1421 2862 1829 2933 τεσσαράκοντα
1868 2862 2082 2933 ἡμέρας
2112 2874 2137 2902 ι
2176 2862 2270 2915 ἀν-

691 2947 897 3018 ελήφθη
929 2950 1007 3012 είς
1034 2949 1126 3001 τὸν
1154 2950 1379 3019 οὐρανὸν
1406 2950 1434 3001 6
1468 2949 1712 3020 Ἰησοῦςς
1759 2950 1925 3003 εἴδετε
1957 2949 2116 3004 πάλιν
2139 2992 2153 3015 ,
2187 2951 2269 3003 ὅτι

695 3039 832 3107 μετὰ
852 3039 949 3101 τὰς
977 3038 1106 3092 δέκα
1132 3039 1343 3110 ἡμέρας
1369 3039 1846 3110 ἐθαυματούργουν
1869 3042 1918 3093 οῖ
1950 3040 2267 3105 ἀπόστολοινς

706 3130 793 3181 Ἐν
820 3129 927 3200 γὰρ
958 3131 1037 3200 τῷ
1068 3130 1514 3203 συμπληροῦσθαι
1559 3131 1656 3203 τὴν
1691 3132 1902 3203 ἡμέραν
1937 3134 2036 3203 τῆς
2070 3133 2273 3203 Πεντη-

693 3220 892 3289 κοστῆς
931 3220 1288 3289 κατεπέμφθη
1328 3220 1388 3272 16
1424 3219 1646 3291 Πνεῦμα
1687 3222 1749 3274 16
1774 3223 1947 3289 ἆγιον.
1980 3222 2149 3275 Τοῦτο
2178 3218 2270 3274 οὖν

692 3310 812 3363 ἐστι
844 3310 1027 3362 λοιπὸν
1059 3311 1119 3363 16
1150 3310 1499 3379 ζητούμενον,
1532 3312 1677 3374 τίνος
1712 3312 1897 3366 ἕνεκεν
1941 3315 1995 3368 αἰ
2037 3312 2273 3383 Πράξεις

685 3398 802 3453 τῶν
850 3398 1162 3453 ἀποστόλων
1193 3402 1249 3453 ἐν
1282 3404 1346 3471 τῇ
1397 3403 1741 3474 Πεντηκοστῇ
1788 3403 2267 3473 ἀναγινώσκονται.

695 3491 759 3542 Εί
784 3490 890 3561 γὰρ
918 3491 1038 3544 τότε
1064 3490 1297 3561 ήρξαντο
1326 3497 1496 3546 ’ποιεῖν
1538 3494 1607 3547 16
1637 3499 1839 3565 σημεῖα
1886 3498 1935 3549 01
1964 3496 2269 3556 ἀπόστολοι,

696 3581 864 3647 ἤγουν
910 3581 1047 3651 μετά
1088 3582 1184 3650 τὴν
1219 3584 1423 3654 Κυρίου
1456 3586 1771 3651 ἀνάστασιν,
1800 3586 1919 3639 τότε
1951 3585 2057 3638 ἔδει
2086 3586 2181 3637 καὶ
2213 3585 2275 3637 16

702 3673 902 3740 βιϐλίον
932 3673 1397 3741 ἀναγινώσκεσθαι
1443 3676 1620 3731 τοῦτο.
1648 3678 1859 3748 Ὥσπερ
1907 3678 2015 3748 γάρ
2044 3678 2113 3731 τά
2146 3678 2274 3748 περὶ

693 3762 792 3816 τοῦ
843 3764 1076 3837 σταυροῦ
1108 3766 1166 3817 ἐν
1197 3768 1261 3835 τῇ
1307 3765 1491 3839 ἡμέρᾳ
1523 3768 1757 3840 σταυροῦ
1804 3768 2270 3839 ἀναγινώσκομεν,

698 3853 791 3905 καὶ
815 3854 885 3907 τὰ
925 3856 982 3906 ἐν
1005 3856 1069 3925 τῇ
1115 3854 1405 3908 ἀναστάσει
1450 3856 1683 3925 ὁμοίως,
1732 3842 1924 3913 x6116
1968 3860 2025 3912 ἐν
2067 3858 2275 3931 ἑκάστῃ

656 4012 660 4016 Δ
698 3944 860 4014 ἑορτῇ
897 3946 1155 4012 γεγονότα
1192 3947 1258 4015 τῇ
1292 3946 1429 4015 αὐτῇ
1459 3946 1620 3999 πάλιν
1661 3949 2105 4019 ἀναγινώσκομεν
2129 3990 2144 4015 ,
2182 3946 2276 4001 05-

697 4050 808 4097 τως
836 4035 939 4088 ἔδει
969 4038 1061 4089 καὶ
1091 4034 1161 4089 16
1182 4034 1433 4106 θαύματα
1463 4038 1533 4089 τά
1562 4038 1894 4091 ἀποστολικά
1920 4042 1977 4091 ἐν
2006 4043 2125 4102 ταῖς
2147 4040 2274 4110 ήμέ-

698 4143 823 4200 ραις
858 4122 966 4180 τῶν
992 4127 1364 4181 ἀποσωλικῶν
1392 4128 1634 4199 σημείων
1656 4129 2149 4196 ἀναγινώσκεσθαι.

773 4224 846 4281 ς’.
873 4218 1030 4280 Τίνος
1057 4212 1150 4271 οῦν
1177 4219 1360 4271 ἕνεκεν
1386 4218 1446 4271 06
1483 4218 1599 4271 τότε
1633 4218 1774 4271 6616
1810 4206 2273 4292 ἀναγινώσκομεν,

700 4306 818 4359 ἀλλ’
846 4307 1048 4370 εὐθέως
1085 4307 1222 4376 μετά
1269 4308 1360 4360 16v
1412 4309 1639 4378 σταυρὸν
1681 4310 1774 4363 καὶ
1814 4310 1913 4379 τὴν
1958 4312 2273 4376 ἀνάστασιν,

701 4396 971 4449 ἀκούσατε
1020 4395 1158 4466 μετά
1190 4395 1475 4468 ἀκριϐείας
1522 4397 1617 4467 τὴν
1649 4400 1823 4453 αἰτίαν
1851 4400 2088 4456 ἃπασαν.
2123 4402 2278 4454 Μετά

699 4485 795 4538 16v
825 4487 1055 4557 σταυρὸν
1094 4486 1296 4549 εὐθέως
1346 4487 1641 4542 ἀνάστασιν
1687 4492 2128 4563 καταγγέλλομεν
2180 4492 2273 4546 τοῦ

702 4576 939 4646 Χριστοῦ
961 4615 976 4639 ,
1010 4576 1108 4648 τῆς
1137 4577 1195 4629 δὲ
1248 4578 1595 4641 ἀναστάσεως
1619 4578 1891 4643 ἀπόδειξίς
1918 4581 2032 4632 ἐστι
2078 4580 2148 4633 τά
2180 4598 2277 4653 ση-

705 4671 833 4738 μεῖα
859 4668 926 4721 τὰ
955 4668 1313 4730 ἀποστολικά.
1361 4669 1469 4723 τῶν
1516 4670 1573 4723 δὲ
1617 4672 1859 4741 σημείων
1907 4672 2276 4727 ἀποπολικῶν

699 4756 1069 4812 διδασκαλεῖόν
1103 4759 1213 4811 ἐστι
1267 4758 1424 4812 τοῦτο
1468 4759 1528 4812 16
1586 4760 1803 4830 βιϐλίον.
1842 4762 1907 4813 ’0
1946 4761 2125 4814 τοίνυν
2175 4762 2277 4832 μά-

704 4846 862 4901 λιστα
889 4848 1169 4902 πιστοῦται
1195 4848 1293 4919 τὴν
1319 4850 1609 4903 ἀνάστασιν
1628 4850 1724 4922 τὴν
1744 4854 2097 4926 Δεσποτικὴν.
2121 4853 2277 4908 τοῦτο

709 4940 851 5011 μετά
866 4941 956 4993 τὸν
980 4941 1208 5011 σταυρὸν
1234 4942 1326 4994 καὶ
1343 4943 1443 5013 τὴν
1461 4941 1742 5014 ζωηφόρον
1763 4945 2053 4999 ἀνάστασιν
2075 4945 2275 5008 εὐθέως

705 5033 758 5084 οι
788 5032 1028 5100 Πατέρες
1066 5032 1463 5104 ἐνομοθέτησαν
1506 5034 1992 5101 ἀναγινώσκεσθαι.
2032 5038 2130 5089 Διά
2161 5035 2275 5107 [90]

706 5120 863 5173 τοῦτο
888 5122 1105 5185 τοίνυν,
1143 5124 1433 5194 ἀγαπητοὶ,
1471 5127 1611 5195 μετά
1646 5127 1738 5179 16v
1773 5130 2003 5197 σταυρὸν
2055 5130 2150 5183 καὶ
2178 5128 2277 5199 τὴν

705 5212 998 5264 ἀνάστασιν
1018 5210 1217 5274 εὐθέως
1236 5213 1679 5285 ἀναγινώσκομεν
1702 5217 1769 5271 τὰ
1794 5223 1992 5289 σημεῖα
2014 5220 2122 5275 τῶν
2150 5222 2280 5274 ἀπο-

708 5302 937 5365 στόλων,
972 5301 1059 5356 ῖνα
1083 5302 1294 5373 ἔχωμεν
1345 5304 1489 5375 σαφῆ
1526 5308 1618 5359 καὶ
1663 5310 2142 5381 ἀναμφισϐήτητον
2177 5313 2277 5383 τῆς

709 5390 1056 5456 ἀναστάσεως
1086 5394 1185 5461 τὴν
1233 5393 1523 5459 ἀπόδειξιν.
1574 5399 1688 5451 Ούκ
1738 5396 1879 5461 εἶδες
1934 5401 2095 5455 αὐτὸν
2144 5402 2276 5455 ἀνα-

708 5481 909 5537 στάντα
936 5484 1049 5546 τοῖς
1093 5482 1389 5553 ὀφθαλμοῖς
1421 5486 1514 5540 τοῦ
1565 5486 1843 5559 σώματος,
1876 5491 2012 5544 6116
2059 5492 2275 5562 βλέπεις

763 5674 788 5704 ⁸
814 5672 896 5725 Sic
913 5673 1072 5732 εοιι..
1099 5675 1273 5728 κονίει.
1298 5688 1416 5729 vero
1444 5675 1567 5728 male
1588 5680 1671 5738 τὰς
1693 5682 1808 5732 δέκα
1827 5684 2023 5743 ἡμέρας.

1351 327 1407 381 S.
1447 320 1731 381 JOANNIS
1772 314 2273 377 οιιιιγεοετοιιῐ
2311 312 2637 393 Αῐιιτηιπιι.
2684 305 3236 370 CONSTANTINOP.

3850 312 3959 364 106

2372 422 2533 477 6616v
2564 422 2871 477 ἀναστάντα
2904 423 3015 486 τοῖς
3064 420 3365 492 ὀφθαλμοῖς
3408 418 3506 488 τῆς
3557 420 3832 482 πίστεως·
3862 421 3971 474 οὐκ

2372 502 2509 570 εἶδες
2560 507 2722 561 αὐτὸν
2771 506 2858 560 διά
2902 506 3012 558 τῶν
3057 506 3321 575 ὀμμάτων
3376 504 3582 559 τούτων
3623 503 3969 567 ἀναστάντα,

2370 589 2485 642 ἀλλ’
2508 588 2629 657 ὕψει
2662 590 2825 642 αὐτὸν
2860 589 3166 642 ἀναστάντα
3200 585 3288 640 διά
3330 587 3441 641 τῶν
3478 586 3778 657 θαυμάτων
3819 586 3971 639 ἐκεί-

2370 689 2497 725 νων.
2542 672 2607 725 Ἦ
2650 673 2761 741 γὰρ
2791 671 2901 725 τῶν
2936 670 3179 741 σημείων
3218 668 3478 733 ἐπίδειξις
3510 668 3853 739 χειραγωγεῖ
3903 682 3969 719 σι

2371 754 2509 826 πρὸς
2535 754 2633 825 τὴν
2684 757 2783 824 τῆς
2830 753 3067 816 πίστεως
3099 751 3358 821 θεωρίαν.
3393 750 3557 806 Ὅθεν
3596 750 3689 803 τοῦ
3721 749 3971 819 φανῆναι

2368 839 2531 893 αὐτὸν
2559 836 2868 891 ἀναστάντα
2897 835 3079 905 πολλῷ
3100 835 3302 905 μείζων
3330 829 3399 905 ἦν
3427 833 3702 898 ἀπόδειξις
3726 834 3824 887 καὶ
3865 850 3967 886 σα-

2370 930 2607 1000 φεστέρα
2638 928 2700 982 τὸ
2756 930 2958 1000 σημεῖα
3008 927 3256 995 γίνεσθαι
3288 928 3346 978 ἐν
3378 925 3458 994 τῷ
3503 925 3731 994 ὀνόματι
3765 922 3966 978 66105.

2371 1010 2557 1064 Βούλει
2606 1010 2797 1081 μαθεῖν
2822 1050 2837 1075 ,
2885 1010 3004 1073 πῶς
3058 1009 3237 1063 10510"
3272 1008 3473 1078 μᾶλλον
3522 1006 3812 1060 πιστοῦται
3861 1004 3971 1075 τήν

2369 1092 2686 1155 ἀνάστασιν,
2721 1093 2755 1163 ἢ
2795 1096 2843 1146 εί
2869 1092 3041 1162 ἐφάνη
3073 1093 3241 1145 πᾶσιν
3273 1088 3584 1160 ἀνθρώποις
3612 1090 3732 1141 κατ’
3765 1086 3973 1155 ὀφθαλ-

2372 1174 2544 1245 μούς;
2598 1175 2896 1229 Ἀκούσατε
2945 1173 3242 1244 νουνεχῶς·
3292 1171 3526 1241 καὶγὰρ
3565 1170 3751 1223 πολλοὶ
3800 1169 3969 1223 10510

2370 1259 2638 1329 ἐρωτῶσι,
2668 1261 2762 1313 καὶ
2789 1260 3039 1327 λέγουσι·
3063 1257 3219 1321 Τίνος
3252 1255 3440 1309 ἕνεκεν
3470 1254 3714 1317 ἀναστὰς
3743 1254 3849 1306 οὐκ
3880 1254 3971 1305 εύ-

2370 1342 2507 1406 θέως
2541 1343 2714 1413 ἐφάνη
2744 1346 2854 1405 τοῖς
2894 1341 3209 1404 Ἱουδαίοις;
3260 1338 3398 1391 ἀλλά
3444 1336 3697 1407 περιττὸς
3732 1337 3761 1387 6
3803 1335 3969 1404 λόγος

2367 1418 2520 1488 οὗτος
2551 1425 2646 1478 καὶ
2693 1426 2938 1494 μάταιος.
2975 1423 3168 1492 Είγάρ
3212 1420 3405 1491 ἔμελλε
3456 1419 3593 1490 πρὸς
3630 1419 3730 1489 τὴν
3775 1420 3967 1472 πίστιν

2368 1507 2568 1570 66106;
2597 1506 3026 1569 ἐπισπάσασθαι,
3062 1506 3162 1558 οὐκ
3189 1504 3256 1557 ἀν
3287 1503 3645 1575 παρῃτήσατο
3690 1502 3832 1570 μετά
3862 1502 3967 1563 τὴν

2369 1591 2667 1659 ἀνάστασιν
2697 1590 2934 1659 φανῆναι
2973 1591 3177 1644 πᾶσιν·
3209 1589 3292 1642 ὅτι
3338 1588 3397 1640 δέ
3448 1588 3547 1639 οὐκ
3584 1585 3812 1655 ἔμελλεν
3862 1587 3967 1640 66-

2365 1673 2493 1736 106;
2524 1648 2934 1726 ἐπισπάσασθαι
2969 1672 3162 1739 φανεὶς
3188 1671 3372 1733 αὐτοῖς
3423 1669 3563 1739 μετά
3588 1648 3688 1738 τήν
3724 1668 3970 1722 ἀνάσταο

2370 1773 2475 1820 σιν,
2510 1756 2750 1809 δείκνυσι
2777 1755 2865 1808 διὰ
2904 1753 3000 1807 τοῦ
3029 1753 3304 1825 Λαζάρου.
3335 1752 3537 1805 Τοῦτον
3589 1752 3698 1821 γάρ
3721 1754 3965 1820 τετραήο

2372 1856 2537 1910 μερον
2560 1838 2752 1909 νεκρὸν
2798 1838 3110 1907 ἀναστήσας
3136 1876 3151 1901 ,
3180 1835 3415 1889 ὀδωδότα
3433 1876 3447 1900 ,
3476 1834 3799 1905 διεφθορότα
3818 1873 3834 1895 .
3868 1835 3969 1888 καὶ

2371 1920 2512 1987 μετά
2542 1921 2652 1973 τῶν
2688 1921 2913 1991 κειριῶν
2941 1919 3223 1990 δεδεμένον
3265 1919 3497 1987 ποιήσας
3532 1917 3696 1969 αὑτὸν
3721 1916 3969 1982 ἐξελθεῖν

2370 2003 2475 2055 ὑπὸ
2506 2003 2603 2066 τὰς
2648 2003 2903 2056 ἁπάντων
2936 2002 3090 2070 ὄψεις
3114 2042 3129 2064 ,
3160 2000 3223 2053 06
3261 2000 3423 2070 μόνον
3462 1998 3564 2053 οὐκ
3606 2000 3969 2053 ἐπεσπάσατο

2370 2085 2507 2154 πρὸς
2533 2086 2632 2153 τὴν
2678 2086 2862 2137 πίστιν
2893 2084 3126 2148 αὐτοὺς,
3154 2083 3293 2136 ἀλλά
3341 2083 3435 2136 καὶ
3480 2081 3828 2151 παρώξυνεν·
3876 2080 3971 2134 ἐλ-

2371 2167 2553 2229 θόντες
2582 2166 2690 2237 γάρ
2706 2166 3086 2237 ἠϐουλήθησαν
3118 2166 3213 2219 καὶ
3240 2163 3404 2217 αὑτὸν
3427 2163 3637 2217 ἀνελεῖν
3656 2161 3746 2215 ὀιά
3778 2162 3965 2218 τοῦτο.

2370 2250 2431 2301 Εἰ
2460 2244 2552 2303 οῦν
2583 2250 2770 2319 ἕτερον
2814 2249 3077 2320 ἀνέστησε
3110 2249 3205 2301 καὶ
3238 2249 3341 2300 οὐκ
3365 2246 3698 2298 ἐπίστευσαν
3720 2286 3735 2307 ,
3766 2243 3969 2298 ἐαυτὸν

2369 2332 2682 2401 ἀναστήσας
2708 2332 2756 2384 εἰ
2786 2330 2986 2395 ἔδειξεν
3012 2329 3229 2393 ἑαυτὸν,
3257 2329 3358 2382 οὐκ
3383 2328 3449 2380 ἀν
3482 2326 3644 2379 πάλιν
3669 2326 3969 2397 ἐμάνησαν

2369 2417 2490 2468 κατ’
2524 2414 2725 2478 66105;
2757 2415 2820 2467 Εἰ
2854 2416 2949 2467 καὶ
2982 2413 3147 2483 μηδὲν
3169 2410 3397 2481 ἔμελλον
3420 2409 3627 2475 ἀνύειν,
3664 2407 3780 2462 ἀλλ’
3808 2410 3967 2478 ὅμως

2368 2496 2456 2550 6:6
2486 2498 2584 2567 τῆς
2599 2497 2999 2567 ἐπιχειρήσεως
3028 2495 3251 2565 ἔμελλον
3283 2493 3521 2546 ἀσεϐεῖν.

2444 2588 2607 2640 ’Ὥστε
2640 2585 2961 2657 βουλόμενος
3005 2586 3203 2648 αὐτοὺς
3258 2584 3564 2648 ἀπαλλάξαι
3623 2583 3823 2654 μανίας
3871 2601 3970 2640 περ

2373 2677 2593 2747 ριττῆς,
2648 2676 2885 2746 ἔκρυψεν
2934 2674 3159 2728 ἐαυτόν·
3213 2673 3413 2743 μᾶλλον
3445 2674 3556 2745 γάρ
3589 2674 3657 2728 ἂν
3702 2675 3970 2745 ἐποίησεν

2368 2764 2701 2827 ὑπευθύνους
2726 2764 2968 2824 κολάσει,
3010 2764 3058 2816 εί
3085 2764 3222 2834 μετά
3246 2765 3338 2817 τὸν
3374 2764 3609 2836 σταυρὸν
3638 2765 3833 2835 ἐφάνη,
3860 2763 3972 2819 Διά

2366 2855 2527 2909 τοῦτο
2573 2856 2885 2925 φειδόμενος
2912 2855 3093 2909 αὐτῶν
3124 2854 3329 2926 ἔκρυψε
3385 2855 3484 2926 μὲν
3509 2856 3700 2910 ἑαυτὸν
3750 2857 3815 2909 ἐκ
3855 2855 3968 2928 τῆς

2370 2948 2595 2999 ἐκείνων
2622 2946 2802 3014 ὄψεως
2828 2964 2841 2975 ·
2874 2945 3040 3011 ἔδειξε
3073 2946 3130 2997 δὲ
3160 2945 3249 2998 διὰ
3280 2946 3377 3016 τῆς
3399 2946 3511 2999 τῶν
3540 2946 3780 3016 σημείων
3820 2946 3968 3000 ἀπο·

2370 3035 2606 3103 δείξεως.
2644 3036 2748 3088 Τοῦ
2780 3035 2889 3107 γάρ
2924 3036 3053 3088 ίδεῖν
3077 3035 3240 3088 αὑτὸν
3260 3038 3574 3090 ἀναστάντα
3613 3038 3715 3090 ούκ
3740 3038 3970 3090 ἐλαττον

2371 3124 2438 3197 ἦν
2462 3126 2693 3180 ἀκοῦσαι
2716 3126 2921 3195 Πέτρου
2942 3124 3194 3194 λέγοντος
3211 3142 3223 3155 σ
3265 3127 3369 3179 Ἐν
3396 3125 3476 3191 τῷ
3505 3128 3748 3198 ὀνόματι
3765 3128 3971 3195 Ἰησοῦ

2373 3217 2628 3287 Χριστοῦ
2664 3220 2881 3285 ἕγειραι
2910 3217 3010 3271 καί
3050 3215 3377 3285 περιπάτει.
3412 3219 3522 3272 K61
3550 3220 3631 3273 ὅτι
3654 3220 3813 3274 τοῦτο
3839 3221 3975 3275 6V6-

2375 3309 2619 3371 στάσεως
2663 3308 2894 3377 μεγίστη
2940 3306 3215 3371 ἀπόδειξις
3239 3347 3254 3373 ,
3286 3307 3380 3361 καὶ
3416 3307 3782 3379 εὐκολώτερον
3824 3308 3974 3381 πρὸς

2374 3403 2557 3455 πίστιν
2590 3400 2623 3469 ἢ
2680 3402 2858 3454 ἐκεῖνο
2890 3398 2950 3452 16
2994 3400 3295 3471 πρότερον,
3360 3399 3456 3452 καὶ
3496 3400 3700 3469 μᾶλλον
3732 3402 3975 3469 ἠδύνατο

2375 3497 2560 3547 πεῖσαι
2596 3492 2694 3554 16;
2725 3491 2960 3555 διανοίας
2987 3492 3097 3545 τῶν
3148 3492 3455 3564 ἀνθρώπων
3489 3492 3552 3545 16
3580 3497 3784 3563 σημεῖα
3831 3493 3973 3562 φαί-

2375 3584 2562 3637 νεσθαι
2590 3584 2647 3636 ἐν
2673 3582 2751 3653 τῷ
2779 3582 3005 3653 ὀνόματι
3035 3582 3202 3636 66105
3231 3584 3516 3655 γινόμενα.
3550 3583 3583 3654 ἦ
3616 3584 3678 3637 16
3707 3583 3834 3637 ἰδεῖν
3858 3586 3971 3639 66-

2374 3674 2466 3728 16v
2514 3673 2821 3729 ἀναστάντα
2846 3714 2859 3737 ,
2911 3672 3070 3742 δῆλον
3117 3676 3347 3728 ἐκεῖθεν.
3384 3674 3607 3743 Ἀνέστη
3640 3674 3734 3728 καὶ
3760 3673 3977 3741 ἔδειξεν

2375 3768 2564 3821 ἑαυτὸν
2596 3768 2708 3828 τοῖς
2741 3767 3010 3837 μαθηταῖς
3047 3766 3075 3817 6
3112 3765 3344 3836 Χριστός
3367 3780 3380 3796 ⁸
3416 3764 3531 3818 ἀλλ’
3563 3765 3714 3835 ὅμως
3760 3764 3971 3838 εὑρέθη

2374 3876 2458 3921 τις
2492 3856 2737 3910 ἀπιστῶν
2772 3857 2865 3910 καὶ
2917 3859 2975 3909 ἐν
2999 3858 3229 3921 ἐκείνοις
3253 3856 3456 3924 Θωμᾶς
3486 3858 3515 3909 ὀ
3546 3856 3838 3925 λεγόμενος
3866 3857 3973 3910 Δί-

2375 3946 2434 3999 δυ
2443 3961 2540 4017 μσς
2555 3988 2568 4011 ,
2594 3947 2688 3999 καὶ
2712 3945 2905 4017 ἐδεήθη
2930 3944 3026 3999 τοῦ
3043 3946 3138 4009 τὰς
3164 3948 3352 4015 χεῖρας
3377 3947 3706 4012 εἰσενεγκεῖν
3729 3946 3810 4006 τίς
3831 3946 3974 4011 τοὺς

2376 4036 2579 4100 τύπους
2610 4036 2719 4090 τῶν
2746 4036 2893 4106 ἥλων
2913 4053 2926 4066 ·
2961 4036 3155 4107 ἐδεήθη
3181 4037 3237 4089 δέ
3272 4036 3365 4089 καὶ
3393 4036 3494 4106 τὴν
3522 4035 3764 4107 πλευρὰν
3792 4036 3970 4089 66105

2378 4128 2735 4199 καταμαθεῖν.
2768 4128 2831 4181 El
2880 4127 2937 4181 δὲ
2974 4128 3003 4181 ὀ
3057 4126 3303 4197 μαθητὴς
3338 4130 3543 4181 ἐκεῖνος
3589 4130 3618 4181 6
3654 4130 3801 4198 τρεῖς
3834 4129 3975 4199 χρό-

2378 4238 2499 4283 νους
2531 4220 2817 4291 διατρίψας
2864 4219 2984 4289 μετ’
3021 4218 3186 4271 αὐτοῦ
3207 4258 3223 4283 ,
3249 4220 3278 4271 ὀ
3309 4218 3588 4288 τραπέζης
3623 4219 3973 4287 Δεσποτικῆς

2379 4309 2744 4377 κοινωνήσας,
2800 4308 2828 4359 ὀ
2869 4309 3070 4377 σημεῖα
3101 4306 3193 4359 x61
3233 4308 3436 4376 τέρατα
3486 4305 3819 4375 θεασάμενος
3864 4306 3973 4375 μέ-

2378 4414 2541 4466 γιστα
2564 4435 2579 4457 .
2610 4399 2639 4449 ὀ
2674 4397 2935 4466 ῥημάτων
2966 4396 3312 4449 Δεσποτικῶν
3362 4394 3647 4466 μετασχὼν
3670 4434 3685 4461 ,
3715 4397 3810 4448 καὶ
3836 4395 3972 4449 ἰδὼν

2377 4489 2540 4543 αὑτὸν
2573 4487 2881 4541 ἀναστάντα
2904 4524 2920 4549 ,
2947 4489 3009 4540 06
3038 4487 3301 4561 πρότερον
3331 4488 3653 4541 ἐπίστευσεν
3671 4528 3685 4552 ,
3732 4487 3839 4551 ἕως
3871 4488 3968 4542 ὅτε

2377 4580 2504 4643 τοὺς
2530 4578 2863 4642 τύπουςτῶν
2888 4578 3034 4649 ἥλων
3063 4580 3156 4631 καὶ
3182 4580 3280 4649 τῆς
3314 4580 3515 4651 λόγχης
3565 4580 3635 4633 τά
3670 4581 3969 4650 τραύματα

2380 4666 2488 4725 εἶδε
2512 4684 2526 4698 ’
2557 4670 2676 4732 πῶς
2708 4672 2742 4740 ή
2764 4669 3058 4740 οἰκουμένη
3091 4670 3370 4723 πιστεύειν
3393 4671 3620 4739 ἔμελλεν
3639 4712 3654 4737 ,
3692 4670 3813 4724 εῖπέ
3848 4689 3966 4742 μοι,

2381 4762 2431 4815 εί
2456 4755 2597 4814 εἶδεν
2624 4760 2787 4815 αὐτὸν
2823 4759 2938 4832 [9|]
2965 4759 3275 4814 ἀναστάντα
3298 4778 3312 4827 ;
3342 4761 3453 4814 K61
3470 4762 3556 4823 τίς
3590 4760 3657 4814 ἃν
3681 4759 3854 4813 ταῦτα
3880 4760 3967 4812 εἴθ

2380 4869 2507 4920 ποις
2536 4852 2650 4905 Οὐκ
2695 4851 2946 4905 ἐντεῦθεν
2974 4850 3033 4904 δὲ
3065 4850 3243 4920 μόνον,
3283 4851 3420 4905 ἀλλά
3448 4852 3543 4905 καὶ
3562 4850 3828 4923 ἑτέρωθεν
3854 4850 3964 4904 δεί-

2381 4938 2541 5010 ξομεν
2563 4979 2579 5003 ,
2621 4940 2703 4991 ὅτι
2744 4938 2945 5008 μᾶλλον
2983 4938 3167 4991 ἔπειθε
3193 4940 3263 4992 16
3306 4942 3508 5010 σημεῖα
3536 4939 3630 4993 τοῦ
3662 4932 3967 4995 θεάσασθαι

2378 5032 2498 5085 κατ’
2522 5030 2643 5100 ὅφιν
2690 5030 3019 5084 ἀναστάντα.
3067 5029 3420 5093 Ἀκούσαντες
3464 5031 3571 5102 γὰρ
3597 5031 3645 5082 οί
3691 5030 3835 5101 ὄχλοι
3863 5031 3965 5084 τοῦ

2377 5122 2585 5194 Πέτρου
2636 5122 2716 5193 τῷ
2768 5123 2927 5194 χωλῷ
2979 5124 3253 5193 λέγοντος,
3329 5124 3424 5176 Ἐν
3479 5125 3724 5193 ὀνόματι
3763 5123 3965 5192 Ἰησοῦ

2376 5214 2633 5283 Χριστοῦ
2665 5217 2883 5285 Ere/pa:
2907 5217 3005 5270 καί
3036 5216 3361 5285 περιπάτει,
3392 5216 3679 5287 τρισχίλιοι
3710 5215 3965 5268 ἐπίστευ-

2380 5323 2480 5359 σαν
2513 5308 2607 5360 καὶ
2642 5308 3064 5379 πεντακισχίλιοι
3091 5309 3169 5379 τῷ
3192 5308 3413 5380 Χριστῷ
3439 5310 3633 5379 ἄνδρες
3653 5326 3666 5339 ’
3694 5310 3725 5361 ὀ
3760 5307 3818 5361 δὲ
3851 5325 3953 5379 μα-

2376 5397 2546 5469 θητὴς
2577 5398 2699 5452 ίὸὼν
2726 5400 3035 5454 ἀναστάντα
3072 5401 3396 5471 ἠπίστησεν.
3444 5401 3609 5470 Ὁρᾷς
3640 5400 3759 5462 πῶς
3799 5398 3962 5454 τοῦτο

2374 5485 2740 5559 εὐκολώτερον
2796 5490 2997 5559 μᾶλλον
3029 5491 3162 5563 πρὸς
3193 5491 3292 5563 τὴν
3344 5491 3447 5559 τῆς
3494 5490 3843 5553 ἀναστάσεως
3870 5490 3961 5543 πί-

2377 5596 2527 5643 στιν;
2571 5580 2775 5633 Ἐκεῖνο
2809 5582 2908 5651 μὲν
2945 5583 3054 5656 γάρ
3083 5584 3177 5639 καὶ
3225 5585 3253 5637 ὁ
3308 5586 3506 5647 οίκεὶος
3555 5580 3804 5655 μαθητὴς
3834 5582 3964 5637 ἰδὼν

2374 5672 2670 5742 ἡπίστησε·
2701 5672 2871 5729 ταῦτα
2918 5675 2974 5731 δὲ
3024 5676 3116 5732 καὶ
3165 5676 3214 5730 01
3262 5675 3446 5747 ἐχθροὶ
3485 5674 3808 5744 θεασάμενοι
3837 5672 3962 5729 ἐπί·
