4212 6290
316 414 351 467 5

252 414 351 469 105
929 414 1074 448 nun
1114 414 1178 446 In
1220 414 1510 444 rnuxun.
1552 414 1759 446 ηυιη,
1798 414 1844 435 υ

251 532 332 569 vos
353 520 525 566 autem
556 506 940 581 baptizabimini
964 505 1164 575 Spiritu
1200 511 1375 556 sancto
1400 515 1502 553 non
1528 504 1640 562 post
1671 495 1857 549 multos

252 607 341 659 ltos
368 604 474 657 dies
505 602 647 675 (Act.
671 602 726 656 l.
744 602 798 655 4.
822 599 902 670 5).
931 597 1058 653 llaec
1086 604 1264 648 autem
1300 592 1351 647 in
1372 590 1563 645 diebus
1589 586 1695 641 illis
1720 601 1857 656 qua-

252 695 495 767 draginta
514 709 547 748 a
563 691 848 749 Salvatore
872 696 1000 744 sunt
1014 686 1176 741 dicta.
1197 683 1363 754 Igitur
1376 682 1462 745 qui
1489 683 1823 733 conuenerant
1836 714 1855 744 ,

250 784 634 864 interrogabant
662 798 779 837 eum
807 783 1025 836 dicentes
1056 794 1074 833 :
1101 776 1339 838 Domine,
1368 773 1484 827 siin
1512 781 1735 864 tempore
1762 768 1857 821 hoc

249 860 484 930 restitues
507 889 722 944 regnum
753 869 922 926 Israel
949 870 975 923 7
998 867 1145 922 Dixit
1175 874 1343 919 autent
1371 864 1443 918 eis
1464 902 1479 925 .
1518 860 1639 915 Non
1668 869 1740 913 est
1766 875 1854 912 ve-

246 978 411 1020 strum
434 980 583 1019 nosse
602 974 831 1034 tempora
854 959 930 1015 vei
948 966 1199 1013 momenta
1219 996 1237 1019 ,
1278 968 1391 1026 quae
1419 952 1577 1007 Pater
1608 951 1775 1020 posuit
1800 949 1855 1003 in

244 1072 347 1108 sua
398 1062 688 1124 potestate;
736 1050 825 1104 sed
875 1047 1132 1117 accipietis
1178 1045 1413 1098 uirtutem
1459 1039 1856 1110 superrenientis

248 1142 483 1212 Spiritus
504 1143 664 1197 sancti
694 1141 749 1194 in
772 1154 860 1193 vos
878 1178 894 1203 ,
918 1146 965 1191 et
991 1137 1129 1190 eritis
1158 1133 1282 1187 mihi
1303 1141 1450 1186 testes
1473 1132 1526 1184 in
1541 1128 1849 1193 Jerusalem,

244 1213 296 1287 et
340 1234 397 1288 in
437 1234 577 1289 omni
614 1231 804 1285 Judsea
846 1237 892 1282 et
942 1226 1219 1291 Samaria,
1245 1233 1293 1277 et
1326 1237 1482 1289 usque
1523 1220 1591 1273 ad
1621 1219 1855 1273 ultimum

245 1336 421 1380 terre.
455 1323 523 1377 Et
549 1339 664 1377 cum
704 1322 811 1375 hac
839 1320 1085 1379 dixisset,
1130 1312 1413 1368 uidentibus
1453 1310 1590 1374 illis,
1635 1309 1855 1363 elevatus

228 1426 322 1471 'est
340 1458 357 1482 ,
385 1425 434 1470 et
460 1416 614 1467 nubes
642 1412 862 1478 suscepit
892 1426 1007 1462 eum
1032 1408 1094 1460 ab
1112 1406 1270 1460 oculis
1292 1419 1468 1457 eorum
1501 1400 1607 1470 (1b.
1636 1417 1683 1453 υ.
1702 1399 1851 1469 6-9).

248 1506 455 1570 Vides,
512 1521 619 1575 quo
674 1512 829 1573 pacto
866 1510 1072 1555 etcum
1103 1496 1234 1567 ipsis
1269 1494 1620 1565 quadraginta
1664 1492 1853 1547 diebus

245 1606 502 1651 versatus
546 1594 709 1648 fuerit
751 1592 1001 1646 Christus
1050 1590 1103 1641 in
1152 1584 1342 1651 terris,
1392 1592 1447 1638 et
1474 1592 1596 1653 post
1623 1583 1857 1653 quadra-

244 1688 399 1757 ginta
423 1686 641 1740 demum
674 1682 792 1737 dies
818 1672 1131 1748 assumptus
1160 1676 1403 1749 ineczelos
1431 1673 1626 1739 fuerit;
1654 1674 1750 1729 sed
1773 1674 1853 1728 vi-

244 1778 479 1833 deamus
504 1793 571 1830 an
599 1778 652 1830 in
678 1776 1000 1829 Pentecoste
1049 1772 1246 1847 missus
1275 1766 1443 1823 fuerit
1467 1767 1698 1837 Spiritus
1723 1782 1853 1821 san-

245 1850 393 1925 ctus.
440 1868 509 1924 Et
547 1885 663 1922 cum
709 1866 1084 1933 compleretur,
1110 1861 1318 1931 inquit,
1352 1860 1460 1914 dies
1490 1858 1810 1913 Pentecostes
1834 1897 1849 1921 ,

247 1965 422 2033 {actus
449 1970 523 2014 est
560 1970 764 2030 repente
789 1959 853 2011 de
890 1957 1017 2011 ccio
1044 1971 1197 2008 sonus
1239 1963 1497 2024 tamquam
1539 1952 1853 2008 advenientis

246 2054 462 2123 spiritus
490 2052 791 2106 vehementis
818 2090 831 2115 ,
873 2059 920 2103 et
942 2056 1294 2119 apparuerunt
1314 2045 1419 2100 illis
1444 2044 1724 2115 dispertita:
1753 2046 1853 2097 tin-

244 2160 370 2216 gat:
412 2154 669 2214 tamquam
714 2142 848 2212 ignis
870 2182 886 2207 ,
930 2141 1156 2210 seditque
1201 2154 1359 2208 supra
1404 2138 1635 2208 singulos
1676 2153 1852 2190 eorum

246 2234 359 2306 (ιι.
384 2234 438 2289 Ξ.
460 2235 486 2289 1
517 2264 543 2276 -
568 2234 602 2289 3
622 2230 663 2306 ).
701 2232 912 2287 Videtis
932 2240 1173 2285 exactam
1187 2228 1701 2283 demonstrationem
1719 2227 1854 2280 alla-

249 2338 384 2389 tam,
411 2336 465 2380 ut
486 2322 698 2380 constet
722 2323 1071 2394 quadraginta
1096 2321 1286 2375 diebus
1314 2319 1367 2372 in
1399 2318 1556 2373 terris
1581 2318 1852 2373 Christum

245 2430 377 2470 βεδε
404 2423 708 2476 versatum,
757 2428 859 2466 nec
904 2413 1073 2465 ullum
1116 2410 1183 2464 ab
1226 2409 1484 2478 apostolis
1530 2408 1852 2463 miraculum

243 2504 373 2561 es’se
398 2502 703 2575 patratum?
731 2502 1014 2569 Quomodo
1039 2503 1189 2556 enim
1214 2500 1471 2555 miracula
1513 2508 1726 2569 patrare
1752 2516 1852 2570 po-

246 2598 512 2661 tuissent,
554 2610 677 2649 cum
707 2593 937 2649 necdum
963 2594 1137 2648 sancti
1165 2606 1230 2647 ac
1251 2590 1446 2646 viviﬁci
1476 2591 1708 2662 Spiritus
1728 2608 1853 2663 gra-

244 2694 383 2745 tiam
408 2690 751 2758 accepissent
780 2690 804 2741 τ

320 2781 496 2835 Lectio
525 2778 808 2849 Scriptum
841 2779 893 2830 in
923 2777 1060 2847 {estis
1082 2776 1367 2854 distributa.
1398 2774 1503 2831 Cur
1525 2786 1637 2849 post
1662 2776 1855 2831 Resur-

240 2871 523 2924 rectionem
553 2868 755 2922 luditis
792 2885 895 2921 non
937 2868 1234 2938 apparth
1260 2867 1516 2921 Christus.
1546 2896 1620 2907 —-
1649 2867 1854 2935 Videtis

249 2970 377 3030 post
395 2960 751 3030 quadraginta
773 2959 891 3015 dies
904 2958 1089 3013 Jesum
1115 2969 1451 3028 assumptum
1472 2959 1526 3012 in
1545 2960 1707 3014 caelos
1720 2960 1853 3013 fuis-

245 3051 354 3103 se?
381 3048 586 3104 Videtis
615 3065 804 3103 rursus
831 3057 952 3119 post
981 3048 1167 3103 decem
1190 3047 1307 3103 dies
1328 3048 1397 3103 ab
1422 3049 1682 3118 apostolis
1711 3050 1853 3104 edita

242 3155 376 3196 esse
405 3140 661 3193 miracula
687 3139 711 3193 τ
737 3139 871 3193 Cum
901 3140 1045 3194 enim
1072 3138 1438 3208 compleretur
1484 3138 1601 3194 dies
1656 3140 1853 3194 Pente-

242 3240 464 3297 costes,
516 3231 786 3301 demissus
830 3241 917 3288 est
963 3232 1195 3303 Spiritus
1242 3243 1463 3288 sanctus
1509 3234 1661 3288 :hoc
1695 3235 1856 3303 igitur

245 3321 600 3392 querendum
631 3331 830 3389 restat,
860 3338 964 3394 qua
1004 3323 1074 3377 de
1103 3336 1264 3377 causa
1296 3322 1350 3377 in
1378 3322 1697 3379 Pentecoste
1722 3327 1852 3378 Acta

248 3414 499 3484 legantur
523 3415 924 3482 Apostolorum.
955 3413 1011 3468 Si
1042 3415 1184 3468 enim
1207 3424 1317 3468 tum
1347 3415 1497 3489 signa
1539 3414 1719 3469 facere
1743 3431 1854 3471 cm-

252 3490 451 3576 perunt
470 3508 698 3575 apostoli
719 3548 735 3574 ,
767 3507 869 3561 hoc
888 3516 972 3561 est
998 3516 1119 3576 post
1140 3506 1350 3561 Domini
1378 3509 1852 3574 resurrectionem,

250 3606 369 3649 tum
400 3596 563 3650 etiam
595 3598 736 3650 hunc
788 3596 891 3665 legi
929 3596 1122 3649 librum
1150 3596 1451 3664 oportebat.
1504 3595 1637 3650 Nam
1667 3612 1855 3666 quem-

250 3687 629 3744 admodumea
650 3704 770 3759 quas
817 3689 884 3743 ad
911 3703 1124 3743 crucem
1162 3690 1460 3758 pertinent,
1489 3690 1541 3743 in
1582 3690 1672 3744 die
1720 3690 1855 3759 legi-

255 3797 379 3836 mus
399 3780 598 3844 erucis,
617 3791 672 3835 et
692 3780 745 3834 in
765 3781 1159 3835 resurrectione
1182 3781 1310 3834 item
1328 3821 1344 3846 ,
1377 3789 1431 3834 et
1458 3782 1509 3834 in
1536 3782 1761 3852 singulis
1782 3784 1858 3835 fe-

252 3874 351 3927 stis
371 3912 387 3936 ,
410 3887 531 3942 quae
553 3871 607 3925 in
639 3870 862 3940 singulis
886 3870 1230 3933 acciderunt,
1269 3870 1461 3924 iterum
1486 3871 1749 3940 legimus:
1778 3872 1857 3926 sic

250 3974 307 4019 et
326 3962 584 4017 miracula
606 3962 843 4032 oportuit
865 3960 1161 4031 apostolica
1183 3961 1234 4014 in
1249 3961 1666 4030 apostolicorum
1691 3961 1856 4016 mira-

251 4055 498 4109 culorum
526 4052 717 4106 diebus
738 4052 862 4121 legi.
1310 4070 1327 4100 ι

325 4144 383 4199 6.
421 4142 531 4197 Cur
552 4144 712 4213 igitur
733 4158 841 4197 non
865 4142 952 4196 illa
987 4149 1098 4197 tum
1121 4141 1363 4212 legamus
1384 4182 1399 4208 ,
1418 4140 1513 4197 sed
1535 4142 1713 4196 statim
1738 4152 1859 4212 post

254 4221 475 4291 crucem
496 4276 513 4302 ,
542 4245 598 4290 et
618 4235 1069 4289 resurrectionem
1092 4276 1107 4302 ,
1136 4249 1353 4289 causam
1379 4249 1595 4289 omnem
1626 4234 1857 4304 diligen-

256 4337 341 4384 ter
379 4327 663 4383 attendite.
712 4328 907 4382 Statim
956 4336 1076 4397 post
1120 4342 1372 4391 crucem,
1403 4328 1856 4383 resurrectionem

254 4420 456 4475 Christi
478 4420 891 4474 annuntiamus:
918 4434 1078 4489 porro
1097 4419 1487 4475 demonstratio
1509 4421 1862 4475 resurrectio-

257 4511 343 4567 nis
369 4513 626 4566 miracula
648 4520 775 4566 sunt
799 4511 1091 4579 apostolica
1122 4528 1134 4564 :
1179 4511 1326 4581 atqui
1360 4513 1490 4567 nihil
1520 4512 1663 4566 aliud
1693 4522 1777 4567 est
1798 4513 1862 4566 li-

258 4604 356 4658 ber
382 4602 521 4668 iste,
561 4617 721 4672 quam
768 4603 1183 4671 apostolicorum
1231 4602 1413 4658 schola
1456 4604 1858 4659 miraculorum.

255 4694 413 4763 Quod
456 4695 617 4765 igitur
666 4694 951 4751 dominicae
999 4694 1410 4751 resurrectionis
1439 4697 1671 4752 maxime
1698 4696 1859 4751 [idem

258 4786 419 4851 facit,
451 4785 555 4840 hoc
576 4786 759 4841 statim
790 4794 911 4857 post
935 4802 1149 4841 crucem
1177 4795 1232 4841 et
1269 4786 1394 4842 vitae
1420 4788 1744 4857 largitricem
1776 4804 1862 4844 re-

259 4877 657 4931 surrectionem
690 4860 887 4946 patres.
912 4876 1017 4946 legi
1043 4886 1365 4933 statuerunt.
1399 4878 1547 4932 Hanc
1586 4875 1747 4948 igitur
1792 4880 1862 4934 ob

257 4982 478 5023 causam
506 5007 521 5032 .
564 4967 936 5032 dileCtisaimi,
994 4969 1170 5022 statim
1234 4977 1359 5038 post
1397 4983 1613 5023 crucem
1666 4983 1730 5023 ac
1778 4985 1862 5025 rev

256 5060 653 5116 surrectiouem
679 5061 930 5115 miracula
958 5061 1185 5132 legimus
1222 5061 1626 5130 apostolorum,
1659 5071 1717 5115 ut
1743 5076 1861 5116 ma-

260 5153 513 5208 nifestam
543 5162 599 5207 et
650 5145 1001 5207 indubitatam
1041 5154 1455 5209 resurrectionis
1485 5154 1861 5223 probationem

262 5243 577 5298 habeamus.
610 5243 912 5297 Excitatum
944 5244 1090 5298 illum
1117 5259 1147 5297 a
1176 5243 1403 5298 mortuis
1432 5244 1709 5314 corporeis
1733 5260 1863 5299 ocu-

261 5334 326 5389 lis
352 5350 461 5388 non
487 5332 704 5399 vidisti,
737 5333 833 5388 sed
852 5335 1021 5388 oculis
1043 5334 1165 5389 fidei
1196 5336 1376 5389 cernis
1397 5334 1545 5389 illum
1576 5350 1604 5388 a
1633 5338 1863 5391 mortuis

258 5427 580 5482 excitatum.
600 5424 717 5480 Non
736 5425 914 5481 vidisti
944 5427 1092 5483 illum
1120 5426 1204 5481 bis
1226 5426 1399 5481 oculis
1420 5442 1448 5479 a
1471 5426 1696 5481 mortuis
1723 5432 1863 5481 excl-

259 5529 429 5574 tatum
450 5560 465 5585 ,
494 5528 549 5572 at
575 5533 671 5589 per
699 5519 788 5573 illa
808 5519 1063 5573 miracula
1088 5520 1381 5574 excitatum
1403 5519 1549 5573 illum
1575 5534 1605 5573 a
1633 5520 1862 5575 mortuis

258 5611 561 5667 intuebcre.
601 5610 684 5665 Ad
708 5610 856 5666 illum
884 5611 1026 5666 enim
1060 5610 1179 5665 fidei
1210 5620 1554 5681 conspectum
1585 5611 1858 5681 signorum

256 5704 516 5760 exbibitio
545 5712 597 5760 te
616 5705 853 5761 deducit.
885 5705 1070 5776 itaque
1092 5706 1261 5760 multo
1282 5709 1453 5775 major
1477 5716 1530 5760 et
1558 5705 1859 5761 evidentior

255 5794 347 5851 illa
378 5792 913 5863 fuitdemonstratio,
942 5796 1083 5867 quod
1107 5797 1159 5851 in
1192 5796 1309 5867 ejus
1341 5796 1556 5852 nomine
1580 5797 1727 5867 signa
1754 5796 1851 5851 lie-

929 390 1074 448 CUR
1113 389 1180 446 IN
1219 374 1510 444 PENTEC.
1552 379 1759 446 ACTA,
1797 376 1953 435 ETC.
1989 376 2063 434 lN
2100 376 2392 435 PRINCIP.
2435 376 2783 434 ACTORUM.
2829 378 2918 457 ιγ.

3463 380 3569 440 Ιυϐ

1964 501 2120 557 rent,
2151 507 2310 562 quam
2338 490 2481 563 quod
2508 492 2774 548 excitatus
2803 486 2893 548 ille
2921 507 2951 547 a
2980 493 3207 549 mortuis
3254 506 3562 565 a,~pareret.

1965 582 2131 639 Visne
2157 583 2457 653 intelligere
2476 624 2490 648 ,
2519 597 2629 653 quo
2658 593 2813 653 pacto
2851 583 3112 653 majorem
3143 586 3563 643 resurrectionis

1965 672 2105 729 istud
2136 674 2294 730 (idem
2336 673 2524 739 faciat,
2554 690 2713 745 quam
2744 674 2791 728 si
2819 675 3058 728 omnium
3090 673 3366 730 hominum
3392 680 3568 733 oculis

1962 778 2085 820 sese
2132 764 2447 821 intuendum
2488 764 2774 820 obtulisset
2797 764 3155 821 iPrudenter
3181 768 3442 824 attendite
3474 784 3488 821 :
3519 769 3565 824 si

1962 854 2185 925 quidem
2216 855 2370 911 multi
2393 855 2952 926 quterunt,etdicunt
2982 874 2997 910 :
3025 857 3196 925 Quam
3226 859 3298 913 ob
3319 874 3563 926 causam,

1961 961 2085 1002 cum
2116 948 2503 1003 resurrexisset
2523 990 2535 1011 ,
2570 962 2679 1002 non
2708 948 2890 1003 statim
2930 947 3135 1005 ludatis
3158 952 3449 1021 apparuit?
3469 967 3563 1005 ve-

1962 1055 2084 1093 rum
2114 1053 2549 1109 supervacaneus
2577 1048 2630 1095 et
2670 1054 2841 1095 vanus
2866 1051 2949 1096 est
2975 1042 3077 1096 iste
3101 1056 3305 1099 sermo.
3335 1042 3392 1099 Si
3420 1044 3562 1102 enim

1960 1129 2027 1184 ad
2060 1129 2219 1185 fidem
2245 1130 2366 1184 illos
2384 1128 2712 1199 pellecturus
2740 1130 2944 1199 fuisset,
2971 1141 3093 1203 post
3110 1135 3557 1194 resurrectionem

1960 1222 2213 1277 omnibus
2245 1237 2505 1292 apparere
2536 1240 2643 1277 non
2684 1236 2990 1279 recusasset
3022 1241 3037 1278 :
3077 1234 3333 1281 castorum
3366 1242 3567 1298 nequa-

1960 1328 2120 1384 quam
2151 1327 2245 1368 eos
2285 1328 2345 1368 se
2372 1315 2722 1383 pellecturum
2753 1316 2951 1381 fuisse,
2980 1316 3025 1371 si
3070 1327 3191 1386 post
3221 1319 3568 1375 resurrectio-

1961 1422 2085 1462 nem
2116 1407 2221 1462 illis
2248 1409 2619 1477 apparuisset,
2653 1424 2755 1479 per.
2791 1408 3053 1464 Lazarum
3100 1409 3375 1465 indicavit.
3425 1404 3563 1466 Cum

1959 1497 2102 1554 enim
2158 1497 2301 1552 hunc
2344 1499 2757 1567 quatriduanum
2805 1512 3107 1567 mortuum,
3158 1500 3473 1567 fatentem,
3512 1511 3566 1556 et

1958 1597 2270 1659 corruptum
2303 1591 2616 1645 suscitasset
2634 1630 2649 1656 ,
2691 1599 2745 1645 et
2774 1589 3045 1645 effecisset
3063 1600 3122 1644 ut
3145 1592 3339 1660 ligatus
3368 1591 3565 1645 institis

1960 1680 2014 1733 in
2037 1689 2385 1750 conspectum
2421 1682 2662 1735 omnium
2694 1682 2936 1759 prodiret
2958 1722 2975 1747 ,
3006 1697 3114 1735 non
3144 1681 3320 1736 solum
3350 1682 3469 1737 illos
3498 1682 3565 1737 ad

1962 1768 2121 1824 fidem
2148 1786 2253 1824 non
2281 1770 2519 1837 attraxit,
2540 1773 2635 1826 sed
2652 1773 2813 1826 etiam
2843 1772 3103 1827 irritavit:
3122 1775 3399 1829 venientes
3419 1775 3561 1829 enim

1960 1860 2134 1929 ipsum
2161 1861 2324 1915 etiam
2351 1862 2657 1917 interﬁcere
2676 1862 2777 1918 hac
2802 1862 2870 1918 de
2892 1878 3051 1918 causa
3073 1863 3359 1920 voluerunt
3379 1865 3563 1938 (Joan.

1960 1950 2051 2006 12.
2083 1949 2196 2022 10).
2246 1951 2302 2005 Si
2331 1968 2460 2021 ergo
2505 1967 2626 2007 cum
2656 1954 2885 2007 alterum
2912 1968 2941 2006 a
2972 1955 3199 2009 mortuis
3227 1958 3559 2026 excitasset,

1958 2054 2065 2095 non
2095 2050 2270 2096 tamen
2296 2042 2641 2098 crediderunt
2668 2061 2680 2096 :
2711 2047 2756 2097 si
2784 2045 3021 2115 seips‘um
3050 2046 3379 2104 ostendisset
3413 2065 3443 2103 a
3471 2065 3565 2104 se-

1956 2135 2187 2204 metipso
2208 2136 2544 2201 suseitatum,
2573 2151 2752 2190 nonne
2795 2137 2847 2190 in
2889 2137 3061 2207 ipsum
3111 2136 3296 2195 furore
3334 2142 3567 2198 exarsis-

1958 2226 2116 2280 sent't
2160 2226 2395 2282 Tametsi
2427 2227 2559 2281 nihil
2589 2228 2655 2282 ad
2681 2228 2931 2284 ell'ectum
2966 2232 3269 2299 perducturi
3299 2231 3561 2289 fuissent:

1960 2324 2140 2371 tamen
2168 2317 2319 2372 irrito
2349 2328 2542 2373 conatu
2568 2334 2718 2373 suam
2748 2320 3077 2389 impietatem
3105 2325 3496 2380 exercuissent.

2032 2406 2401 2463 Miraculorum
2445 2410 2518 2463 vis
2571 2411 2640 2463 ad
2666 2413 2981 2481 probandam
3008 2411 3463 2469 Resurrectionem.
3493 2446 3568 2458 —-

1959 2499 2029 2557 Ut
2059 2502 2217 2572 igitur
2243 2517 2339 2557 eos
2366 2502 2638 2571 superﬂuo
2672 2502 2855 2559 furore
2882 2505 3155 2571 liberaret,
3205 2508 3439 2577 seipsum
3468 2524 3564 2562 oc-

1958 2594 2178 2649 cultavit
2206 2614 2220 2651 :
2251 2597 2440 2665 majori
2468 2597 2610 2650 enim
2640 2597 2761 2651 illos
2790 2598 3053 2667 supplicio
3096 2597 3361 2653 obnoxios
3389 2600 3567 2655 reddi-

1958 2686 2147 2751 disset,
2175 2688 2219 2741 si
2270 2697 2390 2757 post
2426 2703 2644 2743 erucem
2697 2690 3055 2759 apparuisset.
3085 2690 3344 2755 Quocirca
3374 2701 3429 2745 ut
3462 2691 3568 2746 illis

1967 2786 2231 2845 parceret,
2259 2779 2495 2847 seipsum
2524 2779 2739 2849 quidem
2766 2781 2832 2835 ab
2866 2781 3037 2836 oculis
3060 2796 3249 2837 eorum
3271 2782 3563 2848 subtraxit,

1959 2872 2055 2927 sed
2108 2872 2267 2927 editis
2298 2882 2475 2927 tamen
2527 2872 2803 2927 miraculis
2857 2874 3093 2941 seipsum
3146 2875 3399 2929 ostendit.
3449 2875 3566 2929 Non

1959 2962 2103 3015 enim
2149 2964 2325 3015 minus
2352 2970 2506 3027 erat,
2537 2978 2699 3031 quam
2729 2965 2771 3017 si
2795 2964 3089 3018 excitatum
3117 2980 3149 3018 a
3194 2966 3421 3020 mortuis
3444 2982 3567 3021 eum

1958 3062 2263 3120 cernerent,
2290 3054 2433 3123 quod
2464 3054 2685 3109 Petrum
2726 3055 2991 3110 dicentem
3034 3057 3285 3112 audirent
3316 3075 3330 3111 :
3358 3058 3428 3112 In
3475 3076 3567 3113 na-

1962 3144 2097 3196 mine
2124 3142 2250 3197 Jesu
2298 3142 2487 3198 Christi
2525 3162 2676 3213 surge
2698 3154 2743 3198 et
2769 3145 2976 3199 ambula
3006 3147 3141 3216 (Act.
3172 3150 3225 3203 5.
3260 3150 3339 3220 6).
3387 3150 3568 3220 Atque

1962 3231 2064 3285 hoc
2089 3232 2305 3300 quidem
2354 3233 2643 3302 plurimum
2706 3234 2941 3292 valuisse
2994 3237 3060 3290 ad
3110 3241 3566 3295 resurrectionem

1960 3324 2342 3378 adstruendam
2367 3365 2382 3388 ,
2416 3334 2578 3393 atque
2627 3324 2693 3378 ad
2746 3325 2905 3404 iidem
2934 3326 3231 3382 faciendam
3267 3332 3560 3398 proclivius
3600 3385 3605 3391 .

1960 3430 2122 3485 quam
2172 3414 2303 3469 illud
2354 3416 2541 3484 prius,
2597 3416 2911 3487 faciliusque
2976 3419 3246 3474 mentibus
3292 3421 3567 3478 hominum

1963 3506 2287 3575 persuadere
2315 3497 2559 3576 potuisse
2597 3507 2851 3563 miracula
2876 3550 2890 3575 ,
2936 3526 3055 3579 quze
3108 3510 3161 3565 in
3192 3513 3308 3582 ejus
3353 3502 3573 3570 nomine

1962 3595 2103 3650 facta
2128 3597 2505 3661 cernebantur,
2536 3613 2694 3667 quam
2728 3598 2770 3652 si
2799 3614 2827 3652 a
2854 3599 3082 3654 mortuis
3106 3602 3397 3657 excitatum
3421 3605 3570 3661 illum

1961 3691 2242 3756 vidissent,
2268 3691 2392 3747 inde
2410 3693 2697 3747 constabit.
2723 3692 3057 3759 Resurrexit,
3078 3704 3133 3749 et
3148 3696 3385 3765 seipsum
3413 3695 3578 3752 discie

1963 3782 2103 3849 pulis
2132 3780 2379 3836 Christus
2404 3782 2641 3837 ostendit
2672 3800 2685 3834 :
2717 3782 2813 3838 sed
2862 3785 3115 3839 inventus
3137 3796 3221 3841 est
3262 3798 3438 3841 tamen
3468 3788 3570 3841 ali-

1962 3875 2083 3943 quis
2110 3883 2164 3928 et
2194 3874 2332 3928 inter
2353 3873 2470 3929 illos
2499 3874 2805 3929 incredulus
2849 3876 3107 3941 Thomas,
3141 3876 3232 3946 qui
3258 3876 3454 3932 dicitur
3478 3879 3569 3932 Di-

1963 3966 2175 4037 dymus,
2207 3966 2507 4042 etopusilli
2534 3965 2652 4027 fuit,
2685 3975 2743 4020 ut
2770 3967 2821 4021 in
2868 3966 3090 4037 figuram
3124 3968 3399 4022 clavorum
3452 3985 3569 4022 ma-

1966 4075 2067 4114 nus
2094 4060 2365 4114 inferret:
2407 4074 2543 4129 opus
2600 4058 2717 4125 fuit,
2762 4070 2819 4112 nt
2868 4069 2923 4113 et
2975 4060 3113 4113 latus
3160 4060 3274 4129 ejus
3332 4062 3570 4130 palparet

1966 4151 2143 4223 (1am.
2166 4150 2258 4205 20.
2280 4150 2371 4205 24.
2403 4151 2559 4221 sqq.).
2592 4150 2746 4217 Quod
2772 4150 2814 4203 si
2843 4149 3139 4220 discipulus
3190 4152 3303 4217 ille,
3334 4154 3423 4220 qui
3457 4162 3568 4207 tres

1964 4258 2085 4297 cum
2146 4242 2240 4297 illo
2296 4257 2468 4296 annos
2512 4252 2788 4311 exegerat,
2818 4242 2907 4309 qui
2968 4241 3251 4296 dominica:
3291 4245 3561 4313 particeps

1965 4349 2168 4390 mensa:
2216 4333 2421 4399 fuerat,
2472 4333 2563 4402 qui
2608 4333 2759 4402 signa
2818 4340 3175 4400 conspexerat
3225 4342 3280 4387 et
3328 4333 3570 4403 prodigia

1966 4426 2335 4494 maxima,qui
2360 4426 2666 4493 loquentem
2712 4423 2861 4477 illum
2910 4424 3209 4488 audiverat,
3258 4426 3419 4479 etiam
3446 4442 3570 4479 cum

1968 4517 2113 4571 illum
2138 4532 2165 4570 a
2200 4516 2426 4569 mortuis
2446 4517 2731 4570 excitatum
2759 4514 2983 4581 videret,
3016 4532 3120 4568 non
3144 4518 3291 4585 prius
3315 4518 3567 4583 credidit,

1966 4624 2126 4680 quam
2160 4608 2380 4676 figuram
2406 4606 2679 4661 clavorum
2700 4615 2753 4659 et
2782 4606 2981 4661 lancea!
3010 4607 3230 4660 vulnera
3252 4609 3570 4677 conspexit:
3610 4659 3614 4663 .

1967 4697 2259 4768 quomodo,
2316 4710 2522 4767 quasso,
2566 4704 2709 4749 totus
2760 4696 2908 4749 orbis
2959 4707 3222 4750 terrarum
3267 4698 3573 4754 crediturus

1967 4798 2106 4850 erat,
2162 4786 2211 4841 si
2264 4788 2553 4842 excitatum
2600 4786 2749 4840 illum
2793 4800 2823 4839 a
2877 4787 3101 4841 mortuis
3158 4790 3574 4859 conspexisset?

1969 4879 2100 4944 Quis
2131 4876 2233 4934 hoc
2276 4893 2529 4947 umquam
2568 4876 2749 4932 dicere
2779 4876 3013 4932 audeat?
3062 4877 3245 4947 Neque
3272 4896 3402 4934 vero
3446 4880 3569 4937 inde

1969 4977 2200 5033 tantum,
2229 4967 2323 5022 sed
2351 4968 2511 5022 etiam
2555 4968 2772 5022 aliunde
2805 4968 3074 5022 constabit
3100 4969 3217 5038 plus
3247 4970 3314 5023 ad
3343 4985 3569 5040 persua—

1967 5059 2204 5114 dendum
2257 5061 2407 5129 signa
2433 5060 2687 5123 valuisse,
2719 5073 2881 5129 quam
2913 5060 2957 5112 si
2985 5070 3354 5129 resurgentem
3398 5063 3571 5118 oculis

1968 5170 2027 5209 se
2055 5156 2401 5223 spectandum
2430 5152 2762 5222 praebuisset.
2796 5150 2930 5205 Cum
2957 5152 3098 5207 enim
3126 5151 3344 5207 Petrum
3371 5155 3572 5209 audiis-

1969 5253 2090 5300 sent
2112 5244 2279 5297 turbte
2303 5241 2496 5297 claudo
2518 5240 2717 5307 dicere,
2752 5239 2820 5294 In
2841 5239 3184 5297 nominalem
3208 5237 3397 5299 Christi
3418 5261 3569 5316 surge

1970 5346 2014 5391 et
2057 5334 2261 5389 ambula
2292 5334 2428 5405 (Art.
2480 5333 2535 5387 ὅ.
2586 5332 2677 5404 6),
2707 5334 2807 5386 tria
2833 5332 2999 5387 millia
3028 5340 3085 5389 et
3111 5332 3350 5403 quinque
3398 5335 3568 5392 millia

1970 5428 2204 5481 viromm
2233 5423 2445 5481 Christo
2471 5422 2817 5497 crediderunt
2849 5440 2862 5476 :
2890 5432 2945 5477 at
2971 5422 3267 5491 discipulus
3290 5440 3410 5479 cum
3449 5441 3568 5480 sus-

1968 5521 2189 5576 citatum
2218 5518 2461 5582 vidisset,
2502 5515 2812 5570 incredulus
2860 5514 2975 5569 fuit.
3020 5515 3184 5571 Vides
3208 5520 3382 5585 aptius
3402 5516 3466 5569 ad
3509 5516 3572 5570 tl-

1958 5598 2091 5666 xdem
2131 5608 2435 5665 faciendam
2462 5607 2869 5663 resurrectionis
2902 5608 3002 5662 hoc
3038 5606 3247 5664 fuisse?
3274 5608 3406 5663 Nam
3438 5608 3571 5664 illud

1969 5701 2185 5771 quidem
2209 5715 2333 5754 cum
2368 5699 2616 5770 proprius
2643 5696 2942 5766 discipulus
2967 5697 3085 5766 ejus
3112 5697 3355 5763 vidisset,
3388 5698 3568 5752 incre-

1970 5794 2130 5849 dulus
2158 5791 2292 5849 fuit:
2327 5803 2384 5847 at
2423 5791 2540 5848 haec
2589 5805 2712 5848 cum
2756 5791 2919 5847 etiam
2966 5789 3165 5847 inimici
3208 5799 3569 5861 spectassem,
