4212 6290
643 369 742 424 107

638 476 972 533 crediderunt
983 513 998 531 .
1014 475 1088 530 ita
1102 474 1270 544 majus
1286 473 1386 528 hoc
1403 471 1491 527 illo
1506 471 1994 539 fuitetevidentius,
2010 473 2229 540 plusque

637 568 839 624 adillos
867 563 1203 633 alliciendos;
1217 564 1381 621 valuit
1395 574 1556 636 atque
1583 565 1890 627 ﬂectendos,
1910 573 1966 618 ut
1995 577 2233 618 resurre-

638 663 803 716 etioni
829 659 987 715 ﬁdem
1013 659 1286 714 haberent.
1319 658 1457 725 Quid
1486 658 1606 712 dico
1629 655 1932 712 Thomam?
1958 653 2231 724 Siquidem

642 763 702 808 ut
727 753 866 808 scias
893 766 960 807 ne
987 759 1213 806 cteteros
1252 749 1470 820 quidem
1504 749 1794 819 discipulos
1838 747 2011 818 primo
2041 747 2232 801 intuitu

641 841 954 906 credidisse,
974 841 1266 912 prudenter
1292 840 1524 895 attende.
1542 839 1656 894 Noli
1687 848 1864 893 tamen
1891 838 2012 893 illos
2036 837 2234 892 conde—

643 948 851 998 mnare,
873 932 1222 989 dilectissime
1244 933 1317 999 ;si
1331 933 1470 987 enim
1491 930 1609 986 illos
1628 930 1874 984 Christus
1890 943 1996 984 non
2013 927 2236 984 damna-

646 1039 740 1092 vit,
765 1040 941 1097 neque
965 1035 1020 1080 tu
1048 1023 1167 1080 illos
1179 1023 1400 1079 damnes
1429 1020 1713 1076 :videbant
1738 1019 1880 1076 enim
1911 1034 2022 1074 rem
2043 1018 2233 1072 miram

638 1125 698 1170 et
723 1115 1737 1185 Inusitammdiseipnli,primogenitum
1765 1113 1935 1182 ipsum
1957 1126 1986 1164 a
2011 1110 2235 1166 mortuis

644 1210 932 1264 excitatum
984 1227 999 1264 :
1054 1218 1306 1278 catternm
1363 1206 1593 1260 maxima
1647 1203 1909 1273 ejusmodi
1979 1201 2234 1256 miracula

651 1303 826 1356 primo
871 1310 1161 1371 cori5peetu
1204 1309 1407 1354 terrere
1436 1306 1832 1352 consueverunt
1882 1309 2156 1364 quousque
2183 1293 2236 1348 in

651 1393 885 1450 ﬁdelium
933 1393 1198 1447 mentibus
1258 1403 1543 1460 progressu
1595 1386 1851 1457 temporis
1897 1385 2234 1440 stabilitatem

642 1485 874 1555 aliquam
919 1481 1344 1552 acquisivcrints
1379 1480 1520 1550 quod
1575 1479 1734 1534 etiam
1784 1488 1908 1531 tunc
1959 1476 2237 1546 discipulis

641 1576 841 1630 creuit.
871 1575 1152 1643 Postquam
1170 1572 1310 1626 enim
1336 1571 1598 1636 Christus,
1630 1569 1720 1640 qui
1750 1585 1779 1623 a
1800 1569 2024 1622 mortuis
2050 1582 2232 1621 resur-

647 1673 880 1727 rcxerat.
919 1665 1052 1719 dixit
1079 1663 1200 1727 illis,
1253 1660 1370 1716 Pax
1399 1661 1554 1727 vobis,
1604 1659 1920 1723 Conturbati,
1968 1659 2156 1727 inquit,
2190 1665 2238 1710 et

645 1756 902 1810 conterriti
926 1755 1277 1809 existimabant
1311 1769 1362 1806 se
1396 1752 1631 1821 spiritum
1667 1750 1853 1813 videre,
1885 1759 1929 1803 et
1965 1749 2093 1803 dixit
2132 1747 2237 1802 illis

644 1849 798 1901 Iesus
818 1862 836 1900 :
857 1845 993 1911 Quid
1015 1842 1201 1897 turbati
1226 1843 1341 1897 estis
1387 1839 1536 1913 (Luc.
1569 1841 1660 1895 24.
1701 1841 1875 1895 '56-'58
1898 1840 1937 1908 ).
1969 1839 2097 1893 Post
2124 1837 2240 1892 iure

644 1954 765 1993 cum
791 1936 1115 1993 ostendisset
1138 1937 1218 1990 eis
1242 1949 1433 1989 manus
1457 1943 1513 1988 et
1535 1931 1719 2004 pedes.
1768 1931 1890 1986 Non
1927 1930 2240 1984 credentibus

645 2031 748 2084 illis
768 2045 874 2100 pra:
896 2029 1083 2099 gaudio
1098 2036 1148 2082 et
1167 2025 1464 2081 mirantibus
1492 2026 1622 2080 dixit
1646 2041 1664 2078 :
1687 2024 1894 2078 Habetis
1923 2024 2003 2077 hic
2021 2023 2236 2093 aliquid,

650 2123 788 2191 quod
814 2121 1146 2174 manducetur
1162 2117 1322 2189 (Ibid.
1340 2135 1388 2172 υ.
1408 2119 1536 2187 ων
1557 2117 1696 2187 quod
1729 2117 1828 2170 hac
1852 2116 2058 2170 ratione
2080 2115 2241 2169 vellet

645 2212 748 2267 illis
764 2210 920 2266 ﬁdem
936 2211 1112 2266 facere
1133 2210 1557 2265 resurrectionis.
1589 2209 1706 2264 Non
1737 2207 2018 2278 persuadet
2041 2207 2134 2261 tibi
2162 2207 2241 2261 la-

650 2315 754 2369 tus,
779 2302 969 2374 inquit,
995 2317 1166 2372 neque
1191 2301 1446 2356 vulnera?
1471 2300 1659 2356 saltem
1690 2313 1871 2354 mensa
1899 2297 2234 2369 persuadeat.

718 2396 771 2448 7.
832 2394 902 2450 Ut
955 2403 1132 2448 autem
1203 2399 1448 2466 accurate
1516 2405 1810 2462 cognoscas
1853 2390 2052 2446 idcirco
2091 2391 2235 2444 illum

589 2499 591 2502 ‘
644 2486 884 2550 dixisse,
926 2483 1136 2538 Habetis
1182 2483 1262 2536 hic
1303 2483 1526 2552 aliquid,
1581 2483 1716 2552 quod
1756 2483 2129 2536 manducetur.’
2172 2497 2238 2537 ne

645 2579 782 2631 lorle
808 2576 1148 2631 simulacrum
1177 2587 1298 2628 esse
1343 2574 1426 2627 vel
1474 2574 1742 2642 spiritum,
1783 2584 1874 2627 aut
1923 2573 2236 2642 phantasma

652 2673 920 2736 putarent,
954 2665 1048 2719 sed
1077 2679 1257 2718 veram
1278 2678 1340 2717 ac
1360 2663 1742 2719 subsistentem
1763 2665 2232 2728 resurrectionem,

644 2757 767 2812 audi
795 2770 901 2826 quo
930 2766 1084 2826 pacto
1109 2754 1298 2810 Petrus
1323 2755 1405 2807 his
1431 2753 1744 2823 comprobet
1765 2754 2232 2811 resurrectionem.

642 2848 777 2903 Cum
797 2847 940 2902 enim
956 2846 1200 2910 dixisset,
1232 2843 1366 2899 Deus
1394 2845 1540 2897 illum
1565 2845 1842 2908 suscitavit,
1872 2861 1933 2897 ac
1960 2844 2096 2899 dedit
2124 2862 2237 2897 ma-

644 2943 882 3011 nifestum
917 2954 1031 2991 eum
1070 2937 1182 3005 fieri
1230 2937 1370 2990 nobis
1401 2935 1604 2989 testibus
1633 2935 2004 3002 prmordinatis,
2027 2935 2223 2990 deinde

647 3029 1049 3086 resurrectionis
1075 3026 1586 3082 demonstrationem
1615 3026 1849 3081 alferens
1875 3027 2067 3097 adjecit
2096 3045 2108 3081 :
2135 3027 2237 3092 Qui

645 3119 1058 3174 manducauimus
1103 3125 1149 3170 et
1200 3115 1413 3170 bibimus
1458 3132 1574 3169 cum
1615 3132 1673 3169 eo
1703 3116 1842 3184 (Act.
1875 3116 1962 3172 10.
1989 3117 2080 3172 ιο.
2112 3119 2233 3187 41).

644 3212 931 3280 Propterea
958 3221 1173 3277 quoque
1202 3205 1331 3260 alibi
1362 3204 1607 3260 Christus
1633 3220 1754 3260 eum
1781 3216 2041 3261 mortuam
2061 3208 2232 3262 susci-

643 3308 809 3353 tasset
856 3305 915 3350 ut
943 3295 1102 3350 ﬁdem
1128 3293 1328 3349 faceret
1376 3294 1788 3349 resurrectionis
1822 3295 1939 3349 ait:
1983 3295 2115 3350 Date
2155 3296 2235 3350 illi

639 3389 778 3457 quod
801 3387 1067 3441 manducet
1109 3384 1300 3456 (Marc.
1329 3384 1383 3438 5.
1413 3384 1534 3454 45).
1580 3384 1713 3438 Cutn
1754 3384 1911 3454 igitur
1930 3385 2082 3440 audis
2108 3403 2231 3442 eum

641 3479 929 3550 praebuisse
970 3477 1204 3548 seipsum
1249 3475 1425 3529 vivum
1455 3489 1552 3544 per
1597 3473 1712 3529 dies
1755 3476 2101 3547 quadraginta
2129 3477 2231 3531 illis

640 3578 1008 3641 apparentem,
1039 3575 1237 3621 etcum
1265 3565 1371 3618 illis
1401 3572 1973 3650 vescentemhcausam
2001 3567 2228 3620 mandu-

638 3662 862 3717 cationis
889 3672 1172 3727 cognosce,
1205 3670 1309 3708 non
1334 3654 1473 3723 quod
1500 3655 1621 3707 cibo
1651 3653 1903 3708 nimirum
1941 3655 2222 3726 indigeret,

641 3755 790 3808 illum
843 3751 1210 3813 manducasse,
1263 3747 1356 3800 sed
1408 3745 1550 3815 quod
1600 3746 1979 3815 discipulorum
2024 3749 2226 3804 mederi

645 3847 798 3901 vellet
826 3841 1206 3906 imbecillitati,
1240 3838 1380 3893 unde
1411 3838 1648 3907 prodigia
1679 3839 1922 3909 eLSigna
1952 3841 2227 3910 apostoloo

645 3951 758 3990 rum
790 3935 951 4003 liquet
977 3932 1260 3985 maximam
1280 3931 1685 3993 resurrectionis
1711 3930 2223 3985 demonstrationem

641 4028 924 4083 exstitisse.
956 4025 1288 4093 Quapropter
1314 4023 1385 4074 ait
1413 4022 1524 4090 ipse
1563 4037 1796 4091 quoque,
1826 4024 1981 4076 Amen
2006 4063 2021 4087 ,
2055 4040 2221 4089 unum,

637 4121 749 4174 dico
779 4118 916 4172 vobis
945 4159 959 4181 ,
1008 4116 1108 4181 Qui
1151 4115 1306 4168 credit
1341 4115 1393 4166 in
1441 4129 1554 4177 me,
1587 4130 1769 4183 opera,
1802 4131 1913 4183 qua:
1937 4131 2027 4185 ego
2054 4115 2220 4184 facio,

638 4223 685 4266 et
719 4211 828 4279 ipse
852 4209 1022 4278 faciet,
1067 4216 1113 4259 et
1143 4205 1337 4275 majora
1365 4203 1547 4255 horum
1579 4205 1728 4274 faciet
1766 4203 1942 4275 (Joan.
1983 4205 2068 4259 l4.
2108 4204 2219 4278 1‘2).

638 4301 769 4356 Nam
798 4299 1046 4368 quoniam
1073 4311 1204 4350 crux
1231 4309 1350 4349 cun:
1376 4294 1772 4360 intervenisset,
1794 4294 2048 4363 plurimos
2068 4311 2223 4350 sean-

636 4393 975 4452 dalizavcrat,
1005 4387 1203 4442 idcirco
1231 4386 1469 4454 pluribus
1513 4386 1585 4439 illi
1618 4386 1890 4440 miraculis
1921 4403 2057 4456 opus
2103 4390 2215 4444 luit.

633 4481 846 4549 Alioqui
876 4478 1019 4533 enim
1048 4477 1113 4539 si,
1141 4491 1261 4530 cum
1288 4474 1789 4542 obiissetChristus,
1821 4491 1993 4533 morte
2012 4496 2217 4550 praepe-

632 4573 776 4626 ditus
802 4569 1106 4634 mansisset,
1137 4577 1190 4621 et
1233 4568 1497 4636 sepultus,
1528 4582 1700 4636 neque
1727 4571 2127 4637 resurrexisset,
2161 4582 2218 4626 ut

635 4666 785 4720 aiunt
811 4663 1003 4727 Judaei,
1035 4675 1207 4730 neque
1237 4660 1288 4714 in
1320 4660 1506 4713 caelum
1533 4660 1880 4726 ascendisset,
1912 4678 2017 4717 non
2045 4667 2214 4719 solum

637 4760 837 4830 majora
867 4766 1048 4827 postea
1087 4756 1201 4811 ﬁeri
1235 4755 1487 4809 miracula
1536 4766 1653 4824 post
1677 4771 1890 4810 crucem
1920 4773 2023 4811 non
2053 4774 2212 4828 Opor-

635 4853 842 4914 tuissct,
885 4863 1066 4902 verum
1106 4847 1267 4900 etiam
1312 4861 1395 4908 ea,
1428 4861 1547 4915 qua:
1599 4847 1746 4915 prius
1795 4847 1931 4902 facta
1982 4848 2211 4918 fuerant,

634 4958 770 5013 opus
797 4942 983 4996 fuisset
1009 4939 1295 5008 exstingui.
1328 4938 1423 4992 llic
1453 4938 1578 4992 mihi
1605 4939 1884 5009 diligenter
1909 4944 2166 5000 attendite
2196 4963 2208 4999 :

634 5035 941 5089 indubitatae
995 5033 1188 5102 quippe
1236 5030 1640 5084 resurrectionis
1707 5032 2210 5090 demonstrationem

630 5129 906 5186 continent
933 5127 1048 5180 haec
1071 5140 1186 5194 qua:
1214 5123 1440 5179 dicimus
1469 5143 1482 5178 :
1510 5123 1858 5194 quamobrem
1887 5128 2071 5182 eadem
2090 5145 2210 5185 rur-

627 5237 719 5276 sus
744 5219 982 5289 eloquar.

701 5309 805 5364 Cur
829 5318 938 5378 post
966 5305 1264 5362 Passionem
1289 5305 1534 5358 miracula
1556 5306 1772 5374 majora.
1797 5337 1866 5346 —
1892 5307 2048 5378 Signa
2081 5311 2212 5367 fecit

628 5411 783 5458 antea
805 5398 1066 5465 Christus,
1109 5406 1347 5452 mortuos
1372 5397 1666 5462 suscitavit,
1715 5397 1954 5466 leprosos
1982 5403 2207 5457 munda-

625 5496 721 5557 vit,
749 5492 1019 5546 dtetnones
1045 5489 1234 5558 ejecit,
1265 5486 1552 5541 cruciﬁxus
1575 5497 1657 5542 est
1680 5487 1895 5554 deinde,
1945 5501 2122 5561 atque,
2153 5503 2209 5548 ut

628 5586 813 5639 dicunt
838 5579 1048 5636 scelesti
1069 5578 1256 5642 Judari,
1282 5593 1386 5631 non
1417 5578 1710 5632 resurrexit
1737 5593 1767 5632 a
1797 5581 2040 5635 mortuis.
2069 5585 2206 5648 Quid

632 5674 790 5745 igitur
818 5671 920 5726 illis
940 5670 1212 5725 dicemus?
1242 5668 1354 5722 lloc
1381 5667 1651 5735 nimirum,
1677 5667 1731 5722 Si
1759 5685 1863 5724 non
1891 5677 2201 5742 resurrexit,

628 5765 897 5831 quomodo
933 5770 1117 5834 postca
1163 5761 1216 5829 in
1250 5761 1463 5816 nomine
1490 5761 1651 5830 ipsius
1677 5760 1876 5831 majora
1913 5763 2048 5820 facta
2077 5778 2197 5824 sunt

1346 363 1404 419 S.
1444 361 1722 420 JOANNIS
1759 361 2237 419 CIIRYSOSTOMI
2280 359 2596 417 ARClllEP.
2640 364 3177 425 CONSTANTINOP.

3825 373 3931 428 108

2343 471 2531 540 signa?
2586 473 2771 531 Nullus
2815 479 2957 533 enim
3003 496 3068 534 cx
3100 481 3233 536 rivis
3282 496 3403 536 cum
3435 484 3675 549 obiisset,
3728 485 3934 553 majora

2337 570 2460 628 post
2488 563 2694 619 obitum
2729 569 2877 636 signa
2914 570 3037 624 fecit
3067 587 3080 623 :
3112 578 3167 623 at
3193 569 3280 625 hie
3318 571 3520 641 majora
3561 582 3618 627 et
3673 572 3838 627 modo
3880 585 3941 627 et

2339 662 2524 707 natura
2555 655 2768 712 fuerunt
2795 675 2914 729 qua:
2955 673 3280 733 consequuta
3309 673 3435 717 sunt
3453 663 3730 718 miracula.
3758 662 3939 733 Siqui-

2337 740 2459 795 dem
2492 757 2678 800 natura
2712 747 2855 804 fuere
2892 751 3115 821 majora,
3158 768 3279 807 cum
3310 753 3506 808 Christi
3545 754 3736 808 umbra
3780 769 3942 808 nunt-

2338 849 2498 903 quam
2539 847 2782 892 mortuos
2811 841 3080 895 suscitarit
3111 853 3202 896 :at
3226 844 3590 912 apostolorum
3621 845 3812 898 umbra
3851 852 3940 897 ta-

2341 925 2411 979 lia
2440 927 2602 981 multa
2635 929 2877 998 perfecit.
2929 931 3088 986 Modo
3140 949 3268 987 vero
3307 935 3510 1002 majora
3563 934 3710 990 luere
3760 935 3939 1006 signa,

2338 1018 2483 1086 quod
2517 1027 2626 1072 tum
2652 1020 2865 1088 quidem
2915 1023 3028 1091 ipse
3075 1024 3343 1092 imperans
3398 1027 3652 1082 miracuta
3699 1040 3939 1083 atteret:

2341 1117 2463 1174 post
2505 1109 2808 1178 passionem
2860 1123 3037 1168 autem
3066 1115 3208 1169 servi
3235 1115 3357 1185 ejus
3393 1127 3620 1185 augusto
3659 1127 3716 1172 et
3750 1129 3943 1173 sancto

2340 1198 2458 1267 ejus
2472 1201 2686 1255 nomine
2708 1200 2947 1256 adhibito
2964 1205 3165 1274 majora
3186 1217 3243 1261 et
3266 1207 3573 1262 sublimiora
3596 1224 3938 1279 peragerent.

2341 1298 2400 1343 ut
2426 1290 2653 1358 amplius
2676 1301 2730 1345 et
2753 1293 3036 1361 gloriosius
3065 1296 3235 1351 virtus
3255 1296 3421 1366 ipsius
3445 1299 3745 1368 elfulgeret.
3771 1299 3942 1354 Multo

2340 1382 2536 1452 quippe
2562 1381 2733 1451 majus
2764 1381 2862 1437 fuit
2885 1385 3111 1440 altermn
3143 1402 3339 1443 nomen
3381 1389 3554 1458 ipsius
3589 1398 3940 1458 usurpantem

2343 1473 2464 1526 talia
2493 1474 2745 1528 miracula
2775 1485 3006 1542 patrare,
3035 1493 3192 1547 quam
3221 1481 3392 1548 ipsum
3433 1482 3810 1550 imperantem.
3846 1480 3941 1534 Vi-

2339 1563 2438 1618 des
2465 1572 2521 1618 et
2556 1575 2742 1619 natura
2771 1575 2828 1620 et
2856 1567 3016 1622 modo
3044 1570 3246 1638 majora
3273 1570 3438 1625 fuisse
3462 1573 3832 1641 apostolorqu
3862 1571 3942 1625 si-

2340 1671 2464 1724 gna,
2484 1655 2849 1725 dilectissime,
2876 1675 2996 1728 qua:
3013 1659 3208 1714 Christi
3229 1666 3683 1720 resurrectionem
3710 1678 3940 1736 sequuta

2342 1750 2508 1803 sunt?
2532 1749 2711 1820 itaque
2737 1753 3145 1808 resurrectionis
3167 1753 3462 1809 indubitata
3492 1767 3576 1811 est
3601 1757 3945 1814 demonstra-

2343 1841 2436 1893 tio.
2460 1839 2611 1904 Nam,
2639 1850 2694 1894 ut
2733 1849 2857 1896 ante
2888 1842 3033 1908 dixi,
3067 1852 3121 1898 et
3150 1835 3341 1899 iterum
3369 1846 3566 1912 dicam,
3620 1850 3665 1903 si
3712 1861 3940 1905 mortem

2342 1931 2564 1986 obiisset
2599 1931 2866 2001 Christus,
2898 1944 3084 1990 etnon
3125 1939 3538 2005 resurrexisset,
3577 1940 3728 2010 signa
3773 1943 3941 1996 etiam

2346 2021 2565 2078 interire
2591 2026 2914 2092 oportuisset
2934 2041 2996 2080 ac
3016 2025 3180 2082 deleri
3205 2045 3217 2079 :
3228 2029 3338 2094 jam
3358 2044 3485 2083 vero
3505 2045 3611 2086 non
3637 2032 3799 2086 modo
3837 2031 3943 2087 de-

2341 2112 2447 2166 leta
2483 2129 2589 2167 non
2629 2123 2753 2167 sunt
2797 2114 2891 2170 sed
2917 2125 2972 2170 et
3014 2116 3298 2173 illustriora
3342 2119 3538 2176 deinde
3583 2131 3743 2190 atque
3793 2124 3944 2178 cele-

2344 2203 2520 2259 briora
2567 2215 2691 2261 sunt
2739 2207 2896 2264 facta.
2927 2208 2984 2264 Si
3019 2211 3163 2265 enim
3191 2210 3436 2267 Christus
3456 2230 3560 2268 non
3609 2220 3942 2272 resurrexis-

2342 2309 2461 2364 set,
2504 2314 2791 2370 numquam
2838 2302 2927 2356 alii
2970 2303 3087 2370 ejus
3111 2303 3161 2356 in
3190 2305 3407 2360 nomine
3454 2309 3577 2362 talia
3608 2308 3755 2377 signa
3787 2309 3946 2364 iecis-

2341 2399 2479 2444 sent.
2503 2390 2704 2445 Eadem
2735 2394 2932 2463 quippe
2959 2394 3126 2448 virtus
3147 2404 3202 2449 et
3225 2405 3350 2451 ante
3375 2398 3677 2466 passionem
3725 2411 3782 2454 et
3821 2413 3947 2470 post

2343 2481 2646 2549 passionem
2673 2483 2865 2537 edebat
2897 2484 3150 2539 miracula
3185 2503 3198 2538 :
3227 2503 3291 2542 ac
3326 2479 3572 2556 primum
3601 2490 3816 2561 quidem
3844 2508 3947 2562 per

2341 2583 2421 2634 se,
2455 2570 2649 2626 deinde
2680 2589 2807 2626 vero
2849 2589 2944 2643 per
2969 2575 3260 2644 discipulos
3290 2595 3302 2630 :
3337 2589 3391 2632 ut
3419 2589 3596 2634 autem
3641 2583 3946 2639 evidentior

2341 2668 2395 2713 et
2439 2660 2722 2730 gloriosior
2759 2662 2912 2718 ﬁeret
2961 2668 3374 2722 resurrectionis
3417 2671 3685 2739 probatio,
3737 2676 3944 2742 majora

2341 2763 2462 2820 post
2511 2768 2724 2809 erucem
2766 2755 2982 2821 ﬁebant,
3013 2769 3068 2811 et
3115 2761 3427 2814 sublimiora
3479 2763 3742 2833 prodigia.
3787 2765 3945 2821 Unde

2341 2860 2469 2899 vero
2499 2856 2732 2913 constat,
2765 2847 2909 2903 dicet
2936 2849 3188 2917 inﬁdelis,
3227 2852 3367 2906 edita
3397 2862 3506 2906 tum
3552 2854 3718 2910 fuisse
3746 2856 3896 2926 signa
3920 2861 3946 2912 ?

2344 2935 2514 3002 Unde,
2547 2952 2732 3007 quteso
2761 2979 2775 3002 ,
2822 2940 3136 2995 cruciﬁxum
3187 2941 3456 2996 Christmn
3486 2943 3646 3000 fuisse
3691 2952 3946 3002 constat?

2341 3026 2416 3080 Et
2462 3027 2632 3081 sacris
2682 3029 2918 3095 Litteris,
2950 3031 3188 3099 inquam.
3219 3032 3351 3086 Nam
3381 3042 3435 3088 et
3462 3036 3608 3104 signa
3640 3046 3748 3090 tum
3774 3039 3943 3095 fuisse

2341 3115 2476 3171 facta
2499 3127 2553 3172 et
2579 3119 2891 3173 cruciﬁxum
2923 3119 3084 3175 fuisse
3120 3122 3409 3188 Christum,
3437 3139 3499 3179 ex
3527 3128 3693 3180 sacris
3721 3127 3943 3184 Litteris

2338 3219 2568 3263 constat.
2604 3210 2712 3264 llhe
2742 3212 2884 3265 enim
2912 3220 2968 3267 et
3003 3213 3115 3266 hzec
3143 3224 3198 3267 et
3241 3214 3326 3268 illa
3357 3228 3596 3271 narrant.
3621 3221 3773 3287 Quod
3804 3223 3846 3276 si
3879 3232 3939 3275 tn

2341 3308 2523 3353 uoster
2549 3300 2887 3357 adversarius
2915 3304 3064 3359 dicas
3103 3308 3376 3374 apostolos
3403 3307 3554 3377 signa
3583 3325 3688 3364 non
3713 3310 3937 3380 feciSse,

2338 3390 2598 3453 maiorem
2628 3391 2865 3460 ipsorum
2897 3395 3137 3449 ostendis
3164 3396 3436 3462 virtutem,
3461 3408 3516 3453 et
3540 3402 3762 3469 gratiam
3790 3403 3938 3458 diri-

2336 3499 2482 3545 nam,
2506 3486 2645 3551 quod
2673 3485 2872 3553 absque
2896 3488 3061 3554 signis
3099 3497 3304 3542 tantum
3327 3491 3511 3544 orbem
3544 3501 3804 3549 terrarum
3831 3511 3938 3564 po-

2338 3575 2536 3627 tuerint
2586 3575 2650 3629 ad
2683 3579 2938 3647 pietatem
2967 3579 3268 3635 traducere.
3315 3581 3426 3636 lloc
3453 3585 3595 3638 enim
3638 3588 3936 3643 maximum

2333 3674 2415 3721 est
2431 3675 2483 3720 et
2501 3667 2807 3722 inusitatum
2831 3670 3166 3734 miraculum,
3186 3687 3308 3726 cum
3325 3690 3582 3743 pauperes
3601 3686 3760 3747 atque
3777 3695 3936 3734 men-

2331 3757 2456 3822 dici,
2499 3760 2712 3826 abjccti,
2772 3761 3032 3826 illiterati,
3093 3762 3347 3831 imperiti,
3399 3765 3554 3834 viles,
3601 3777 3657 3822 et
3703 3785 3935 3825 numero

2331 3851 2611 3903 duodecim
2639 3860 2714 3903 tot
2736 3849 2918 3914 nrbes,
2948 3863 3155 3920 gentes.
3184 3855 3428 3923 populos,
3451 3873 3622 3927 rcges,
3649 3868 3925 3930 tyrannos,

2332 3940 2698 4010 philosophos,
2725 3951 2986 4006 oratores,
3013 3954 3066 3998 et
3094 3952 3256 3998 totam
3299 3949 3685 4017 propemodum
3727 3961 3930 4008 terram

2329 4032 2531 4100 absque
2558 4032 2722 4101 signis
2752 4034 3020 4100 potuerint
3046 4034 3111 4089 ad
3139 4051 3198 4089 se
3216 4037 3551 4105 pertrahere.
3579 4043 3657 4093 An
3685 4057 3812 4095 vero
3827 4058 3931 4098 cu-

2329 4121 2410 4190 pis
2456 4124 2615 4176 etiam
2648 4139 2789 4178 nunc
2819 4124 2930 4178 ﬁeri
2962 4125 3111 4194 signa
3155 4131 3418 4182 cernere?
3447 4129 3563 4183 Tibi
3593 4146 3692 4201 ego
3738 4133 3823 4187 illa
3867 4145 3930 4190 et

2329 4214 2530 4280 majora
2558 4214 2823 4283 prioribus
2849 4217 3148 4282 ostendam,
3180 4234 3286 4272 non
3315 4236 3479 4275 unum
3510 4233 3777 4279 mortuum
3801 4242 3928 4281 sus-

2326 4304 2568 4370 citatam,
2600 4321 2704 4359 non
2733 4308 2904 4360 visum
2936 4308 3190 4363 unicteco
3234 4313 3562 4378 restitutum,
3595 4316 3690 4369 sed
3716 4315 3928 4372 discus-

2326 4409 2412 4448 sas
2438 4398 2640 4450 erroris
2655 4399 2919 4464 tenebras,
2941 4417 3058 4469 quae
3077 4409 3240 4456 totam
3267 4412 3465 4458 terram
3488 4421 3875 4474 occupaverant
3903 4429 3921 4465 :

2326 4501 2432 4539 non
2464 4487 2730 4556 leprosum
2763 4507 2922 4544 unum
2952 4493 3285 4556 mundatum.
3330 4495 3423 4549 sed
3453 4505 3529 4570 ιρι
3555 4509 3766 4567 gentes,
3795 4517 3924 4570 qua:

2325 4579 2528 4647 peccati
2579 4580 2781 4647 lepram
2813 4581 3204 4648 absterserunt,
3234 4599 3296 4637 ac
3341 4601 3436 4652 per
3466 4587 3734 4641 lavacrum
3766 4605 3924 4660 rege-

2323 4662 2616 4723 nerationis
2662 4672 2930 4726 mundata:
2979 4684 3122 4727 sunt.
3155 4674 3308 4739 Quod
3365 4675 3576 4746 signum
3618 4680 3789 4748 majus
3833 4681 3922 4736 bis

2322 4763 2536 4830 qureris,
2573 4763 2645 4816 mi
2673 4763 2854 4830 homo,
2885 4779 3005 4818 cum
3038 4775 3236 4821 tantam
3261 4776 3315 4822 et
3341 4778 3447 4823 tam
3477 4781 3698 4840 repente
3722 4772 3916 4830 laetam

2323 4852 2675 4908 mutationem
2701 4856 3036 4925 conspicias?
3266 4913 3268 4915 ,

2391 4945 2446 4999 8.
2489 4945 2618 4999 Fide
2666 4948 2776 4999 sola
2813 4948 3034 5000 cernitur
3059 4947 3217 5004 Deus.
3265 4950 3449 5007 Petrus
3478 4956 3728 5023 quomodo
3745 4962 3919 5012 cruci-

2319 5036 2452 5104 ﬁxus
2473 5037 2645 5105 fuerit.
2674 5067 2745 5077 -—
2774 5037 2894 5092 Vin’
2925 5049 2979 5092 tu
3011 5041 3341 5111 intelligere,
3372 5060 3480 5114 quo
3511 5047 3726 5102 tandem
3756 5065 3916 5119 pacto

2318 5132 2490 5186 risum
2530 5133 2783 5187 universo
2827 5142 3088 5190 terrarum
3139 5138 3254 5192 orbi
3307 5142 3600 5198 restituerit
3625 5146 3918 5203 Christus?

2318 5223 2488 5276 Antea
2519 5223 2719 5292 lignum
2761 5232 2814 5278 et
2855 5225 3083 5294 lapidem
3134 5244 3239 5282 non
3267 5232 3643 5290 existimabant
3669 5237 3917 5296 homines

2319 5313 2516 5383 lignum
2549 5325 2603 5370 et
2641 5315 2870 5383 lapidem
2906 5333 3046 5386 esse,
3075 5337 3261 5376 verum
3293 5340 3378 5378 res
3425 5341 3617 5382 sensus
3661 5343 3916 5400 expertes

2317 5402 2445 5458 deos
2478 5407 2757 5471 vocabant,
2805 5409 2940 5464 adeo
2969 5416 3220 5468 exemi-ali
3247 5426 3401 5471 erant
3429 5435 3440 5470 :
3482 5419 3593 5488 jam
3626 5437 3754 5478 vero
3784 5427 3910 5496 quid

2317 5494 2514 5565 lignum
2539 5497 2625 5560 sit,
2659 5499 2852 5567 quidve
2877 5501 3010 5572 lapis
3036 5517 3337 5573 noverunt;
3369 5509 3497 5578 quid
3525 5513 3594 5567 sit
3625 5515 3769 5569 Deus
3787 5494 3915 5574 cre-

2314 5587 2584 5642 diderunt.
2619 5589 2742 5645 Sola
2793 5594 2991 5663 quippe
3043 5596 3148 5651 lide
3200 5598 3518 5657 immortalis
3544 5619 3607 5659 ae
3635 5605 3790 5663 beata
3824 5610 3912 5666 illa

2317 5689 2502 5732 natura
2543 5691 2830 5750 spectatur.
2861 5686 3027 5742 Visne
3077 5689 3221 5744 aliud
3266 5708 3476 5762 quoque
3500 5699 3918 5758 resurrectionis

2316 5773 2524 5844 signum
2572 5777 2806 5833 intueri?
2851 5781 2924 5835 Ex
2976 5783 3085 5854 ipsa
3116 5783 3503 5856 discipulorum
3556 5801 3734 5846 mente
3759 5806 3916 5850 sum-
