4212 6290
168 344 263 405 ιοθ

165 471 308 534 ptum
337 455 469 514 illud
497 468 716 528 quoque
761 451 932 521 majus
982 448 1191 505 videbis
1247 452 1368 516 post
1416 437 1766 534 resurrectio-

164 531 284 608 nem
312 547 606 604 allulsisse.
640 542 918 616 Siquidem
943 541 996 597 in
1027 537 1280 596 confesso
1303 545 1388 592 est
1413 531 1554 605 apud
1578 542 1769 587 omnes

162 658 307 707 eum,
339 640 434 713 qui
469 653 597 710 erga
643 638 914 692 viventem
942 633 1216 688 hominem
1243 626 1508 686 benevole
1535 625 1607 682 sit
1639 621 1772 678 alle-

161 744 301 800 ctus,
326 733 447 805 ipso
468 739 689 786 mortuo
711 727 938 784 fortasse
955 740 1025 781 ne
1039 721 1260 796 quidem
1282 720 1400 792 ejus
1421 715 1766 774 meminisse:

162 826 250 898 qui
282 826 420 880 vero
444 821 585 878 male
630 819 852 877 aﬂ‘ectus
879 818 950 872 sit
977 831 1105 886 erga
1151 813 1298 868 illum
1325 853 1340 878 ,
1371 810 1499 866 dum
1540 809 1767 874 viveret,

159 925 214 971 et
237 913 597 984 superstitem
621 909 943 972 deseruerit,
977 905 1149 962 multo
1175 903 1346 975 magis
1395 902 1769 957 immemorem

159 1005 405 1060 defuncti
436 1002 696 1059 futurum.
740 1001 860 1070 Quo
905 998 982 1064 lit,
1011 1005 1070 1054 ut
1091 1011 1250 1053 nemo
1275 994 1366 1066 qui
1393 993 1627 1049 amicum
1657 1004 1773 1045 ma-

159 1099 464 1170 gistrumve
487 1096 827 1168 superstitem
871 1091 1149 1163 reliquerit
1185 1104 1250 1146 ac
1293 1086 1614 1151 deseruerit,
1661 1085 1772 1140 vita

161 1191 416 1248 functum
467 1187 682 1262 plurimi
721 1187 894 1252 faciat,
926 1200 992 1241 ac
1016 1195 1128 1240 tum
1160 1181 1427 1253 praecipue
1447 1222 1462 1246 ,
1492 1194 1616 1236 cum
1644 1193 1772 1248 pro-

163 1293 286 1356 pter
310 1282 614 1340 exhibitam
640 1281 694 1336 in
737 1294 860 1336 eum
884 1276 1315 1334 benevolentiam
1348 1273 1494 1328 mille
1534 1269 1771 1342 pericula

164 1374 270 1430 sibi
297 1373 499 1430 viderit
543 1373 843 1428 imminere.
875 1369 1018 1424 Ecce
1069 1377 1250 1422 tamen
1301 1363 1430 1419 illud
1454 1361 1598 1434 quod
1643 1360 1773 1416 nulli

166 1464 388 1532 accidit,
421 1465 478 1520 in
522 1461 739 1519 Christo
761 1469 819 1517 et
841 1458 1122 1531 discipulis
1147 1454 1351 1521 evenit,
1383 1463 1440 1511 et
1464 1452 1556 1523 qui
1584 1450 1773 1507 viven-

169 1565 278 1611 tem
305 1554 464 1610 illum
489 1560 821 1624 negaverant
844 1565 909 1606 ac
934 1549 1308 1618 deseruerant,
1331 1552 1387 1600 et
1413 1541 1776 1614 comprehen-

169 1662 289 1703 sum
313 1646 689 1716 reliquerant,
717 1652 772 1699 et
815 1639 1152 1713 aufugerant,
1202 1646 1324 1710 post
1359 1638 1642 1693 innumera
1685 1633 1774 1689 illa

168 1739 488 1811 opprobria,
515 1747 572 1795 et
598 1751 836 1800 erucem,
868 1735 1001 1790 tanti
1026 1748 1150 1789 eum
1181 1731 1446 1798 fecerunt,
1478 1737 1541 1783 ut
1565 1742 1663 1798 pro
1691 1725 1775 1796 ip-

174 1836 286 1889 sius
301 1833 645 1890 confessione
664 1847 728 1887 ac
746 1831 850 1887 ﬁde
876 1830 1084 1884 animas
1097 1830 1257 1884 etiam
1276 1841 1401 1882 suas
1421 1831 1774 1896 exponerent.

173 1927 467 1982 Enimvero
505 1925 550 1980 si
581 1931 826 1987 mortuus
874 1921 1066 1977 fuisset
1093 1918 1363 1986 Christus,
1391 1931 1567 1989 neque
1593 1930 1777 1972 resur-

173 2017 429 2085 rexisset,
484 2017 572 2088 qui
613 2015 728 2072 ﬁeri
771 2014 1051 2086 potuisset,
1083 2023 1139 2069 ut
1166 2012 1278 2084 qui,
1325 2010 1454 2066 dum
1505 2017 1779 2079 superstes

172 2115 343 2174 esset,
371 2107 444 2162 ob
475 2107 772 2178 periculum
813 2106 1101 2162 imminens
1128 2103 1394 2175 fugerant,
1416 2118 1482 2159 eo
1521 2102 1634 2172 jam
1671 2101 1780 2155 vita

174 2196 386 2263 functo,
415 2209 639 2270 propter
679 2198 828 2254 illum
875 2198 1026 2253 mille
1068 2197 1317 2267 periculis
1341 2195 1552 2266 scipSos
1580 2193 1780 2264 objice-

173 2294 336 2349 rent?
356 2295 437 2349 Ac
460 2295 639 2349 ezrteri
665 2292 878 2363 quidem
905 2306 1097 2347 omnes
1123 2290 1405 2362 fugerunt,
1438 2289 1627 2345 Petrus
1651 2301 1782 2344 vero

175 2386 340 2440 etiam
367 2401 493 2440 cum
515 2386 820 2456 juramento
851 2394 932 2441 ter
958 2385 1108 2440 illum
1143 2384 1376 2454 negavit,
1402 2393 1457 2439 et.
1482 2383 1573 2453 qui
1597 2391 1676 2435 ter
1713 2380 1779 2434 il-

179 2477 290 2532 lum
316 2493 439 2534 cum
461 2479 771 2548 juramento
797 2487 1111 2549 negaverat,
1141 2488 1197 2533 et
1227 2478 1346 2533 vilis
1366 2475 1636 2532 ancillula:
1666 2475 1780 2530 fue-

179 2578 264 2624 rat
289 2570 488 2624 timore
509 2570 812 2641 perculsus,
837 2579 1185 2641 posteaquam
1202 2567 1429 2633 obierat,
1454 2565 1608 2621 nobis
1625 2565 1785 2620 rebus

179 2661 311 2733 ipsis
339 2661 530 2716 volens
557 2660 714 2717 ﬁdem
743 2662 922 2717 facere
973 2676 1032 2716 se
1075 2661 1388 2715 suscitatum
1416 2658 1564 2712 illum
1585 2673 1615 2710 a
1644 2671 1786 2711 mor-

181 2755 290 2810 tuis
308 2755 533 2821 vidisse,
563 2755 643 2809 sie
666 2763 890 2825 repente
927 2763 1161 2809 mutatus
1178 2762 1282 2820 est,
1312 2763 1368 2807 ut
1395 2753 1661 2822 integrum
1689 2765 1784 2820 po-

183 2848 366 2916 pulum
397 2856 810 2916 aspernaretur,
852 2856 907 2901 et
936 2847 989 2901 in
1037 2845 1271 2901 medium
1296 2844 1602 2899 Judzeorum
1634 2842 1786 2896 theae

183 2947 323 2991 trum
348 2936 641 3006 prosiliret,
665 2935 977 3006 diceretque
999 2937 1147 2990 illum
1173 2935 1264 3006 qui
1311 2933 1598 2990 crucifixus
1621 2932 1792 2988 luerat

183 3041 247 3082 ac
268 3027 536 3097 sepultus,
567 3042 599 3082 a
629 3026 857 3082 mortuis
908 3027 995 3081 die
1024 3025 1198 3093 tertia,
1225 3025 1522 3080 surrexisse
1548 3033 1706 3094 atque
1738 3023 1790 3077 in

183 3119 350 3174 caelos
376 3119 708 3185 ascendisse,
736 3134 910 3189 neque
958 3134 1018 3174 se
1059 3119 1183 3173 mali
1230 3118 1518 3188 quidquam
1549 3118 1794 3172 reformi-

183 3209 337 3264 dare.
370 3209 526 3265 Unde
557 3209 718 3280 igitur
742 3210 941 3265 factum
983 3218 1124 3277 erat,
1151 3218 1211 3265 ut
1235 3209 1371 3265 adeo
1400 3209 1677 3264 conﬁdens
1707 3223 1795 3263 es-

185 3301 309 3356 set?
353 3300 474 3357 Non
501 3301 716 3356 aliunde
743 3317 894 3367 sane,
923 3317 1084 3373 quam
1105 3317 1169 3356 ex
1204 3316 1270 3358 eo
1293 3301 1435 3372 quod
1459 3300 1527 3357 de
1552 3315 1796 3356 resurre-

187 3394 372 3448 ctione
400 3394 602 3447 certior
629 3392 803 3449 l'actus
827 3401 991 3448 esset.
1028 3393 1161 3449 Cum
1188 3392 1332 3447 enim
1369 3392 1519 3447 illum
1549 3391 1792 3458 vidisset,

189 3492 356 3553 atque
379 3483 690 3552 alloquutus
739 3493 901 3549 esset,
931 3483 1103 3554 deque
1132 3484 1293 3539 rebus
1324 3483 1514 3539 futuris
1534 3484 1696 3540 verba
1728 3483 1798 3537 fa-

190 3575 426 3629 cientem
456 3574 736 3641 audiisset,
766 3575 866 3631 hac
893 3575 961 3630 de
987 3591 1149 3630 causa
1194 3584 1463 3646 tamquam
1493 3577 1544 3630 in
1573 3577 1795 3647 gratiam

193 3665 430 3720 hominis
449 3665 560 3736 jam
589 3667 816 3722 viventis
846 3662 1138 3736 periculum
1165 3667 1340 3725 adire:
1365 3710 1379 3734 ,
1424 3669 1495 3724 ita
1552 3684 1612 3725 se
1643 3668 1799 3722 malis

193 3757 448 3811 omnibus
475 3755 783 3826 objiciebat,
823 3767 1010 3827 utpote
1039 3759 1129 3828 qui
1170 3759 1359 3829 majori
1389 3760 1582 3814 virtute
1611 3774 1798 3813 corro-

195 3847 423 3902 boratus
451 3857 597 3902 esset
625 3848 1054 3919 eonﬁdentiaque
1083 3850 1300 3919 majori,
1359 3850 1438 3905 sic
1471 3859 1528 3904 ut
1556 3867 1655 3922 pro
1684 3851 1801 3920 ipso

196 3949 431 3992 mortem
482 3949 782 4007 Oppeteret,
835 3949 890 3995 et
914 3941 1060 3994 cruci
1105 3941 1280 4010 capite
1311 3943 1361 3995 in
1419 3951 1617 3998 terram
1647 3956 1803 3998 verso

197 4028 526 4098 afﬁgeretur.
555 4030 688 4084 Cum
719 4046 851 4101 ergo
880 4033 1081 4102 majora
1132 4033 1249 4089 ﬁeri
1301 4034 1452 4105 signa
1497 4034 1715 4098 videris,
1747 4045 1803 4091 et

199 4105 496 4190 discipulos
523 4123 713 4192 majori
740 4140 864 4179 eum
892 4125 1273 4180 benevolentia
1322 4141 1442 4182 esse
1468 4127 1801 4196 c0mplexos,

198 4216 291 4285 qui
321 4217 473 4287 prius
502 4231 625 4271 eum
653 4223 1024 4283 deseruerant,
1054 4230 1106 4274 et
1130 4219 1388 4289 majorem
1421 4219 1669 4275 ﬁduciam
1694 4236 1805 4290 pra:

200 4321 261 4361 se
288 4307 449 4370 ferre,
473 4308 621 4362 omni
647 4324 712 4363 ex
732 4317 882 4378 parte
899 4309 1244 4365 illustriorem
1267 4327 1443 4365 rerum
1467 4311 1662 4366 factam
1686 4327 1806 4367 esse

202 4397 578 4463 mutationem,
611 4401 894 4468 omniaque
923 4400 1104 4454 tutieri
1147 4416 1212 4455 ac
1255 4400 1558 4470 jucundiori
1605 4416 1726 4458 esse
1755 4402 1807 4457 in

201 4498 346 4544 statu
401 4488 694 4554 collocata,
751 4499 861 4544 tum
908 4490 1024 4560 ipso
1081 4507 1257 4546 rerum
1308 4492 1678 4562 experimento
1718 4507 1810 4547 co-

203 4596 428 4654 gnosce,
459 4596 548 4637 res
574 4581 772 4638 Christi
803 4598 907 4638 non
937 4598 1057 4639 esse
1107 4585 1296 4639 mortis
1342 4585 1535 4639 ﬁnilms
1581 4585 1812 4640 circum-

206 4675 412 4738 clusas,
439 4673 540 4728 sed
557 4675 1007 4731 resurrectionem
1034 4676 1108 4730 illi
1141 4676 1484 4741 successisse,
1516 4691 1578 4745 ac
1603 4678 1808 4742 vivere,

207 4765 662 4836 superstitcmque
715 4778 978 4836 perpetuo
1012 4767 1321 4823 cruciﬁxum
1372 4783 1592 4822 manere
1644 4769 1810 4823 Deum

207 4856 598 4913 immutabilem
626 4867 678 4913 et
705 4860 1084 4914 immortalem.
1144 4859 1328 4928 Neque
1354 4860 1498 4915 enim
1541 4860 1810 4930 discipuli,

209 4947 313 5005 nisi
348 4949 730 5003 resurrexisset
784 4964 847 5004 ac
906 4950 1135 5016 viveret,
1186 4950 1390 5018 majora
1439 4961 1622 5019 postea
1653 4952 1815 5006 mira-

208 5040 328 5094 cula
373 5048 699 5110 patrassent,
754 5057 912 5110 quam
968 5057 1089 5110 qure
1142 5055 1356 5095 crucem
1405 5051 1808 5109 prmcesscrant.

211 5130 344 5185 Nam
377 5141 490 5185 tum
523 5133 777 5201 temporis
804 5131 965 5186 etiam
994 5132 1242 5201 discipuli
1289 5133 1623 5202 reliquerunt
1649 5149 1770 5188 eum
1797 5152 1809 5187 :

211 5221 320 5290 jam
349 5236 481 5277 vero
511 5230 654 5276 totus
682 5222 746 5276 ad
777 5223 925 5277 illum
953 5224 1100 5279 orbis
1128 5232 1392 5280 terrarum
1419 5226 1650 5280 accurrit
1674 5268 1689 5292 ,
1722 5241 1817 5282 ne-

213 5326 321 5380 que
348 5311 542 5368 Petrus
569 5313 743 5368 solum
771 5355 786 5380 ,
816 5315 908 5370 sed
937 5323 992 5370 et
1020 5315 1167 5369 mille
1193 5317 1282 5370 alii
1308 5359 1322 5382 ,
1352 5332 1414 5371 ac
1446 5316 1614 5370 multo
1637 5318 1818 5387 plures

215 5412 338 5472 post
368 5404 584 5459 Petrum
612 5447 627 5472 ,
667 5422 732 5461 ex
779 5408 884 5461 illis
930 5409 1018 5478 qui
1070 5409 1216 5463 illum
1265 5411 1486 5469 minime
1532 5411 1814 5478 viderunt,

216 5495 427 5550 animas
478 5512 576 5567 pro
618 5498 712 5552 illo
753 5515 879 5554 suas
925 5513 1323 5571 exposuerunt,
1373 5505 1547 5574 capite
1589 5507 1816 5560 truncati

216 5594 344 5642 Sunt
365 5629 382 5654 ,
416 5597 471 5641 et
499 5588 779 5646 innumera
807 5599 931 5645 sunt
959 5591 1098 5645 mala
1128 5594 1367 5663 perpessi
1395 5635 1410 5660 ,
1455 5603 1509 5647 ut
1537 5594 1738 5665 integra
1767 5606 1821 5651 et

215 5678 386 5733 illaesa
405 5680 573 5748 ipsius
586 5681 925 5739 confessione
949 5695 1247 5753 possentex
1273 5685 1372 5739 hac
1396 5686 1498 5740 vita
1522 5687 1816 5743 discedere.

216 5770 505 5840 Quomodo
532 5788 661 5845 ergo
692 5776 738 5829 is
761 5775 852 5846 qui
881 5785 1119 5832 mortuus
1161 5787 1278 5832 erat.
1314 5787 1368 5840 et
1406 5779 1654 5850 sepulcro
1693 5795 1819 5836 con-

848 335 985 392 cuu
1024 332 1089 389 IN
1131 312 1421 388 PENTEG.
1463 322 1669 388 acra,
1713 318 1867 379 uc.
1911 319 1974 375 IN
2007 321 2297 379 Pltl-NCII’.
2340 322 2692 380 ACTOltUM.
2737 323 2825 378 tv.

3382 334 3482 388 ιω

1879 433 2098 498 clusus.
2131 446 2190 492 ut
2215 446 2272 492 tu
2298 436 2472 505 dicis,
2511 455 2544 494 ο
2582 437 2769 494 Iudaee
2794 482 2808 505 ,
2862 441 2913 496 in
2957 443 3205 500 omnibus
3257 447 3347 516 qui
3397 464 3492 501 se-

1878 526 2030 597 quuti
2060 537 2186 583 sunt
2212 529 2332 585 illos
2354 538 2552 584 tantam
2581 530 2686 585 vim
2714 531 2959 587 exhibuit
2987 542 3296 609 tantamque
3320 538 3488 592 virtu-

1878 628 1985 674 tem
2012 660 2027 684 ,
2058 628 2117 674 ut
2144 619 2225 675 eis
2253 621 2602 690 persuaderet
2627 663 2642 688 ,
2684 623 2857 678 solum
2882 624 3038 680 illum
3064 636 3122 680 ut
3148 627 3439 685 adorarent
3476 671 3494 696 ,

1878 710 2164 780 omniaque
2187 711 2457 768 sustinere
2495 727 2559 769 ac
2584 714 2789 784 perpeti
2821 714 3047 771 mallent
3068 721 3094 783 ,'
3129 732 3290 788 quam
3332 734 3485 774 suam

1880 801 1933 854 in
1977 800 2124 857 illum
2165 801 2324 857 ﬁdem
2359 803 2650 859 amittere?
2686 803 2848 860 Vides
2889 806 2939 859 in
2979 807 3229 864 omnibus
3282 819 3488 866 certam

1879 893 2289 949 resurrectionis
2317 895 2813 964 comprobationem
2843 896 3062 954 elucere
3085 939 3100 965 ,
3133 913 3258 955 cum
3300 914 3366 956 ex
3411 901 3489 955 si-

1877 985 1997 1056 gnis
2022 1000 2144 1056 qua:
2169 993 2281 1040 tum
2313 984 2451 1042 facta
2473 995 2635 1053 sunt,
2659 1003 2886 1060 quasque
2915 1003 3061 1046 nunc
3083 988 3218 1045 fiunt
3237 1031 3253 1056 ,
3285 998 3398 1045 tum
3421 1005 3489 1046 es

1881 1077 2266 1148 discipulorum
2296 1077 2670 1136 bettevolentia
2694 1121 2710 1147 ,
2738 1081 2827 1153 qui
2854 1089 2967 1137 tum
2995 1081 3252 1139 vivebant
3274 1124 3291 1150 ,
3318 1093 3373 1140 et
3398 1081 3492 1152 qui

1883 1184 2024 1224 nunc
2055 1170 2241 1224 vivunt
2263 1211 2278 1236 ,
2305 1178 2417 1226 tum
2439 1185 2507 1227 ex
2534 1171 2788 1240 periculis
2813 1173 2864 1227 in
2889 1173 3086 1244 quibus
3111 1187 3330 1245 semper
3359 1165 3492 1229 ﬁde-

1880 1260 1964 1317 les
2020 1262 2417 1318 versabantur?
2468 1262 2634 1320 Visne
2687 1263 2982 1319 etiamnum
3032 1265 3216 1321 hostes
3268 1277 3495 1321 cernere

1881 1353 2175 1422 potentiam
2206 1367 2271 1409 ac
2298 1353 2554 1409 virtutem
2591 1353 2711 1426 eius
2750 1354 3134 1426 pertimescere
3157 1397 3173 1425 ,
3218 1371 3284 1411 ac
3323 1355 3494 1410 multo

1881 1443 2114 1514 amplius
2140 1452 2261 1515 post
2287 1459 2505 1502 erucem
2532 1448 2807 1504 mstuare?
2834 1446 2974 1503 Audi
2999 1463 3130 1504 sane
3157 1447 3452 1519 prudenter
3473 1489 3493 1514 ,

1881 1533 2008 1606 quid
2035 1534 2104 1590 de
2125 1535 2210 1592 bis
2247 1537 2504 1608 scriptum
2539 1537 2631 1592 sit.
2674 1537 2802 1593 Cum
2835 1541 2972 1594 enim
3013 1539 3240 1594 viderent
3262 1581 3277 1604 ,
3323 1538 3496 1610 inquit

1883 1628 2156 1697 Scriptura
2182 1669 2198 1695 ,
2255 1627 2432 1684 Judaei
2480 1628 2625 1684 Petri
2668 1631 2722 1684 in
2776 1630 3030 1702 loquendo
3082 1631 3391 1697 libertatem,
3448 1638 3497 1684 et

1882 1721 2102 1778 Joannis
2119 1763 2135 1789 ,
2161 1732 2311 1793 atque
2336 1723 2792 1779 animadverterent
2818 1725 3045 1780 homines
3073 1725 3194 1781 illos
3225 1725 3490 1779 literarum

1885 1816 2036 1871 rudes
2064 1825 2110 1870 et
2136 1818 2398 1885 imperitos
2422 1833 2564 1885 esse,
2611 1819 2929 1873 mirabantur
2972 1816 2993 1890 (
3019 1819 3130 1872 Act.
3153 1819 3209 1874 4.
3238 1819 3305 1873 l5
3340 1818 3392 1888 ),
3441 1825 3498 1871 et

1887 1908 2200 1965 metuebant
2225 1923 2332 1964 non
2356 1909 2499 1981 quod
2529 1910 2715 1968 literas
2739 1911 3050 1980 nescirent,
3079 1909 3175 1966 sed
3201 1909 3344 1982 quod
3369 1923 3494 1965 cum

1887 2000 2126 2058 illiterati
2164 2010 2349 2057 essent
2387 2016 2579 2059 omnes
2617 2003 2886 2074 sapientes
2928 2002 3207 2058 vincerent
3229 2043 3245 2068 ,
3274 2001 3500 2070 Cumque

1890 2092 2145 2148 hominem
2182 2103 2482 2161 cernerent,
2527 2096 2614 2166 qui
2652 2103 2863 2150 sanatus
2903 2104 3048 2158 erat,
3089 2093 3219 2148 nihil
3265 2102 3496 2166 poterant

1889 2187 2235 2241 contradicere
2265 2189 2283 2259 (
2311 2185 2447 2241 Ibid.
2480 2203 2524 2241 υ.
2559 2189 2626 2242 ll
2649 2188 2696 2256 ),
2729 2188 2944 2243 tametsi
2972 2196 3129 2242 antea
3158 2185 3497 2242 contradice-

1890 2280 2019 2335 bant
2046 2294 2167 2334 cum
2197 2279 2348 2351 signa
2379 2279 2494 2335 ﬁeri
2520 2280 2783 2337 viderent.
2813 2279 2919 2335 Cur
2950 2280 3111 2351 igitur
3138 2289 3248 2334 tum
3278 2278 3501 2334 minime

1893 2372 2376 2428 contrarlicebant?
2427 2372 2728 2430 Cohibebat
2779 2373 2991 2428 illorum
3046 2371 3280 2442 linguam
3326 2371 3501 2425 virtus

1892 2467 2173 2522 invisibilis
2215 2466 2501 2523 cruciﬁxi:
2554 2467 2645 2524 ille
2692 2482 2754 2523 os
2797 2481 2986 2523 eorum
3039 2465 3364 2533 obturabat,
3408 2463 3500 2520 ille

1893 2558 2197 2615 libertatem
2229 2561 2284 2613 in
2313 2557 2542 2614 dicendo
2577 2558 2956 2630 compescebat
3003 2576 3018 2613 :
3061 2567 3344 2630 pmpterea
3384 2567 3498 2610 sta-

1895 2650 2063 2719 bant,
2089 2665 2263 2722 neque
2287 2659 2536 2722 poterant
2556 2649 2948 2708 contradicere.
2972 2650 3105 2707 Cum
3131 2657 3311 2708 autem
3337 2649 3500 2706 verba

1894 2743 2056 2797 etiam
2084 2743 2462 2812 protulerunt,
2491 2744 2612 2800 vide
2638 2759 2746 2816 quo
2779 2752 2936 2816 pacto
2979 2751 3178 2800 metum
3223 2759 3379 2799 suum
3420 2741 3501 2798 fa-

1897 2845 2131 2892 teantur.
2171 2835 2337 2892 Vultis
2361 2879 2376 2904 ,
2408 2837 2657 2909 inquiunt
2683 2879 2698 2902 ,
2728 2838 2967 2893 inducere
2994 2853 3147 2909 super
3173 2853 3264 2892 nos
3289 2851 3501 2908 sangui-

1897 2908 2010 2982 nem
2057 2930 2274 2983 hominis
2322 2908 2530 3003 istiusi(
2555 2927 2636 2986 Ib.
2667 2931 2722 2986 5.
2750 2929 2821 2985 28
2848 2930 2901 3000 )?
2946 2931 3016 2984 At
3059 2908 3202 2985 enim
3242 2929 3287 2983 si
3327 2926 3504 2982 nudus

1899 3021 2062 3076 homo
2099 3031 2179 3076 est
2204 3062 2220 3088 ,
2262 3037 2360 3083 cur
2404 3022 2520 3094 ejus
2568 3024 2882 3094 sanguinem
2927 3022 3304 3095 pertimescis?
3342 3035 3504 3092 quam

1900 3115 2096 3170 multos
2125 3113 2414 3185 prophetas
2441 3116 2685 3172 occidisti
2711 3159 2727 3182 ,
2755 3132 2915 3188 quam
2937 3116 3326 3186 multcsjustos
3349 3112 3507 3184 jugu—

1901 3207 2022 3262 lasti
2049 3248 2062 3270 ,
2091 3207 2278 3263 Iudice
2301 3248 2315 3272 ,
2349 3222 2449 3263 nec
2478 3208 2638 3264 ullius
2668 3208 2881 3264 illorum
2911 3209 3225 3280 sanguinem
3254 3203 3475 3262 reformi
3495 3236 3508 3245 -

1901 3299 2085 3354 dasti?
2112 3316 2207 3355 cur
2232 3301 2393 3371 igitur
2423 3301 2510 3356 hic
2539 3301 2900 3359 reformidas?
2938 3301 3080 3358 Vere
3119 3300 3504 3358 conscientiam

1902 3394 2140 3449 terrebat
2196 3394 2406 3459 illorum
2460 3395 2793 3463 cruciﬁxus,
2851 3410 3112 3465 suamque
3169 3392 3506 3448 formidinem

1904 3502 2027 3542 cum
2050 3487 2322 3543 occultare
2366 3503 2472 3542 non
2519 3497 2777 3558 possent,
2823 3489 2906 3544 vel
2949 3489 3112 3544 etiam
3162 3488 3311 3544 inviti
3356 3501 3510 3543 suam

1904 3593 2085 3633 coram
2116 3579 2346 3634 inimicis
2373 3579 2792 3634 imbecillitatem
2825 3578 3079 3634 fatentur.
3106 3580 3184 3635 Ae
3207 3577 3334 3633 dum
3359 3577 3509 3632 illum

1905 3669 2119 3739 quidem
2151 3669 2532 3740 eruciﬁgereat
2556 3710 2572 3735 ,
2613 3670 2920 3724 clamabant
2959 3669 3200 3725 dicentes
3223 3711 3238 3735 ,
3286 3668 3515 3740 Sanguis

1905 3765 2017 3829 eius
2043 3777 2195 3831 super
2221 3779 2312 3816 nos
2336 3802 2350 3826 ,
2383 3771 2430 3815 et
2456 3779 2608 3832 super
2630 3764 2765 3830 ﬁlios
2785 3773 2981 3817 nostros
3009 3761 3231 3835 (Matth.
3260 3761 3351 3816 27.
3380 3761 3450 3817 25
3471 3762 3512 3832 );

1908 3852 2044 3907 adeo
2070 3854 2381 3923 sanguinem
2408 3853 2524 3923 ejus
2554 3855 2900 3924 spernebant.
2937 3855 3063 3910 Post
3087 3855 3387 3925 passionem
3417 3870 3517 3909 au-

1913 3954 2020 3999 tem
2051 3958 2173 3999 cum
2205 3943 2550 4013 ell‘ulgentem
2581 3945 2722 3999 illius
2752 3946 3004 4001 virtutem
3038 3945 3314 4000 intuentur
3341 3986 3355 4008 ,
3385 3961 3515 4017 per-

1915 4037 2204 4090 timescunt
2246 4044 2304 4090 et
2341 4042 2608 4101 mstuant,
2656 4035 2949 4106 dicuntque
2991 4055 3004 4090 :
3062 4035 3229 4090 l’ultis
3279 4037 3518 4091 inducere

1913 4126 2212 4197 sanguinem
2243 4125 2460 4179 hominis
2484 4126 2626 4180 istius
2651 4142 2806 4197 super
2835 4126 2974 4180 nos?
3014 4127 3080 4180 At
3115 4126 3259 4181 enim
3288 4127 3330 4181 si
3361 4126 3523 4180 scdu-

1916 4224 2036 4270 ctor
2060 4223 2179 4270 erat
2203 4257 2217 4281 ,
2245 4223 2302 4271 et
2323 4215 2663 4272 adversarius
2691 4216 2785 4271 Dei
2812 4257 2826 4279 ,
2861 4224 3019 4286 prout
3049 4216 3223 4271 dicitis
3246 4258 3261 4284 ,
3305 4217 3524 4273 scelesti

1914 4307 2087 4364 Judzei
2115 4349 2129 4373 ,
2157 4322 2316 4378 quam
2342 4308 2412 4363 ob
2449 4323 2665 4363 causam
2710 4309 3025 4378 sanguinem
3073 4309 3239 4381 ipsius
3280 4309 3523 4365 timetis?

1920 4401 2137 4456 Etenim
2164 4400 2208 4454 si
2238 4400 2359 4456 talis
2388 4411 2503 4455 erat
2526 4441 2540 4466 ,
2566 4400 2708 4455 illius
2733 4401 2893 4454 etiam
2923 4399 3096 4455 fuerat
3117 4399 3263 4456 crede
3286 4400 3523 4472 glorian-

1916 4491 2066 4546 dum.
2099 4489 2207 4546 Sed
2239 4491 2490 4563 quoniam
2523 4491 2644 4546 talis
2674 4507 2780 4546 non
2808 4501 2924 4546 erat
2949 4533 2962 4554 ,
3000 4491 3199 4547 idcirco
3228 4500 3486 4548 tremunt.

1990 4583 2044 4639 9.
2092 4583 2256 4640 Vides
2279 4585 2514 4655 undique
2542 4593 2597 4639 et
2641 4584 2886 4639 inimicos
2916 4592 3145 4639 aestuare
3187 4600 3250 4641 ac
3288 4586 3526 4641 timere?

1918 4676 2070 4731 vides
2101 4677 2310 4731 illorum
2337 4677 2662 4730 anxietatem
2687 4676 2710 4728 ’ἒ
2748 4674 3004 4730 Crueiﬁxi
3032 4691 3245 4746 quoque
3275 4675 3524 4746 benigni-

1923 4777 2086 4823 tatem
2115 4782 2399 4838 cognosce.
2432 4765 2708 4836 Siquidem
2736 4766 2809 4820 illi
2831 4765 3045 4836 quidem
3068 4765 3318 4822 dicebant
3343 4784 3356 4819 :
3388 4767 3528 4822 San-

1924 4863 2035 4931 guis
2063 4860 2170 4931 ejus
2191 4875 2345 4930 super
2367 4875 2459 4912 nos
2483 4899 2496 4921 ,
2526 4867 2573 4912 et
2603 4873 2754 4927 super
2783 4857 2917 4925 ﬁlios
2948 4867 3144 4912 nostros
3172 4859 3191 4928 (
3218 4857 3406 4912 Matth.
3433 4857 3526 4913 27.

1922 4954 1992 5008 ‘25
2023 4951 2078 5022 )2
2111 4951 2354 5007 Christus
2397 4960 2575 5004 autem
2625 4964 2733 5004 non
2774 4949 2846 5002 ita
2882 4948 3048 5015 fecit;
3093 4964 3279 5004 verum
3324 4946 3530 5020 suppli-

1926 5036 2068 5098 cans
2087 5040 2234 5097 Patri
2264 5041 2374 5106 ait,
2411 5039 2569 5094 Pater
2595 5083 2610 5106 ,
2640 5039 2834 5093 dimitte
2858 5039 3002 5095 illis:
3031 5056 3134 5098 non
3163 5042 3296 5094 enim
3324 5041 3530 5108 sciunt,

1924 5134 2044 5204 quid
2077 5132 2270 5204 faciunt
2299 5130 2318 5201 (
2347 5130 2473 5185 Luc.
2501 5129 2592 5184 εδ.
2625 5131 2694 5185 54
2794 5129 2851 5184 Si
2879 5130 3022 5185 enim
3049 5145 3212 5200 super
3245 5130 3367 5186 illos
3400 5145 3530 5185 san-

1925 5225 2044 5296 guis
2072 5224 2296 5288 fuisset,
2332 5231 2387 5278 et
2415 5237 2577 5291 super
2619 5221 2758 5277 ﬁlios
2799 5221 3009 5277 illorum
3036 5263 3050 5288 ,
3093 5237 3427 5293 nequaquam
3463 5237 3530 5278 ex

1929 5317 2143 5372 illorum
2172 5315 2295 5370 ﬁliis
2322 5314 2517 5370 delecti
2543 5323 2727 5370 essent
2755 5314 2982 5386 apostoli
3026 5332 3040 5367 :
3084 5309 3420 5386 nequaquam
3451 5325 3535 5371 ter

1932 5409 2080 5465 mille
2110 5409 2268 5464 simul
2295 5407 2650 5465 credidissent
2673 5451 2688 5475 ,
2717 5424 2891 5479 neque
2918 5408 3202 5480 quinquies
3232 5407 3399 5464 mille.
3445 5406 3536 5462 Vi-

1931 5501 2026 5558 des
2052 5511 2110 5558 ut
2131 5502 2207 5556 illi
2236 5502 2450 5573 quidem
2480 5501 2729 5557 crudeles
2759 5517 2822 5557 ac
2851 5503 2977 5556 szevi
3009 5517 3131 5557 cum
3163 5503 3214 5557 in
3246 5517 3372 5557 suos
3397 5500 3536 5555 libe-

1933 5609 2021 5650 ros
2053 5602 2232 5649 essent
2260 5633 2277 5661 ,
2305 5594 2474 5664 ipsam
2507 5593 2668 5649 etiam
2721 5603 2964 5648 naturam
3005 5595 3320 5667 abnegarint
3343 5636 3357 5658 ,
3393 5593 3534 5647 Deus

1933 5697 2112 5743 autem
2145 5695 2325 5758 patres
2346 5702 2535 5742 omnes
2557 5688 2888 5755 superaverit
2914 5687 3241 5757 benignitate
3263 5728 3279 5754 ,
3305 5701 3367 5741 ac
3394 5681 3534 5740 ﬁlios

1933 5780 2119 5847 majori
2148 5792 2306 5849 quam
2337 5787 2536 5834 :natres
2581 5776 2740 5834 fuerit
2782 5791 2967 5834 amore
3005 5771 3530 5850 eomplexus?Sanl
