  <div class='ocr_page' id='page_1' title='image "/cluster/home/n/w/nwhite01/storage/ocr_20150623/51/pst.000005712502/111.png"; bbox 0 0 4212 6290; ppageno 0'>
   <div class='ocr_carea' id='block_1_1' title="bbox 719 310 816 368">
    <p class='ocr_par' dir='ltr' id='par_1_1' title="bbox 719 310 816 368">
     <span class='ocr_line' id='line_1_1' title="bbox 719 310 816 368; baseline -0.052 0"><span class='ocrx_word' id='word_1_1' title='bbox 719 310 816 368; x_wconf 71' lang='grc'><strong>111</strong></span> 
     </span>
    </p>
   </div>
   <div class='ocr_carea' id='block_1_2' title="bbox 722 427 2309 501">
    <p class='ocr_par' dir='ltr' id='par_1_2' title="bbox 722 427 2309 501">
     <span class='ocr_line' id='line_1_2' title="bbox 722 427 2309 501; baseline 0.001 -18"><span class='ocrx_word' id='word_1_2' title='bbox 722 433 842 498; x_wconf 82' lang='lat' dir='ltr'><strong>guis</strong></span> <span class='ocrx_word' id='word_1_3' title='bbox 869 427 1013 485; x_wconf 84' lang='lat' dir='ltr'><strong>enim</strong></span> <span class='ocrx_word' id='word_1_4' title='bbox 1037 428 1157 501; x_wconf 82' lang='lat' dir='ltr'><strong>ejus</strong></span> <span class='ocrx_word' id='word_1_5' title='bbox 1182 442 1343 499; x_wconf 84' lang='lat' dir='ltr'><strong>super</strong></span> <span class='ocrx_word' id='word_1_6' title='bbox 1368 427 1488 483; x_wconf 87' lang='lat' dir='ltr'><strong>illos</strong></span> <span class='ocrx_word' id='word_1_7' title='bbox 1511 428 1566 483; x_wconf 90' lang='lat' dir='ltr'><strong>et</strong></span> <span class='ocrx_word' id='word_1_8' title='bbox 1590 442 1753 499; x_wconf 80' lang='lat' dir='ltr'><strong>super</strong></span> <span class='ocrx_word' id='word_1_9' title='bbox 1779 428 1990 484; x_wconf 73' lang='lat' dir='ltr'><strong>illorum</strong></span> <span class='ocrx_word' id='word_1_10' title='bbox 2021 429 2156 486; x_wconf 82' lang='lat' dir='ltr'><strong>ﬁlios</strong></span> <span class='ocrx_word' id='word_1_11' title='bbox 2184 428 2309 493; x_wconf 75' lang='lat' dir='ltr'><strong>fuit;</strong></span> 
     </span>
    </p>
   </div>
   <div class='ocr_carea' id='block_1_3' title="bbox 721 520 2309 593">
    <p class='ocr_par' dir='ltr' id='par_1_3' title="bbox 721 520 2309 593">
     <span class='ocr_line' id='line_1_3' title="bbox 721 520 2309 593; baseline -0.001 -16"><span class='ocrx_word' id='word_1_12' title='bbox 721 526 887 593; x_wconf 79' lang='lat' dir='ltr'><strong>super</strong></span> <span class='ocrx_word' id='word_1_13' title='bbox 915 521 1053 578; x_wconf 74' lang='lat' dir='ltr'><strong>iiiios</strong></span> <span class='ocrx_word' id='word_1_14' title='bbox 1075 536 1208 578; x_wconf 88' lang='lat' dir='ltr'><strong>vero</strong></span> <span class='ocrx_word' id='word_1_15' title='bbox 1228 522 1349 576; x_wconf 80' lang='lat' dir='ltr'><strong>ubn&#39;</strong></span> <span class='ocrx_word' id='word_1_16' title='bbox 1365 534 1554 575; x_wconf 88' lang='lat' dir='ltr'><strong>omnes</strong></span> <span class='ocrx_word' id='word_1_17' title='bbox 1580 562 1597 588; x_wconf 92' lang='lat'><strong>,</strong></span> <span class='ocrx_word' id='word_1_18' title='bbox 1624 520 1721 576; x_wconf 81' lang='lat' dir='ltr'><strong>sed</strong></span> <span class='ocrx_word' id='word_1_19' title='bbox 1745 528 1907 592; x_wconf 86' lang='lat' dir='ltr'><strong>super</strong></span> <span class='ocrx_word' id='word_1_20' title='bbox 1935 521 2055 578; x_wconf 91' lang='lat' dir='ltr'><strong>illos</strong></span> <span class='ocrx_word' id='word_1_21' title='bbox 2081 530 2309 590; x_wconf 88' lang='lat' dir='ltr'><strong>tantum,</strong></span> 
     </span>
    </p>
   </div>
   <div class='ocr_carea' id='block_1_4' title="bbox 724 609 2311 682">
    <p class='ocr_par' dir='ltr' id='par_1_4' title="bbox 724 609 2311 682">
     <span class='ocr_line' id='line_1_4' title="bbox 724 609 2311 682; baseline 0 -16"><span class='ocrx_word' id='word_1_22' title='bbox 724 609 819 682; x_wconf 85' lang='lat' dir='ltr'><strong>qui</strong></span> <span class='ocrx_word' id='word_1_23' title='bbox 849 616 1121 682; x_wconf 79' lang='lat' dir='ltr'><strong>paternam</strong></span> <span class='ocrx_word' id='word_1_24' title='bbox 1152 609 1480 681; x_wconf 72' lang='lat' dir='ltr'><strong>impietatem</strong></span> <span class='ocrx_word' id='word_1_25' title='bbox 1510 617 1565 665; x_wconf 90' lang='lat' dir='ltr'><strong>et</strong></span> <span class='ocrx_word' id='word_1_26' title='bbox 1586 610 1924 682; x_wconf 73' lang='lat' dir='ltr'><strong>iniquitatem</strong></span> <span class='ocrx_word' id='word_1_27' title='bbox 1955 611 2143 667; x_wconf 79' lang='lat' dir='ltr'><strong>imitati</strong></span> <span class='ocrx_word' id='word_1_28' title='bbox 2167 620 2311 678; x_wconf 87' lang='lat' dir='ltr'><strong>sunt,</strong></span> 
     </span>
    </p>
   </div>
   <div class='ocr_carea' id='block_1_5' title="bbox 723 700 2314 777">
    <p class='ocr_par' dir='ltr' id='par_1_5' title="bbox 723 700 2314 777">
     <span class='ocr_line' id='line_1_5' title="bbox 723 700 2314 777; baseline 0.001 -21"><span class='ocrx_word' id='word_1_29' title='bbox 723 710 778 757; x_wconf 86' lang='lat' dir='ltr'><strong>et</strong></span> <span class='ocrx_word' id='word_1_30' title='bbox 802 710 1061 773; x_wconf 84' lang='lat' dir='ltr'><strong>quotquot</strong></span> <span class='ocrx_word' id='word_1_31' title='bbox 1088 700 1196 757; x_wconf 88' lang='lat' dir='ltr'><strong>illis</strong></span> <span class='ocrx_word' id='word_1_32' title='bbox 1236 700 1333 758; x_wconf 79' lang='lat' dir='ltr'><strong>lilii</strong></span> <span class='ocrx_word' id='word_1_33' title='bbox 1373 700 1590 777; x_wconf 76' lang='lat' dir='ltr'><strong>fuerunt</strong></span> <span class='ocrx_word' id='word_1_34' title='bbox 1627 717 1735 759; x_wconf 87' lang='lat' dir='ltr'><strong>non</strong></span> <span class='ocrx_word' id='word_1_35' title='bbox 1776 702 2066 758; x_wconf 85' lang='lat' dir='ltr'><strong>secundum</strong></span> <span class='ocrx_word' id='word_1_36' title='bbox 2109 711 2314 758; x_wconf 73' lang='lat' dir='ltr'><strong>natum</strong></span> 
     </span>
    </p>
   </div>
   <div class='ocr_carea' id='block_1_6' title="bbox 721 793 2312 862">
    <p class='ocr_par' dir='ltr' id='par_1_6' title="bbox 721 793 2312 862">
     <span class='ocr_line' id='line_1_6' title="bbox 721 793 2312 862; baseline 0 -13"><span class='ocrx_word' id='word_1_37' title='bbox 721 794 1120 853; x_wconf 80' lang='lat' dir='ltr'><strong>successionem</strong></span> <span class='ocrx_word' id='word_1_38' title='bbox 1145 832 1162 861; x_wconf 83' lang='lat'><strong>,</strong></span> <span class='ocrx_word' id='word_1_39' title='bbox 1207 793 1305 849; x_wconf 88' lang='lat' dir='ltr'><strong>sed</strong></span> <span class='ocrx_word' id='word_1_40' title='bbox 1348 794 1643 851; x_wconf 88' lang='lat' dir='ltr'><strong>secundum</strong></span> <span class='ocrx_word' id='word_1_41' title='bbox 1685 793 1974 851; x_wconf 86' lang='lat' dir='ltr'><strong>voluntatis</strong></span> <span class='ocrx_word' id='word_1_42' title='bbox 2012 793 2270 850; x_wconf 81' lang='lat' dir='ltr'><strong>insaniam</strong></span> <span class='ocrx_word' id='word_1_43' title='bbox 2295 834 2312 862; x_wconf 95' lang='lat'><strong>,</strong></span> 
     </span>
    </p>
   </div>
   <div class='ocr_carea' id='block_1_7' title="bbox 730 881 1663 941">
    <p class='ocr_par' dir='ltr' id='par_1_7' title="bbox 730 881 1663 941">
     <span class='ocr_line' id='line_1_7' title="bbox 730 881 1663 941; baseline 0.002 -2"><span class='ocrx_word' id='word_1_44' title='bbox 730 884 785 939; x_wconf 83' lang='lat' dir='ltr'><strong>hi</strong></span> <span class='ocrx_word' id='word_1_45' title='bbox 813 883 915 939; x_wconf 89' lang='lat' dir='ltr'><strong>soli</strong></span> <span class='ocrx_word' id='word_1_46' title='bbox 941 882 1098 939; x_wconf 86' lang='lat' dir='ltr'><strong>malis</strong></span> <span class='ocrx_word' id='word_1_47' title='bbox 1125 885 1244 940; x_wconf 81' lang='lat' dir='ltr'><strong>facti</strong></span> <span class='ocrx_word' id='word_1_48' title='bbox 1274 894 1401 941; x_wconf 90' lang='lat' dir='ltr'><strong>sunt</strong></span> <span class='ocrx_word' id='word_1_49' title='bbox 1426 881 1663 941; x_wconf 81' lang='lat' dir='ltr'><strong>obnoxii.</strong></span> 
     </span>
    </p>
   </div>
   <div class='ocr_carea' id='block_1_8' title="bbox 794 972 2316 1047">
    <p class='ocr_par' dir='ltr' id='par_1_8' title="bbox 794 972 2316 1047">
     <span class='ocr_line' id='line_1_8' title="bbox 794 972 2316 1047; baseline 0.001 -19"><span class='ocrx_word' id='word_1_50' title='bbox 794 972 1081 1031; x_wconf 63' lang='lat' dir='ltr'><strong>let-stabnt</strong></span> <span class='ocrx_word' id='word_1_51' title='bbox 1108 975 1310 1047; x_wconf 76' lang='lat' dir='ltr'><strong>quando</strong></span> <span class='ocrx_word' id='word_1_52' title='bbox 1348 978 1536 1033; x_wconf 74' lang='lat' dir='ltr'><strong>excisa.</strong></span> <span class='ocrx_word' id='word_1_53' title='bbox 1571 1005 1645 1018; x_wconf 95' lang='lat'>—</span> <span class='ocrx_word' id='word_1_54' title='bbox 1668 975 1747 1032; x_wconf 80' lang='lat' dir='ltr'><strong>Tu</strong></span> <span class='ocrx_word' id='word_1_55' title='bbox 1771 990 1900 1032; x_wconf 89' lang='lat' dir='ltr'><strong>vero</strong></span> <span class='ocrx_word' id='word_1_56' title='bbox 1932 974 2063 1031; x_wconf 85' lang='lat' dir='ltr'><strong>mihi</strong></span> <span class='ocrx_word' id='word_1_57' title='bbox 2098 974 2316 1031; x_wconf 82' lang='lat' dir='ltr'><strong>bonita-</strong></span> 
     </span>
    </p>
   </div>
   <div class='ocr_carea' id='block_1_9' title="bbox 726 1064 2313 1139">
    <p class='ocr_par' dir='ltr' id='par_1_9' title="bbox 726 1064 2313 1139">
     <span class='ocr_line' id='line_1_9' title="bbox 726 1064 2313 1139; baseline 0.002 -21"><span class='ocrx_word' id='word_1_58' title='bbox 726 1078 832 1121; x_wconf 65' lang='lat' dir='ltr'><strong>tem</strong></span> <span class='ocrx_word' id='word_1_59' title='bbox 870 1079 935 1121; x_wconf 84' lang='lat' dir='ltr'><strong>ac</strong></span> <span class='ocrx_word' id='word_1_60' title='bbox 962 1064 1344 1138; x_wconf 82' lang='lat' dir='ltr'><strong>benignitatem</strong></span> <span class='ocrx_word' id='word_1_61' title='bbox 1385 1068 1481 1124; x_wconf 85' lang='lat' dir='ltr'><strong>Dei</strong></span> <span class='ocrx_word' id='word_1_62' title='bbox 1517 1066 1730 1124; x_wconf 89' lang='lat' dir='ltr'><strong>aliunde</strong></span> <span class='ocrx_word' id='word_1_63' title='bbox 1762 1082 1974 1139; x_wconf 90' lang='lat' dir='ltr'><strong>quoque</strong></span> <span class='ocrx_word' id='word_1_64' title='bbox 2013 1066 2313 1124; x_wconf 88' lang='lat' dir='ltr'><strong>considera.</strong></span> 
     </span>
    </p>
   </div>
   <div class='ocr_carea' id='block_1_10' title="bbox 724 1154 2314 1232">
    <p class='ocr_par' dir='ltr' id='par_1_10' title="bbox 724 1154 2314 1232">
     <span class='ocr_line' id='line_1_10' title="bbox 724 1154 2314 1232; baseline 0.001 -20"><span class='ocrx_word' id='word_1_65' title='bbox 724 1154 842 1213; x_wconf 78' lang='lat' dir='ltr'><strong>Non</strong></span> <span class='ocrx_word' id='word_1_66' title='bbox 873 1159 1017 1215; x_wconf 86' lang='lat' dir='ltr'><strong>enim</strong></span> <span class='ocrx_word' id='word_1_67' title='bbox 1047 1160 1227 1216; x_wconf 94' lang='lat' dir='ltr'><strong>statim</strong></span> <span class='ocrx_word' id='word_1_68' title='bbox 1264 1159 1371 1214; x_wconf 87' lang='lat' dir='ltr'><strong>illis</strong></span> <span class='ocrx_word' id='word_1_69' title='bbox 1402 1159 1718 1231; x_wconf 76' lang='lat' dir='ltr'><strong>supplicium</strong></span> <span class='ocrx_word' id='word_1_70' title='bbox 1756 1174 1822 1216; x_wconf 91' lang='lat' dir='ltr'><strong>ac</strong></span> <span class='ocrx_word' id='word_1_71' title='bbox 1864 1175 2078 1232; x_wconf 67' lang='lat' dir='ltr'><strong>poenam</strong></span> <span class='ocrx_word' id='word_1_72' title='bbox 2116 1160 2314 1227; x_wconf 82' lang='lat' dir='ltr'><strong>intulit,</strong></span> 
     </span>
    </p>
   </div>
   <div class='ocr_carea' id='block_1_11' title="bbox 719 1249 2322 1323">
    <p class='ocr_par' dir='ltr' id='par_1_11' title="bbox 719 1249 2322 1323">
     <span class='ocr_line' id='line_1_11' title="bbox 719 1249 2322 1323; baseline 0 -18"><span class='ocrx_word' id='word_1_73' title='bbox 719 1249 821 1305; x_wconf 87' lang='lat' dir='ltr'><strong>sed</strong></span> <span class='ocrx_word' id='word_1_74' title='bbox 848 1249 1198 1321; x_wconf 75' lang='lat' dir='ltr'><strong>quadraginta</strong></span> <span class='ocrx_word' id='word_1_75' title='bbox 1218 1258 1272 1305; x_wconf 89' lang='lat' dir='ltr'><strong>et</strong></span> <span class='ocrx_word' id='word_1_76' title='bbox 1297 1250 1479 1321; x_wconf 88' lang='lat' dir='ltr'><strong>plures</strong></span> <span class='ocrx_word' id='word_1_77' title='bbox 1506 1252 1643 1308; x_wconf 89' lang='lat' dir='ltr'><strong>elabi</strong></span> <span class='ocrx_word' id='word_1_78' title='bbox 1670 1260 1791 1321; x_wconf 86' lang='lat' dir='ltr'><strong>post</strong></span> <span class='ocrx_word' id='word_1_79' title='bbox 1815 1250 2121 1323; x_wconf 87' lang='lat' dir='ltr'><strong>passionem</strong></span> <span class='ocrx_word' id='word_1_80' title='bbox 2146 1264 2322 1306; x_wconf 85' lang='lat' dir='ltr'><strong>annos</strong></span> 
     </span>
    </p>
   </div>
   <div class='ocr_carea' id='block_1_12' title="bbox 725 1338 2319 1416">
    <p class='ocr_par' dir='ltr' id='par_1_12' title="bbox 725 1338 2319 1416">
     <span class='ocr_line' id='line_1_12' title="bbox 725 1338 2319 1416; baseline 0.001 -19"><span class='ocrx_word' id='word_1_81' title='bbox 725 1340 870 1398; x_wconf 84' lang='lat' dir='ltr'><strong>sivit.</strong></span> <span class='ocrx_word' id='word_1_82' title='bbox 898 1342 1173 1413; x_wconf 86' lang='lat' dir='ltr'><strong>Siquidem</strong></span> <span class='ocrx_word' id='word_1_83' title='bbox 1203 1342 1456 1400; x_wconf 82' lang='lat' dir='ltr'><strong>Salvator</strong></span> <span class='ocrx_word' id='word_1_84' title='bbox 1480 1344 1594 1415; x_wconf 84' lang='lat' dir='ltr'><strong>ipse</strong></span> <span class='ocrx_word' id='word_1_85' title='bbox 1617 1338 1837 1401; x_wconf 80' lang='lat' dir='ltr'><strong>Tiberio</strong></span> <span class='ocrx_word' id='word_1_86' title='bbox 1854 1344 2151 1416; x_wconf 82' lang='lat' dir='ltr'><strong>imperante</strong></span> <span class='ocrx_word' id='word_1_87' title='bbox 2172 1342 2319 1400; x_wconf 85' lang='lat' dir='ltr'><strong>cruci</strong></span> 
     </span>
    </p>
   </div>
   <div class='ocr_carea' id='block_1_13' title="bbox 728 1423 2321 1505">
    <p class='ocr_par' dir='ltr' id='par_1_13' title="bbox 728 1423 2321 1505">
     <span class='ocr_line' id='line_1_13' title="bbox 728 1423 2321 1505; baseline 0.001 -18"><span class='ocrx_word' id='word_1_88' title='bbox 728 1432 921 1489; x_wconf 78' lang='lat' dir='ltr'><strong>amsus</strong></span> <span class='ocrx_word' id='word_1_89' title='bbox 948 1442 1033 1490; x_wconf 88' lang='lat' dir='ltr'><strong>est</strong></span> <span class='ocrx_word' id='word_1_90' title='bbox 1063 1451 1079 1490; x_wconf 89' lang='lat'><strong>:</strong></span> <span class='ocrx_word' id='word_1_91' title='bbox 1114 1442 1171 1490; x_wconf 90' lang='lat' dir='ltr'><strong>at</strong></span> <span class='ocrx_word' id='word_1_92' title='bbox 1211 1434 1423 1491; x_wconf 87' lang='lat' dir='ltr'><strong>illorum</strong></span> <span class='ocrx_word' id='word_1_93' title='bbox 1469 1434 1658 1491; x_wconf 81' lang='lat' dir='ltr'><strong>civitas</strong></span> <span class='ocrx_word' id='word_1_94' title='bbox 1701 1423 2090 1505; x_wconf 75' lang='lat' dir='ltr'><strong>imperantibus</strong></span> <span class='ocrx_word' id='word_1_95' title='bbox 2118 1432 2321 1505; x_wconf 80' lang='lat' dir='ltr'><strong>Vespa-</strong></span> 
     </span>
    </p>
   </div>
   <div class='ocr_carea' id='block_1_14' title="bbox 726 1521 2319 1597">
    <p class='ocr_par' dir='ltr' id='par_1_14' title="bbox 726 1521 2319 1597">
     <span class='ocr_line' id='line_1_14' title="bbox 726 1521 2319 1597; baseline 0.001 -19"><span class='ocrx_word' id='word_1_96' title='bbox 726 1521 880 1579; x_wconf 65' lang='grc' dir='ltr'><strong>εἱεηὸ</strong></span> <span class='ocrx_word' id='word_1_97' title='bbox 903 1539 966 1580; x_wconf 92' lang='lat' dir='ltr'><strong>ac</strong></span> <span class='ocrx_word' id='word_1_98' title='bbox 986 1524 1109 1582; x_wconf 80' lang='lat' dir='ltr'><strong>Tito</strong></span> <span class='ocrx_word' id='word_1_99' title='bbox 1132 1534 1289 1596; x_wconf 77' lang='lat' dir='ltr'><strong>capta</strong></span> <span class='ocrx_word' id='word_1_100' title='bbox 1308 1534 1411 1583; x_wconf 82' lang='lat' dir='ltr'><strong>est.</strong></span> <span class='ocrx_word' id='word_1_101' title='bbox 1437 1526 1543 1583; x_wconf 87' lang='lat' dir='ltr'><strong>Cur</strong></span> <span class='ocrx_word' id='word_1_102' title='bbox 1570 1526 1732 1597; x_wconf 89' lang='lat' dir='ltr'><strong>igitur</strong></span> <span class='ocrx_word' id='word_1_103' title='bbox 1754 1538 2091 1596; x_wconf 83' lang='lat' dir='ltr'><strong>consequens</strong></span> <span class='ocrx_word' id='word_1_104' title='bbox 2110 1532 2319 1594; x_wconf 77' lang='lat' dir='ltr'><strong>tempus</strong></span> 
     </span>
    </p>
   </div>
   <div class='ocr_carea' id='block_1_15' title="bbox 731 1615 2343 1688">
    <p class='ocr_par' dir='ltr' id='par_1_15' title="bbox 731 1615 2343 1688">
     <span class='ocr_line' id='line_1_15' title="bbox 731 1615 2343 1688; baseline -0.001 -18"><span class='ocrx_word' id='word_1_105' title='bbox 731 1615 948 1672; x_wconf 76' lang='lat' dir='ltr'><strong>omisit?</strong></span> <span class='ocrx_word' id='word_1_106' title='bbox 973 1616 1153 1673; x_wconf 79' lang='lat' dir='ltr'><strong>Voluit</strong></span> <span class='ocrx_word' id='word_1_107' title='bbox 1179 1617 1287 1673; x_wconf 86' lang='lat' dir='ltr'><strong>illis</strong></span> <span class='ocrx_word' id='word_1_108' title='bbox 1313 1617 1543 1688; x_wconf 79' lang='lat' dir='ltr'><strong>spatium</strong></span> <span class='ocrx_word' id='word_1_109' title='bbox 1567 1617 1635 1672; x_wconf 91' lang='lat' dir='ltr'><strong>ad</strong></span> <span class='ocrx_word' id='word_1_110' title='bbox 1663 1616 2032 1688; x_wconf 76' lang='lat' dir='ltr'><strong>pmniteutiam</strong></span> <span class='ocrx_word' id='word_1_111' title='bbox 2055 1615 2343 1687; x_wconf 42' lang='lat' dir='ltr'><strong>agendam,</strong></span> 
     </span>
    </p>
   </div>
   <div class='ocr_carea' id='block_1_16' title="bbox 660 1705 2321 1783">
    <p class='ocr_par' dir='ltr' id='par_1_16' title="bbox 660 1705 2321 1783">
     <span class='ocr_line' id='line_1_16' title="bbox 660 1705 2321 1783; baseline -0.002 -16"><span class='ocrx_word' id='word_1_112' title='bbox 660 1780 664 1782; x_wconf 11' lang='grc' dir='ltr'><strong>γ</strong></span> <span class='ocrx_word' id='word_1_113' title='bbox 730 1710 1005 1781; x_wconf 71' lang='grc' dir='ltr'>ριωιιεῐο,</span> <span class='ocrx_word' id='word_1_114' title='bbox 1034 1718 1093 1765; x_wconf 83' lang='grc' dir='ltr'><strong>ιιι</strong></span> <span class='ocrx_word' id='word_1_115' title='bbox 1121 1719 1339 1781; x_wconf 88' lang='lat' dir='ltr'><strong>peccata</strong></span> <span class='ocrx_word' id='word_1_116' title='bbox 1362 1709 1713 1783; x_wconf 83' lang='lat' dir='ltr'><strong>deponerent,</strong></span> <span class='ocrx_word' id='word_1_117' title='bbox 1744 1718 1804 1765; x_wconf 89' lang='lat' dir='ltr'><strong>ut</strong></span> <span class='ocrx_word' id='word_1_118' title='bbox 1830 1708 2057 1765; x_wconf 87' lang='lat' dir='ltr'><strong>crimina</strong></span> <span class='ocrx_word' id='word_1_119' title='bbox 2083 1722 2114 1763; x_wconf 91' lang='lat' dir='ltr'><strong>a</strong></span> <span class='ocrx_word' id='word_1_120' title='bbox 2139 1722 2201 1764; x_wconf 87' lang='lat' dir='ltr'><strong>se</strong></span> <span class='ocrx_word' id='word_1_121' title='bbox 2225 1705 2321 1762; x_wconf 90' lang='lat' dir='ltr'><strong>de-</strong></span> 
     </span>
    </p>
   </div>
   <div class='ocr_carea' id='block_1_17' title="bbox 721 1796 2321 1874">
    <p class='ocr_par' dir='ltr' id='par_1_17' title="bbox 721 1796 2321 1874">
     <span class='ocr_line' id='line_1_17' title="bbox 721 1796 2321 1874; baseline -0.002 -17"><span class='ocrx_word' id='word_1_122' title='bbox 721 1801 1013 1873; x_wconf 77' lang='lat' dir='ltr'><strong>pellerent.</strong></span> <span class='ocrx_word' id='word_1_123' title='bbox 1047 1801 1335 1874; x_wconf 76' lang='lat' dir='ltr'><strong>Postquam</strong></span> <span class='ocrx_word' id='word_1_124' title='bbox 1361 1796 1543 1859; x_wconf 86' lang='lat' dir='ltr'><strong>autem</strong></span> <span class='ocrx_word' id='word_1_125' title='bbox 1573 1802 1828 1873; x_wconf 85' lang='lat' dir='ltr'><strong>temporis</strong></span> <span class='ocrx_word' id='word_1_126' title='bbox 1850 1801 2080 1872; x_wconf 89' lang='lat' dir='ltr'><strong>spatium</strong></span> <span class='ocrx_word' id='word_1_127' title='bbox 2110 1799 2178 1854; x_wconf 92' lang='lat' dir='ltr'><strong>ad</strong></span> <span class='ocrx_word' id='word_1_128' title='bbox 2208 1812 2321 1872; x_wconf 64' lang='lat' dir='ltr'><strong>pm-</strong></span> 
     </span>
    </p>
   </div>
   <div class='ocr_carea' id='block_1_18' title="bbox 718 1892 2323 1967">
    <p class='ocr_par' dir='ltr' id='par_1_18' title="bbox 718 1892 2323 1967">
     <span class='ocr_line' id='line_1_18' title="bbox 718 1892 2323 1967; baseline -0.002 -14"><span class='ocrx_word' id='word_1_129' title='bbox 718 1893 1007 1953; x_wconf 68' lang='lat' dir='ltr'><strong>aitentiam</strong></span> <span class='ocrx_word' id='word_1_130' title='bbox 1067 1896 1427 1967; x_wconf 67' lang='lat' dir='ltr'><strong>prastitutum</strong></span> <span class='ocrx_word' id='word_1_131' title='bbox 1498 1894 1760 1952; x_wconf 88' lang='lat' dir='ltr'><strong>habentes</strong></span> <span class='ocrx_word' id='word_1_132' title='bbox 1816 1892 2196 1952; x_wconf 87' lang='lat' dir='ltr'><strong>immedicabili</strong></span> <span class='ocrx_word' id='word_1_133' title='bbox 2263 1906 2323 1950; x_wconf 85' lang='lat' dir='ltr'><strong>se</strong></span> 
     </span>
    </p>
   </div>
   <div class='ocr_carea' id='block_1_19' title="bbox 721 1982 2324 2058">
    <p class='ocr_par' dir='ltr' id='par_1_19' title="bbox 721 1982 2324 2058">
     <span class='ocr_line' id='line_1_19' title="bbox 721 1982 2324 2058; baseline -0.001 -19"><span class='ocrx_word' id='word_1_134' title='bbox 721 1984 980 2042; x_wconf 72' lang='lat' dir='ltr'><strong>laborare</strong></span> <span class='ocrx_word' id='word_1_135' title='bbox 1005 1984 1196 2042; x_wconf 88' lang='lat' dir='ltr'><strong>morbo</strong></span> <span class='ocrx_word' id='word_1_136' title='bbox 1222 2000 1336 2058; x_wconf 66' lang='lat' dir='ltr'><strong>prae</strong></span> <span class='ocrx_word' id='word_1_137' title='bbox 1363 2000 1425 2042; x_wconf 86' lang='lat' dir='ltr'><strong>se</strong></span> <span class='ocrx_word' id='word_1_138' title='bbox 1447 1985 1707 2053; x_wconf 89' lang='lat' dir='ltr'><strong>tulerunt,</strong></span> <span class='ocrx_word' id='word_1_139' title='bbox 1739 1993 1850 2040; x_wconf 90' lang='lat' dir='ltr'><strong>tum</strong></span> <span class='ocrx_word' id='word_1_140' title='bbox 1877 1982 2091 2041; x_wconf 89' lang='lat' dir='ltr'><strong>demum</strong></span> <span class='ocrx_word' id='word_1_141' title='bbox 2118 1982 2324 2054; x_wconf 82' lang='lat' dir='ltr'><strong>suppli-</strong></span> 
     </span>
    </p>
   </div>
   <div class='ocr_carea' id='block_1_20' title="bbox 723 2072 2324 2147">
    <p class='ocr_par' dir='ltr' id='par_1_20' title="bbox 723 2072 2324 2147">
     <span class='ocr_line' id='line_1_20' title="bbox 723 2072 2324 2147; baseline -0.001 -16"><span class='ocrx_word' id='word_1_142' title='bbox 723 2075 874 2131; x_wconf 82' lang='lat' dir='ltr'><strong>cium</strong></span> <span class='ocrx_word' id='word_1_143' title='bbox 904 2075 1010 2132; x_wconf 88' lang='lat' dir='ltr'><strong>illis</strong></span> <span class='ocrx_word' id='word_1_144' title='bbox 1035 2090 1101 2131; x_wconf 87' lang='lat' dir='ltr'><strong>ac</strong></span> <span class='ocrx_word' id='word_1_145' title='bbox 1129 2090 1342 2147; x_wconf 65' lang='lat' dir='ltr'><strong>prunam</strong></span> <span class='ocrx_word' id='word_1_146' title='bbox 1371 2076 1580 2144; x_wconf 88' lang='lat' dir='ltr'><strong>intulit,</strong></span> <span class='ocrx_word' id='word_1_147' title='bbox 1621 2084 1677 2132; x_wconf 92' lang='lat' dir='ltr'><strong>et</strong></span> <span class='ocrx_word' id='word_1_148' title='bbox 1708 2089 1894 2132; x_wconf 85' lang='lat' dir='ltr'><strong>eversa</strong></span> <span class='ocrx_word' id='word_1_149' title='bbox 1934 2074 2150 2129; x_wconf 87' lang='lat' dir='ltr'><strong>illorum</strong></span> <span class='ocrx_word' id='word_1_150' title='bbox 2189 2072 2324 2129; x_wconf 87' lang='lat' dir='ltr'><strong>urbe</strong></span> 
     </span>
    </p>
   </div>
   <div class='ocr_carea' id='block_1_21' title="bbox 724 2164 2319 2238">
    <p class='ocr_par' dir='ltr' id='par_1_21' title="bbox 724 2164 2319 2238">
     <span class='ocr_line' id='line_1_21' title="bbox 724 2164 2319 2238; baseline -0.003 -16"><span class='ocrx_word' id='word_1_151' title='bbox 724 2181 831 2238; x_wconf 80' lang='lat' dir='ltr'><strong>per</strong></span> <span class='ocrx_word' id='word_1_152' title='bbox 848 2165 1155 2223; x_wconf 79' lang='lat' dir='ltr'><strong>universum</strong></span> <span class='ocrx_word' id='word_1_153' title='bbox 1172 2166 1361 2224; x_wconf 83' lang='lat' dir='ltr'><strong>urbem</strong></span> <span class='ocrx_word' id='word_1_154' title='bbox 1384 2174 1646 2224; x_wconf 85' lang='lat' dir='ltr'><strong>terrarum</strong></span> <span class='ocrx_word' id='word_1_155' title='bbox 1666 2165 1887 2222; x_wconf 86' lang='lat' dir='ltr'><strong>eductos</strong></span> <span class='ocrx_word' id='word_1_156' title='bbox 1908 2165 2029 2221; x_wconf 83' lang='lat' dir='ltr'><strong>illos</strong></span> <span class='ocrx_word' id='word_1_157' title='bbox 2049 2164 2319 2235; x_wconf 78' lang='lat' dir='ltr'><strong>dispersit.</strong></span> 
     </span>
    </p>
   </div>
   <div class='ocr_carea' id='block_1_22' title="bbox 727 2253 2323 2331">
    <p class='ocr_par' dir='ltr' id='par_1_22' title="bbox 727 2253 2323 2331">
     <span class='ocr_line' id='line_1_22' title="bbox 727 2253 2323 2331; baseline -0.001 -16"><span class='ocrx_word' id='word_1_158' title='bbox 727 2259 913 2330; x_wconf 72' lang='lat' dir='ltr'><strong>Atque</strong></span> <span class='ocrx_word' id='word_1_159' title='bbox 942 2258 1045 2315; x_wconf 90' lang='lat' dir='ltr'><strong>hoc</strong></span> <span class='ocrx_word' id='word_1_160' title='bbox 1072 2258 1418 2331; x_wconf 75' lang='lat' dir='ltr'><strong>benignitatis</strong></span> <span class='ocrx_word' id='word_1_161' title='bbox 1443 2258 1561 2330; x_wconf 82' lang='lat' dir='ltr'><strong>ejus</strong></span> <span class='ocrx_word' id='word_1_162' title='bbox 1586 2273 1727 2331; x_wconf 88' lang='lat' dir='ltr'><strong>opus</strong></span> <span class='ocrx_word' id='word_1_163' title='bbox 1746 2256 1870 2315; x_wconf 74' lang='lat' dir='ltr'><strong>fuit.</strong></span> <span class='ocrx_word' id='word_1_164' title='bbox 1899 2253 2175 2330; x_wconf 88' lang='lat' dir='ltr'><strong>Siquidem</strong></span> <span class='ocrx_word' id='word_1_165' title='bbox 2204 2256 2323 2313; x_wconf 86' lang='lat' dir='ltr'><strong>illos</strong></span> 
     </span>
    </p>
   </div>
   <div class='ocr_carea' id='block_1_23' title="bbox 725 2350 2325 2423">
    <p class='ocr_par' dir='ltr' id='par_1_23' title="bbox 725 2350 2325 2423">
     <span class='ocr_line' id='line_1_23' title="bbox 725 2350 2325 2423; baseline -0.001 -17"><span class='ocrx_word' id='word_1_166' title='bbox 725 2350 1006 2422; x_wconf 81' lang='lat' dir='ltr'><strong>dispersit,</strong></span> <span class='ocrx_word' id='word_1_167' title='bbox 1036 2360 1094 2409; x_wconf 91' lang='lat' dir='ltr'><strong>ut</strong></span> <span class='ocrx_word' id='word_1_168' title='bbox 1117 2351 1410 2419; x_wconf 81' lang='lat' dir='ltr'><strong>Christum,</strong></span> <span class='ocrx_word' id='word_1_169' title='bbox 1437 2367 1596 2423; x_wconf 88' lang='lat' dir='ltr'><strong>quem</strong></span> <span class='ocrx_word' id='word_1_170' title='bbox 1621 2351 1766 2409; x_wconf 88' lang='lat' dir='ltr'><strong>cruci</strong></span> <span class='ocrx_word' id='word_1_171' title='bbox 1792 2351 2097 2418; x_wconf 83' lang='lat' dir='ltr'><strong>al&#39;iiserant,</strong></span> <span class='ocrx_word' id='word_1_172' title='bbox 2128 2350 2325 2421; x_wconf 89' lang='lat' dir='ltr'><strong>ubique</strong></span> 
     </span>
    </p>
   </div>
   <div class='ocr_carea' id='block_1_24' title="bbox 730 2441 2327 2508">
    <p class='ocr_par' dir='ltr' id='par_1_24' title="bbox 730 2441 2327 2508">
     <span class='ocr_line' id='line_1_24' title="bbox 730 2441 2327 2508; baseline -0.001 -10"><span class='ocrx_word' id='word_1_173' title='bbox 730 2452 1002 2499; x_wconf 73' lang='lat' dir='ltr'><strong>terrarum</strong></span> <span class='ocrx_word' id='word_1_174' title='bbox 1049 2454 1337 2501; x_wconf 85' lang='lat' dir='ltr'><strong>cernerent</strong></span> <span class='ocrx_word' id='word_1_175' title='bbox 1387 2444 1600 2501; x_wconf 83' lang='lat' dir='ltr'><strong>adorari</strong></span> <span class='ocrx_word' id='word_1_176' title='bbox 1618 2484 1636 2508; x_wconf 86' lang='lat'><em>.</em></span> <span class='ocrx_word' id='word_1_177' title='bbox 1684 2452 1744 2499; x_wconf 86' lang='lat' dir='ltr'><strong>ut</strong></span> <span class='ocrx_word' id='word_1_178' title='bbox 1780 2458 1919 2503; x_wconf 79' lang='lat' dir='ltr'><strong>cum</strong></span> <span class='ocrx_word' id='word_1_179' title='bbox 1961 2442 2031 2498; x_wconf 92' lang='lat' dir='ltr'><strong>ab</strong></span> <span class='ocrx_word' id='word_1_180' title='bbox 2076 2441 2327 2498; x_wconf 89' lang='lat' dir='ltr'><strong>omnibus</strong></span> 
     </span>
    </p>
   </div>
   <div class='ocr_carea' id='block_1_25' title="bbox 734 2532 2330 2605">
    <p class='ocr_par' dir='ltr' id='par_1_25' title="bbox 734 2532 2330 2605">
     <span class='ocr_line' id='line_1_25' title="bbox 734 2532 2330 2605; baseline -0.003 -14"><span class='ocrx_word' id='word_1_181' title='bbox 734 2532 1016 2591; x_wconf 82' lang='lat' dir='ltr'><strong>adoratum</strong></span> <span class='ocrx_word' id='word_1_182' title='bbox 1043 2533 1194 2592; x_wconf 85' lang='lat' dir='ltr'><strong>illum</strong></span> <span class='ocrx_word' id='word_1_183' title='bbox 1220 2542 1525 2602; x_wconf 86' lang='lat' dir='ltr'><strong>cernerent,</strong></span> <span class='ocrx_word' id='word_1_184' title='bbox 1552 2534 1777 2605; x_wconf 82' lang='lat' dir='ltr'><strong>ejusque</strong></span> <span class='ocrx_word' id='word_1_185' title='bbox 1789 2534 2055 2590; x_wconf 61' lang='lat' dir='ltr'><strong>«virtutem</strong></span> <span class='ocrx_word' id='word_1_186' title='bbox 2086 2533 2330 2604; x_wconf 87' lang='lat' dir='ltr'><strong>percipe-</strong></span> 
     </span>
    </p>
   </div>
   <div class='ocr_carea' id='block_1_26' title="bbox 731 2624 2329 2696">
    <p class='ocr_par' dir='ltr' id='par_1_26' title="bbox 731 2624 2329 2696">
     <span class='ocr_line' id='line_1_26' title="bbox 731 2624 2329 2696; baseline -0.002 -14"><span class='ocrx_word' id='word_1_187' title='bbox 731 2633 879 2690; x_wconf 71' lang='lat' dir='ltr'><strong>rent,</strong></span> <span class='ocrx_word' id='word_1_188' title='bbox 909 2640 1175 2681; x_wconf 89' lang='lat' dir='ltr'><strong>summam</strong></span> <span class='ocrx_word' id='word_1_189' title='bbox 1200 2638 1351 2682; x_wconf 88' lang='lat' dir='ltr'><strong>suam</strong></span> <span class='ocrx_word' id='word_1_190' title='bbox 1391 2624 1720 2696; x_wconf 82' lang='lat' dir='ltr'><strong>impietatem</strong></span> <span class='ocrx_word' id='word_1_191' title='bbox 1747 2631 2122 2695; x_wconf 84' lang='lat' dir='ltr'><strong>agnoscerent,</strong></span> <span class='ocrx_word' id='word_1_192' title='bbox 2157 2635 2329 2694; x_wconf 88' lang='lat' dir='ltr'><strong>eaque</strong></span> 
     </span>
    </p>
   </div>
   <div class='ocr_carea' id='block_1_27' title="bbox 734 2714 2331 2788">
    <p class='ocr_par' dir='ltr' id='par_1_27' title="bbox 734 2714 2331 2788">
     <span class='ocr_line' id='line_1_27' title="bbox 734 2714 2331 2788; baseline -0.001 -17"><span class='ocrx_word' id='word_1_193' title='bbox 734 2715 953 2788; x_wconf 82' lang='lat' dir='ltr'><strong>cognita</strong></span> <span class='ocrx_word' id='word_1_194' title='bbox 979 2715 1047 2771; x_wconf 91' lang='lat' dir='ltr'><strong>ad</strong></span> <span class='ocrx_word' id='word_1_195' title='bbox 1074 2715 1356 2772; x_wconf 78' lang='lat' dir='ltr'><strong>veritatem</strong></span> <span class='ocrx_word' id='word_1_196' title='bbox 1394 2715 1654 2772; x_wconf 86' lang='lat' dir='ltr'><strong>redirent.</strong></span> <span class='ocrx_word' id='word_1_197' title='bbox 1684 2716 1859 2786; x_wconf 83' lang='lat' dir='ltr'><strong>Atque</strong></span> <span class='ocrx_word' id='word_1_198' title='bbox 1898 2714 2013 2786; x_wconf 87' lang='lat' dir='ltr'><strong>ipsa</strong></span> <span class='ocrx_word' id='word_1_199' title='bbox 2051 2714 2331 2784; x_wconf 79' lang='lat' dir='ltr'><strong>captivitas</strong></span> 
     </span>
    </p>
   </div>
   <div class='ocr_carea' id='block_1_28' title="bbox 736 2804 2331 2877">
    <p class='ocr_par' dir='ltr' id='par_1_28' title="bbox 736 2804 2331 2877">
     <span class='ocr_line' id='line_1_28' title="bbox 736 2804 2331 2877; baseline -0.003 -12"><span class='ocrx_word' id='word_1_200' title='bbox 736 2809 850 2865; x_wconf 81' lang='lat' dir='ltr'><strong>illis</strong></span> <span class='ocrx_word' id='word_1_201' title='bbox 888 2806 1085 2865; x_wconf 89' lang='lat' dir='ltr'><strong>deinde</strong></span> <span class='ocrx_word' id='word_1_202' title='bbox 1125 2807 1424 2875; x_wconf 69' lang='lat' dir='ltr'><strong>doctrinm,</strong></span> <span class='ocrx_word' id='word_1_203' title='bbox 1471 2822 1539 2864; x_wconf 88' lang='lat' dir='ltr'><strong>ac</strong></span> <span class='ocrx_word' id='word_1_204' title='bbox 1582 2806 1903 2877; x_wconf 81' lang='lat' dir='ltr'><strong>supplicium</strong></span> <span class='ocrx_word' id='word_1_205' title='bbox 1948 2804 2331 2861; x_wconf 82' lang='lat' dir='ltr'><strong>admonitionis</strong></span> 
     </span>
    </p>
   </div>
   <div class='ocr_carea' id='block_1_29' title="bbox 732 2895 2331 2968">
    <p class='ocr_par' dir='ltr' id='par_1_29' title="bbox 732 2895 2331 2968">
     <span class='ocr_line' id='line_1_29' title="bbox 732 2895 2331 2968; baseline -0.004 -10"><span class='ocrx_word' id='word_1_206' title='bbox 732 2901 1081 2958; x_wconf 79' lang='lat' dir='ltr'><strong>occasionem</strong></span> <span class='ocrx_word' id='word_1_207' title='bbox 1127 2900 1383 2957; x_wconf 79' lang='lat' dir='ltr'><strong>aﬂ&#39;erebat</strong></span> <span class='ocrx_word' id='word_1_208' title='bbox 1423 2917 1439 2955; x_wconf 92' lang='lat'><strong>:</strong></span> <span class='ocrx_word' id='word_1_209' title='bbox 1486 2899 1532 2954; x_wconf 88' lang='lat' dir='ltr'><strong>si</strong></span> <span class='ocrx_word' id='word_1_210' title='bbox 1575 2898 1717 2955; x_wconf 82' lang='lat' dir='ltr'><strong>enim</strong></span> <span class='ocrx_word' id='word_1_211' title='bbox 1767 2898 1823 2954; x_wconf 90' lang='lat' dir='ltr'><strong>in</strong></span> <span class='ocrx_word' id='word_1_212' title='bbox 1866 2897 2088 2968; x_wconf 80' lang='lat' dir='ltr'><strong>regione</strong></span> <span class='ocrx_word' id='word_1_213' title='bbox 2126 2895 2331 2952; x_wconf 66' lang='lat' dir='ltr'><strong>Iudaea:</strong></span> 
     </span>
    </p>
   </div>
   <div class='ocr_carea' id='block_1_30' title="bbox 738 2985 2336 3060">
    <p class='ocr_par' dir='ltr' id='par_1_30' title="bbox 738 2985 2336 3060">
     <span class='ocr_line' id='line_1_30' title="bbox 738 2985 2336 3060; baseline -0.005 -12"><span class='ocrx_word' id='word_1_214' title='bbox 738 2991 1169 3059; x_wconf 82' lang='lat' dir='ltr'><strong>remansissent,</strong></span> <span class='ocrx_word' id='word_1_215' title='bbox 1198 3005 1414 3047; x_wconf 83' lang='lat' dir='ltr'><strong>veraces</strong></span> <span class='ocrx_word' id='word_1_216' title='bbox 1441 2988 1608 3045; x_wconf 73' lang='lat' dir='ltr'><strong>fuisse</strong></span> <span class='ocrx_word' id='word_1_217' title='bbox 1636 2988 1926 3060; x_wconf 83' lang='lat' dir='ltr'><strong>prophetas</strong></span> <span class='ocrx_word' id='word_1_218' title='bbox 1953 3003 2062 3043; x_wconf 91' lang='lat' dir='ltr'><strong>non</strong></span> <span class='ocrx_word' id='word_1_219' title='bbox 2084 2985 2336 3057; x_wconf 81' lang='lat' dir='ltr'><strong>agnovis-</strong></span> 
     </span>
    </p>
   </div>
   <div class='ocr_carea' id='block_1_31' title="bbox 742 3077 2333 3153">
    <p class='ocr_par' dir='ltr' id='par_1_31' title="bbox 742 3077 2333 3153">
     <span class='ocr_line' id='line_1_31' title="bbox 742 3077 2333 3153; baseline -0.004 -14"><span class='ocrx_word' id='word_1_220' title='bbox 742 3093 885 3139; x_wconf 87' lang='lat' dir='ltr'><strong>sent.</strong></span> <span class='ocrx_word' id='word_1_221' title='bbox 927 3082 1067 3152; x_wconf 87' lang='lat' dir='ltr'><strong>Quid</strong></span> <span class='ocrx_word' id='word_1_222' title='bbox 1107 3081 1255 3139; x_wconf 89' lang='lat' dir='ltr'><strong>euim</strong></span> <span class='ocrx_word' id='word_1_223' title='bbox 1295 3080 1570 3153; x_wconf 69' lang='lat' dir='ltr'><strong>propheta</strong></span> <span class='ocrx_word' id='word_1_224' title='bbox 1611 3079 1901 3136; x_wconf 70' lang='lat' dir='ltr'><strong>dicebant?</strong></span> <span class='ocrx_word' id='word_1_225' title='bbox 1932 3077 2206 3134; x_wconf 78' lang='lat' dir='ltr'><strong>Postutao</strong></span> <span class='ocrx_word' id='word_1_226' title='bbox 2231 3093 2333 3146; x_wconf 81' lang='lat' dir='ltr'><strong>me,</strong></span> 
     </span>
    </p>
   </div>
   <div class='ocr_carea' id='block_1_32' title="bbox 742 3170 2337 3245">
    <p class='ocr_par' dir='ltr' id='par_1_32' title="bbox 742 3170 2337 3245">
     <span class='ocr_line' id='line_1_32' title="bbox 742 3170 2337 3245; baseline -0.003 -16"><span class='ocrx_word' id='word_1_227' title='bbox 742 3185 794 3229; x_wconf 85' lang='lat' dir='ltr'><strong>st</strong></span> <span class='ocrx_word' id='word_1_228' title='bbox 819 3172 951 3229; x_wconf 77' lang='lat' dir='ltr'><strong>dabo</strong></span> <span class='ocrx_word' id='word_1_229' title='bbox 988 3173 1079 3230; x_wconf 77' lang='lat' dir='ltr'><strong>tibi</strong></span> <span class='ocrx_word' id='word_1_230' title='bbox 1115 3181 1286 3245; x_wconf 77' lang='lat' dir='ltr'><strong>gentes</strong></span> <span class='ocrx_word' id='word_1_231' title='bbox 1331 3172 1658 3227; x_wconf 77' lang='lat' dir='ltr'><strong>hereditatem</strong></span> <span class='ocrx_word' id='word_1_232' title='bbox 1684 3180 1852 3237; x_wconf 72' lang='lat' dir='ltr'><strong>tum,</strong></span> <span class='ocrx_word' id='word_1_233' title='bbox 1884 3180 1935 3226; x_wconf 81' lang='lat' dir='ltr'><strong>et</strong></span> <span class='ocrx_word' id='word_1_234' title='bbox 1972 3170 2337 3242; x_wconf 80' lang='lat' dir='ltr'><strong>possessionem</strong></span> 
     </span>
    </p>
   </div>
   <div class='ocr_carea' id='block_1_33' title="bbox 747 3257 2337 3335">
    <p class='ocr_par' dir='ltr' id='par_1_33' title="bbox 747 3257 2337 3335">
     <span class='ocr_line' id='line_1_33' title="bbox 747 3257 2337 3335; baseline -0.004 -14"><span class='ocrx_word' id='word_1_235' title='bbox 747 3274 889 3321; x_wconf 81' lang='lat' dir='ltr'><strong>tuam</strong></span> <span class='ocrx_word' id='word_1_236' title='bbox 928 3264 1170 3321; x_wconf 74' lang='lat' dir='ltr'><strong>terminos</strong></span> <span class='ocrx_word' id='word_1_237' title='bbox 1198 3271 1346 3318; x_wconf 81' lang='lat' dir='ltr'><strong>teme</strong></span> <span class='ocrx_word' id='word_1_238' title='bbox 1371 3260 1559 3335; x_wconf 75' lang='lat' dir='ltr'><strong>(Ptol.</strong></span> <span class='ocrx_word' id='word_1_239' title='bbox 1579 3261 1636 3317; x_wconf 70' lang='lat'><strong>3.</strong></span> <span class='ocrx_word' id='word_1_240' title='bbox 1663 3258 1757 3333; x_wconf 85' lang='lat'><strong>8).</strong></span> <span class='ocrx_word' id='word_1_241' title='bbox 1792 3260 1976 3331; x_wconf 86' lang='lat' dir='ltr'><strong>itaque</strong></span> <span class='ocrx_word' id='word_1_242' title='bbox 2004 3260 2123 3316; x_wconf 83' lang='lat' dir='ltr'><strong>illos</strong></span> <span class='ocrx_word' id='word_1_243' title='bbox 2153 3257 2337 3331; x_wconf 81' lang='lat' dir='ltr'><strong>egredi</strong></span> 
     </span>
    </p>
   </div>
   <div class='ocr_carea' id='block_1_34' title="bbox 751 3350 2337 3427">
    <p class='ocr_par' dir='ltr' id='par_1_34' title="bbox 751 3350 2337 3427">
     <span class='ocr_line' id='line_1_34' title="bbox 751 3350 2337 3427; baseline -0.003 -16"><span class='ocrx_word' id='word_1_244' title='bbox 751 3356 989 3427; x_wconf 79' lang='lat' dir='ltr'><strong>aportuit</strong></span> <span class='ocrx_word' id='word_1_245' title='bbox 1023 3353 1090 3409; x_wconf 87' lang='lat' dir='ltr'><strong>ad</strong></span> <span class='ocrx_word' id='word_1_246' title='bbox 1119 3362 1274 3410; x_wconf 63' lang='lat' dir='ltr'><strong>terra;</strong></span> <span class='ocrx_word' id='word_1_247' title='bbox 1302 3353 1583 3420; x_wconf 85' lang='lat' dir='ltr'><strong>terminos,</strong></span> <span class='ocrx_word' id='word_1_248' title='bbox 1610 3359 1669 3407; x_wconf 91' lang='lat' dir='ltr'><strong>ut</strong></span> <span class='ocrx_word' id='word_1_249' title='bbox 1699 3350 1929 3423; x_wconf 87' lang='lat' dir='ltr'><strong>propriis</strong></span> <span class='ocrx_word' id='word_1_250' title='bbox 1951 3350 2119 3407; x_wconf 89' lang='lat' dir='ltr'><strong>oculis</strong></span> <span class='ocrx_word' id='word_1_251' title='bbox 2142 3363 2337 3407; x_wconf 85' lang='lat' dir='ltr'><strong>cerne-</strong></span> 
     </span>
    </p>
   </div>
   <div class='ocr_carea' id='block_1_35' title="bbox 1436 274 3249 381">
    <p class='ocr_par' dir='ltr' id='par_1_35' title="bbox 1436 274 3249 381">
     <span class='ocr_line' id='line_1_35' title="bbox 1436 274 3249 381; baseline 0.004 -10"><span class='ocrx_word' id='word_1_252' title='bbox 1436 312 1494 371; x_wconf 72' lang='lat' dir='ltr'><strong>s.</strong></span> <span class='ocrx_word' id='word_1_253' title='bbox 1527 311 1805 371; x_wconf 69' lang='lat' dir='ltr'><strong>JUANNIS</strong></span> <span class='ocrx_word' id='word_1_254' title='bbox 1840 274 2318 376; x_wconf 68' lang='lat' dir='ltr'><strong>cnursos&#39;rom</strong></span> <span class='ocrx_word' id='word_1_255' title='bbox 2356 312 2677 378; x_wconf 78' lang='lat' dir='ltr'><strong>ARCttlEP.</strong></span> <span class='ocrx_word' id='word_1_256' title='bbox 2717 316 3249 381; x_wconf 66' lang='lat' dir='ltr'><strong>consumma.</strong></span> 
     </span>
    </p>
   </div>
   <div class='ocr_carea' id='block_1_36' title="bbox 3914 327 4023 392">
    <p class='ocr_par' dir='ltr' id='par_1_36' title="bbox 3914 327 4023 392">
     <span class='ocr_line' id='line_1_36' title="bbox 3914 327 4023 392; baseline 0.018 -9"><span class='ocrx_word' id='word_1_257' title='bbox 3914 327 4023 392; x_wconf 73' lang='grc' dir='ltr'><strong>ΗΞ</strong></span> 
     </span>
    </p>
   </div>
   <div class='ocr_carea' id='block_1_37' title="bbox 2414 421 4033 512">
    <p class='ocr_par' dir='ltr' id='par_1_37' title="bbox 2414 421 4033 512">
     <span class='ocr_line' id='line_1_37' title="bbox 2414 421 4033 512; baseline 0.006 -23"><span class='ocrx_word' id='word_1_258' title='bbox 2414 421 2600 505; x_wconf 79' lang='lat' dir='ltr'><strong>spergi</strong></span> <span class='ocrx_word' id='word_1_259' title='bbox 2631 435 2888 505; x_wconf 86' lang='lat' dir='ltr'><strong>oportuit,</strong></span> <span class='ocrx_word' id='word_1_260' title='bbox 2920 446 2979 492; x_wconf 91' lang='lat' dir='ltr'><strong>ut</strong></span> <span class='ocrx_word' id='word_1_261' title='bbox 3008 450 3437 508; x_wconf 89' lang='lat' dir='ltr'><strong>unumquemque</strong></span> <span class='ocrx_word' id='word_1_262' title='bbox 3462 439 3690 497; x_wconf 87' lang='lat' dir='ltr'><strong>adorare</strong></span> <span class='ocrx_word' id='word_1_263' title='bbox 3716 438 3868 497; x_wconf 79' lang='lat' dir='ltr'><strong>illum</strong></span> <span class='ocrx_word' id='word_1_264' title='bbox 3896 455 4033 512; x_wconf 86' lang='lat' dir='ltr'><strong>pro—</strong></span> 
     </span>
    </p>
   </div>
   <div class='ocr_carea' id='block_1_38' title="bbox 2420 528 4039 604">
    <p class='ocr_par' dir='ltr' id='par_1_38' title="bbox 2420 528 4039 604">
     <span class='ocr_line' id='line_1_38' title="bbox 2420 528 4039 604; baseline 0.003 -24"><span class='ocrx_word' id='word_1_265' title='bbox 2420 539 2553 597; x_wconf 86' lang='lat' dir='ltr'><strong>prns</strong></span> <span class='ocrx_word' id='word_1_266' title='bbox 2580 528 2749 582; x_wconf 88' lang='lat' dir='ltr'><strong>oculis</strong></span> <span class='ocrx_word' id='word_1_267' title='bbox 2775 540 3084 586; x_wconf 88' lang='lat' dir='ltr'><strong>cernerent.</strong></span> <span class='ocrx_word' id='word_1_268' title='bbox 3108 529 3329 587; x_wconf 77' lang='lat' dir='ltr'><strong>&#39;Rursus</strong></span> <span class='ocrx_word' id='word_1_269' title='bbox 3352 531 3488 587; x_wconf 89' lang='lat' dir='ltr'><strong>alius</strong></span> <span class='ocrx_word' id='word_1_270' title='bbox 3513 530 3647 587; x_wconf 77' lang='lat' dir='ltr'><strong>dixit</strong></span> <span class='ocrx_word' id='word_1_271' title='bbox 3674 549 3691 587; x_wconf 87' lang='lat'><strong>:</strong></span> <span class='ocrx_word' id='word_1_272' title='bbox 3720 530 4039 604; x_wconf 74' lang='lat' dir='ltr'><strong>Reptebitur</strong></span> 
     </span>
    </p>
   </div>
   <div class='ocr_carea' id='block_1_39' title="bbox 2420 619 4036 693">
    <p class='ocr_par' dir='ltr' id='par_1_39' title="bbox 2420 619 4036 693">
     <span class='ocr_line' id='line_1_39' title="bbox 2420 619 4036 693; baseline 0.002 -22"><span class='ocrx_word' id='word_1_273' title='bbox 2420 626 2588 682; x_wconf 78' lang='lat' dir='ltr'><strong>terra,</strong></span> <span class='ocrx_word' id='word_1_274' title='bbox 2632 624 2697 673; x_wconf 75' lang='grc' dir='ltr'><strong>ιιι</strong></span> <span class='ocrx_word' id='word_1_275' title='bbox 2728 628 2997 690; x_wconf 81' lang='lat' dir='ltr'><strong>cognoscat</strong></span> <span class='ocrx_word' id='word_1_276' title='bbox 3043 619 3343 687; x_wconf 70' lang='lat' dir='ltr'><strong>Dominum,</strong></span> <span class='ocrx_word' id='word_1_277' title='bbox 3390 621 3522 676; x_wconf 77' lang='lat' dir='ltr'><strong>sicut</strong></span> <span class='ocrx_word' id='word_1_278' title='bbox 3564 637 3699 693; x_wconf 78' lang='lat' dir='ltr'><strong>equo</strong></span> <span class='ocrx_word' id='word_1_279' title='bbox 3743 622 3911 676; x_wconf 77' lang='lat' dir='ltr'><strong>multo</strong></span> <span class='ocrx_word' id='word_1_280' title='bbox 3950 621 4036 675; x_wconf 70' lang='lat' dir='ltr'><strong>ad</strong></span> 
     </span>
    </p>
   </div>
   <div class='ocr_carea' id='block_1_40' title="bbox 2422 707 4030 785">
    <p class='ocr_par' dir='ltr' id='par_1_40' title="bbox 2422 707 4030 785">
     <span class='ocr_line' id='line_1_40' title="bbox 2422 707 4030 785; baseline 0.003 -23"><span class='ocrx_word' id='word_1_281' title='bbox 2422 707 2754 776; x_wconf 74' lang='lat' dir='ltr'><strong>operiendam</strong></span> <span class='ocrx_word' id='word_1_282' title='bbox 2779 710 2945 765; x_wconf 85' lang='lat' dir='ltr'><strong>maria</strong></span> <span class='ocrx_word' id='word_1_283' title='bbox 2975 709 3138 782; x_wconf 78' lang='lat' dir='ltr'><strong>(Hab.</strong></span> <span class='ocrx_word' id='word_1_284' title='bbox 3163 710 3220 766; x_wconf 72' lang='lat'><strong>2.</strong></span> <span class='ocrx_word' id='word_1_285' title='bbox 3250 712 3363 783; x_wconf 78' lang='grc'><strong>14).</strong></span> <span class='ocrx_word' id='word_1_286' title='bbox 3391 710 3449 767; x_wconf 90' lang='lat' dir='ltr'><strong>ln</strong></span> <span class='ocrx_word' id='word_1_287' title='bbox 3476 728 3690 779; x_wconf 85' lang='lat' dir='ltr'><strong>omnem</strong></span> <span class='ocrx_word' id='word_1_288' title='bbox 3720 713 3885 785; x_wconf 82' lang='lat' dir='ltr'><strong>igitur</strong></span> <span class='ocrx_word' id='word_1_289' title='bbox 3915 720 4030 767; x_wconf 73' lang='lat' dir='ltr'><strong>ter~</strong></span> 
     </span>
    </p>
   </div>
   <div class='ocr_carea' id='block_1_41' title="bbox 2421 798 4032 873">
    <p class='ocr_par' dir='ltr' id='par_1_41' title="bbox 2421 798 4032 873">
     <span class='ocr_line' id='line_1_41' title="bbox 2421 798 4032 873; baseline 0.004 -21"><span class='ocrx_word' id='word_1_290' title='bbox 2421 813 2536 853; x_wconf 89' lang='lat' dir='ltr'><strong>ram</strong></span> <span class='ocrx_word' id='word_1_291' title='bbox 2563 799 2713 855; x_wconf 89' lang='lat' dir='ltr'><strong>abire</strong></span> <span class='ocrx_word' id='word_1_292' title='bbox 2742 798 2864 854; x_wconf 86' lang='lat' dir='ltr'><strong>illos</strong></span> <span class='ocrx_word' id='word_1_293' title='bbox 2891 801 3148 871; x_wconf 89' lang='lat' dir='ltr'><strong>oportuit,</strong></span> <span class='ocrx_word' id='word_1_294' title='bbox 3172 810 3230 856; x_wconf 89' lang='grc' dir='ltr'><strong>ιιι</strong></span> <span class='ocrx_word' id='word_1_295' title='bbox 3256 800 3514 872; x_wconf 86' lang='lat' dir='ltr'><strong>repletam</strong></span> <span class='ocrx_word' id='word_1_296' title='bbox 3544 803 3689 858; x_wconf 83' lang='lat' dir='ltr'><strong>illam</strong></span> <span class='ocrx_word' id='word_1_297' title='bbox 3716 801 4032 873; x_wconf 68' lang='grc' dir='ltr'>οοςιιίιίσιε</span> 
     </span>
    </p>
   </div>
   <div class='ocr_carea' id='block_1_42' title="bbox 2425 880 4037 966">
    <p class='ocr_par' dir='ltr' id='par_1_42' title="bbox 2425 880 4037 966">
     <span class='ocr_line' id='line_1_42' title="bbox 2425 880 4037 966; baseline 0.003 -22"><span class='ocrx_word' id='word_1_298' title='bbox 2425 889 2633 945; x_wconf 69' lang='lat' dir='ltr'><strong>Domini</strong></span> <span class='ocrx_word' id='word_1_299' title='bbox 2662 880 3021 961; x_wconf 46' lang='lat' dir='ltr'><strong>viderent,&#39;et</strong></span> <span class='ocrx_word' id='word_1_300' title='bbox 3046 894 3212 948; x_wconf 89' lang='lat' dir='ltr'><strong>maria</strong></span> <span class='ocrx_word' id='word_1_301' title='bbox 3234 934 3252 960; x_wconf 92' lang='lat'><strong>,</strong></span> <span class='ocrx_word' id='word_1_302' title='bbox 3283 891 3387 949; x_wconf 88' lang='lat' dir='ltr'><strong>hoc</strong></span> <span class='ocrx_word' id='word_1_303' title='bbox 3424 903 3509 950; x_wconf 85' lang='lat' dir='ltr'><strong>est</strong></span> <span class='ocrx_word' id='word_1_304' title='bbox 3548 894 3854 966; x_wconf 76' lang='lat' dir='ltr'><strong>spirituales</strong></span> <span class='ocrx_word' id='word_1_305' title='bbox 3894 893 4037 949; x_wconf 82' lang='lat' dir='ltr'><strong>istas</strong></span> 
     </span>
    </p>
   </div>
   <div class='ocr_carea' id='block_1_43' title="bbox 2424 978 4038 1055">
    <p class='ocr_par' dir='ltr' id='par_1_43' title="bbox 2424 978 4038 1055">
     <span class='ocr_line' id='line_1_43' title="bbox 2424 978 4038 1055; baseline 0.001 -18"><span class='ocrx_word' id='word_1_306' title='bbox 2424 978 2713 1050; x_wconf 80' lang='lat' dir='ltr'><strong>Ecclesias,</strong></span> <span class='ocrx_word' id='word_1_307' title='bbox 2744 981 2942 1053; x_wconf 88' lang='lat' dir='ltr'><strong>pietate</strong></span> <span class='ocrx_word' id='word_1_308' title='bbox 2964 982 3337 1039; x_wconf 87' lang='lat' dir='ltr'><strong>redundantia.</strong></span> <span class='ocrx_word' id='word_1_309' title='bbox 3378 981 3671 1054; x_wconf 84' lang='lat' dir='ltr'><strong>Propterea</strong></span> <span class='ocrx_word' id='word_1_310' title='bbox 3692 984 3891 1055; x_wconf 88' lang='lat' dir='ltr'><strong>ubique</strong></span> <span class='ocrx_word' id='word_1_311' title='bbox 3919 990 4038 1039; x_wconf 87' lang='lat' dir='ltr'><strong>ter-</strong></span> 
     </span>
    </p>
   </div>
   <div class='ocr_carea' id='block_1_44' title="bbox 2423 1072 4026 1144">
    <p class='ocr_par' dir='ltr' id='par_1_44' title="bbox 2423 1072 4026 1144">
     <span class='ocr_line' id='line_1_44' title="bbox 2423 1072 4026 1144; baseline 0.001 -17"><span class='ocrx_word' id='word_1_312' title='bbox 2423 1087 2603 1128; x_wconf 88' lang='lat' dir='ltr'><strong>rarum</strong></span> <span class='ocrx_word' id='word_1_313' title='bbox 2632 1072 2886 1144; x_wconf 89' lang='lat' dir='ltr'><strong>dispersit</strong></span> <span class='ocrx_word' id='word_1_314' title='bbox 2909 1074 3031 1130; x_wconf 89' lang='lat' dir='ltr'><strong>illos</strong></span> <span class='ocrx_word' id='word_1_315' title='bbox 3052 1074 3193 1131; x_wconf 90' lang='lat' dir='ltr'><strong>Deus</strong></span> <span class='ocrx_word' id='word_1_316' title='bbox 3215 1090 3232 1130; x_wconf 88' lang='lat'><strong>:</strong></span> <span class='ocrx_word' id='word_1_317' title='bbox 3258 1074 3305 1130; x_wconf 86' lang='lat' dir='ltr'><strong>si</strong></span> <span class='ocrx_word' id='word_1_318' title='bbox 3330 1073 3472 1131; x_wconf 85' lang='lat' dir='ltr'><strong>enim</strong></span> <span class='ocrx_word' id='word_1_319' title='bbox 3501 1074 3555 1130; x_wconf 91' lang='lat' dir='ltr'><strong>in</strong></span> <span class='ocrx_word' id='word_1_320' title='bbox 3581 1073 3764 1131; x_wconf 67' lang='lat' dir='ltr'><strong>Judma</strong></span> <span class='ocrx_word' id='word_1_321' title='bbox 3787 1073 4026 1131; x_wconf 54' lang='lat' dir='ltr'><strong>resedisc</strong></span> 
     </span>
    </p>
   </div>
   <div class='ocr_carea' id='block_1_45' title="bbox 2424 1163 4037 1237">
    <p class='ocr_par' dir='ltr' id='par_1_45' title="bbox 2424 1163 4037 1237">
     <span class='ocr_line' id='line_1_45' title="bbox 2424 1163 4037 1237; baseline 0.002 -20"><span class='ocrx_word' id='word_1_322' title='bbox 2424 1172 2578 1231; x_wconf 88' lang='lat' dir='ltr'><strong>sent,</strong></span> <span class='ocrx_word' id='word_1_323' title='bbox 2610 1163 2727 1220; x_wconf 61' lang='lat' dir='ltr'><strong>hac</strong></span> <span class='ocrx_word' id='word_1_324' title='bbox 2768 1164 3122 1237; x_wconf 86' lang='lat' dir='ltr'><strong>ignorassent.</strong></span> <span class='ocrx_word' id='word_1_325' title='bbox 3170 1163 3291 1221; x_wconf 72' lang='lat' dir='ltr'><strong>iam</strong></span> <span class='ocrx_word' id='word_1_326' title='bbox 3320 1178 3451 1221; x_wconf 90' lang='lat' dir='ltr'><strong>vero</strong></span> <span class='ocrx_word' id='word_1_327' title='bbox 3482 1165 3776 1237; x_wconf 87' lang='lat' dir='ltr'><strong>prophetas</strong></span> <span class='ocrx_word' id='word_1_328' title='bbox 3803 1178 4037 1221; x_wconf 85' lang='lat' dir='ltr'><strong>veraces</strong></span> 
     </span>
    </p>
   </div>
   <div class='ocr_carea' id='block_1_46' title="bbox 2423 1234 4035 1326">
    <p class='ocr_par' dir='ltr' id='par_1_46' title="bbox 2423 1234 4035 1326">
     <span class='ocr_line' id='line_1_46' title="bbox 2423 1234 4035 1326; baseline -0.001 -17"><span class='ocrx_word' id='word_1_329' title='bbox 2423 1267 2578 1318; x_wconf 87' lang='lat' dir='ltr'><strong>esse,</strong></span> <span class='ocrx_word' id='word_1_330' title='bbox 2610 1262 2771 1325; x_wconf 87' lang='lat' dir='ltr'><strong>atque</strong></span> <span class='ocrx_word' id='word_1_331' title='bbox 2792 1234 2985 1326; x_wconf 68' lang='lat' dir='ltr'><strong>ipsum</strong></span> <span class='ocrx_word' id='word_1_332' title='bbox 3024 1234 3219 1310; x_wconf 75' lang='lat' dir='ltr'><strong>virtute</strong></span> <span class='ocrx_word' id='word_1_333' title='bbox 3249 1256 3451 1326; x_wconf 87' lang='lat' dir='ltr'><strong>pollere</strong></span> <span class='ocrx_word' id='word_1_334' title='bbox 3478 1234 3699 1312; x_wconf 77' lang='lat' dir='ltr'><strong>suorum</strong></span> <span class='ocrx_word' id='word_1_335' title='bbox 3740 1255 4035 1311; x_wconf 80' lang='lat' dir='ltr'><strong>oculorum</strong></span> 
     </span>
    </p>
   </div>
   <div class='ocr_carea' id='block_1_47' title="bbox 2424 1344 4039 1419">
    <p class='ocr_par' dir='ltr' id='par_1_47' title="bbox 2424 1344 4039 1419">
     <span class='ocr_line' id='line_1_47' title="bbox 2424 1344 4039 1419; baseline -0.001 -18"><span class='ocrx_word' id='word_1_336' title='bbox 2424 1346 2800 1417; x_wconf 79' lang='lat' dir='ltr'><strong>experimento</strong></span> <span class='ocrx_word' id='word_1_337' title='bbox 2839 1347 2953 1403; x_wconf 90' lang='lat' dir='ltr'><strong>vult</strong></span> <span class='ocrx_word' id='word_1_338' title='bbox 2994 1346 3141 1418; x_wconf 87' lang='lat' dir='ltr'><strong>ipsos</strong></span> <span class='ocrx_word' id='word_1_339' title='bbox 3181 1361 3553 1419; x_wconf 79' lang='lat' dir='ltr'><strong>cognoscere:</strong></span> <span class='ocrx_word' id='word_1_340' title='bbox 3583 1355 3677 1415; x_wconf 91' lang='lat' dir='ltr'><strong>ut,</strong></span> <span class='ocrx_word' id='word_1_341' title='bbox 3725 1346 3772 1401; x_wconf 88' lang='lat' dir='ltr'><strong>si</strong></span> <span class='ocrx_word' id='word_1_342' title='bbox 3808 1344 4039 1417; x_wconf 77' lang='lat' dir='ltr'><strong>quidem</strong></span> 
     </span>
    </p>
   </div>
   <div class='ocr_carea' id='block_1_48' title="bbox 2425 1436 4039 1510">
    <p class='ocr_par' dir='ltr' id='par_1_48' title="bbox 2425 1436 4039 1510">
     <span class='ocr_line' id='line_1_48' title="bbox 2425 1436 4039 1510; baseline 0.001 -20"><span class='ocrx_word' id='word_1_343' title='bbox 2425 1436 2578 1506; x_wconf 90' lang='lat' dir='ltr'><strong>probi</strong></span> <span class='ocrx_word' id='word_1_344' title='bbox 2620 1438 2868 1509; x_wconf 85' lang='lat' dir='ltr'><strong>gratique</strong></span> <span class='ocrx_word' id='word_1_345' title='bbox 2913 1437 3111 1494; x_wconf 82' lang='lat' dir='ltr'><strong>iuerint</strong></span> <span class='ocrx_word' id='word_1_346' title='bbox 3129 1478 3146 1504; x_wconf 95' lang='lat'><strong>,</strong></span> <span class='ocrx_word' id='word_1_347' title='bbox 3189 1437 3260 1493; x_wconf 90' lang='lat' dir='ltr'><strong>ad</strong></span> <span class='ocrx_word' id='word_1_348' title='bbox 3289 1440 3568 1494; x_wconf 80' lang='lat' dir='ltr'><strong>veritatem</strong></span> <span class='ocrx_word' id='word_1_349' title='bbox 3598 1453 3695 1510; x_wconf 86' lang='lat' dir='ltr'><strong>per</strong></span> <span class='ocrx_word' id='word_1_350' title='bbox 3721 1438 3823 1494; x_wconf 88' lang='lat' dir='ltr'><strong>ista</strong></span> <span class='ocrx_word' id='word_1_351' title='bbox 3851 1436 4039 1494; x_wconf 84' lang='lat' dir='ltr'><strong>dedu-</strong></span> 
     </span>
    </p>
   </div>
   <div class='ocr_carea' id='block_1_49' title="bbox 2424 1528 4038 1604">
    <p class='ocr_par' dir='ltr' id='par_1_49' title="bbox 2424 1528 4038 1604">
     <span class='ocr_line' id='line_1_49' title="bbox 2424 1528 4038 1604; baseline 0.001 -20"><span class='ocrx_word' id='word_1_352' title='bbox 2424 1537 2616 1585; x_wconf 87' lang='lat' dir='ltr'><strong>cantur</strong></span> <span class='ocrx_word' id='word_1_353' title='bbox 2642 1546 2659 1585; x_wconf 87' lang='lat'><strong>:</strong></span> <span class='ocrx_word' id='word_1_354' title='bbox 2688 1531 2772 1586; x_wconf 83' lang='lat' dir='ltr'><strong>sin</strong></span> <span class='ocrx_word' id='word_1_355' title='bbox 2804 1540 2983 1587; x_wconf 89' lang='lat' dir='ltr'><strong>autem</strong></span> <span class='ocrx_word' id='word_1_356' title='bbox 3012 1530 3065 1586; x_wconf 92' lang='lat' dir='ltr'><strong>in</strong></span> <span class='ocrx_word' id='word_1_357' title='bbox 3097 1531 3371 1602; x_wconf 89' lang='lat' dir='ltr'><strong>impietate</strong></span> <span class='ocrx_word' id='word_1_358' title='bbox 3401 1541 3784 1604; x_wconf 84' lang='lat' dir='ltr'><strong>perseverent,</strong></span> <span class='ocrx_word' id='word_1_359' title='bbox 3822 1528 4038 1587; x_wconf 74' lang='lat' dir='ltr'><strong>nuliam</strong></span> 
     </span>
    </p>
   </div>
   <div class='ocr_carea' id='block_1_50' title="bbox 2427 1619 4037 1693">
    <p class='ocr_par' dir='ltr' id='par_1_50' title="bbox 2427 1619 4037 1693">
     <span class='ocr_line' id='line_1_50' title="bbox 2427 1619 4037 1693; baseline 0 -17"><span class='ocrx_word' id='word_1_360' title='bbox 2427 1620 2661 1677; x_wconf 87' lang='lat' dir='ltr'><strong>habeant</strong></span> <span class='ocrx_word' id='word_1_361' title='bbox 2685 1622 2739 1677; x_wconf 93' lang='lat' dir='ltr'><strong>in</strong></span> <span class='ocrx_word' id='word_1_362' title='bbox 2780 1621 3056 1678; x_wconf 89' lang='lat' dir='ltr'><strong>tremenda</strong></span> <span class='ocrx_word' id='word_1_363' title='bbox 3085 1622 3175 1678; x_wconf 91' lang='lat' dir='ltr'><strong>die</strong></span> <span class='ocrx_word' id='word_1_364' title='bbox 3210 1621 3398 1693; x_wconf 71' lang='lat' dir='ltr'><strong>iudicii</strong></span> <span class='ocrx_word' id='word_1_365' title='bbox 3426 1622 3860 1679; x_wconf 81' lang='lat' dir='ltr'><strong>excusationem.</strong></span> <span class='ocrx_word' id='word_1_366' title='bbox 3890 1619 4037 1687; x_wconf 84' lang='lat' dir='ltr'><strong>Pro-</strong></span> 
     </span>
    </p>
   </div>
   <div class='ocr_carea' id='block_1_51' title="bbox 2429 1711 4038 1785">
    <p class='ocr_par' dir='ltr' id='par_1_51' title="bbox 2429 1711 4038 1785">
     <span class='ocr_line' id='line_1_51' title="bbox 2429 1711 4038 1785; baseline -0.003 -15"><span class='ocrx_word' id='word_1_367' title='bbox 2429 1724 2613 1785; x_wconf 84' lang='lat' dir='ltr'><strong>pterea</strong></span> <span class='ocrx_word' id='word_1_368' title='bbox 2638 1728 2734 1785; x_wconf 92' lang='lat' dir='ltr'><strong>per</strong></span> <span class='ocrx_word' id='word_1_369' title='bbox 2759 1714 3068 1769; x_wconf 83' lang='lat' dir='ltr'><strong>universum</strong></span> <span class='ocrx_word' id='word_1_370' title='bbox 3096 1712 3284 1770; x_wconf 90' lang='lat' dir='ltr'><strong>orbem</strong></span> <span class='ocrx_word' id='word_1_371' title='bbox 3312 1722 3574 1769; x_wconf 91' lang='lat' dir='ltr'><strong>terrarum</strong></span> <span class='ocrx_word' id='word_1_372' title='bbox 3601 1712 3722 1769; x_wconf 83' lang='lat' dir='ltr'><strong>illos</strong></span> <span class='ocrx_word' id='word_1_373' title='bbox 3748 1711 4038 1783; x_wconf 83' lang='lat' dir='ltr'><strong>dispersit.</strong></span> 
     </span>
    </p>
   </div>
   <div class='ocr_carea' id='block_1_52' title="bbox 2428 1801 4039 1876">
    <p class='ocr_par' dir='ltr' id='par_1_52' title="bbox 2428 1801 4039 1876">
     <span class='ocr_line' id='line_1_52' title="bbox 2428 1801 4039 1876; baseline -0.002 -16"><span class='ocrx_word' id='word_1_374' title='bbox 2428 1815 2487 1860; x_wconf 91' lang='lat' dir='ltr'><strong>ut</strong></span> <span class='ocrx_word' id='word_1_375' title='bbox 2513 1814 2570 1861; x_wconf 92' lang='lat' dir='ltr'><strong>et</strong></span> <span class='ocrx_word' id='word_1_376' title='bbox 2598 1818 2697 1859; x_wconf 88' lang='lat' dir='ltr'><strong>nos</strong></span> <span class='ocrx_word' id='word_1_377' title='bbox 2724 1804 2997 1876; x_wconf 87' lang='lat' dir='ltr'><strong>quidpiam</strong></span> <span class='ocrx_word' id='word_1_378' title='bbox 3030 1803 3155 1860; x_wconf 87' lang='lat' dir='ltr'><strong>inde</strong></span> <span class='ocrx_word' id='word_1_379' title='bbox 3192 1804 3327 1860; x_wconf 88' lang='lat' dir='ltr'><strong>lucri</strong></span> <span class='ocrx_word' id='word_1_380' title='bbox 3355 1804 3744 1875; x_wconf 86' lang='lat' dir='ltr'><strong>decerpamns,</strong></span> <span class='ocrx_word' id='word_1_381' title='bbox 3788 1801 3897 1859; x_wconf 85' lang='lat' dir='ltr'><strong>hoc</strong></span> <span class='ocrx_word' id='word_1_382' title='bbox 3924 1810 4039 1867; x_wconf 86' lang='lat' dir='ltr'><strong>est,</strong></span> 
     </span>
    </p>
   </div>
   <div class='ocr_carea' id='block_1_53' title="bbox 2428 1893 4042 1967">
    <p class='ocr_par' dir='ltr' id='par_1_53' title="bbox 2428 1893 4042 1967">
     <span class='ocr_line' id='line_1_53' title="bbox 2428 1893 4042 1967; baseline -0.003 -16"><span class='ocrx_word' id='word_1_383' title='bbox 2428 1894 2555 1951; x_wconf 90' lang='lat' dir='ltr'><strong>dum</strong></span> <span class='ocrx_word' id='word_1_384' title='bbox 2582 1895 2816 1967; x_wconf 87' lang='lat' dir='ltr'><strong>prolatas</strong></span> <span class='ocrx_word' id='word_1_385' title='bbox 2859 1895 2979 1951; x_wconf 89' lang='lat' dir='ltr'><strong>illas</strong></span> <span class='ocrx_word' id='word_1_386' title='bbox 3006 1895 3074 1951; x_wconf 91' lang='lat' dir='ltr'><strong>de</strong></span> <span class='ocrx_word' id='word_1_387' title='bbox 3102 1895 3321 1951; x_wconf 89' lang='lat' dir='ltr'><strong>illorum</strong></span> <span class='ocrx_word' id='word_1_388' title='bbox 3354 1895 3691 1967; x_wconf 80' lang='lat' dir='ltr'><strong>dispersione</strong></span> <span class='ocrx_word' id='word_1_389' title='bbox 3717 1893 4042 1965; x_wconf 63' lang='lat' dir='ltr'><strong>pradictio-</strong></span> 
     </span>
    </p>
   </div>
   <div class='ocr_carea' id='block_1_54' title="bbox 2430 1984 4044 2059">
    <p class='ocr_par' dir='ltr' id='par_1_54' title="bbox 2430 1984 4044 2059">
     <span class='ocr_line' id='line_1_54' title="bbox 2430 1984 4044 2059; baseline -0.004 -16"><span class='ocrx_word' id='word_1_390' title='bbox 2430 2000 2550 2055; x_wconf 86' lang='lat' dir='ltr'><strong>nes,</strong></span> <span class='ocrx_word' id='word_1_391' title='bbox 2576 1986 2753 2058; x_wconf 90' lang='lat' dir='ltr'><strong>deque</strong></span> <span class='ocrx_word' id='word_1_392' title='bbox 2781 1986 3241 2059; x_wconf 83' lang='lat' dir='ltr'><strong>Jerosolymorum</strong></span> <span class='ocrx_word' id='word_1_393' title='bbox 3268 1987 3549 2044; x_wconf 74' lang='lat' dir='ltr'><strong>eversione</strong></span> <span class='ocrx_word' id='word_1_394' title='bbox 3570 1984 3867 2051; x_wconf 86' lang='lat' dir='ltr'><strong>cernimus,</strong></span> <span class='ocrx_word' id='word_1_395' title='bbox 3897 1998 4044 2055; x_wconf 83' lang='lat' dir='ltr'><strong>quas</strong></span> 
     </span>
    </p>
   </div>
   <div class='ocr_carea' id='block_1_55' title="bbox 2429 2076 4043 2145">
    <p class='ocr_par' dir='ltr' id='par_1_55' title="bbox 2429 2076 4043 2145">
     <span class='ocr_line' id='line_1_55' title="bbox 2429 2076 4043 2145; baseline -0.002 -12"><span class='ocrx_word' id='word_1_396' title='bbox 2429 2089 2485 2134; x_wconf 88' lang='lat' dir='ltr'><strong>et</strong></span> <span class='ocrx_word' id='word_1_397' title='bbox 2513 2077 2720 2145; x_wconf 87' lang='lat' dir='ltr'><strong>Daniel,</strong></span> <span class='ocrx_word' id='word_1_398' title='bbox 2742 2077 2869 2134; x_wconf 89' lang='lat' dir='ltr'><strong>dum</strong></span> <span class='ocrx_word' id='word_1_399' title='bbox 2890 2076 3306 2134; x_wconf 87' lang='lat' dir='ltr'><strong>abominationis</strong></span> <span class='ocrx_word' id='word_1_400' title='bbox 3323 2076 3674 2135; x_wconf 79' lang='lat' dir='ltr'><strong>desolationts</strong></span> <span class='ocrx_word' id='word_1_401' title='bbox 3700 2077 4043 2132; x_wconf 85' lang='lat' dir='ltr'><strong>mentionem</strong></span> 
     </span>
    </p>
   </div>
   <div class='ocr_carea' id='block_1_56' title="bbox 2430 2166 4046 2241">
    <p class='ocr_par' dir='ltr' id='par_1_56' title="bbox 2430 2166 4046 2241">
     <span class='ocr_line' id='line_1_56' title="bbox 2430 2166 4046 2241; baseline -0.004 -16"><span class='ocrx_word' id='word_1_402' title='bbox 2430 2168 2557 2225; x_wconf 76' lang='lat' dir='ltr'><strong>facit</strong></span> <span class='ocrx_word' id='word_1_403' title='bbox 2582 2168 2603 2241; x_wconf 92' lang='lat'><strong>(</strong></span> <span class='ocrx_word' id='word_1_404' title='bbox 2626 2167 2760 2224; x_wconf 81' lang='lat' dir='ltr'><strong>Dan.</strong></span> <span class='ocrx_word' id='word_1_405' title='bbox 2784 2169 2839 2226; x_wconf 87' lang='lat'><strong>9.</strong></span> <span class='ocrx_word' id='word_1_406' title='bbox 2871 2169 2941 2225; x_wconf 76' lang='grc'><strong>27</strong></span> <span class='ocrx_word' id='word_1_407' title='bbox 2958 2169 2979 2241; x_wconf 93' lang='grc'>)</span> <span class='ocrx_word' id='word_1_408' title='bbox 2998 2209 3014 2237; x_wconf 85' lang='grc'><em>,</em></span> <span class='ocrx_word' id='word_1_409' title='bbox 3042 2178 3099 2226; x_wconf 91' lang='lat' dir='ltr'><strong>et</strong></span> <span class='ocrx_word' id='word_1_410' title='bbox 3119 2168 3407 2225; x_wconf 80' lang='lat' dir='ltr'><strong>Malachias</strong></span> <span class='ocrx_word' id='word_1_411' title='bbox 3432 2168 3560 2224; x_wconf 87' lang='lat' dir='ltr'><strong>dum</strong></span> <span class='ocrx_word' id='word_1_412' title='bbox 3590 2168 3667 2223; x_wconf 90' lang='lat' dir='ltr'><strong>ait</strong></span> <span class='ocrx_word' id='word_1_413' title='bbox 3694 2185 3709 2221; x_wconf 88' lang='lat'><strong>:</strong></span> <span class='ocrx_word' id='word_1_414' title='bbox 3743 2166 3879 2234; x_wconf 76' lang='lat' dir='ltr'><strong>Quia</strong></span> <span class='ocrx_word' id='word_1_415' title='bbox 3905 2175 3955 2220; x_wconf 88' lang='lat' dir='ltr'><strong>et</strong></span> <span class='ocrx_word' id='word_1_416' title='bbox 3984 2166 4046 2219; x_wconf 82' lang='lat' dir='ltr'><strong>in</strong></span> 
     </span>
    </p>
   </div>
   <div class='ocr_carea' id='block_1_57' title="bbox 2429 2256 4045 2332">
    <p class='ocr_par' dir='ltr' id='par_1_57' title="bbox 2429 2256 4045 2332">
     <span class='ocr_line' id='line_1_57' title="bbox 2429 2256 4045 2332; baseline -0.002 -17"><span class='ocrx_word' id='word_1_417' title='bbox 2429 2258 2567 2315; x_wconf 77' lang='lat' dir='ltr'><strong>nobis</strong></span> <span class='ocrx_word' id='word_1_418' title='bbox 2609 2260 2911 2316; x_wconf 74' lang='lat' dir='ltr'><strong>claudentur</strong></span> <span class='ocrx_word' id='word_1_419' title='bbox 2948 2262 3130 2332; x_wconf 65' lang='grc' dir='ltr'><strong>⁸ἱιιιιιιω</strong></span> <span class='ocrx_word' id='word_1_420' title='bbox 3169 2258 3354 2332; x_wconf 74' lang='lat' dir='ltr'><strong>(Hal.</strong></span> <span class='ocrx_word' id='word_1_421' title='bbox 3383 2260 3436 2315; x_wconf 82' lang='lat' dir='ltr'><strong>l.</strong></span> <span class='ocrx_word' id='word_1_422' title='bbox 3463 2258 3531 2315; x_wconf 80' lang='grc' dir='ltr'>ω</span> <span class='ocrx_word' id='word_1_423' title='bbox 3560 2257 3621 2330; x_wconf 84' lang='grc'><strong>),</strong></span> <span class='ocrx_word' id='word_1_424' title='bbox 3660 2266 3719 2315; x_wconf 80' lang='lat' dir='ltr'><strong>et</strong></span> <span class='ocrx_word' id='word_1_425' title='bbox 3760 2256 3955 2325; x_wconf 87' lang='lat' dir='ltr'><strong>David,</strong></span> <span class='ocrx_word' id='word_1_426' title='bbox 3984 2264 4045 2312; x_wconf 83' lang='lat' dir='ltr'><strong>et</strong></span> 
     </span>
    </p>
   </div>
   <div class='ocr_carea' id='block_1_58' title="bbox 2432 2347 4042 2422">
    <p class='ocr_par' dir='ltr' id='par_1_58' title="bbox 2432 2347 4042 2422">
     <span class='ocr_line' id='line_1_58' title="bbox 2432 2347 4042 2422; baseline -0.002 -16"><span class='ocrx_word' id='word_1_427' title='bbox 2432 2350 2624 2419; x_wconf 88' lang='lat' dir='ltr'><strong>lsaias,</strong></span> <span class='ocrx_word' id='word_1_428' title='bbox 2652 2360 2708 2407; x_wconf 86' lang='lat' dir='ltr'><strong>et</strong></span> <span class='ocrx_word' id='word_1_429' title='bbox 2734 2350 2826 2406; x_wconf 88' lang='lat' dir='ltr'><strong>alii</strong></span> <span class='ocrx_word' id='word_1_430' title='bbox 2856 2349 3131 2422; x_wconf 63' lang='lat' dir='ltr'><strong>prophetat</strong></span> <span class='ocrx_word' id='word_1_431' title='bbox 3153 2349 3309 2405; x_wconf 88' lang='lat' dir='ltr'><strong>multi</strong></span> <span class='ocrx_word' id='word_1_432' title='bbox 3338 2349 3407 2405; x_wconf 91' lang='lat' dir='ltr'><strong>de</strong></span> <span class='ocrx_word' id='word_1_433' title='bbox 3436 2347 3522 2405; x_wconf 91' lang='lat' dir='ltr'><strong>his</strong></span> <span class='ocrx_word' id='word_1_434' title='bbox 3548 2347 3953 2420; x_wconf 67' lang='lat' dir='ltr'><strong>praedixerunt,</strong></span> <span class='ocrx_word' id='word_1_435' title='bbox 3976 2356 4042 2403; x_wconf 88' lang='lat' dir='ltr'><strong>ut</strong></span> 
     </span>
    </p>
   </div>
   <div class='ocr_carea' id='block_1_59' title="bbox 2430 2436 4046 2511">
    <p class='ocr_par' dir='ltr' id='par_1_59' title="bbox 2430 2436 4046 2511">
     <span class='ocr_line' id='line_1_59' title="bbox 2430 2436 4046 2511; baseline -0.002 -16"><span class='ocrx_word' id='word_1_436' title='bbox 2430 2439 2677 2505; x_wconf 79' lang='lat' dir='ltr'><strong>videntes</strong></span> <span class='ocrx_word' id='word_1_437' title='bbox 2704 2454 2800 2497; x_wconf 90' lang='lat' dir='ltr'><strong>eos</strong></span> <span class='ocrx_word' id='word_1_438' title='bbox 2827 2441 2919 2509; x_wconf 87' lang='lat' dir='ltr'><strong>qui</strong></span> <span class='ocrx_word' id='word_1_439' title='bbox 2948 2440 3233 2495; x_wconf 87' lang='lat' dir='ltr'><strong>Dominum</strong></span> <span class='ocrx_word' id='word_1_440' title='bbox 3263 2446 3345 2495; x_wconf 92' lang='lat' dir='ltr'><strong>tot</strong></span> <span class='ocrx_word' id='word_1_441' title='bbox 3369 2436 3580 2508; x_wconf 81' lang='lat' dir='ltr'><strong>injuriis</strong></span> <span class='ocrx_word' id='word_1_442' title='bbox 3608 2437 3937 2511; x_wconf 79' lang='lat' dir='ltr'><strong>aﬂ’ecerant,</strong></span> <span class='ocrx_word' id='word_1_443' title='bbox 3967 2436 4046 2492; x_wconf 82' lang='lat' dir='ltr'><strong>ita</strong></span> 
     </span>
    </p>
   </div>
   <div class='ocr_carea' id='block_1_60' title="bbox 2434 2528 4049 2603">
    <p class='ocr_par' dir='ltr' id='par_1_60' title="bbox 2434 2528 4049 2603">
     <span class='ocr_line' id='line_1_60' title="bbox 2434 2528 4049 2603; baseline -0.004 -15"><span class='ocrx_word' id='word_1_444' title='bbox 2434 2531 2604 2589; x_wconf 77' lang='lat' dir='ltr'><strong>fuisse</strong></span> <span class='ocrx_word' id='word_1_445' title='bbox 2632 2532 2871 2603; x_wconf 88' lang='lat' dir='ltr'><strong>punitos,</strong></span> <span class='ocrx_word' id='word_1_446' title='bbox 2898 2533 3073 2603; x_wconf 85' lang='lat' dir='ltr'><strong>patria</strong></span> <span class='ocrx_word' id='word_1_447' title='bbox 3100 2532 3349 2588; x_wconf 88' lang='lat' dir='ltr'><strong>libertate</strong></span> <span class='ocrx_word' id='word_1_448' title='bbox 3375 2530 3612 2602; x_wconf 89' lang='lat' dir='ltr'><strong>privatos</strong></span> <span class='ocrx_word' id='word_1_449' title='bbox 3638 2538 3695 2586; x_wconf 89' lang='lat' dir='ltr'><strong>et</strong></span> <span class='ocrx_word' id='word_1_450' title='bbox 3722 2529 3835 2585; x_wconf 83' lang='lat' dir='ltr'><strong>suis</strong></span> <span class='ocrx_word' id='word_1_451' title='bbox 3862 2528 4049 2583; x_wconf 86' lang='lat' dir='ltr'><strong>omni-</strong></span> 
     </span>
    </p>
   </div>
   <div class='ocr_carea' id='block_1_61' title="bbox 2435 2619 4052 2695">
    <p class='ocr_par' dir='ltr' id='par_1_61' title="bbox 2435 2619 4052 2695">
     <span class='ocr_line' id='line_1_61' title="bbox 2435 2619 4052 2695; baseline -0.002 -16"><span class='ocrx_word' id='word_1_452' title='bbox 2435 2623 2535 2680; x_wconf 89' lang='lat' dir='ltr'><strong>bus</strong></span> <span class='ocrx_word' id='word_1_453' title='bbox 2561 2623 2770 2695; x_wconf 84' lang='lat' dir='ltr'><strong>legibus</strong></span> <span class='ocrx_word' id='word_1_454' title='bbox 2808 2639 2872 2680; x_wconf 88' lang='lat' dir='ltr'><strong>ac</strong></span> <span class='ocrx_word' id='word_1_455' title='bbox 2900 2624 3136 2695; x_wconf 79' lang='lat' dir='ltr'><strong>paternis</strong></span> <span class='ocrx_word' id='word_1_456' title='bbox 3166 2622 3538 2679; x_wconf 86' lang='lat' dir='ltr'><strong>traditionibus</strong></span> <span class='ocrx_word' id='word_1_457' title='bbox 3562 2662 3580 2689; x_wconf 92' lang='lat'><strong>,</strong></span> <span class='ocrx_word' id='word_1_458' title='bbox 3626 2621 3881 2677; x_wconf 80' lang='lat' dir='ltr'><strong>virtutem</strong></span> <span class='ocrx_word' id='word_1_459' title='bbox 3922 2619 4052 2690; x_wconf 79' lang='lat' dir='ltr'><strong>ejus</strong></span> 
     </span>
    </p>
   </div>
   <div class='ocr_carea' id='block_1_62' title="bbox 2434 2710 4055 2786">
    <p class='ocr_par' dir='ltr' id='par_1_62' title="bbox 2434 2710 4055 2786">
     <span class='ocr_line' id='line_1_62' title="bbox 2434 2710 4055 2786; baseline -0.002 -17"><span class='ocrx_word' id='word_1_460' title='bbox 2434 2728 2811 2786; x_wconf 85' lang='lat' dir='ltr'><strong>agnoscamus,</strong></span> <span class='ocrx_word' id='word_1_461' title='bbox 2842 2729 2963 2785; x_wconf 69' lang='lat' dir='ltr'><strong>qum</strong></span> <span class='ocrx_word' id='word_1_462' title='bbox 2992 2714 3082 2769; x_wconf 92' lang='lat' dir='ltr'><strong>illa</strong></span> <span class='ocrx_word' id='word_1_463' title='bbox 3108 2713 3359 2786; x_wconf 67' lang='lat' dir='ltr'><strong>praedixit</strong></span> <span class='ocrx_word' id='word_1_464' title='bbox 3383 2722 3545 2786; x_wconf 88' lang='lat' dir='ltr'><strong>atque</strong></span> <span class='ocrx_word' id='word_1_465' title='bbox 3572 2710 3837 2785; x_wconf 71' lang='lat' dir='ltr'><strong>perfecit,</strong></span> <span class='ocrx_word' id='word_1_466' title='bbox 3878 2720 4055 2782; x_wconf 84' lang='lat' dir='ltr'><strong>atque</strong></span> 
     </span>
    </p>
   </div>
   <div class='ocr_carea' id='block_1_63' title="bbox 2435 2801 4053 2877">
    <p class='ocr_par' dir='ltr' id='par_1_63' title="bbox 2435 2801 4053 2877">
     <span class='ocr_line' id='line_1_63' title="bbox 2435 2801 4053 2877; baseline -0.002 -16"><span class='ocrx_word' id='word_1_467' title='bbox 2435 2804 2640 2861; x_wconf 81' lang='lat' dir='ltr'><strong>inimici</strong></span> <span class='ocrx_word' id='word_1_468' title='bbox 2666 2805 2884 2877; x_wconf 87' lang='lat' dir='ltr'><strong>quidem</strong></span> <span class='ocrx_word' id='word_1_469' title='bbox 2909 2820 2975 2861; x_wconf 80' lang='lat' dir='ltr'><strong>es</strong></span> <span class='ocrx_word' id='word_1_470' title='bbox 3008 2804 3207 2861; x_wconf 88' lang='lat' dir='ltr'><strong>nostris</strong></span> <span class='ocrx_word' id='word_1_471' title='bbox 3245 2804 3403 2861; x_wconf 90' lang='lat' dir='ltr'><strong>bonis</strong></span> <span class='ocrx_word' id='word_1_472' title='bbox 3443 2804 3739 2875; x_wconf 87' lang='lat' dir='ltr'><strong>potentiam</strong></span> <span class='ocrx_word' id='word_1_473' title='bbox 3768 2801 3919 2857; x_wconf 88' lang='lat' dir='ltr'><strong>illius</strong></span> <span class='ocrx_word' id='word_1_474' title='bbox 3960 2801 4053 2857; x_wconf 87' lang='lat' dir='ltr'><strong>in-</strong></span> 
     </span>
    </p>
   </div>
   <div class='ocr_carea' id='block_1_64' title="bbox 2436 2896 4051 2971">
    <p class='ocr_par' dir='ltr' id='par_1_64' title="bbox 2436 2896 4051 2971">
     <span class='ocr_line' id='line_1_64' title="bbox 2436 2896 4051 2971; baseline -0.002 -17"><span class='ocrx_word' id='word_1_475' title='bbox 2436 2899 2698 2971; x_wconf 87' lang='lat' dir='ltr'><strong>telligant,</strong></span> <span class='ocrx_word' id='word_1_476' title='bbox 2726 2913 2827 2955; x_wconf 89' lang='lat' dir='ltr'><strong>nos</strong></span> <span class='ocrx_word' id='word_1_477' title='bbox 2856 2908 3036 2965; x_wconf 85' lang='lat' dir='ltr'><strong>autem</strong></span> <span class='ocrx_word' id='word_1_478' title='bbox 3060 2914 3129 2954; x_wconf 83' lang='lat' dir='ltr'><strong>ex</strong></span> <span class='ocrx_word' id='word_1_479' title='bbox 3156 2898 3419 2971; x_wconf 88' lang='lat' dir='ltr'><strong>supplicio</strong></span> <span class='ocrx_word' id='word_1_480' title='bbox 3455 2896 3525 2954; x_wconf 87' lang='lat' dir='ltr'><strong>de</strong></span> <span class='ocrx_word' id='word_1_481' title='bbox 3552 2897 3659 2953; x_wconf 87' lang='lat' dir='ltr'><strong>illis</strong></span> <span class='ocrx_word' id='word_1_482' title='bbox 3686 2904 3909 2968; x_wconf 79' lang='lat' dir='ltr'><strong>sumpto</strong></span> <span class='ocrx_word' id='word_1_483' title='bbox 3940 2896 4051 2951; x_wconf 87' lang='lat' dir='ltr'><strong>im-</strong></span> 
     </span>
    </p>
   </div>
   <div class='ocr_carea' id='block_1_65' title="bbox 2439 2989 4052 3068">
    <p class='ocr_par' dir='ltr' id='par_1_65' title="bbox 2439 2989 4052 3068">
     <span class='ocr_line' id='line_1_65' title="bbox 2439 2989 4052 3068; baseline -0.003 -21"><span class='ocrx_word' id='word_1_484' title='bbox 2439 3006 2683 3047; x_wconf 86' lang='lat' dir='ltr'><strong>mensam</strong></span> <span class='ocrx_word' id='word_1_485' title='bbox 2705 2991 2823 3068; x_wconf 83' lang='lat' dir='ltr'><strong>ejus</strong></span> <span class='ocrx_word' id='word_1_486' title='bbox 2846 2990 3233 3063; x_wconf 87' lang='lat' dir='ltr'><strong>benignitatem</strong></span> <span class='ocrx_word' id='word_1_487' title='bbox 3257 3005 3322 3046; x_wconf 90' lang='lat' dir='ltr'><strong>ac</strong></span> <span class='ocrx_word' id='word_1_488' title='bbox 3344 2989 3638 3060; x_wconf 88' lang='lat' dir='ltr'><strong>potentiam</strong></span> <span class='ocrx_word' id='word_1_489' title='bbox 3664 3001 4052 3059; x_wconf 81' lang='lat' dir='ltr'><strong>agnoscamus.</strong></span> 
     </span>
    </p>
   </div>
   <div class='ocr_carea' id='block_1_66' title="bbox 2440 3078 4052 3156">
    <p class='ocr_par' dir='ltr' id='par_1_66' title="bbox 2440 3078 4052 3156">
     <span class='ocr_line' id='line_1_66' title="bbox 2440 3078 4052 3156; baseline -0.005 -15"><span class='ocrx_word' id='word_1_490' title='bbox 2440 3099 2545 3142; x_wconf 87' lang='lat' dir='ltr'><strong>nec</strong></span> <span class='ocrx_word' id='word_1_491' title='bbox 2567 3098 2800 3156; x_wconf 83' lang='lat' dir='ltr'><strong>unquam</strong></span> <span class='ocrx_word' id='word_1_492' title='bbox 2830 3084 2976 3139; x_wconf 88' lang='lat' dir='ltr'><strong>illum</strong></span> <span class='ocrx_word' id='word_1_493' title='bbox 3014 3081 3318 3153; x_wconf 79' lang='lat' dir='ltr'><strong>gloriﬁcare</strong></span> <span class='ocrx_word' id='word_1_494' title='bbox 3344 3078 3655 3136; x_wconf 88' lang='lat' dir='ltr'><strong>desinamus</strong></span> <span class='ocrx_word' id='word_1_495' title='bbox 3673 3120 3689 3146; x_wconf 91' lang='lat'><strong>,</strong></span> <span class='ocrx_word' id='word_1_496' title='bbox 3721 3085 3864 3134; x_wconf 91' lang='lat' dir='ltr'><strong>utet</strong></span> <span class='ocrx_word' id='word_1_497' title='bbox 3889 3092 4052 3135; x_wconf 88' lang='lat' dir='ltr'><strong>sem-</strong></span> 
     </span>
    </p>
   </div>
   <div class='ocr_carea' id='block_1_67' title="bbox 2442 3169 4059 3249">
    <p class='ocr_par' dir='ltr' id='par_1_67' title="bbox 2442 3169 4059 3249">
     <span class='ocr_line' id='line_1_67' title="bbox 2442 3169 4059 3249; baseline -0.005 -16"><span class='ocrx_word' id='word_1_498' title='bbox 2442 3176 2649 3249; x_wconf 87' lang='lat' dir='ltr'><strong>piterna</strong></span> <span class='ocrx_word' id='word_1_499' title='bbox 2676 3184 2840 3247; x_wconf 87' lang='lat' dir='ltr'><strong>atque</strong></span> <span class='ocrx_word' id='word_1_500' title='bbox 2868 3172 3155 3230; x_wconf 78' lang='lat' dir='ltr'><strong>ineﬂ&#39;abilia</strong></span> <span class='ocrx_word' id='word_1_501' title='bbox 3178 3172 3321 3229; x_wconf 87' lang='lat' dir='ltr'><strong>bona</strong></span> <span class='ocrx_word' id='word_1_502' title='bbox 3345 3185 3764 3242; x_wconf 85' lang='lat' dir='ltr'><strong>consequamur,</strong></span> <span class='ocrx_word' id='word_1_503' title='bbox 3788 3169 3970 3240; x_wconf 84' lang='lat' dir='ltr'><strong>gratia</strong></span> <span class='ocrx_word' id='word_1_504' title='bbox 3999 3176 4059 3225; x_wconf 89' lang='lat' dir='ltr'><strong>et</strong></span> 
     </span>
    </p>
   </div>
   <div class='ocr_carea' id='block_1_68' title="bbox 2444 3259 4056 3339">
    <p class='ocr_par' dir='ltr' id='par_1_68' title="bbox 2444 3259 4056 3339">
     <span class='ocr_line' id='line_1_68' title="bbox 2444 3259 4056 3339; baseline -0.007 -15"><span class='ocrx_word' id='word_1_505' title='bbox 2444 3267 2771 3339; x_wconf 84' lang='lat' dir='ltr'><strong>benignitate</strong></span> <span class='ocrx_word' id='word_1_506' title='bbox 2791 3264 3003 3323; x_wconf 88' lang='lat' dir='ltr'><strong>Domini</strong></span> <span class='ocrx_word' id='word_1_507' title='bbox 3034 3263 3206 3319; x_wconf 89' lang='lat' dir='ltr'><strong>nostri</strong></span> <span class='ocrx_word' id='word_1_508' title='bbox 3229 3261 3357 3318; x_wconf 80' lang='lat' dir='ltr'><strong>Jesn</strong></span> <span class='ocrx_word' id='word_1_509' title='bbox 3376 3261 3599 3326; x_wconf 83' lang='lat' dir='ltr'><strong>Christi,</strong></span> <span class='ocrx_word' id='word_1_510' title='bbox 3620 3274 3743 3316; x_wconf 88' lang='lat' dir='ltr'><strong>cum</strong></span> <span class='ocrx_word' id='word_1_511' title='bbox 3766 3273 3877 3331; x_wconf 90' lang='lat' dir='ltr'><strong>quo</strong></span> <span class='ocrx_word' id='word_1_512' title='bbox 3901 3259 4056 3314; x_wconf 78' lang='lat' dir='ltr'><strong>l&#39;atri</strong></span> 
     </span>
    </p>
   </div>
   <div class='ocr_carea' id='block_1_69' title="bbox 2442 3348 4061 3430">
    <p class='ocr_par' dir='ltr' id='par_1_69' title="bbox 2442 3348 4061 3430">
     <span class='ocr_line' id='line_1_69' title="bbox 2442 3348 4061 3430; baseline -0.007 -16"><span class='ocrx_word' id='word_1_513' title='bbox 2442 3358 2643 3430; x_wconf 87' lang='lat' dir='ltr'><strong>gloria,</strong></span> <span class='ocrx_word' id='word_1_514' title='bbox 2672 3370 2778 3412; x_wconf 90' lang='lat' dir='ltr'><strong>una</strong></span> <span class='ocrx_word' id='word_1_515' title='bbox 2805 3370 2929 3412; x_wconf 86' lang='lat' dir='ltr'><strong>cum</strong></span> <span class='ocrx_word' id='word_1_516' title='bbox 2958 3362 3149 3409; x_wconf 88' lang='lat' dir='ltr'><strong>sancto</strong></span> <span class='ocrx_word' id='word_1_517' title='bbox 3174 3361 3231 3407; x_wconf 92' lang='lat' dir='ltr'><strong>et</strong></span> <span class='ocrx_word' id='word_1_518' title='bbox 3256 3350 3470 3407; x_wconf 79' lang='lat' dir='ltr'><strong>viviﬂco</strong></span> <span class='ocrx_word' id='word_1_519' title='bbox 3496 3348 3697 3421; x_wconf 83' lang='lat' dir='ltr'><strong>Spiritu</strong></span> <span class='ocrx_word' id='word_1_520' title='bbox 3718 3389 3735 3416; x_wconf 92' lang='lat'><strong>,</strong></span> <span class='ocrx_word' id='word_1_521' title='bbox 3782 3348 3969 3404; x_wconf 82' lang='lat' dir='ltr'><strong>honor</strong></span> <span class='ocrx_word' id='word_1_522' title='bbox 4001 3360 4061 3404; x_wconf 88' lang='lat' dir='ltr'><strong>et</strong></span> 
     </span>
    </p>
   </div>
   <div class='ocr_carea' id='block_1_70' title="bbox 753 3437 4060 3520">
    <p class='ocr_par' dir='ltr' id='par_1_70' title="bbox 753 3437 4060 3520">
     <span class='ocr_line' id='line_1_70' title="bbox 753 3437 4060 3520; baseline -0.004 -16"><span class='ocrx_word' id='word_1_523' title='bbox 753 3455 877 3518; x_wconf 79' lang='lat' dir='ltr'><strong>rent</strong></span> <span class='ocrx_word' id='word_1_524' title='bbox 898 3462 929 3502; x_wconf 92' lang='lat' dir='ltr'><strong>a</strong></span> <span class='ocrx_word' id='word_1_525' title='bbox 953 3446 1170 3505; x_wconf 88' lang='lat' dir='ltr'><strong>Christo</strong></span> <span class='ocrx_word' id='word_1_526' title='bbox 1194 3454 1351 3503; x_wconf 75' lang='lat' dir='ltr'><strong>terra:</strong></span> <span class='ocrx_word' id='word_1_527' title='bbox 1380 3444 1637 3501; x_wconf 89' lang='lat' dir='ltr'><strong>terminos</strong></span> <span class='ocrx_word' id='word_1_528' title='bbox 1662 3442 1943 3515; x_wconf 83' lang='lat' dir='ltr'><strong>possideri.</strong></span> <span class='ocrx_word' id='word_1_529' title='bbox 1970 3441 2177 3499; x_wconf 79' lang='lat' dir='ltr'><strong>Rursus</strong></span> <span class='ocrx_word' id='word_1_530' title='bbox 2200 3443 2341 3499; x_wconf 85' lang='lat' dir='ltr'><strong>alius</strong></span> <span class='ocrx_word' id='word_1_531' title='bbox 2446 3447 2756 3520; x_wconf 80' lang='lat' dir='ltr'><strong>imperium,</strong></span> <span class='ocrx_word' id='word_1_532' title='bbox 2787 3459 2931 3502; x_wconf 88' lang='lat' dir='ltr'><strong>nunc</strong></span> <span class='ocrx_word' id='word_1_533' title='bbox 2957 3453 3013 3502; x_wconf 91' lang='lat' dir='ltr'><strong>et</strong></span> <span class='ocrx_word' id='word_1_534' title='bbox 3041 3455 3291 3514; x_wconf 84' lang='lat' dir='ltr'><strong>semper,</strong></span> <span class='ocrx_word' id='word_1_535' title='bbox 3316 3450 3371 3499; x_wconf 84' lang='lat' dir='ltr'><strong>et</strong></span> <span class='ocrx_word' id='word_1_536' title='bbox 3398 3439 3455 3497; x_wconf 90' lang='lat' dir='ltr'><strong>in</strong></span> <span class='ocrx_word' id='word_1_537' title='bbox 3479 3438 3675 3497; x_wconf 65' lang='lat' dir='ltr'><strong>secula</strong></span> <span class='ocrx_word' id='word_1_538' title='bbox 3701 3437 4060 3494; x_wconf 71' lang='lat' dir='ltr'><strong>saeculorum.</strong></span> 
     </span>
    </p>
   </div>
   <div class='ocr_carea' id='block_1_71' title="bbox 752 3535 2340 3612">
    <p class='ocr_par' dir='ltr' id='par_1_71' title="bbox 752 3535 2340 3612">
     <span class='ocr_line' id='line_1_71' title="bbox 752 3535 2340 3612; baseline -0.005 -15"><span class='ocrx_word' id='word_1_539' title='bbox 752 3540 1013 3612; x_wconf 83' lang='lat' dir='ltr'><strong>prepheta</strong></span> <span class='ocrx_word' id='word_1_540' title='bbox 1040 3537 1215 3595; x_wconf 88' lang='lat' dir='ltr'><strong>dicit:</strong></span> <span class='ocrx_word' id='word_1_541' title='bbox 1244 3535 1313 3592; x_wconf 83' lang='lat' dir='ltr'><strong>Et</strong></span> <span class='ocrx_word' id='word_1_542' title='bbox 1354 3535 1638 3595; x_wconf 73' lang='lat' dir='ltr'><strong>adorabunt</strong></span> <span class='ocrx_word' id='word_1_543' title='bbox 1677 3552 1793 3593; x_wconf 67' lang='lat' dir='ltr'><strong>sum</strong></span> <span class='ocrx_word' id='word_1_544' title='bbox 1818 3535 2005 3609; x_wconf 72' lang='lat' dir='ltr'><strong>singuli</strong></span> <span class='ocrx_word' id='word_1_545' title='bbox 2032 3552 2062 3592; x_wconf 76' lang='grc' dir='ltr'><strong><em>ο</em></strong></span> <span class='ocrx_word' id='word_1_546' title='bbox 2097 3535 2208 3590; x_wconf 80' lang='lat' dir='ltr'><strong>loco</strong></span> <span class='ocrx_word' id='word_1_547' title='bbox 2247 3551 2340 3589; x_wconf 75' lang='lat' dir='ltr'><strong>suo</strong></span> 
     </span>
    </p>
   </div>
   <div class='ocr_carea' id='block_1_72' title="bbox 752 3626 2338 3703">
    <p class='ocr_par' dir='ltr' id='par_1_72' title="bbox 752 3626 2338 3703">
     <span class='ocr_line' id='line_1_72' title="bbox 752 3626 2338 3703; baseline -0.004 -16"><span class='ocrx_word' id='word_1_548' title='bbox 752 3628 953 3703; x_wconf 69' lang='lat' dir='ltr'><strong>(Soph.</strong></span> <span class='ocrx_word' id='word_1_549' title='bbox 980 3628 1036 3685; x_wconf 73' lang='grc'><strong>2.</strong></span> <span class='ocrx_word' id='word_1_550' title='bbox 1064 3629 1125 3686; x_wconf 75' lang='lat' dir='ltr'><strong>tl</strong></span> <span class='ocrx_word' id='word_1_551' title='bbox 1151 3630 1195 3701; x_wconf 92' lang='lat'><strong>).</strong></span> <span class='ocrx_word' id='word_1_552' title='bbox 1242 3627 1384 3701; x_wconf 82' lang='lat' dir='ltr'><strong>Ergo</strong></span> <span class='ocrx_word' id='word_1_553' title='bbox 1427 3628 1552 3685; x_wconf 86' lang='lat' dir='ltr'><strong>illos</strong></span> <span class='ocrx_word' id='word_1_554' title='bbox 1584 3642 1681 3699; x_wconf 90' lang='lat' dir='ltr'><strong>per</strong></span> <span class='ocrx_word' id='word_1_555' title='bbox 1724 3626 1903 3686; x_wconf 89' lang='lat' dir='ltr'><strong>omnia</strong></span> <span class='ocrx_word' id='word_1_556' title='bbox 1933 3636 2090 3683; x_wconf 67' lang='lat' dir='ltr'><strong>terra:</strong></span> <span class='ocrx_word' id='word_1_557' title='bbox 2118 3627 2232 3683; x_wconf 85' lang='lat' dir='ltr'><strong>ioca</strong></span> <span class='ocrx_word' id='word_1_558' title='bbox 2257 3626 2338 3681; x_wconf 86' lang='lat' dir='ltr'><strong>di-</strong></span> 
     </span>
    </p>
   </div>
   <div class='ocr_carea' id='block_1_73' title="bbox 2448 3540 2635 3596">
    <p class='ocr_par' dir='ltr' id='par_1_73' title="bbox 2448 3540 2635 3596">
     <span class='ocr_line' id='line_1_73' title="bbox 2448 3540 2635 3596; baseline -0.016 0"><span class='ocrx_word' id='word_1_559' title='bbox 2448 3540 2635 3596; x_wconf 80' lang='lat' dir='ltr'><strong>Amen.</strong></span> 
     </span>
    </p>
   </div>
  </div>
