  <div class='ocr_page' id='page_1' title='image "/cluster/home/n/w/nwhite01/storage/ocr_20150623/51/pst.000005712502/115.png"; bbox 0 0 4212 6290; ppageno 0'>
   <div class='ocr_carea' id='block_1_1' title="bbox 689 350 784 404">
    <p class='ocr_par' dir='ltr' id='par_1_1' title="bbox 689 350 784 404">
     <span class='ocr_line' id='line_1_1' title="bbox 689 350 784 404; baseline 0.011 -1"><span class='ocrx_word' id='word_1_1' title='bbox 689 350 784 404; x_wconf 69' lang='lat' dir='ltr'><strong>HS</strong></span> 
     </span>
    </p>
   </div>
   <div class='ocr_carea' id='block_1_2' title="bbox 681 460 2264 533">
    <p class='ocr_par' dir='ltr' id='par_1_2' title="bbox 681 460 2264 533">
     <span class='ocr_line' id='line_1_2' title="bbox 681 460 2264 533; baseline -0.003 -16"><span class='ocrx_word' id='word_1_2' title='bbox 681 478 894 519; x_wconf 75' lang='lat' dir='ltr'><strong>cessum</strong></span> <span class='ocrx_word' id='word_1_3' title='bbox 918 473 1026 533; x_wconf 78' lang='lat' dir='ltr'><strong>est,</strong></span> <span class='ocrx_word' id='word_1_4' title='bbox 1056 472 1114 521; x_wconf 90' lang='lat' dir='ltr'><strong>ut</strong></span> <span class='ocrx_word' id='word_1_5' title='bbox 1142 478 1262 520; x_wconf 90' lang='lat' dir='ltr'><strong>cum</strong></span> <span class='ocrx_word' id='word_1_6' title='bbox 1288 461 1462 518; x_wconf 89' lang='lat' dir='ltr'><strong>adhuc</strong></span> <span class='ocrx_word' id='word_1_7' title='bbox 1500 472 1644 519; x_wconf 88' lang='lat' dir='ltr'><strong>esset</strong></span> <span class='ocrx_word' id='word_1_8' title='bbox 1670 478 1831 519; x_wconf 88' lang='lat' dir='ltr'><strong>carne</strong></span> <span class='ocrx_word' id='word_1_9' title='bbox 1858 460 2222 532; x_wconf 74' lang='lat' dir='ltr'><strong>circumdatus</strong></span> <span class='ocrx_word' id='word_1_10' title='bbox 2249 500 2264 523; x_wconf 95' lang='lat'><strong>,</strong></span> 
     </span>
    </p>
   </div>
   <div class='ocr_carea' id='block_1_3' title="bbox 678 552 2265 627">
    <p class='ocr_par' dir='ltr' id='par_1_3' title="bbox 678 552 2265 627">
     <span class='ocr_line' id='line_1_3' title="bbox 678 552 2265 627; baseline -0.003 -17"><span class='ocrx_word' id='word_1_11' title='bbox 678 553 1008 625; x_wconf 79' lang='lat' dir='ltr'><strong>Seraphinos</strong></span> <span class='ocrx_word' id='word_1_12' title='bbox 1037 555 1273 619; x_wconf 88' lang='lat' dir='ltr'><strong>videret,</strong></span> <span class='ocrx_word' id='word_1_13' title='bbox 1320 552 1411 625; x_wconf 85' lang='lat' dir='ltr'><strong>qui</strong></span> <span class='ocrx_word' id='word_1_14' title='bbox 1454 554 1739 627; x_wconf 81' lang='lat' dir='ltr'><strong>mysticum</strong></span> <span class='ocrx_word' id='word_1_15' title='bbox 1770 552 1917 609; x_wconf 87' lang='lat' dir='ltr'><strong>illum</strong></span> <span class='ocrx_word' id='word_1_16' title='bbox 1946 561 2265 608; x_wconf 88' lang='lat' dir='ltr'><strong>concentum</strong></span> 
     </span>
    </p>
   </div>
   <div class='ocr_carea' id='block_1_4' title="bbox 680 635 2269 715">
    <p class='ocr_par' dir='ltr' id='par_1_4' title="bbox 680 635 2269 715">
     <span class='ocr_line' id='line_1_4' title="bbox 680 635 2269 715; baseline -0.001 -14"><span class='ocrx_word' id='word_1_17' title='bbox 680 647 905 712; x_wconf 83' lang='lat' dir='ltr'><strong>audivit,</strong></span> <span class='ocrx_word' id='word_1_18' title='bbox 932 648 976 702; x_wconf 88' lang='lat' dir='ltr'><strong>is</strong></span> <span class='ocrx_word' id='word_1_19' title='bbox 1005 662 1125 703; x_wconf 90' lang='lat' dir='ltr'><strong>cum</strong></span> <span class='ocrx_word' id='word_1_20' title='bbox 1155 635 1209 701; x_wconf 84' lang='lat' dir='ltr'><strong>in</strong></span> <span class='ocrx_word' id='word_1_21' title='bbox 1239 646 1423 700; x_wconf 85' lang='lat' dir='ltr'><strong>urbem</strong></span> <span class='ocrx_word' id='word_1_22' title='bbox 1449 644 1755 701; x_wconf 70' lang='lat' dir='ltr'><strong>Judmorum</strong></span> <span class='ocrx_word' id='word_1_23' title='bbox 1800 645 2134 715; x_wconf 87' lang='lat' dir='ltr'><strong>metropolim</strong></span> <span class='ocrx_word' id='word_1_24' title='bbox 2171 644 2269 698; x_wconf 89' lang='lat' dir='ltr'><strong>ho-</strong></span> 
     </span>
    </p>
   </div>
   <div class='ocr_carea' id='block_1_5' title="bbox 682 736 2267 809">
    <p class='ocr_par' dir='ltr' id='par_1_5' title="bbox 682 736 2267 809">
     <span class='ocr_line' id='line_1_5' title="bbox 682 736 2267 809; baseline -0.002 -14"><span class='ocrx_word' id='word_1_25' title='bbox 682 741 912 796; x_wconf 89' lang='lat' dir='ltr'><strong>minibus</strong></span> <span class='ocrx_word' id='word_1_26' title='bbox 950 736 1200 796; x_wconf 79' lang='lat' dir='ltr'><strong>refertam</strong></span> <span class='ocrx_word' id='word_1_27' title='bbox 1234 739 1506 809; x_wconf 82' lang='lat' dir='ltr'><strong>ingressus</strong></span> <span class='ocrx_word' id='word_1_28' title='bbox 1537 748 1719 805; x_wconf 92' lang='lat' dir='ltr'><strong>esset,</strong></span> <span class='ocrx_word' id='word_1_29' title='bbox 1748 738 2080 808; x_wconf 78' lang='lat' dir='ltr'><strong>Jerosoiyma</strong></span> <span class='ocrx_word' id='word_1_30' title='bbox 2110 738 2267 792; x_wconf 89' lang='lat' dir='ltr'><strong>nimi-</strong></span> 
     </span>
    </p>
   </div>
   <div class='ocr_carea' id='block_1_6' title="bbox 679 830 2266 901">
    <p class='ocr_par' dir='ltr' id='par_1_6' title="bbox 679 830 2266 901">
     <span class='ocr_line' id='line_1_6' title="bbox 679 830 2266 901; baseline -0.001 -15"><span class='ocrx_word' id='word_1_31' title='bbox 679 848 818 895; x_wconf 89' lang='lat' dir='ltr'><strong>rum,</strong></span> <span class='ocrx_word' id='word_1_32' title='bbox 835 841 993 901; x_wconf 86' lang='lat' dir='ltr'><strong>atque</strong></span> <span class='ocrx_word' id='word_1_33' title='bbox 1010 831 1061 885; x_wconf 93' lang='lat' dir='ltr'><strong>in</strong></span> <span class='ocrx_word' id='word_1_34' title='bbox 1085 830 1262 885; x_wconf 90' lang='lat' dir='ltr'><strong>medio</strong></span> <span class='ocrx_word' id='word_1_35' title='bbox 1286 830 1402 885; x_wconf 86' lang='lat' dir='ltr'><strong>foro</strong></span> <span class='ocrx_word' id='word_1_36' title='bbox 1422 831 1766 895; x_wconf 76' lang='lat' dir='ltr'><strong>constitisset,</strong></span> <span class='ocrx_word' id='word_1_37' title='bbox 1789 844 1908 883; x_wconf 90' lang='lat' dir='ltr'><strong>cum</strong></span> <span class='ocrx_word' id='word_1_38' title='bbox 1936 837 2050 883; x_wconf 91' lang='lat' dir='ltr'><strong>toto</strong></span> <span class='ocrx_word' id='word_1_39' title='bbox 2071 832 2266 899; x_wconf 90' lang='lat' dir='ltr'><strong>populo</strong></span> 
     </span>
    </p>
   </div>
   <div class='ocr_carea' id='block_1_7' title="bbox 677 919 2262 993">
    <p class='ocr_par' dir='ltr' id='par_1_7' title="bbox 677 919 2262 993">
     <span class='ocr_line' id='line_1_7' title="bbox 677 919 2262 993; baseline -0.001 -16"><span class='ocrx_word' id='word_1_40' title='bbox 677 924 1065 993; x_wconf 84' lang='lat' dir='ltr'><strong>circumseptus</strong></span> <span class='ocrx_word' id='word_1_41' title='bbox 1088 930 1249 987; x_wconf 80' lang='lat' dir='ltr'><strong>esset,</strong></span> <span class='ocrx_word' id='word_1_42' title='bbox 1278 937 1400 977; x_wconf 91' lang='lat' dir='ltr'><strong>cum</strong></span> <span class='ocrx_word' id='word_1_43' title='bbox 1427 921 1729 991; x_wconf 88' lang='lat' dir='ltr'><strong>signiﬁcare</strong></span> <span class='ocrx_word' id='word_1_44' title='bbox 1758 920 1916 976; x_wconf 81' lang='lat' dir='ltr'><strong>vellet</strong></span> <span class='ocrx_word' id='word_1_45' title='bbox 1954 935 2058 973; x_wconf 92' lang='lat' dir='ltr'><strong>non</strong></span> <span class='ocrx_word' id='word_1_46' title='bbox 2087 919 2262 975; x_wconf 85' lang='lat' dir='ltr'><strong>bOmi—</strong></span> 
     </span>
    </p>
   </div>
   <div class='ocr_carea' id='block_1_8' title="bbox 676 1002 2260 1085">
    <p class='ocr_par' dir='ltr' id='par_1_8' title="bbox 676 1002 2260 1085">
     <span class='ocr_line' id='line_1_8' title="bbox 676 1002 2260 1085; baseline -0.003 -18"><span class='ocrx_word' id='word_1_47' title='bbox 676 1029 799 1068; x_wconf 88' lang='lat' dir='ltr'><strong>nem</strong></span> <span class='ocrx_word' id='word_1_48' title='bbox 843 1028 1003 1078; x_wconf 88' lang='lat' dir='ltr'><strong>esse,</strong></span> <span class='ocrx_word' id='word_1_49' title='bbox 1046 1013 1136 1085; x_wconf 88' lang='lat' dir='ltr'><strong>qui</strong></span> <span class='ocrx_word' id='word_1_50' title='bbox 1182 1012 1527 1083; x_wconf 83' lang='lat' dir='ltr'><strong>propheticos</strong></span> <span class='ocrx_word' id='word_1_51' title='bbox 1567 1026 1844 1067; x_wconf 85' lang='lat' dir='ltr'><strong>sermones</strong></span> <span class='ocrx_word' id='word_1_52' title='bbox 1888 1002 1995 1065; x_wconf 85' lang='lat' dir='ltr'><strong>non</strong></span> <span class='ocrx_word' id='word_1_53' title='bbox 2023 1010 2260 1077; x_wconf 82' lang='lat' dir='ltr'><strong>audiret,</strong></span> 
     </span>
    </p>
   </div>
   <div class='ocr_carea' id='block_1_9' title="bbox 672 1104 2261 1173">
    <p class='ocr_par' dir='ltr' id='par_1_9' title="bbox 672 1104 2261 1173">
     <span class='ocr_line' id='line_1_9' title="bbox 672 1104 2261 1173; baseline -0.003 -11"><span class='ocrx_word' id='word_1_54' title='bbox 672 1107 912 1162; x_wconf 89' lang='lat' dir='ltr'><strong>clamans</strong></span> <span class='ocrx_word' id='word_1_55' title='bbox 944 1104 1153 1162; x_wconf 85' lang='lat' dir='ltr'><strong>dicebat</strong></span> <span class='ocrx_word' id='word_1_56' title='bbox 1174 1147 1190 1173; x_wconf 94' lang='lat'><strong>,</strong></span> <span class='ocrx_word' id='word_1_57' title='bbox 1226 1105 1345 1160; x_wconf 84' lang='lat' dir='ltr'><strong>Veni</strong></span> <span class='ocrx_word' id='word_1_58' title='bbox 1367 1147 1385 1169; x_wconf 87' lang='lat'><strong>,</strong></span> <span class='ocrx_word' id='word_1_59' title='bbox 1412 1114 1458 1157; x_wconf 77' lang='lat' dir='ltr'><strong>et</strong></span> <span class='ocrx_word' id='word_1_60' title='bbox 1490 1120 1590 1159; x_wconf 83' lang='lat' dir='ltr'><strong>non</strong></span> <span class='ocrx_word' id='word_1_61' title='bbox 1618 1114 1725 1159; x_wconf 86' lang='lat' dir='ltr'><strong>erat</strong></span> <span class='ocrx_word' id='word_1_62' title='bbox 1752 1104 1901 1160; x_wconf 79' lang='lat' dir='ltr'><strong>homo</strong></span> <span class='ocrx_word' id='word_1_63' title='bbox 1928 1120 1947 1159; x_wconf 90' lang='lat'><strong><em>:</em></strong></span> <span class='ocrx_word' id='word_1_64' title='bbox 1970 1105 2142 1158; x_wconf 75' lang='lat' dir='ltr'><strong>vocavi</strong></span> <span class='ocrx_word' id='word_1_65' title='bbox 2160 1144 2174 1168; x_wconf 93' lang='lat'><strong>,</strong></span> <span class='ocrx_word' id='word_1_66' title='bbox 2213 1115 2261 1158; x_wconf 84' lang='lat' dir='ltr'><strong>et</strong></span> 
     </span>
    </p>
   </div>
   <div class='ocr_carea' id='block_1_10' title="bbox 672 1196 2262 1269">
    <p class='ocr_par' dir='ltr' id='par_1_10' title="bbox 672 1196 2262 1269">
     <span class='ocr_line' id='line_1_10' title="bbox 672 1196 2262 1269; baseline 0.001 -17"><span class='ocrx_word' id='word_1_67' title='bbox 672 1215 776 1253; x_wconf 87' lang='lat' dir='ltr'><strong>non</strong></span> <span class='ocrx_word' id='word_1_68' title='bbox 807 1210 916 1253; x_wconf 87' lang='lat' dir='ltr'><strong>erat</strong></span> <span class='ocrx_word' id='word_1_69' title='bbox 950 1201 1037 1267; x_wconf 82' lang='lat' dir='ltr'><strong>qui</strong></span> <span class='ocrx_word' id='word_1_70' title='bbox 1064 1199 1283 1253; x_wconf 78' lang='lat' dir='ltr'><strong>obediret</strong></span> <span class='ocrx_word' id='word_1_71' title='bbox 1312 1196 1466 1268; x_wconf 59' lang='lat' dir='ltr'><strong>(hui.</strong></span> <span class='ocrx_word' id='word_1_72' title='bbox 1498 1197 1587 1254; x_wconf 80' lang='lat'><strong>50.</strong></span> <span class='ocrx_word' id='word_1_73' title='bbox 1611 1196 1689 1269; x_wconf 57' lang='lat' dir='ltr'><strong>Si.</strong></span> <span class='ocrx_word' id='word_1_74' title='bbox 1723 1198 1899 1269; x_wconf 81' lang='lat' dir='ltr'><strong>Atque</strong></span> <span class='ocrx_word' id='word_1_75' title='bbox 1926 1205 1985 1252; x_wconf 93' lang='lat' dir='ltr'><strong>ut</strong></span> <span class='ocrx_word' id='word_1_76' title='bbox 2014 1196 2117 1253; x_wconf 87' lang='lat' dir='ltr'><strong>hoc</strong></span> <span class='ocrx_word' id='word_1_77' title='bbox 2140 1211 2262 1254; x_wconf 75' lang='lat' dir='ltr'><strong>esse</strong></span> 
     </span>
    </p>
   </div>
   <div class='ocr_carea' id='block_1_11' title="bbox 670 1289 2261 1361">
    <p class='ocr_par' dir='ltr' id='par_1_11' title="bbox 670 1289 2261 1361">
     <span class='ocr_line' id='line_1_11' title="bbox 670 1289 2261 1361; baseline 0.001 -17"><span class='ocrx_word' id='word_1_78' title='bbox 670 1293 869 1346; x_wconf 83' lang='lat' dir='ltr'><strong>dictum</strong></span> <span class='ocrx_word' id='word_1_79' title='bbox 902 1292 1166 1361; x_wconf 75' lang='lat' dir='ltr'><strong>intelligas</strong></span> <span class='ocrx_word' id='word_1_80' title='bbox 1195 1306 1299 1345; x_wconf 92' lang='lat' dir='ltr'><strong>non</strong></span> <span class='ocrx_word' id='word_1_81' title='bbox 1331 1290 1400 1345; x_wconf 90' lang='lat' dir='ltr'><strong>ob</strong></span> <span class='ocrx_word' id='word_1_82' title='bbox 1426 1290 1702 1345; x_wconf 79' lang='lat' dir='ltr'><strong>raritatem</strong></span> <span class='ocrx_word' id='word_1_83' title='bbox 1728 1304 1916 1346; x_wconf 89' lang='lat' dir='ltr'><strong>eorum</strong></span> <span class='ocrx_word' id='word_1_84' title='bbox 1938 1331 1953 1355; x_wconf 94' lang='lat'><strong>,</strong></span> <span class='ocrx_word' id='word_1_85' title='bbox 1983 1290 2075 1361; x_wconf 87' lang='lat' dir='ltr'><strong>qui</strong></span> <span class='ocrx_word' id='word_1_86' title='bbox 2101 1289 2261 1346; x_wconf 85' lang='lat' dir='ltr'><strong>ades-</strong></span> 
     </span>
    </p>
   </div>
   <div class='ocr_carea' id='block_1_12' title="bbox 672 1382 2259 1455">
    <p class='ocr_par' dir='ltr' id='par_1_12' title="bbox 672 1382 2259 1455">
     <span class='ocr_line' id='line_1_12' title="bbox 672 1382 2259 1455; baseline -0.001 -16"><span class='ocrx_word' id='word_1_87' title='bbox 672 1392 814 1446; x_wconf 84' lang='lat' dir='ltr'><strong>sent.</strong></span> <span class='ocrx_word' id='word_1_88' title='bbox 846 1399 1031 1437; x_wconf 79' lang='lat' dir='ltr'><strong>verum</strong></span> <span class='ocrx_word' id='word_1_89' title='bbox 1061 1382 1130 1437; x_wconf 88' lang='lat' dir='ltr'><strong>ob</strong></span> <span class='ocrx_word' id='word_1_90' title='bbox 1156 1398 1340 1438; x_wconf 90' lang='lat' dir='ltr'><strong>eorum</strong></span> <span class='ocrx_word' id='word_1_91' title='bbox 1372 1382 1671 1438; x_wconf 85' lang='lat' dir='ltr'><strong>socordiam</strong></span> <span class='ocrx_word' id='word_1_92' title='bbox 1694 1384 1791 1455; x_wconf 85' lang='lat' dir='ltr'><strong>qui</strong></span> <span class='ocrx_word' id='word_1_93' title='bbox 1816 1383 2079 1451; x_wconf 85' lang='lat' dir='ltr'><strong>audirent,</strong></span> <span class='ocrx_word' id='word_1_94' title='bbox 2108 1396 2259 1455; x_wconf 87' lang='lat' dir='ltr'><strong>post-</strong></span> 
     </span>
    </p>
   </div>
   <div class='ocr_carea' id='block_1_13' title="bbox 669 1472 2260 1547">
    <p class='ocr_par' dir='ltr' id='par_1_13' title="bbox 669 1472 2260 1547">
     <span class='ocr_line' id='line_1_13' title="bbox 669 1472 2260 1547; baseline 0.003 -21"><span class='ocrx_word' id='word_1_95' title='bbox 669 1489 826 1542; x_wconf 83' lang='lat' dir='ltr'><strong>quam</strong></span> <span class='ocrx_word' id='word_1_96' title='bbox 854 1472 1026 1539; x_wconf 91' lang='lat' dir='ltr'><strong>dixit,</strong></span> <span class='ocrx_word' id='word_1_97' title='bbox 1071 1472 1228 1539; x_wconf 81' lang='lat' dir='ltr'><strong>Veni,</strong></span> <span class='ocrx_word' id='word_1_98' title='bbox 1256 1483 1429 1528; x_wconf 85' lang='lat' dir='ltr'><strong>etnon</strong></span> <span class='ocrx_word' id='word_1_99' title='bbox 1469 1484 1576 1528; x_wconf 85' lang='lat' dir='ltr'><strong>erat</strong></span> <span class='ocrx_word' id='word_1_100' title='bbox 1619 1475 1803 1547; x_wconf 55' lang='lat' dir='ltr'><strong>homo,</strong></span> <span class='ocrx_word' id='word_1_101' title='bbox 1847 1473 2154 1544; x_wconf 72' lang='lat' dir='ltr'><strong>subiunxit,</strong></span> <span class='ocrx_word' id='word_1_102' title='bbox 2189 1475 2260 1530; x_wconf 79' lang='lat' dir='ltr'><strong>Et</strong></span> 
     </span>
    </p>
   </div>
   <div class='ocr_carea' id='block_1_14' title="bbox 668 1564 2258 1637">
    <p class='ocr_par' dir='ltr' id='par_1_14' title="bbox 668 1564 2258 1637">
     <span class='ocr_line' id='line_1_14' title="bbox 668 1564 2258 1637; baseline 0.001 -16"><span class='ocrx_word' id='word_1_103' title='bbox 668 1582 770 1621; x_wconf 76' lang='lat' dir='ltr'><strong>non</strong></span> <span class='ocrx_word' id='word_1_104' title='bbox 794 1576 903 1621; x_wconf 87' lang='lat' dir='ltr'><strong>erat</strong></span> <span class='ocrx_word' id='word_1_105' title='bbox 927 1566 1015 1635; x_wconf 81' lang='lat' dir='ltr'><strong>qui</strong></span> <span class='ocrx_word' id='word_1_106' title='bbox 1044 1564 1287 1621; x_wconf 77' lang='lat' dir='ltr'><strong>obediret.</strong></span> <span class='ocrx_word' id='word_1_107' title='bbox 1319 1565 1503 1637; x_wconf 81' lang='lat' dir='ltr'><strong>Itaque</strong></span> <span class='ocrx_word' id='word_1_108' title='bbox 1532 1564 1759 1621; x_wconf 86' lang='lat' dir='ltr'><strong>aderant</strong></span> <span class='ocrx_word' id='word_1_109' title='bbox 1784 1565 1858 1620; x_wconf 90' lang='lat' dir='ltr'><strong>illi</strong></span> <span class='ocrx_word' id='word_1_110' title='bbox 1883 1565 2097 1635; x_wconf 86' lang='lat' dir='ltr'><strong>quidem</strong></span> <span class='ocrx_word' id='word_1_111' title='bbox 2117 1607 2133 1631; x_wconf 93' lang='lat'><strong>,</strong></span> <span class='ocrx_word' id='word_1_112' title='bbox 2161 1565 2258 1623; x_wconf 86' lang='lat' dir='ltr'><strong>sed</strong></span> 
     </span>
    </p>
   </div>
   <div class='ocr_carea' id='block_1_15' title="bbox 670 1654 2255 1727">
    <p class='ocr_par' dir='ltr' id='par_1_15' title="bbox 670 1654 2255 1727">
     <span class='ocr_line' id='line_1_15' title="bbox 670 1654 2255 1727; baseline 0.001 -16"><span class='ocrx_word' id='word_1_113' title='bbox 670 1656 861 1712; x_wconf 80' lang='lat' dir='ltr'><strong>adesse</strong></span> <span class='ocrx_word' id='word_1_114' title='bbox 901 1671 1010 1711; x_wconf 84' lang='lat' dir='ltr'><strong>non</strong></span> <span class='ocrx_word' id='word_1_115' title='bbox 1050 1656 1426 1720; x_wconf 84' lang='lat' dir='ltr'><strong>censebantur,</strong></span> <span class='ocrx_word' id='word_1_116' title='bbox 1472 1654 1903 1727; x_wconf 80' lang='lat' dir='ltr'><strong>quandoquidem</strong></span> <span class='ocrx_word' id='word_1_117' title='bbox 1942 1657 2255 1726; x_wconf 83' lang='lat' dir='ltr'><strong>prophetam</strong></span> 
     </span>
    </p>
   </div>
   <div class='ocr_carea' id='block_1_16' title="bbox 668 1727 2258 1818">
    <p class='ocr_par' dir='ltr' id='par_1_16' title="bbox 668 1727 2258 1818">
     <span class='ocr_line' id='line_1_16' title="bbox 668 1727 2258 1818; baseline 0.001 -17"><span class='ocrx_word' id='word_1_118' title='bbox 668 1764 776 1805; x_wconf 87' lang='lat' dir='ltr'><strong>non</strong></span> <span class='ocrx_word' id='word_1_119' title='bbox 803 1727 1089 1803; x_wconf 69' lang='lat' dir='ltr'><strong>audiebant</strong></span> <span class='ocrx_word' id='word_1_120' title='bbox 1117 1765 1129 1800; x_wconf 92' lang='lat'><strong>:</strong></span> <span class='ocrx_word' id='word_1_121' title='bbox 1163 1756 1439 1818; x_wconf 90' lang='lat' dir='ltr'><strong>propterea</strong></span> <span class='ocrx_word' id='word_1_122' title='bbox 1466 1788 1481 1813; x_wconf 95' lang='lat'><strong>,</strong></span> <span class='ocrx_word' id='word_1_123' title='bbox 1514 1745 1942 1816; x_wconf 81' lang='lat' dir='ltr'><strong>quandoquidem</strong></span> <span class='ocrx_word' id='word_1_124' title='bbox 1982 1748 2161 1815; x_wconf 81' lang='lat' dir='ltr'><strong>venit,</strong></span> <span class='ocrx_word' id='word_1_125' title='bbox 2202 1758 2258 1803; x_wconf 91' lang='lat' dir='ltr'><strong>et</strong></span> 
     </span>
    </p>
   </div>
   <div class='ocr_carea' id='block_1_17' title="bbox 671 1840 2253 1911">
    <p class='ocr_par' dir='ltr' id='par_1_17' title="bbox 671 1840 2253 1911">
     <span class='ocr_line' id='line_1_17' title="bbox 671 1840 2253 1911; baseline 0.001 -16"><span class='ocrx_word' id='word_1_126' title='bbox 671 1858 775 1897; x_wconf 89' lang='lat' dir='ltr'><strong>non</strong></span> <span class='ocrx_word' id='word_1_127' title='bbox 807 1852 922 1896; x_wconf 86' lang='lat' dir='ltr'><strong>erat</strong></span> <span class='ocrx_word' id='word_1_128' title='bbox 949 1841 1110 1895; x_wconf 91' lang='lat' dir='ltr'><strong>homo</strong></span> <span class='ocrx_word' id='word_1_129' title='bbox 1146 1859 1159 1895; x_wconf 92' lang='lat'><strong>:</strong></span> <span class='ocrx_word' id='word_1_130' title='bbox 1197 1840 1435 1907; x_wconf 83' lang='lat' dir='ltr'><strong>vocavit,</strong></span> <span class='ocrx_word' id='word_1_131' title='bbox 1480 1848 1535 1895; x_wconf 87' lang='lat' dir='ltr'><strong>et</strong></span> <span class='ocrx_word' id='word_1_132' title='bbox 1572 1854 1676 1893; x_wconf 91' lang='lat' dir='ltr'><strong>non</strong></span> <span class='ocrx_word' id='word_1_133' title='bbox 1706 1849 1822 1894; x_wconf 92' lang='lat' dir='ltr'><strong>erat</strong></span> <span class='ocrx_word' id='word_1_134' title='bbox 1859 1840 1947 1911; x_wconf 92' lang='lat' dir='ltr'><strong>qui</strong></span> <span class='ocrx_word' id='word_1_135' title='bbox 1977 1841 2253 1909; x_wconf 89' lang='lat' dir='ltr'><strong>obediret,</strong></span> 
     </span>
    </p>
   </div>
   <div class='ocr_carea' id='block_1_18' title="bbox 662 1933 2250 2001">
    <p class='ocr_par' dir='ltr' id='par_1_18' title="bbox 662 1933 2250 2001">
     <span class='ocr_line' id='line_1_18' title="bbox 662 1933 2250 2001; baseline -0.001 -12"><span class='ocrx_word' id='word_1_136' title='bbox 662 1936 959 1990; x_wconf 84' lang='lat' dir='ltr'><strong>orationem</strong></span> <span class='ocrx_word' id='word_1_137' title='bbox 980 1933 1048 1988; x_wconf 89' lang='lat' dir='ltr'><strong>ad</strong></span> <span class='ocrx_word' id='word_1_138' title='bbox 1064 1933 1325 1989; x_wconf 85' lang='lat' dir='ltr'><strong>elementa</strong></span> <span class='ocrx_word' id='word_1_139' title='bbox 1352 1934 1637 1999; x_wconf 75' lang='lat' dir='ltr'><strong>convertit,</strong></span> <span class='ocrx_word' id='word_1_140' title='bbox 1661 1943 1713 1988; x_wconf 92' lang='lat' dir='ltr'><strong>et</strong></span> <span class='ocrx_word' id='word_1_141' title='bbox 1730 1933 1804 1987; x_wconf 87' lang='lat' dir='ltr'><strong>ait</strong></span> <span class='ocrx_word' id='word_1_142' title='bbox 1832 1951 1845 1988; x_wconf 91' lang='lat'><strong>:</strong></span> <span class='ocrx_word' id='word_1_143' title='bbox 1873 1933 2029 2001; x_wconf 78' lang='lat' dir='ltr'><strong>Audi,</strong></span> <span class='ocrx_word' id='word_1_144' title='bbox 2052 1934 2250 2001; x_wconf 67' lang='lat' dir='ltr'><strong>ctutum,</strong></span> 
     </span>
    </p>
   </div>
   <div class='ocr_carea' id='block_1_19' title="bbox 664 2023 2253 2097">
    <p class='ocr_par' dir='ltr' id='par_1_19' title="bbox 664 2023 2253 2097">
     <span class='ocr_line' id='line_1_19' title="bbox 664 2023 2253 2097; baseline 0.001 -17"><span class='ocrx_word' id='word_1_145' title='bbox 664 2039 709 2081; x_wconf 89' lang='lat' dir='ltr'><strong>ct</strong></span> <span class='ocrx_word' id='word_1_146' title='bbox 738 2026 943 2081; x_wconf 82' lang='lat' dir='ltr'><strong>auribus</strong></span> <span class='ocrx_word' id='word_1_147' title='bbox 974 2026 1193 2096; x_wconf 79' lang='lat' dir='ltr'><strong>percipe,</strong></span> <span class='ocrx_word' id='word_1_148' title='bbox 1220 2035 1351 2079; x_wconf 86' lang='lat' dir='ltr'><strong>terra</strong></span> <span class='ocrx_word' id='word_1_149' title='bbox 1379 2024 1485 2095; x_wconf 74' lang='lat' dir='ltr'><strong>(id.</strong></span> <span class='ocrx_word' id='word_1_150' title='bbox 1518 2026 1568 2080; x_wconf 81' lang='grc'><strong>1.</strong></span> <span class='ocrx_word' id='word_1_151' title='bbox 1592 2023 1672 2095; x_wconf 72' lang='grc'><strong>2).</strong></span> <span class='ocrx_word' id='word_1_152' title='bbox 1703 2024 1835 2080; x_wconf 81' lang='lat' dir='ltr'><strong>Nam</strong></span> <span class='ocrx_word' id='word_1_153' title='bbox 1889 2026 2136 2097; x_wconf 86' lang='lat' dir='ltr'><strong>equidem</strong></span> <span class='ocrx_word' id='word_1_154' title='bbox 2186 2028 2253 2081; x_wconf 88' lang='lat' dir='ltr'><strong>ad</strong></span> 
     </span>
    </p>
   </div>
   <div class='ocr_carea' id='block_1_20' title="bbox 663 2116 2252 2187">
    <p class='ocr_par' dir='ltr' id='par_1_20' title="bbox 663 2116 2252 2187">
     <span class='ocr_line' id='line_1_20' title="bbox 663 2116 2252 2187; baseline 0.001 -16"><span class='ocrx_word' id='word_1_155' title='bbox 663 2117 929 2183; x_wconf 81' lang='lat' dir='ltr'><strong>homines,</strong></span> <span class='ocrx_word' id='word_1_156' title='bbox 964 2118 1152 2187; x_wconf 87' lang='lat' dir='ltr'><strong>inquit,</strong></span> <span class='ocrx_word' id='word_1_157' title='bbox 1186 2118 1381 2173; x_wconf 90' lang='lat' dir='ltr'><strong>missus</strong></span> <span class='ocrx_word' id='word_1_158' title='bbox 1409 2118 1647 2179; x_wconf 89' lang='lat' dir='ltr'><strong>fueram,</strong></span> <span class='ocrx_word' id='word_1_159' title='bbox 1678 2116 1744 2171; x_wconf 90' lang='lat' dir='ltr'><strong>ad</strong></span> <span class='ocrx_word' id='word_1_160' title='bbox 1773 2116 2018 2172; x_wconf 86' lang='lat' dir='ltr'><strong>homines</strong></span> <span class='ocrx_word' id='word_1_161' title='bbox 2046 2118 2252 2173; x_wconf 86' lang='lat' dir='ltr'><strong>ratione</strong></span> 
     </span>
    </p>
   </div>
   <div class='ocr_carea' id='block_1_21' title="bbox 662 2210 2247 2281">
    <p class='ocr_par' dir='ltr' id='par_1_21' title="bbox 662 2210 2247 2281">
     <span class='ocr_line' id='line_1_21' title="bbox 662 2210 2247 2281; baseline 0.002 -18"><span class='ocrx_word' id='word_1_162' title='bbox 662 2227 725 2266; x_wconf 87' lang='lat' dir='ltr'><strong>ac</strong></span> <span class='ocrx_word' id='word_1_163' title='bbox 776 2221 957 2266; x_wconf 89' lang='lat' dir='ltr'><strong>mente</strong></span> <span class='ocrx_word' id='word_1_164' title='bbox 998 2211 1252 2281; x_wconf 78' lang='lat' dir='ltr'><strong>praeditos</strong></span> <span class='ocrx_word' id='word_1_165' title='bbox 1285 2228 1299 2264; x_wconf 91' lang='lat'>:</span> <span class='ocrx_word' id='word_1_166' title='bbox 1327 2210 1542 2281; x_wconf 81' lang='lat' dir='ltr'><strong>quando</strong></span> <span class='ocrx_word' id='word_1_167' title='bbox 1584 2220 1761 2264; x_wconf 87' lang='lat' dir='ltr'><strong>autem</strong></span> <span class='ocrx_word' id='word_1_168' title='bbox 1803 2224 1973 2281; x_wconf 88' lang='lat' dir='ltr'><strong>neque</strong></span> <span class='ocrx_word' id='word_1_169' title='bbox 2013 2210 2247 2278; x_wconf 89' lang='lat' dir='ltr'><strong>ratione,</strong></span> 
     </span>
    </p>
   </div>
   <div class='ocr_carea' id='block_1_22' title="bbox 664 2302 2249 2374">
    <p class='ocr_par' dir='ltr' id='par_1_22' title="bbox 664 2302 2249 2374">
     <span class='ocr_line' id='line_1_22' title="bbox 664 2302 2249 2374; baseline 0.001 -17"><span class='ocrx_word' id='word_1_170' title='bbox 664 2319 839 2374; x_wconf 86' lang='lat' dir='ltr'><strong>neque</strong></span> <span class='ocrx_word' id='word_1_171' title='bbox 882 2319 1041 2359; x_wconf 82' lang='lat' dir='ltr'><strong>sensu</strong></span> <span class='ocrx_word' id='word_1_172' title='bbox 1092 2302 1300 2373; x_wconf 83' lang='lat' dir='ltr'><strong>praediti</strong></span> <span class='ocrx_word' id='word_1_173' title='bbox 1345 2312 1469 2357; x_wconf 87' lang='lat' dir='ltr'><strong>sunt</strong></span> <span class='ocrx_word' id='word_1_174' title='bbox 1503 2303 1621 2367; x_wconf 89' lang='lat' dir='ltr'><strong>isti,</strong></span> <span class='ocrx_word' id='word_1_175' title='bbox 1670 2313 1948 2373; x_wconf 83' lang='lat' dir='ltr'><strong>propterea</strong></span> <span class='ocrx_word' id='word_1_176' title='bbox 1996 2302 2249 2359; x_wconf 89' lang='lat' dir='ltr'><strong>destituta</strong></span> 
     </span>
    </p>
   </div>
   <div class='ocr_carea' id='block_1_23' title="bbox 663 2393 2244 2465">
    <p class='ocr_par' dir='ltr' id='par_1_23' title="bbox 663 2393 2244 2465">
     <span class='ocr_line' id='line_1_23' title="bbox 663 2393 2244 2465; baseline -0.001 -16"><span class='ocrx_word' id='word_1_177' title='bbox 663 2410 829 2450; x_wconf 76' lang='lat' dir='ltr'><strong>sensu</strong></span> <span class='ocrx_word' id='word_1_178' title='bbox 855 2396 1100 2465; x_wconf 87' lang='lat' dir='ltr'><strong>alloquor</strong></span> <span class='ocrx_word' id='word_1_179' title='bbox 1126 2395 1413 2460; x_wconf 91' lang='lat' dir='ltr'><strong>elementa,</strong></span> <span class='ocrx_word' id='word_1_180' title='bbox 1444 2395 1497 2449; x_wconf 89' lang='lat' dir='ltr'><strong>in</strong></span> <span class='ocrx_word' id='word_1_181' title='bbox 1528 2393 1998 2464; x_wconf 87' lang='lat' dir='ltr'><strong>reprehensionem</strong></span> <span class='ocrx_word' id='word_1_182' title='bbox 2023 2410 2206 2449; x_wconf 87' lang='lat' dir='ltr'><strong>eorttm</strong></span> <span class='ocrx_word' id='word_1_183' title='bbox 2228 2436 2244 2462; x_wconf 96' lang='lat'><strong>,</strong></span> 
     </span>
    </p>
   </div>
   <div class='ocr_carea' id='block_1_24' title="bbox 659 2485 2248 2555">
    <p class='ocr_par' dir='ltr' id='par_1_24' title="bbox 659 2485 2248 2555">
     <span class='ocr_line' id='line_1_24' title="bbox 659 2485 2248 2555; baseline 0 -16"><span class='ocrx_word' id='word_1_184' title='bbox 659 2487 749 2555; x_wconf 85' lang='lat' dir='ltr'><strong>qui</strong></span> <span class='ocrx_word' id='word_1_185' title='bbox 780 2501 901 2539; x_wconf 89' lang='lat' dir='ltr'><strong>cum</strong></span> <span class='ocrx_word' id='word_1_186' title='bbox 935 2485 1179 2539; x_wconf 90' lang='lat' dir='ltr'><strong>honorati</strong></span> <span class='ocrx_word' id='word_1_187' title='bbox 1223 2500 1383 2540; x_wconf 90' lang='lat' dir='ltr'><strong>sensu</strong></span> <span class='ocrx_word' id='word_1_188' title='bbox 1428 2485 1649 2540; x_wconf 88' lang='lat' dir='ltr'><strong>fuissent</strong></span> <span class='ocrx_word' id='word_1_189' title='bbox 1672 2526 1687 2549; x_wconf 92' lang='lat'><strong>,</strong></span> <span class='ocrx_word' id='word_1_190' title='bbox 1720 2495 1895 2540; x_wconf 89' lang='lat' dir='ltr'><strong>tamen</strong></span> <span class='ocrx_word' id='word_1_191' title='bbox 1926 2485 2129 2541; x_wconf 85' lang='lat' dir='ltr'><strong>honore</strong></span> <span class='ocrx_word' id='word_1_192' title='bbox 2159 2487 2248 2540; x_wconf 92' lang='lat' dir='ltr'><strong>illo</strong></span> 
     </span>
    </p>
   </div>
   <div class='ocr_carea' id='block_1_25' title="bbox 660 2576 2243 2647">
    <p class='ocr_par' dir='ltr' id='par_1_25' title="bbox 660 2576 2243 2647">
     <span class='ocr_line' id='line_1_25' title="bbox 660 2576 2243 2647; baseline 0.001 -16"><span class='ocrx_word' id='word_1_193' title='bbox 660 2593 765 2631; x_wconf 87' lang='lat' dir='ltr'><strong>non</strong></span> <span class='ocrx_word' id='word_1_194' title='bbox 796 2585 1030 2632; x_wconf 90' lang='lat' dir='ltr'><strong>utuntur.</strong></span> <span class='ocrx_word' id='word_1_195' title='bbox 1057 2576 1144 2631; x_wconf 85' lang='lat' dir='ltr'><strong>Sic</strong></span> <span class='ocrx_word' id='word_1_196' title='bbox 1171 2576 1331 2632; x_wconf 90' lang='lat' dir='ltr'><strong>etiam</strong></span> <span class='ocrx_word' id='word_1_197' title='bbox 1360 2577 1496 2631; x_wconf 85' lang='lat' dir='ltr'><strong>alter</strong></span> <span class='ocrx_word' id='word_1_198' title='bbox 1520 2578 1774 2647; x_wconf 85' lang='lat' dir='ltr'><strong>propheta</strong></span> <span class='ocrx_word' id='word_1_199' title='bbox 1804 2576 1938 2632; x_wconf 80' lang='lat' dir='ltr'><strong>dixit</strong></span> <span class='ocrx_word' id='word_1_200' title='bbox 1965 2578 2243 2641; x_wconf 84' lang='lat' dir='ltr'><strong>.Icr&#39;emias.</strong></span> 
     </span>
    </p>
   </div>
   <div class='ocr_carea' id='block_1_26' title="bbox 658 2668 2246 2739">
    <p class='ocr_par' dir='ltr' id='par_1_26' title="bbox 658 2668 2246 2739">
     <span class='ocr_line' id='line_1_26' title="bbox 658 2668 2246 2739; baseline 0.001 -16"><span class='ocrx_word' id='word_1_201' title='bbox 658 2668 931 2738; x_wconf 83' lang='lat' dir='ltr'><strong>Siquidem</strong></span> <span class='ocrx_word' id='word_1_202' title='bbox 958 2669 1045 2722; x_wconf 89' lang='lat' dir='ltr'><strong>ille</strong></span> <span class='ocrx_word' id='word_1_203' title='bbox 1070 2683 1282 2739; x_wconf 88' lang='lat' dir='ltr'><strong>quoque</strong></span> <span class='ocrx_word' id='word_1_204' title='bbox 1324 2668 1377 2724; x_wconf 93' lang='lat' dir='ltr'><strong>in</strong></span> <span class='ocrx_word' id='word_1_205' title='bbox 1424 2668 1601 2723; x_wconf 89' lang='lat' dir='ltr'><strong>medio</strong></span> <span class='ocrx_word' id='word_1_206' title='bbox 1626 2668 1931 2723; x_wconf 74' lang='lat' dir='ltr'><strong>Judteorum</strong></span> <span class='ocrx_word' id='word_1_207' title='bbox 1960 2679 2099 2725; x_wconf 76' lang='lat' dir='ltr'><strong>coetu</strong></span> <span class='ocrx_word' id='word_1_208' title='bbox 2125 2684 2246 2725; x_wconf 92' lang='lat' dir='ltr'><strong>cum</strong></span> 
     </span>
    </p>
   </div>
   <div class='ocr_carea' id='block_1_27' title="bbox 658 2756 2245 2830">
    <p class='ocr_par' dir='ltr' id='par_1_27' title="bbox 658 2756 2245 2830">
     <span class='ocr_line' id='line_1_27' title="bbox 658 2756 2245 2830; baseline 0.002 -17"><span class='ocrx_word' id='word_1_209' title='bbox 658 2759 913 2823; x_wconf 83' lang='lat' dir='ltr'><strong>stetisset,</strong></span> <span class='ocrx_word' id='word_1_210' title='bbox 940 2759 991 2812; x_wconf 94' lang='lat' dir='ltr'><strong>in</strong></span> <span class='ocrx_word' id='word_1_211' title='bbox 1019 2759 1206 2813; x_wconf 87' lang='lat' dir='ltr'><strong>eadem</strong></span> <span class='ocrx_word' id='word_1_212' title='bbox 1236 2756 1322 2813; x_wconf 87' lang='lat' dir='ltr'><strong>illa</strong></span> <span class='ocrx_word' id='word_1_213' title='bbox 1353 2760 1499 2825; x_wconf 90' lang='lat' dir='ltr'><strong>urbe,</strong></span> <span class='ocrx_word' id='word_1_214' title='bbox 1535 2760 1684 2830; x_wconf 86' lang='lat' dir='ltr'><strong>quasi</strong></span> <span class='ocrx_word' id='word_1_215' title='bbox 1711 2760 1886 2815; x_wconf 91' lang='lat' dir='ltr'><strong>nullus</strong></span> <span class='ocrx_word' id='word_1_216' title='bbox 1906 2760 2138 2827; x_wconf 86' lang='lat' dir='ltr'><strong>adesset,</strong></span> <span class='ocrx_word' id='word_1_217' title='bbox 2174 2762 2245 2817; x_wconf 84' lang='lat' dir='ltr'><strong>ita</strong></span> 
     </span>
    </p>
   </div>
   <div class='ocr_carea' id='block_1_28' title="bbox 657 2851 2245 2925">
    <p class='ocr_par' dir='ltr' id='par_1_28' title="bbox 657 2851 2245 2925">
     <span class='ocr_line' id='line_1_28' title="bbox 657 2851 2245 2925; baseline 0.002 -19"><span class='ocrx_word' id='word_1_218' title='bbox 657 2852 955 2906; x_wconf 84' lang='lat' dir='ltr'><strong>clamabat:</strong></span> <span class='ocrx_word' id='word_1_219' title='bbox 980 2851 1059 2905; x_wconf 79' lang='lat' dir='ltr'><strong>Ad</strong></span> <span class='ocrx_word' id='word_1_220' title='bbox 1086 2868 1229 2921; x_wconf 85' lang='lat' dir='ltr'><strong>quem</strong></span> <span class='ocrx_word' id='word_1_221' title='bbox 1251 2852 1449 2923; x_wconf 81' lang='lat' dir='ltr'><strong>loquar,</strong></span> <span class='ocrx_word' id='word_1_222' title='bbox 1474 2863 1520 2905; x_wconf 86' lang='lat' dir='ltr'><strong>et</strong></span> <span class='ocrx_word' id='word_1_223' title='bbox 1546 2854 1859 2907; x_wconf 78' lang='lat' dir='ltr'><strong>contestabor</strong></span> <span class='ocrx_word' id='word_1_224' title='bbox 1875 2854 2005 2925; x_wconf 83' lang='lat' dir='ltr'><strong>(Jer.</strong></span> <span class='ocrx_word' id='word_1_225' title='bbox 2032 2856 2083 2909; x_wconf 88' lang='grc'><strong>6.</strong></span> <span class='ocrx_word' id='word_1_226' title='bbox 2112 2854 2245 2925; x_wconf 75' lang='lat' dir='ltr'><strong>l0)?</strong></span> 
     </span>
    </p>
   </div>
   <div class='ocr_carea' id='block_1_29' title="bbox 657 2942 2238 3017">
    <p class='ocr_par' dir='ltr' id='par_1_29' title="bbox 657 2942 2238 3017">
     <span class='ocr_line' id='line_1_29' title="bbox 657 2942 2238 3017; baseline 0.003 -20"><span class='ocrx_word' id='word_1_227' title='bbox 657 2943 792 3009; x_wconf 81' lang='lat' dir='ltr'><strong>Quid</strong></span> <span class='ocrx_word' id='word_1_228' title='bbox 821 2944 940 2997; x_wconf 80' lang='lat' dir='ltr'><strong>ais?</strong></span> <span class='ocrx_word' id='word_1_229' title='bbox 964 2959 1084 2997; x_wconf 89' lang='lat' dir='ltr'><strong>cum</strong></span> <span class='ocrx_word' id='word_1_230' title='bbox 1118 2953 1316 2998; x_wconf 87' lang='lat' dir='ltr'><strong>tantam</strong></span> <span class='ocrx_word' id='word_1_231' title='bbox 1348 2942 1526 2998; x_wconf 87' lang='lat' dir='ltr'><strong>videas</strong></span> <span class='ocrx_word' id='word_1_232' title='bbox 1550 2945 1941 3002; x_wconf 84' lang='lat' dir='ltr'><strong>multitudinem</strong></span> <span class='ocrx_word' id='word_1_233' title='bbox 1964 2988 1979 3011; x_wconf 94' lang='lat'><strong>,</strong></span> <span class='ocrx_word' id='word_1_234' title='bbox 2007 2948 2204 3017; x_wconf 63' lang='lat' dir='ltr'><strong>quaeris</strong></span> <span class='ocrx_word' id='word_1_235' title='bbox 2224 2989 2238 3014; x_wconf 94' lang='lat'><strong>,</strong></span> 
     </span>
    </p>
   </div>
   <div class='ocr_carea' id='block_1_30' title="bbox 653 3034 2245 3108">
    <p class='ocr_par' dir='ltr' id='par_1_30' title="bbox 653 3034 2245 3108">
     <span class='ocr_line' id='line_1_30' title="bbox 653 3034 2245 3108; baseline 0.003 -20"><span class='ocrx_word' id='word_1_236' title='bbox 653 3051 812 3105; x_wconf 84' lang='lat' dir='ltr'><strong>quem</strong></span> <span class='ocrx_word' id='word_1_237' title='bbox 836 3034 1202 3105; x_wconf 80' lang='lat' dir='ltr'><strong>alioquuturus</strong></span> <span class='ocrx_word' id='word_1_238' title='bbox 1229 3036 1336 3092; x_wconf 77' lang='lat' dir='ltr'><strong>sis?</strong></span> <span class='ocrx_word' id='word_1_239' title='bbox 1359 3038 1550 3102; x_wconf 75' lang='lat' dir='ltr'><strong>Quazro</strong></span> <span class='ocrx_word' id='word_1_240' title='bbox 1565 3037 1832 3106; x_wconf 89' lang='lat' dir='ltr'><strong>equidem,</strong></span> <span class='ocrx_word' id='word_1_241' title='bbox 1854 3038 2021 3107; x_wconf 91' lang='lat' dir='ltr'><strong>inquit</strong></span> <span class='ocrx_word' id='word_1_242' title='bbox 2041 3056 2055 3092; x_wconf 88' lang='lat'><strong>:</strong></span> <span class='ocrx_word' id='word_1_243' title='bbox 2080 3038 2245 3108; x_wconf 60' lang='lat' dir='ltr'><strong>siqui.</strong></span> 
     </span>
    </p>
   </div>
   <div class='ocr_carea' id='block_1_31' title="bbox 653 3126 2235 3197">
    <p class='ocr_par' dir='ltr' id='par_1_31' title="bbox 653 3126 2235 3197">
     <span class='ocr_line' id='line_1_31' title="bbox 653 3126 2235 3197; baseline 0.001 -16"><span class='ocrx_word' id='word_1_244' title='bbox 653 3128 775 3181; x_wconf 87' lang='lat' dir='ltr'><strong>dem</strong></span> <span class='ocrx_word' id='word_1_245' title='bbox 808 3126 1090 3182; x_wconf 88' lang='lat' dir='ltr'><strong>multitudo</strong></span> <span class='ocrx_word' id='word_1_246' title='bbox 1116 3142 1401 3197; x_wconf 87' lang='lat' dir='ltr'><strong>corporum</strong></span> <span class='ocrx_word' id='word_1_247' title='bbox 1437 3137 1546 3193; x_wconf 92' lang='lat' dir='ltr'><strong>est,</strong></span> <span class='ocrx_word' id='word_1_248' title='bbox 1573 3142 1679 3181; x_wconf 91' lang='lat' dir='ltr'><strong>non</strong></span> <span class='ocrx_word' id='word_1_249' title='bbox 1708 3127 1981 3182; x_wconf 90' lang='lat' dir='ltr'><strong>hominum</strong></span> <span class='ocrx_word' id='word_1_250' title='bbox 2004 3128 2235 3183; x_wconf 88' lang='lat' dir='ltr'><strong>multitu-</strong></span> 
     </span>
    </p>
   </div>
   <div class='ocr_carea' id='block_1_32' title="bbox 653 3220 2239 3293">
    <p class='ocr_par' dir='ltr' id='par_1_32' title="bbox 653 3220 2239 3293">
     <span class='ocr_line' id='line_1_32' title="bbox 653 3220 2239 3293; baseline 0.001 -19"><span class='ocrx_word' id='word_1_251' title='bbox 653 3221 726 3274; x_wconf 89' lang='lat' dir='ltr'><strong>do</strong></span> <span class='ocrx_word' id='word_1_252' title='bbox 750 3235 1063 3289; x_wconf 90' lang='lat' dir='ltr'><strong>:corporum</strong></span> <span class='ocrx_word' id='word_1_253' title='bbox 1089 3229 1171 3273; x_wconf 90' lang='lat' dir='ltr'><strong>est</strong></span> <span class='ocrx_word' id='word_1_254' title='bbox 1195 3220 1499 3287; x_wconf 87' lang='lat' dir='ltr'><strong>multitudo,</strong></span> <span class='ocrx_word' id='word_1_255' title='bbox 1523 3236 1641 3290; x_wconf 78' lang='lat' dir='ltr'><strong>qua:</strong></span> <span class='ocrx_word' id='word_1_256' title='bbox 1668 3221 1850 3275; x_wconf 89' lang='lat' dir='ltr'><strong>auditu</strong></span> <span class='ocrx_word' id='word_1_257' title='bbox 1884 3237 1990 3277; x_wconf 89' lang='lat' dir='ltr'><strong>non</strong></span> <span class='ocrx_word' id='word_1_258' title='bbox 2018 3222 2239 3293; x_wconf 88' lang='lat' dir='ltr'><strong>pollent.</strong></span> 
     </span>
    </p>
   </div>
   <div class='ocr_carea' id='block_1_33' title="bbox 655 3310 2241 3381">
    <p class='ocr_par' dir='ltr' id='par_1_33' title="bbox 655 3310 2241 3381">
     <span class='ocr_line' id='line_1_33' title="bbox 655 3310 2241 3381; baseline 0.004 -18"><span class='ocrx_word' id='word_1_259' title='bbox 655 3310 855 3365; x_wconf 89' lang='lat' dir='ltr'><strong>idcirco</strong></span> <span class='ocrx_word' id='word_1_260' title='bbox 873 3311 1032 3366; x_wconf 88' lang='lat' dir='ltr'><strong>etiam</strong></span> <span class='ocrx_word' id='word_1_261' title='bbox 1063 3311 1284 3381; x_wconf 84' lang='lat' dir='ltr'><strong>adjecit:</strong></span> <span class='ocrx_word' id='word_1_262' title='bbox 1304 3310 1681 3367; x_wconf 78' lang='lat' dir='ltr'><strong>Incircumciste</strong></span> <span class='ocrx_word' id='word_1_263' title='bbox 1692 3322 1806 3367; x_wconf 83' lang='lat' dir='ltr'><strong>sunt</strong></span> <span class='ocrx_word' id='word_1_264' title='bbox 1821 3330 1968 3367; x_wconf 85' lang='lat' dir='ltr'><strong>aures</strong></span> <span class='ocrx_word' id='word_1_265' title='bbox 1982 3331 2174 3378; x_wconf 86' lang='lat' dir='ltr'><strong>eorum,</strong></span> <span class='ocrx_word' id='word_1_266' title='bbox 2194 3326 2241 3369; x_wconf 87' lang='lat' dir='ltr'><strong>et</strong></span> 
     </span>
    </p>
   </div>
   <div class='ocr_carea' id='block_1_34' title="bbox 651 3401 2234 3477">
    <p class='ocr_par' dir='ltr' id='par_1_34' title="bbox 651 3401 2234 3477">
     <span class='ocr_line' id='line_1_34' title="bbox 651 3401 2234 3477; baseline 0.006 -24"><span class='ocrx_word' id='word_1_267' title='bbox 651 3401 832 3456; x_wconf 81' lang='lat' dir='ltr'><strong>audire</strong></span> <span class='ocrx_word' id='word_1_268' title='bbox 848 3419 946 3455; x_wconf 87' lang='lat' dir='ltr'><strong>non</strong></span> <span class='ocrx_word' id='word_1_269' title='bbox 964 3412 1191 3477; x_wconf 84' lang='lat' dir='ltr'><strong>possunt.</strong></span> <span class='ocrx_word' id='word_1_270' title='bbox 1213 3402 1372 3458; x_wconf 84' lang='lat' dir='ltr'><strong>Vides</strong></span> <span class='ocrx_word' id='word_1_271' title='bbox 1399 3419 1586 3459; x_wconf 86' lang='lat' dir='ltr'><strong>omnes</strong></span> <span class='ocrx_word' id='word_1_272' title='bbox 1609 3405 1738 3459; x_wconf 90' lang='lat' dir='ltr'><strong>istos</strong></span> <span class='ocrx_word' id='word_1_273' title='bbox 1760 3420 1826 3459; x_wconf 91' lang='lat' dir='ltr'><strong>eo</strong></span> <span class='ocrx_word' id='word_1_274' title='bbox 1852 3405 1993 3476; x_wconf 91' lang='lat' dir='ltr'><strong>quod</strong></span> <span class='ocrx_word' id='word_1_275' title='bbox 2010 3421 2114 3461; x_wconf 92' lang='lat' dir='ltr'><strong>non</strong></span> <span class='ocrx_word' id='word_1_276' title='bbox 2135 3423 2203 3461; x_wconf 89' lang='lat' dir='ltr'><strong>au</strong></span> <span class='ocrx_word' id='word_1_277' title='bbox 2218 3438 2234 3448; x_wconf 85' lang='lat'><strong>-</strong></span> 
     </span>
    </p>
   </div>
   <div class='ocr_carea' id='block_1_35' title="bbox 651 3492 2238 3561">
    <p class='ocr_par' dir='ltr' id='par_1_35' title="bbox 651 3492 2238 3561">
     <span class='ocr_line' id='line_1_35' title="bbox 651 3492 2238 3561; baseline 0.004 -14"><span class='ocrx_word' id='word_1_278' title='bbox 651 3492 821 3559; x_wconf 81' lang='lat' dir='ltr'><strong>diant,</strong></span> <span class='ocrx_word' id='word_1_279' title='bbox 851 3492 1097 3549; x_wconf 89' lang='lat' dir='ltr'><strong>homines</strong></span> <span class='ocrx_word' id='word_1_280' title='bbox 1123 3508 1226 3548; x_wconf 92' lang='lat' dir='ltr'><strong>non</strong></span> <span class='ocrx_word' id='word_1_281' title='bbox 1250 3495 1405 3550; x_wconf 83' lang='lat' dir='ltr'><strong>esse?</strong></span> <span class='ocrx_word' id='word_1_282' title='bbox 1427 3495 1518 3551; x_wconf 93' lang='lat' dir='ltr'><strong>ille</strong></span> <span class='ocrx_word' id='word_1_283' title='bbox 1543 3495 1676 3553; x_wconf 76' lang='lat' dir='ltr'><strong>dixit</strong></span> <span class='ocrx_word' id='word_1_284' title='bbox 1708 3514 1721 3550; x_wconf 91' lang='lat'><strong>:</strong></span> <span class='ocrx_word' id='word_1_285' title='bbox 1762 3494 1909 3561; x_wconf 82' lang='lat' dir='ltr'><strong>Veni,</strong></span> <span class='ocrx_word' id='word_1_286' title='bbox 1933 3509 1979 3551; x_wconf 88' lang='lat' dir='ltr'><strong>et</strong></span> <span class='ocrx_word' id='word_1_287' title='bbox 2009 3515 2109 3552; x_wconf 82' lang='lat' dir='ltr'><strong>non</strong></span> <span class='ocrx_word' id='word_1_288' title='bbox 2131 3510 2238 3553; x_wconf 88' lang='lat' dir='ltr'><strong>erat</strong></span> 
     </span>
    </p>
   </div>
   <div class='ocr_carea' id='block_1_36' title="bbox 653 3586 2243 3656">
    <p class='ocr_par' dir='ltr' id='par_1_36' title="bbox 653 3586 2243 3656">
     <span class='ocr_line' id='line_1_36' title="bbox 653 3586 2243 3656; baseline 0.004 -19"><span class='ocrx_word' id='word_1_289' title='bbox 653 3587 801 3639; x_wconf 80' lang='lat' dir='ltr'><strong>homo</strong></span> <span class='ocrx_word' id='word_1_290' title='bbox 832 3602 851 3639; x_wconf 89' lang='lat'><strong><em>:</em></strong></span> <span class='ocrx_word' id='word_1_291' title='bbox 880 3586 1049 3639; x_wconf 73' lang='lat' dir='ltr'><strong>vocavi</strong></span> <span class='ocrx_word' id='word_1_292' title='bbox 1070 3628 1083 3649; x_wconf 93' lang='lat'><strong>,</strong></span> <span class='ocrx_word' id='word_1_293' title='bbox 1114 3595 1159 3639; x_wconf 87' lang='lat' dir='ltr'><strong>et</strong></span> <span class='ocrx_word' id='word_1_294' title='bbox 1190 3602 1290 3639; x_wconf 84' lang='lat' dir='ltr'><strong>non</strong></span> <span class='ocrx_word' id='word_1_295' title='bbox 1316 3595 1424 3640; x_wconf 85' lang='lat' dir='ltr'><strong>erat</strong></span> <span class='ocrx_word' id='word_1_296' title='bbox 1454 3587 1540 3656; x_wconf 85' lang='lat' dir='ltr'><strong>qui</strong></span> <span class='ocrx_word' id='word_1_297' title='bbox 1566 3586 1793 3641; x_wconf 83' lang='lat' dir='ltr'><strong>obediret</strong></span> <span class='ocrx_word' id='word_1_298' title='bbox 1823 3605 1841 3642; x_wconf 91' lang='lat'><strong><em>:</em></strong></span> <span class='ocrx_word' id='word_1_299' title='bbox 1870 3588 1953 3642; x_wconf 88' lang='lat' dir='ltr'><strong>hic</strong></span> <span class='ocrx_word' id='word_1_300' title='bbox 1980 3589 2130 3656; x_wconf 87' lang='lat' dir='ltr'><strong>dicit,</strong></span> <span class='ocrx_word' id='word_1_301' title='bbox 2161 3590 2243 3643; x_wconf 84' lang='lat' dir='ltr'><strong>Ad</strong></span> 
     </span>
    </p>
   </div>
   <div class='ocr_carea' id='block_1_37' title="bbox 650 3677 2239 3749">
    <p class='ocr_par' dir='ltr' id='par_1_37' title="bbox 650 3677 2239 3749">
     <span class='ocr_line' id='line_1_37' title="bbox 650 3677 2239 3749; baseline 0.003 -16"><span class='ocrx_word' id='word_1_302' title='bbox 650 3695 798 3749; x_wconf 73' lang='lat' dir='ltr'><strong>quem</strong></span> <span class='ocrx_word' id='word_1_303' title='bbox 842 3677 1021 3747; x_wconf 75' lang='lat' dir='ltr'><strong>loquar</strong></span> <span class='ocrx_word' id='word_1_304' title='bbox 1058 3688 1103 3732; x_wconf 90' lang='lat' dir='ltr'><strong>et</strong></span> <span class='ocrx_word' id='word_1_305' title='bbox 1143 3680 1500 3733; x_wconf 76' lang='lat' dir='ltr'><strong>contestabor?</strong></span> <span class='ocrx_word' id='word_1_306' title='bbox 1528 3681 1892 3736; x_wconf 78' lang='lat' dir='ltr'><strong>incircumciste</strong></span> <span class='ocrx_word' id='word_1_307' title='bbox 1932 3692 2053 3736; x_wconf 83' lang='lat' dir='ltr'><strong>sunt</strong></span> <span class='ocrx_word' id='word_1_308' title='bbox 2090 3699 2239 3737; x_wconf 82' lang='lat' dir='ltr'><strong>aures</strong></span> 
     </span>
    </p>
   </div>
   <div class='ocr_carea' id='block_1_38' title="bbox 651 3772 2236 3845">
    <p class='ocr_par' dir='ltr' id='par_1_38' title="bbox 651 3772 2236 3845">
     <span class='ocr_line' id='line_1_38' title="bbox 651 3772 2236 3845; baseline 0.004 -19"><span class='ocrx_word' id='word_1_309' title='bbox 651 3789 863 3839; x_wconf 85' lang='lat' dir='ltr'><strong>eorum,</strong></span> <span class='ocrx_word' id='word_1_310' title='bbox 896 3780 943 3828; x_wconf 85' lang='lat' dir='ltr'><strong>et</strong></span> <span class='ocrx_word' id='word_1_311' title='bbox 982 3772 1162 3827; x_wconf 87' lang='lat' dir='ltr'><strong>audire</strong></span> <span class='ocrx_word' id='word_1_312' title='bbox 1203 3774 1303 3827; x_wconf 65' lang='lat' dir='ltr'><strong>no’n</strong></span> <span class='ocrx_word' id='word_1_313' title='bbox 1347 3781 1576 3844; x_wconf 81' lang='lat' dir='ltr'><strong>possunt.</strong></span> <span class='ocrx_word' id='word_1_314' title='bbox 1606 3772 1757 3841; x_wconf 82' lang='lat' dir='ltr'><strong>Quod</strong></span> <span class='ocrx_word' id='word_1_315' title='bbox 1789 3774 1834 3829; x_wconf 81' lang='lat' dir='ltr'><strong>si</strong></span> <span class='ocrx_word' id='word_1_316' title='bbox 1871 3790 1965 3831; x_wconf 84' lang='lat' dir='ltr'><strong>eos</strong></span> <span class='ocrx_word' id='word_1_317' title='bbox 2004 3775 2094 3845; x_wconf 87' lang='lat' dir='ltr'><strong>qui</strong></span> <span class='ocrx_word' id='word_1_318' title='bbox 2138 3776 2236 3832; x_wconf 82' lang='lat' dir='ltr'><strong>ad-</strong></span> 
     </span>
    </p>
   </div>
   <div class='ocr_carea' id='block_1_39' title="bbox 652 3862 2238 3936">
    <p class='ocr_par' dir='ltr' id='par_1_39' title="bbox 652 3862 2238 3936">
     <span class='ocr_line' id='line_1_39' title="bbox 652 3862 2238 3936; baseline 0.003 -18"><span class='ocrx_word' id='word_1_319' title='bbox 652 3871 840 3928; x_wconf 87' lang='lat' dir='ltr'><strong>erant,</strong></span> <span class='ocrx_word' id='word_1_320' title='bbox 872 3874 1151 3933; x_wconf 84' lang='lat' dir='ltr'><strong>propterea</strong></span> <span class='ocrx_word' id='word_1_321' title='bbox 1184 3862 1324 3933; x_wconf 91' lang='lat' dir='ltr'><strong>quod</strong></span> <span class='ocrx_word' id='word_1_322' title='bbox 1352 3862 1632 3934; x_wconf 87' lang='lat' dir='ltr'><strong>diligenter</strong></span> <span class='ocrx_word' id='word_1_323' title='bbox 1658 3864 1726 3920; x_wconf 87' lang='lat' dir='ltr'><strong>ad</strong></span> <span class='ocrx_word' id='word_1_324' title='bbox 1754 3862 1822 3921; x_wconf 75' lang='lat' dir='ltr'><strong>ea&#39;</strong></span> <span class='ocrx_word' id='word_1_325' title='bbox 1841 3882 1959 3936; x_wconf 71' lang='lat' dir='ltr'><strong>qua:</strong></span> <span class='ocrx_word' id='word_1_326' title='bbox 1986 3866 2238 3925; x_wconf 84' lang='lat' dir='ltr'><strong>diceban-</strong></span> 
     </span>
    </p>
   </div>
   <div class='ocr_carea' id='block_1_40' title="bbox 651 3956 2239 4028">
    <p class='ocr_par' dir='ltr' id='par_1_40' title="bbox 651 3956 2239 4028">
     <span class='ocr_line' id='line_1_40' title="bbox 651 3956 2239 4028; baseline 0.003 -17"><span class='ocrx_word' id='word_1_327' title='bbox 651 3968 736 4011; x_wconf 89' lang='lat' dir='ltr'><strong>tur</strong></span> <span class='ocrx_word' id='word_1_328' title='bbox 764 3972 870 4011; x_wconf 92' lang='lat' dir='ltr'><strong>non</strong></span> <span class='ocrx_word' id='word_1_329' title='bbox 904 3956 1268 4020; x_wconf 86' lang='lat' dir='ltr'><strong>attendebant,</strong></span> <span class='ocrx_word' id='word_1_330' title='bbox 1297 3972 1366 4013; x_wconf 94' lang='lat' dir='ltr'><strong>ne</strong></span> <span class='ocrx_word' id='word_1_331' title='bbox 1396 3957 1642 4012; x_wconf 85' lang='lat' dir='ltr'><strong>homines</strong></span> <span class='ocrx_word' id='word_1_332' title='bbox 1668 3957 1884 4028; x_wconf 88' lang='lat' dir='ltr'><strong>quidem</strong></span> <span class='ocrx_word' id='word_1_333' title='bbox 1908 3973 2031 4014; x_wconf 89' lang='lat' dir='ltr'><strong>esse</strong></span> <span class='ocrx_word' id='word_1_334' title='bbox 2054 3958 2239 4015; x_wconf 91' lang='lat' dir='ltr'><strong>dicunt</strong></span> 
     </span>
    </p>
   </div>
   <div class='ocr_carea' id='block_1_41' title="bbox 650 4048 2237 4119">
    <p class='ocr_par' dir='ltr' id='par_1_41' title="bbox 650 4048 2237 4119">
     <span class='ocr_line' id='line_1_41' title="bbox 650 4048 2237 4119; baseline 0 -14"><span class='ocrx_word' id='word_1_335' title='bbox 650 4048 925 4119; x_wconf 72' lang='lat' dir='ltr'><strong>praphetm</strong></span> <span class='ocrx_word' id='word_1_336' title='bbox 956 4066 969 4105; x_wconf 94' lang='lat'>:</span> <span class='ocrx_word' id='word_1_337' title='bbox 996 4049 1121 4119; x_wconf 88' lang='lat' dir='ltr'><strong>quid</strong></span> <span class='ocrx_word' id='word_1_338' title='bbox 1147 4049 1389 4103; x_wconf 88' lang='lat' dir='ltr'><strong>dicemus</strong></span> <span class='ocrx_word' id='word_1_339' title='bbox 1418 4064 1516 4104; x_wconf 89' lang='lat' dir='ltr'><strong>nos</strong></span> <span class='ocrx_word' id='word_1_340' title='bbox 1544 4048 1613 4105; x_wconf 85' lang='lat' dir='ltr'><strong>de</strong></span> <span class='ocrx_word' id='word_1_341' title='bbox 1642 4049 1746 4104; x_wconf 90' lang='lat' dir='ltr'><strong>illis</strong></span> <span class='ocrx_word' id='word_1_342' title='bbox 1784 4050 1874 4119; x_wconf 90' lang='lat' dir='ltr'><strong>qui</strong></span> <span class='ocrx_word' id='word_1_343' title='bbox 1924 4065 2030 4104; x_wconf 91' lang='lat' dir='ltr'><strong>non</strong></span> <span class='ocrx_word' id='word_1_344' title='bbox 2074 4049 2237 4109; x_wconf 89' lang='lat' dir='ltr'><strong>modo</strong></span> 
     </span>
    </p>
   </div>
   <div class='ocr_carea' id='block_1_42' title="bbox 650 4137 2237 4209">
    <p class='ocr_par' dir='ltr' id='par_1_42' title="bbox 650 4137 2237 4209">
     <span class='ocr_line' id='line_1_42' title="bbox 650 4137 2237 4209; baseline 0 -15"><span class='ocrx_word' id='word_1_345' title='bbox 650 4156 756 4194; x_wconf 92' lang='lat' dir='ltr'><strong>non</strong></span> <span class='ocrx_word' id='word_1_346' title='bbox 784 4139 1039 4203; x_wconf 86' lang='lat' dir='ltr'><strong>audiunt.</strong></span> <span class='ocrx_word' id='word_1_347' title='bbox 1072 4138 1165 4195; x_wconf 88' lang='lat' dir='ltr'><strong>sed</strong></span> <span class='ocrx_word' id='word_1_348' title='bbox 1211 4154 1279 4193; x_wconf 86' lang='lat' dir='ltr'><strong>ne</strong></span> <span class='ocrx_word' id='word_1_349' title='bbox 1322 4137 1526 4209; x_wconf 78' lang='lat' dir='ltr'><strong>ingredi</strong></span> <span class='ocrx_word' id='word_1_350' title='bbox 1558 4138 1773 4208; x_wconf 89' lang='lat' dir='ltr'><strong>quidem</strong></span> <span class='ocrx_word' id='word_1_351' title='bbox 1816 4137 1931 4193; x_wconf 64' lang='lat' dir='ltr'><strong>haec</strong></span> <span class='ocrx_word' id='word_1_352' title='bbox 1976 4139 2237 4194; x_wconf 88' lang='lat' dir='ltr'><strong>vestibula</strong></span> 
     </span>
    </p>
   </div>
   <div class='ocr_carea' id='block_1_43' title="bbox 647 4230 2236 4304">
    <p class='ocr_par' dir='ltr' id='par_1_43' title="bbox 647 4230 2236 4304">
     <span class='ocr_line' id='line_1_43' title="bbox 647 4230 2236 4304; baseline -0.001 -15"><span class='ocrx_word' id='word_1_353' title='bbox 647 4250 799 4291; x_wconf 85' lang='lat' dir='ltr'><strong>sacra</strong></span> <span class='ocrx_word' id='word_1_354' title='bbox 828 4232 1135 4304; x_wconf 75' lang='lat' dir='ltr'><strong>dignantur,</strong></span> <span class='ocrx_word' id='word_1_355' title='bbox 1162 4230 1233 4286; x_wconf 90' lang='lat' dir='ltr'><strong>de</strong></span> <span class='ocrx_word' id='word_1_356' title='bbox 1262 4231 1367 4286; x_wconf 89' lang='lat' dir='ltr'><strong>illis</strong></span> <span class='ocrx_word' id='word_1_357' title='bbox 1394 4231 1484 4300; x_wconf 91' lang='lat' dir='ltr'><strong>qui</strong></span> <span class='ocrx_word' id='word_1_358' title='bbox 1510 4241 1661 4286; x_wconf 80' lang='lat' dir='ltr'><strong>extra</strong></span> <span class='ocrx_word' id='word_1_359' title='bbox 1692 4244 1902 4286; x_wconf 89' lang='lat' dir='ltr'><strong>sacrum</strong></span> <span class='ocrx_word' id='word_1_360' title='bbox 1944 4231 2086 4287; x_wconf 88' lang='lat' dir='ltr'><strong>hunc</strong></span> <span class='ocrx_word' id='word_1_361' title='bbox 2112 4247 2236 4302; x_wconf 90' lang='lat' dir='ltr'><strong>grc-</strong></span> 
     </span>
    </p>
   </div>
   <div class='ocr_carea' id='block_1_44' title="bbox 645 4320 2237 4399">
    <p class='ocr_par' dir='ltr' id='par_1_44' title="bbox 645 4320 2237 4399">
     <span class='ocr_line' id='line_1_44' title="bbox 645 4320 2237 4399; baseline -0.003 -17"><span class='ocrx_word' id='word_1_362' title='bbox 645 4342 767 4399; x_wconf 88' lang='lat' dir='ltr'><strong>gem</strong></span> <span class='ocrx_word' id='word_1_363' title='bbox 798 4333 1074 4395; x_wconf 83' lang='lat' dir='ltr'><strong>vagantur,</strong></span> <span class='ocrx_word' id='word_1_364' title='bbox 1102 4324 1191 4392; x_wconf 91' lang='lat' dir='ltr'><strong>qui</strong></span> <span class='ocrx_word' id='word_1_365' title='bbox 1225 4321 1403 4391; x_wconf 88' lang='lat' dir='ltr'><strong>procul</strong></span> <span class='ocrx_word' id='word_1_366' title='bbox 1433 4322 1500 4376; x_wconf 92' lang='lat' dir='ltr'><strong>ab</strong></span> <span class='ocrx_word' id='word_1_367' title='bbox 1525 4320 1727 4376; x_wconf 73' lang='lat' dir='ltr'><strong>aedibus</strong></span> <span class='ocrx_word' id='word_1_368' title='bbox 1756 4322 1874 4377; x_wconf 88' lang='lat' dir='ltr'><strong>istis</strong></span> <span class='ocrx_word' id='word_1_369' title='bbox 1898 4322 2157 4377; x_wconf 87' lang='lat' dir='ltr'><strong>maternis</strong></span> <span class='ocrx_word' id='word_1_370' title='bbox 2184 4323 2237 4378; x_wconf 91' lang='lat' dir='ltr'><strong>in</strong></span> 
     </span>
    </p>
   </div>
   <div class='ocr_carea' id='block_1_45' title="bbox 648 4411 2238 4485">
    <p class='ocr_par' dir='ltr' id='par_1_45' title="bbox 648 4411 2238 4485">
     <span class='ocr_line' id='line_1_45' title="bbox 648 4411 2238 4485; baseline -0.003 -11"><span class='ocrx_word' id='word_1_371' title='bbox 648 4416 819 4475; x_wconf 87' lang='lat' dir='ltr'><strong>triviis</strong></span> <span class='ocrx_word' id='word_1_372' title='bbox 845 4424 901 4471; x_wconf 93' lang='lat' dir='ltr'><strong>et</strong></span> <span class='ocrx_word' id='word_1_373' title='bbox 925 4412 1218 4485; x_wconf 83' lang='lat' dir='ltr'><strong>angiportis</strong></span> <span class='ocrx_word' id='word_1_374' title='bbox 1258 4422 1529 4482; x_wconf 87' lang='lat' dir='ltr'><strong>tamquam</strong></span> <span class='ocrx_word' id='word_1_375' title='bbox 1579 4411 1870 4467; x_wconf 89' lang='lat' dir='ltr'><strong>insolentes</strong></span> <span class='ocrx_word' id='word_1_376' title='bbox 1898 4426 1963 4468; x_wconf 91' lang='lat' dir='ltr'><strong>ac</strong></span> <span class='ocrx_word' id='word_1_377' title='bbox 1983 4412 2238 4469; x_wconf 82' lang='lat' dir='ltr'><strong>socordes</strong></span> 
     </span>
    </p>
   </div>
   <div class='ocr_carea' id='block_1_46' title="bbox 645 4503 2237 4585">
    <p class='ocr_par' dir='ltr' id='par_1_46' title="bbox 645 4503 2237 4585">
     <span class='ocr_line' id='line_1_46' title="bbox 645 4503 2237 4585; baseline -0.006 -19"><span class='ocrx_word' id='word_1_378' title='bbox 645 4510 864 4585; x_wconf 83' lang='lat' dir='ltr'><strong>quidam</strong></span> <span class='ocrx_word' id='word_1_379' title='bbox 895 4508 1100 4581; x_wconf 87' lang='lat' dir='ltr'><strong>pueruli</strong></span> <span class='ocrx_word' id='word_1_380' title='bbox 1143 4505 1465 4571; x_wconf 79' lang='lat' dir='ltr'><strong>versantur?</strong></span> <span class='ocrx_word' id='word_1_381' title='bbox 1489 4503 1621 4558; x_wconf 86' lang='lat' dir='ltr'><strong>Nam</strong></span> <span class='ocrx_word' id='word_1_382' title='bbox 1652 4514 1705 4560; x_wconf 88' lang='lat' dir='ltr'><strong>et</strong></span> <span class='ocrx_word' id='word_1_383' title='bbox 1742 4504 1849 4570; x_wconf 90' lang='lat' dir='ltr'><strong>illi,</strong></span> <span class='ocrx_word' id='word_1_384' title='bbox 1881 4520 2001 4560; x_wconf 89' lang='lat' dir='ltr'><strong>cum</strong></span> <span class='ocrx_word' id='word_1_385' title='bbox 2050 4514 2237 4577; x_wconf 87' lang='lat' dir='ltr'><strong>pater-</strong></span> 
     </span>
    </p>
   </div>
   <div class='ocr_carea' id='block_1_47' title="bbox 646 4594 2239 4661">
    <p class='ocr_par' dir='ltr' id='par_1_47' title="bbox 646 4594 2239 4661">
     <span class='ocr_line' id='line_1_47' title="bbox 646 4594 2239 4661; baseline -0.004 -2"><span class='ocrx_word' id='word_1_386' title='bbox 646 4618 771 4659; x_wconf 86' lang='lat' dir='ltr'><strong>nam</strong></span> <span class='ocrx_word' id='word_1_387' title='bbox 812 4601 1031 4658; x_wconf 87' lang='lat' dir='ltr'><strong>domum</strong></span> <span class='ocrx_word' id='word_1_388' title='bbox 1075 4596 1442 4659; x_wconf 87' lang='lat' dir='ltr'><strong>deseruerint,</strong></span> <span class='ocrx_word' id='word_1_389' title='bbox 1475 4595 1672 4650; x_wconf 85' lang='lat' dir='ltr'><strong>alicubi</strong></span> <span class='ocrx_word' id='word_1_390' title='bbox 1717 4594 1846 4650; x_wconf 90' lang='lat' dir='ltr'><strong>foris</strong></span> <span class='ocrx_word' id='word_1_391' title='bbox 1874 4596 2153 4661; x_wconf 86' lang='lat' dir='ltr'><strong>oberrant.</strong></span> <span class='ocrx_word' id='word_1_392' title='bbox 2182 4606 2239 4653; x_wconf 89' lang='lat' dir='ltr'><strong>et</strong></span> 
     </span>
    </p>
   </div>
   <div class='ocr_carea' id='block_1_48' title="bbox 646 4686 2236 4759">
    <p class='ocr_par' dir='ltr' id='par_1_48' title="bbox 646 4686 2236 4759">
     <span class='ocr_line' id='line_1_48' title="bbox 646 4686 2236 4759; baseline -0.004 -9"><span class='ocrx_word' id='word_1_393' title='bbox 646 4704 790 4750; x_wconf 89' lang='lat' dir='ltr'><strong>totos</strong></span> <span class='ocrx_word' id='word_1_394' title='bbox 832 4693 949 4749; x_wconf 90' lang='lat' dir='ltr'><strong>dies</strong></span> <span class='ocrx_word' id='word_1_395' title='bbox 997 4691 1051 4746; x_wconf 93' lang='lat' dir='ltr'><strong>in</strong></span> <span class='ocrx_word' id='word_1_396' title='bbox 1096 4689 1237 4745; x_wconf 83' lang='lat' dir='ltr'><strong>ludis</strong></span> <span class='ocrx_word' id='word_1_397' title='bbox 1283 4688 1574 4759; x_wconf 87' lang='lat' dir='ltr'><strong>puerilibus</strong></span> <span class='ocrx_word' id='word_1_398' title='bbox 1604 4686 1904 4758; x_wconf 90' lang='lat' dir='ltr'><strong>transigunt</strong></span> <span class='ocrx_word' id='word_1_399' title='bbox 1934 4704 1947 4743; x_wconf 91' lang='lat'><strong>:</strong></span> <span class='ocrx_word' id='word_1_400' title='bbox 1978 4704 2137 4759; x_wconf 89' lang='lat' dir='ltr'><strong>quam</strong></span> <span class='ocrx_word' id='word_1_401' title='bbox 2165 4688 2236 4743; x_wconf 91' lang='lat' dir='ltr'><strong>ob</strong></span> 
     </span>
    </p>
   </div>
   <div class='ocr_carea' id='block_1_49' title="bbox 644 4779 2232 4849">
    <p class='ocr_par' dir='ltr' id='par_1_49' title="bbox 644 4779 2232 4849">
     <span class='ocr_line' id='line_1_49' title="bbox 644 4779 2232 4849; baseline -0.006 -5"><span class='ocrx_word' id='word_1_402' title='bbox 644 4798 862 4844; x_wconf 68' lang='lat' dir='ltr'><strong>cauum</strong></span> <span class='ocrx_word' id='word_1_403' title='bbox 901 4791 955 4838; x_wconf 89' lang='lat' dir='ltr'><strong>et</strong></span> <span class='ocrx_word' id='word_1_404' title='bbox 984 4780 1256 4848; x_wconf 88' lang='lat' dir='ltr'><strong>libertate,</strong></span> <span class='ocrx_word' id='word_1_405' title='bbox 1286 4795 1349 4836; x_wconf 91' lang='lat' dir='ltr'><strong>ac</strong></span> <span class='ocrx_word' id='word_1_406' title='bbox 1377 4793 1751 4849; x_wconf 64' lang='lat' dir='ltr'><strong>saepenumero</strong></span> <span class='ocrx_word' id='word_1_407' title='bbox 1775 4779 1881 4833; x_wconf 90' lang='lat' dir='ltr'><strong>vita</strong></span> <span class='ocrx_word' id='word_1_408' title='bbox 1910 4779 2119 4849; x_wconf 88' lang='lat' dir='ltr'><strong>pueruli</strong></span> <span class='ocrx_word' id='word_1_409' title='bbox 2148 4789 2232 4834; x_wconf 90' lang='lat' dir='ltr'><strong>ta-</strong></span> 
     </span>
    </p>
   </div>
   <div class='ocr_carea' id='block_1_50' title="bbox 644 4870 2235 4945">
    <p class='ocr_par' dir='ltr' id='par_1_50' title="bbox 644 4870 2235 4945">
     <span class='ocr_line' id='line_1_50' title="bbox 644 4870 2235 4945; baseline -0.003 -14"><span class='ocrx_word' id='word_1_410' title='bbox 644 4876 727 4932; x_wconf 86' lang='lat' dir='ltr'><strong>les</strong></span> <span class='ocrx_word' id='word_1_411' title='bbox 752 4874 1046 4945; x_wconf 90' lang='lat' dir='ltr'><strong>privantnr.</strong></span> <span class='ocrx_word' id='word_1_412' title='bbox 1076 4871 1211 4928; x_wconf 81' lang='lat' dir='ltr'><strong>Nam</strong></span> <span class='ocrx_word' id='word_1_413' title='bbox 1238 4886 1359 4929; x_wconf 90' lang='lat' dir='ltr'><strong>cum</strong></span> <span class='ocrx_word' id='word_1_414' title='bbox 1400 4870 1452 4926; x_wconf 90' lang='lat' dir='ltr'><strong>in</strong></span> <span class='ocrx_word' id='word_1_415' title='bbox 1478 4884 1670 4926; x_wconf 89' lang='lat' dir='ltr'><strong>manus</strong></span> <span class='ocrx_word' id='word_1_416' title='bbox 1716 4871 2095 4943; x_wconf 86' lang='lat' dir='ltr'><strong>plagiariorum</strong></span> <span class='ocrx_word' id='word_1_417' title='bbox 2144 4880 2235 4927; x_wconf 91' lang='lat' dir='ltr'><strong>aut</strong></span> 
     </span>
    </p>
   </div>
   <div class='ocr_carea' id='block_1_51' title="bbox 648 4963 2236 5038">
    <p class='ocr_par' dir='ltr' id='par_1_51' title="bbox 648 4963 2236 5038">
     <span class='ocr_line' id='line_1_51' title="bbox 648 4963 2236 5038; baseline -0.003 -14"><span class='ocrx_word' id='word_1_418' title='bbox 648 4968 962 5038; x_wconf 66' lang='lat' dir='ltr'><strong>praedonum</strong></span> <span class='ocrx_word' id='word_1_419' title='bbox 1004 4964 1308 5031; x_wconf 86' lang='lat' dir='ltr'><strong>inciderint,</strong></span> <span class='ocrx_word' id='word_1_420' title='bbox 1356 4978 1501 5034; x_wconf 61' lang='lat' dir='ltr'><strong>sape</strong></span> <span class='ocrx_word' id='word_1_421' title='bbox 1542 4972 1715 5019; x_wconf 90' lang='lat' dir='ltr'><strong>morte</strong></span> <span class='ocrx_word' id='word_1_422' title='bbox 1758 4963 2094 5035; x_wconf 60' lang='lat' dir='ltr'><strong>negligentia:</strong></span> <span class='ocrx_word' id='word_1_423' title='bbox 2122 4978 2236 5019; x_wconf 71' lang='lat' dir='ltr'><strong>suae</strong></span> 
     </span>
    </p>
   </div>
   <div class='ocr_carea' id='block_1_52' title="bbox 647 5057 2234 5133">
    <p class='ocr_par' dir='ltr' id='par_1_52' title="bbox 647 5057 2234 5133">
     <span class='ocr_line' id='line_1_52' title="bbox 647 5057 2234 5133; baseline -0.004 -15"><span class='ocrx_word' id='word_1_424' title='bbox 647 5076 835 5131; x_wconf 64' lang='lat' dir='ltr'><strong>panos</strong></span> <span class='ocrx_word' id='word_1_425' title='bbox 860 5060 1031 5115; x_wconf 89' lang='lat' dir='ltr'><strong>luunt.</strong></span> <span class='ocrx_word' id='word_1_426' title='bbox 1052 5058 1325 5133; x_wconf 88' lang='lat' dir='ltr'><strong>Siquidem</strong></span> <span class='ocrx_word' id='word_1_427' title='bbox 1348 5058 1579 5127; x_wconf 85' lang='lat' dir='ltr'><strong>arreptis</strong></span> <span class='ocrx_word' id='word_1_428' title='bbox 1605 5057 1735 5128; x_wconf 84' lang='lat' dir='ltr'><strong>ipsis</strong></span> <span class='ocrx_word' id='word_1_429' title='bbox 1756 5071 1877 5113; x_wconf 92' lang='lat' dir='ltr'><strong>cum</strong></span> <span class='ocrx_word' id='word_1_430' title='bbox 1897 5071 2060 5113; x_wconf 86' lang='lat' dir='ltr'><strong>aurea</strong></span> <span class='ocrx_word' id='word_1_431' title='bbox 2075 5072 2234 5113; x_wconf 88' lang='lat' dir='ltr'><strong>orna-</strong></span> 
     </span>
    </p>
   </div>
   <div class='ocr_carea' id='block_1_53' title="bbox 640 5148 2231 5216">
    <p class='ocr_par' dir='ltr' id='par_1_53' title="bbox 640 5148 2231 5216">
     <span class='ocr_line' id='line_1_53' title="bbox 640 5148 2231 5216; baseline -0.005 -5"><span class='ocrx_word' id='word_1_432' title='bbox 640 5160 827 5211; x_wconf 83' lang='lat' dir='ltr'><strong>menta</strong></span> <span class='ocrx_word' id='word_1_433' title='bbox 857 5150 1171 5208; x_wconf 79' lang='lat' dir='ltr'><strong>sustulerint</strong></span> <span class='ocrx_word' id='word_1_434' title='bbox 1200 5150 1299 5216; x_wconf 88' lang='lat' dir='ltr'><strong>illi,</strong></span> <span class='ocrx_word' id='word_1_435' title='bbox 1329 5159 1419 5205; x_wconf 87' lang='lat' dir='ltr'><strong>aut</strong></span> <span class='ocrx_word' id='word_1_436' title='bbox 1446 5148 1727 5204; x_wconf 80' lang='lat' dir='ltr'><strong>ﬂuminum</strong></span> <span class='ocrx_word' id='word_1_437' title='bbox 1757 5148 1911 5204; x_wconf 88' lang='lat' dir='ltr'><strong>undis</strong></span> <span class='ocrx_word' id='word_1_438' title='bbox 1934 5148 2195 5205; x_wconf 78' lang='lat' dir='ltr'><strong>suﬂ&#39;ocant</strong></span> <span class='ocrx_word' id='word_1_439' title='bbox 2214 5190 2231 5216; x_wconf 95' lang='lat'><strong>,</strong></span> 
     </span>
    </p>
   </div>
   <div class='ocr_carea' id='block_1_54' title="bbox 648 5240 2231 5314">
    <p class='ocr_par' dir='ltr' id='par_1_54' title="bbox 648 5240 2231 5314">
     <span class='ocr_line' id='line_1_54' title="bbox 648 5240 2231 5314; baseline 0 -17"><span class='ocrx_word' id='word_1_440' title='bbox 648 5253 739 5301; x_wconf 82' lang='lat' dir='ltr'><strong>aut</strong></span> <span class='ocrx_word' id='word_1_441' title='bbox 762 5244 808 5301; x_wconf 87' lang='lat' dir='ltr'><strong>si</strong></span> <span class='ocrx_word' id='word_1_442' title='bbox 833 5242 961 5314; x_wconf 86' lang='lat' dir='ltr'><strong>quid</strong></span> <span class='ocrx_word' id='word_1_443' title='bbox 996 5244 1175 5300; x_wconf 87' lang='lat' dir='ltr'><strong>mitius</strong></span> <span class='ocrx_word' id='word_1_444' title='bbox 1210 5243 1278 5299; x_wconf 86' lang='lat' dir='ltr'><strong>de</strong></span> <span class='ocrx_word' id='word_1_445' title='bbox 1320 5241 1428 5298; x_wconf 83' lang='lat' dir='ltr'><strong>illis</strong></span> <span class='ocrx_word' id='word_1_446' title='bbox 1458 5241 1776 5309; x_wconf 79' lang='lat' dir='ltr'><strong>statuerint,</strong></span> <span class='ocrx_word' id='word_1_447' title='bbox 1807 5241 1858 5296; x_wconf 92' lang='lat' dir='ltr'><strong>in</strong></span> <span class='ocrx_word' id='word_1_448' title='bbox 1893 5240 2231 5313; x_wconf 81' lang='lat' dir='ltr'><strong>longinquam</strong></span> 
     </span>
    </p>
   </div>
   <div class='ocr_carea' id='block_1_55' title="bbox 647 5330 2235 5406">
    <p class='ocr_par' dir='ltr' id='par_1_55' title="bbox 647 5330 2235 5406">
     <span class='ocr_line' id='line_1_55' title="bbox 647 5330 2235 5406; baseline -0.003 -15"><span class='ocrx_word' id='word_1_449' title='bbox 647 5336 767 5394; x_wconf 78' lang='lat' dir='ltr'><strong>illos</strong></span> <span class='ocrx_word' id='word_1_450' title='bbox 808 5335 1081 5406; x_wconf 81' lang='lat' dir='ltr'><strong>regionem</strong></span> <span class='ocrx_word' id='word_1_451' title='bbox 1117 5333 1376 5390; x_wconf 89' lang='lat' dir='ltr'><strong>abductos</strong></span> <span class='ocrx_word' id='word_1_452' title='bbox 1404 5347 1469 5393; x_wconf 86' lang='lat' dir='ltr'><strong>ac</strong></span> <span class='ocrx_word' id='word_1_453' title='bbox 1498 5331 1741 5389; x_wconf 83' lang='lat' dir='ltr'><strong>servituti</strong></span> <span class='ocrx_word' id='word_1_454' title='bbox 1770 5330 2012 5387; x_wconf 90' lang='lat' dir='ltr'><strong>addictos</strong></span> <span class='ocrx_word' id='word_1_455' title='bbox 2049 5332 2235 5388; x_wconf 86' lang='lat' dir='ltr'><strong>diven-</strong></span> 
     </span>
    </p>
   </div>
   <div class='ocr_carea' id='block_1_56' title="bbox 645 5422 2231 5506">
    <p class='ocr_par' dir='ltr' id='par_1_56' title="bbox 645 5422 2231 5506">
     <span class='ocr_line' id='line_1_56' title="bbox 645 5422 2231 5506; baseline -0.003 -23"><span class='ocrx_word' id='word_1_456' title='bbox 645 5426 801 5483; x_wconf 88' lang='lat' dir='ltr'><strong>dunt.</strong></span> <span class='ocrx_word' id='word_1_457' title='bbox 829 5424 972 5486; x_wconf 87' lang='lat' dir='ltr'><strong>Idem</strong></span> <span class='ocrx_word' id='word_1_458' title='bbox 998 5426 1117 5481; x_wconf 81' lang='lat' dir='ltr'><strong>istis</strong></span> <span class='ocrx_word' id='word_1_459' title='bbox 1143 5426 1303 5481; x_wconf 85' lang='lat' dir='ltr'><strong>etiam</strong></span> <span class='ocrx_word' id='word_1_460' title='bbox 1328 5424 1539 5482; x_wconf 83' lang='lat' dir='ltr'><strong>accidit.</strong></span> <span class='ocrx_word' id='word_1_461' title='bbox 1567 5422 1701 5479; x_wconf 89' lang='lat' dir='ltr'><strong>Cum</strong></span> <span class='ocrx_word' id='word_1_462' title='bbox 1725 5424 1867 5506; x_wconf 76' lang='lat' dir='ltr'><strong>enim</strong></span> <span class='ocrx_word' id='word_1_463' title='bbox 1896 5422 2053 5493; x_wconf 84' lang='lat' dir='ltr'><strong>longe</strong></span> <span class='ocrx_word' id='word_1_464' title='bbox 2075 5438 2106 5478; x_wconf 90' lang='lat' dir='ltr'><strong>a</strong></span> <span class='ocrx_word' id='word_1_465' title='bbox 2137 5439 2231 5493; x_wconf 86' lang='lat' dir='ltr'><strong>pa-</strong></span> 
     </span>
    </p>
   </div>
   <div class='ocr_carea' id='block_1_57' title="bbox 647 5514 2230 5591">
    <p class='ocr_par' dir='ltr' id='par_1_57' title="bbox 647 5514 2230 5591">
     <span class='ocr_line' id='line_1_57' title="bbox 647 5514 2230 5591; baseline -0.004 -16"><span class='ocrx_word' id='word_1_466' title='bbox 647 5526 795 5575; x_wconf 86' lang='lat' dir='ltr'><strong>terna</strong></span> <span class='ocrx_word' id='word_1_467' title='bbox 822 5516 983 5572; x_wconf 90' lang='lat' dir='ltr'><strong>domo</strong></span> <span class='ocrx_word' id='word_1_468' title='bbox 1002 5526 1057 5573; x_wconf 90' lang='lat' dir='ltr'><strong>et</strong></span> <span class='ocrx_word' id='word_1_469' title='bbox 1075 5516 1233 5587; x_wconf 84' lang='lat' dir='ltr'><strong>hujus</strong></span> <span class='ocrx_word' id='word_1_470' title='bbox 1258 5515 1440 5591; x_wconf 86' lang='lat' dir='ltr'><strong>templi</strong></span> <span class='ocrx_word' id='word_1_471' title='bbox 1467 5514 1893 5588; x_wconf 81' lang='lat' dir='ltr'><strong>ﬁ-equcntationc</strong></span> <span class='ocrx_word' id='word_1_472' title='bbox 1914 5514 2230 5580; x_wconf 87' lang='lat' dir='ltr'><strong>aberrarint,</strong></span> 
     </span>
    </p>
   </div>
   <div class='ocr_carea' id='block_1_58' title="bbox 651 5604 2230 5676">
    <p class='ocr_par' dir='ltr' id='par_1_58' title="bbox 651 5604 2230 5676">
     <span class='ocr_line' id='line_1_58' title="bbox 651 5604 2230 5676; baseline -0.003 -12"><span class='ocrx_word' id='word_1_473' title='bbox 651 5610 703 5664; x_wconf 95' lang='lat' dir='ltr'><strong>in</strong></span> <span class='ocrx_word' id='word_1_474' title='bbox 742 5607 1115 5666; x_wconf 60' lang='lat' dir='ltr'><strong>hereticorum</strong></span> <span class='ocrx_word' id='word_1_475' title='bbox 1147 5623 1239 5663; x_wconf 88' lang='lat' dir='ltr'><strong>ora</strong></span> <span class='ocrx_word' id='word_1_476' title='bbox 1270 5607 1541 5673; x_wconf 90' lang='lat' dir='ltr'><strong>incidunt,</strong></span> <span class='ocrx_word' id='word_1_477' title='bbox 1581 5616 1638 5662; x_wconf 89' lang='lat' dir='ltr'><strong>et</strong></span> <span class='ocrx_word' id='word_1_478' title='bbox 1671 5606 1725 5661; x_wconf 92' lang='lat' dir='ltr'><strong>in</strong></span> <span class='ocrx_word' id='word_1_479' title='bbox 1766 5604 1971 5676; x_wconf 86' lang='lat' dir='ltr'><strong>linguas</strong></span> <span class='ocrx_word' id='word_1_480' title='bbox 2001 5604 2230 5659; x_wconf 87' lang='lat' dir='ltr'><strong>hostium</strong></span> 
     </span>
    </p>
   </div>
   <div class='ocr_carea' id='block_1_59' title="bbox 646 5696 2230 5769">
    <p class='ocr_par' dir='ltr' id='par_1_59' title="bbox 646 5696 2230 5769">
     <span class='ocr_line' id='line_1_59' title="bbox 646 5696 2230 5769; baseline -0.001 -15"><span class='ocrx_word' id='word_1_481' title='bbox 646 5702 929 5760; x_wconf 86' lang='lat' dir='ltr'><strong>veritatis:</strong></span> <span class='ocrx_word' id='word_1_482' title='bbox 961 5711 1071 5765; x_wconf 85' lang='lat' dir='ltr'><strong>tum</strong></span> <span class='ocrx_word' id='word_1_483' title='bbox 1122 5701 1197 5755; x_wconf 91' lang='lat' dir='ltr'><strong>illi</strong></span> <span class='ocrx_word' id='word_1_484' title='bbox 1246 5713 1366 5757; x_wconf 88' lang='lat' dir='ltr'><strong>cum</strong></span> <span class='ocrx_word' id='word_1_485' title='bbox 1412 5710 1679 5769; x_wconf 83' lang='lat' dir='ltr'><strong>tamquam</strong></span> <span class='ocrx_word' id='word_1_486' title='bbox 1728 5697 1966 5769; x_wconf 87' lang='lat' dir='ltr'><strong>plagiarii</strong></span> <span class='ocrx_word' id='word_1_487' title='bbox 2017 5696 2230 5767; x_wconf 88' lang='lat' dir='ltr'><strong>quidam</strong></span> 
     </span>
    </p>
   </div>
   <div class='ocr_carea' id='block_1_60' title="bbox 644 5790 2222 5865">
    <p class='ocr_par' dir='ltr' id='par_1_60' title="bbox 644 5790 2222 5865">
     <span class='ocr_line' id='line_1_60' title="bbox 644 5790 2222 5865; baseline -0.002 -17"><span class='ocrx_word' id='word_1_488' title='bbox 644 5794 791 5865; x_wconf 80' lang='lat' dir='ltr'><strong>ipsos</strong></span> <span class='ocrx_word' id='word_1_489' title='bbox 835 5795 1156 5863; x_wconf 78' lang='lat' dir='ltr'><strong>invaserint,</strong></span> <span class='ocrx_word' id='word_1_490' title='bbox 1195 5802 1249 5851; x_wconf 93' lang='lat' dir='ltr'><strong>ct</strong></span> <span class='ocrx_word' id='word_1_491' title='bbox 1290 5809 1453 5851; x_wconf 78' lang='lat' dir='ltr'><strong>aureo</strong></span> <span class='ocrx_word' id='word_1_492' title='bbox 1501 5792 1622 5849; x_wconf 87' lang='lat' dir='ltr'><strong>ﬁdei</strong></span> <span class='ocrx_word' id='word_1_493' title='bbox 1666 5800 1855 5849; x_wconf 87' lang='lat' dir='ltr'><strong>ornatu</strong></span> <span class='ocrx_word' id='word_1_494' title='bbox 1904 5790 2180 5863; x_wconf 81' lang='lat' dir='ltr'><strong>spoliarint</strong></span> <span class='ocrx_word' id='word_1_495' title='bbox 2206 5832 2222 5859; x_wconf 94' lang='lat'><strong>,</strong></span> 
     </span>
    </p>
   </div>
   <div class='ocr_carea' id='block_1_61' title="bbox 1396 344 3198 437">
    <p class='ocr_par' dir='ltr' id='par_1_61' title="bbox 1396 344 3198 437">
     <span class='ocr_line' id='line_1_61' title="bbox 1396 344 3198 437; baseline 0.008 -30"><span class='ocrx_word' id='word_1_496' title='bbox 1396 350 1453 407; x_wconf 89' lang='lat' dir='ltr'><strong>S.</strong></span> <span class='ocrx_word' id='word_1_497' title='bbox 1492 348 1769 408; x_wconf 73' lang='lat' dir='ltr'><strong>JOANNIS</strong></span> <span class='ocrx_word' id='word_1_498' title='bbox 1796 344 2286 437; x_wconf 12' lang='lat' dir='ltr'><strong>‘CHRYSOSTOII</strong></span> <span class='ocrx_word' id='word_1_499' title='bbox 2322 345 2640 410; x_wconf 73' lang='lat' dir='ltr'><strong>ARCHIEP.</strong></span> <span class='ocrx_word' id='word_1_500' title='bbox 2669 353 3198 421; x_wconf 55' lang='lat' dir='ltr'><strong>CONSTMTINOP.</strong></span> 
     </span>
    </p>
   </div>
   <div class='ocr_carea' id='block_1_62' title="bbox 3870 365 3974 427">
    <p class='ocr_par' dir='ltr' id='par_1_62' title="bbox 3870 365 3974 427">
     <span class='ocr_line' id='line_1_62' title="bbox 3870 365 3974 427; baseline -0.029 0"><span class='ocrx_word' id='word_1_501' title='bbox 3870 365 3974 427; x_wconf 69' lang='grc' dir='ltr'><strong>Ιῖϐ</strong></span> 
     </span>
    </p>
   </div>
   <div class='ocr_carea' id='block_1_63' title="bbox 2384 466 3971 551">
    <p class='ocr_par' dir='ltr' id='par_1_63' title="bbox 2384 466 3971 551">
     <span class='ocr_line' id='line_1_63' title="bbox 2384 466 3971 551; baseline 0.018 -34"><span class='ocrx_word' id='word_1_502' title='bbox 2384 466 2660 524; x_wconf 84' lang='lat' dir='ltr'><strong>confestim</strong></span> <span class='ocrx_word' id='word_1_503' title='bbox 2684 486 2781 527; x_wconf 87' lang='lat' dir='ltr'><strong>eos</strong></span> <span class='ocrx_word' id='word_1_504' title='bbox 2808 488 2911 528; x_wconf 92' lang='lat' dir='ltr'><strong>non</strong></span> <span class='ocrx_word' id='word_1_505' title='bbox 2934 476 2985 530; x_wconf 91' lang='lat' dir='ltr'><strong>in</strong></span> <span class='ocrx_word' id='word_1_506' title='bbox 3002 476 3210 534; x_wconf 76' lang='lat' dir='ltr'><strong>ﬁumen</strong></span> <span class='ocrx_word' id='word_1_507' title='bbox 3233 480 3524 551; x_wconf 80' lang='lat' dir='ltr'><strong>projectos,</strong></span> <span class='ocrx_word' id='word_1_508' title='bbox 3550 482 3647 539; x_wconf 82' lang='lat' dir='ltr'><strong>sed</strong></span> <span class='ocrx_word' id='word_1_509' title='bbox 3672 484 3726 541; x_wconf 90' lang='lat' dir='ltr'><strong>in</strong></span> <span class='ocrx_word' id='word_1_510' title='bbox 3756 486 3971 545; x_wconf 83' lang='lat' dir='ltr'><strong>turbida</strong></span> 
     </span>
    </p>
   </div>
   <div class='ocr_carea' id='block_1_64' title="bbox 2339 537 3535 632">
    <p class='ocr_par' dir='ltr' id='par_1_64' title="bbox 2339 537 3535 632">
     <span class='ocr_line' id='line_1_64' title="bbox 2339 537 3535 632; baseline 0.017 -20"><span class='ocrx_word' id='word_1_511' title='bbox 2339 537 2619 630; x_wconf 48' lang='lat' dir='ltr'><strong>‘dogmata</strong></span> <span class='ocrx_word' id='word_1_512' title='bbox 2650 564 2854 623; x_wconf 69' lang='lat' dir='ltr'><strong>fauoris</strong></span> <span class='ocrx_word' id='word_1_513' title='bbox 2882 569 2963 624; x_wconf 88' lang='lat' dir='ltr'><strong>sui</strong></span> <span class='ocrx_word' id='word_1_514' title='bbox 2989 537 3266 627; x_wconf 72' lang='lat' dir='ltr'><strong>demersos</strong></span> 
     </span>
    </p>
   </div>
   <div class='ocr_carea' id='block_1_65' title="bbox 2444 652 3970 733">
    <p class='ocr_par' dir='ltr' id='par_1_65' title="bbox 2444 652 3970 733">
     <span class='ocr_line' id='line_1_65' title="bbox 2444 652 3970 733; baseline 0.012 -26"><span class='ocrx_word' id='word_1_515' title='bbox 2444 652 2498 707; x_wconf 77' lang='grc'><strong>2.</strong></span> <span class='ocrx_word' id='word_1_516' title='bbox 2545 653 2850 712; x_wconf 83' lang='lat' dir='ltr'><strong>Vestramm</strong></span> <span class='ocrx_word' id='word_1_517' title='bbox 2900 658 3003 715; x_wconf 89' lang='lat' dir='ltr'><strong>hoc</strong></span> <span class='ocrx_word' id='word_1_518' title='bbox 3042 662 3270 732; x_wconf 88' lang='lat' dir='ltr'><strong>partium</strong></span> <span class='ocrx_word' id='word_1_519' title='bbox 3318 664 3504 733; x_wconf 84' lang='lat' dir='ltr'><strong>fuerit,</strong></span> <span class='ocrx_word' id='word_1_520' title='bbox 3544 666 3701 722; x_wconf 88' lang='lat' dir='ltr'><strong>saluti</strong></span> <span class='ocrx_word' id='word_1_521' title='bbox 3740 667 3970 724; x_wconf 73' lang='lat' dir='ltr'><strong>Iratum</strong></span> 
     </span>
    </p>
   </div>
   <div class='ocr_carea' id='block_1_66' title="bbox 2370 746 3969 826">
    <p class='ocr_par' dir='ltr' id='par_1_66' title="bbox 2370 746 3969 826">
     <span class='ocr_line' id='line_1_66' title="bbox 2370 746 3969 826; baseline 0.012 -29"><span class='ocrx_word' id='word_1_522' title='bbox 2370 746 2675 815; x_wconf 88' lang='lat' dir='ltr'><strong>consulere,</strong></span> <span class='ocrx_word' id='word_1_523' title='bbox 2693 756 2853 819; x_wconf 90' lang='lat' dir='ltr'><strong>atque</strong></span> <span class='ocrx_word' id='word_1_524' title='bbox 2871 751 2938 805; x_wconf 93' lang='lat' dir='ltr'><strong>ad</strong></span> <span class='ocrx_word' id='word_1_525' title='bbox 2960 766 3059 808; x_wconf 90' lang='lat' dir='ltr'><strong>nos</strong></span> <span class='ocrx_word' id='word_1_526' title='bbox 3085 753 3207 809; x_wconf 89' lang='lat' dir='ltr'><strong>illos</strong></span> <span class='ocrx_word' id='word_1_527' title='bbox 3231 754 3511 822; x_wconf 87' lang='lat' dir='ltr'><strong>reducere,</strong></span> <span class='ocrx_word' id='word_1_528' title='bbox 3542 758 3666 815; x_wconf 87' lang='lat' dir='ltr'><strong>licet</strong></span> <span class='ocrx_word' id='word_1_529' title='bbox 3689 759 3969 826; x_wconf 73' lang='lat' dir='ltr'><strong>resistant,</strong></span> 
     </span>
    </p>
   </div>
   <div class='ocr_carea' id='block_1_67' title="bbox 2371 837 3967 909">
    <p class='ocr_par' dir='ltr' id='par_1_67' title="bbox 2371 837 3967 909">
     <span class='ocr_line' id='line_1_67' title="bbox 2371 837 3967 909; baseline 0.012 -19"><span class='ocrx_word' id='word_1_530' title='bbox 2371 837 2495 893; x_wconf 92' lang='lat' dir='ltr'><strong>licet</strong></span> <span class='ocrx_word' id='word_1_531' title='bbox 2522 842 2835 909; x_wconf 88' lang='lat' dir='ltr'><strong>reclament,</strong></span> <span class='ocrx_word' id='word_1_532' title='bbox 2868 843 2991 899; x_wconf 86' lang='lat' dir='ltr'><strong>licet</strong></span> <span class='ocrx_word' id='word_1_533' title='bbox 3022 845 3405 905; x_wconf 81' lang='lat' dir='ltr'><strong>lamenlentur.</strong></span> <span class='ocrx_word' id='word_1_534' title='bbox 3438 850 3662 906; x_wconf 85' lang='lat' dir='ltr'><strong>Pueriiis</strong></span> <span class='ocrx_word' id='word_1_535' title='bbox 3689 863 3773 908; x_wconf 88' lang='lat' dir='ltr'><strong>est</strong></span> <span class='ocrx_word' id='word_1_536' title='bbox 3796 854 3967 909; x_wconf 79' lang='lat' dir='ltr'><strong>animi</strong></span> 
     </span>
    </p>
   </div>
   <div class='ocr_carea' id='block_1_68' title="bbox 2368 930 3964 1023">
    <p class='ocr_par' dir='ltr' id='par_1_68' title="bbox 2368 930 3964 1023">
     <span class='ocr_line' id='line_1_68' title="bbox 2368 930 3964 1023; baseline 0.011 -42"><span class='ocrx_word' id='word_1_537' title='bbox 2368 930 2643 985; x_wconf 88' lang='lat' dir='ltr'><strong>contentio</strong></span> <span class='ocrx_word' id='word_1_538' title='bbox 2682 932 2781 987; x_wconf 88' lang='lat' dir='ltr'><strong>ista</strong></span> <span class='ocrx_word' id='word_1_539' title='bbox 2824 941 2879 989; x_wconf 91' lang='lat' dir='ltr'><strong>et</strong></span> <span class='ocrx_word' id='word_1_540' title='bbox 2917 935 3261 1023; x_wconf 71' lang='lat' dir='ltr'><strong>qegligentia.</strong></span> <span class='ocrx_word' id='word_1_541' title='bbox 3298 938 3401 994; x_wconf 85' lang='lat' dir='ltr'><strong>Vos</strong></span> <span class='ocrx_word' id='word_1_542' title='bbox 3426 954 3559 995; x_wconf 85' lang='lat' dir='ltr'><strong>vero</strong></span> <span class='ocrx_word' id='word_1_543' title='bbox 3594 940 3964 1012; x_wconf 80' lang='lat' dir='ltr'><strong>imperfectam</strong></span> 
     </span>
    </p>
   </div>
   <div class='ocr_carea' id='block_1_69' title="bbox 2368 1018 3964 1102">
    <p class='ocr_par' dir='ltr' id='par_1_69' title="bbox 2368 1018 3964 1102">
     <span class='ocr_line' id='line_1_69' title="bbox 2368 1018 3964 1102; baseline 0.011 -30"><span class='ocrx_word' id='word_1_544' title='bbox 2368 1018 2545 1075; x_wconf 89' lang='lat' dir='ltr'><strong>adhuc</strong></span> <span class='ocrx_word' id='word_1_545' title='bbox 2583 1032 2741 1093; x_wconf 88' lang='lat' dir='ltr'><strong>atque</strong></span> <span class='ocrx_word' id='word_1_546' title='bbox 2782 1024 2855 1081; x_wconf 91' lang='lat' dir='ltr'><strong>ita</strong></span> <span class='ocrx_word' id='word_1_547' title='bbox 2893 1018 3087 1083; x_wconf 77' lang='lat' dir='ltr'><strong>misere</strong></span> <span class='ocrx_word' id='word_1_548' title='bbox 3140 1029 3387 1085; x_wconf 82' lang='lat' dir='ltr'><strong>aifectam</strong></span> <span class='ocrx_word' id='word_1_549' title='bbox 3445 1030 3679 1102; x_wconf 83' lang='lat' dir='ltr'><strong>ipsorum</strong></span> <span class='ocrx_word' id='word_1_550' title='bbox 3724 1034 3964 1090; x_wconf 67' lang='lat' dir='ltr'><strong>aninmo</strong></span> 
     </span>
    </p>
   </div>
   <div class='ocr_carea' id='block_1_70' title="bbox 2366 1112 3963 1193">
    <p class='ocr_par' dir='ltr' id='par_1_70' title="bbox 2366 1112 3963 1193">
     <span class='ocr_line' id='line_1_70' title="bbox 2366 1112 3963 1193; baseline 0.01 -28"><span class='ocrx_word' id='word_1_551' title='bbox 2366 1112 2650 1182; x_wconf 82' lang='lat' dir='ltr'><strong>corrigite;</strong></span> <span class='ocrx_word' id='word_1_552' title='bbox 2712 1116 2877 1173; x_wconf 88' lang='lat' dir='ltr'><strong>vestri</strong></span> <span class='ocrx_word' id='word_1_553' title='bbox 2920 1120 3156 1175; x_wconf 87' lang='lat' dir='ltr'><strong>muneris</strong></span> <span class='ocrx_word' id='word_1_554' title='bbox 3204 1129 3320 1187; x_wconf 88' lang='lat' dir='ltr'><strong>est,</strong></span> <span class='ocrx_word' id='word_1_555' title='bbox 3367 1131 3425 1177; x_wconf 91' lang='lat' dir='ltr'><strong>ut</strong></span> <span class='ocrx_word' id='word_1_556' title='bbox 3478 1122 3582 1178; x_wconf 88' lang='lat' dir='ltr'><strong>illis</strong></span> <span class='ocrx_word' id='word_1_557' title='bbox 3630 1124 3963 1193; x_wconf 79' lang='lat' dir='ltr'><strong>persuadea-</strong></span> 
     </span>
    </p>
   </div>
   <div class='ocr_carea' id='block_1_71' title="bbox 2368 1203 3960 1285">
    <p class='ocr_par' dir='ltr' id='par_1_71' title="bbox 2368 1203 3960 1285">
     <span class='ocr_line' id='line_1_71' title="bbox 2368 1203 3960 1285; baseline 0.009 -28"><span class='ocrx_word' id='word_1_558' title='bbox 2368 1203 2472 1285; x_wconf 75' lang='lat' dir='ltr'><strong>tis,</strong></span> <span class='ocrx_word' id='word_1_559' title='bbox 2524 1214 2581 1259; x_wconf 93' lang='lat' dir='ltr'><strong>ut</strong></span> <span class='ocrx_word' id='word_1_560' title='bbox 2630 1204 2875 1264; x_wconf 85' lang='lat' dir='ltr'><strong>homines</strong></span> <span class='ocrx_word' id='word_1_561' title='bbox 2916 1208 3063 1265; x_wconf 85' lang='lat' dir='ltr'><strong>ﬁant.</strong></span> <span class='ocrx_word' id='word_1_562' title='bbox 3111 1210 3247 1267; x_wconf 81' lang='lat' dir='ltr'><strong>Nam</strong></span> <span class='ocrx_word' id='word_1_563' title='bbox 3290 1212 3738 1285; x_wconf 84' lang='lat' dir='ltr'><strong>quemadmodum</strong></span> <span class='ocrx_word' id='word_1_564' title='bbox 3789 1230 3960 1283; x_wconf 88' lang='lat' dir='ltr'><strong>cum,</strong></span> 
     </span>
    </p>
   </div>
   <div class='ocr_carea' id='block_1_72' title="bbox 2364 1292 3965 1379">
    <p class='ocr_par' dir='ltr' id='par_1_72' title="bbox 2364 1292 3965 1379">
     <span class='ocr_line' id='line_1_72' title="bbox 2364 1292 3965 1379; baseline 0.01 -32"><span class='ocrx_word' id='word_1_565' title='bbox 2364 1292 2457 1366; x_wconf 71' lang='grc' dir='ltr'><strong>ςιιὶ</strong></span> <span class='ocrx_word' id='word_1_566' title='bbox 2505 1293 2734 1351; x_wconf 88' lang='lat' dir='ltr'><strong>humana</strong></span> <span class='ocrx_word' id='word_1_567' title='bbox 2792 1310 3069 1356; x_wconf 88' lang='lat' dir='ltr'><strong>aversetur</strong></span> <span class='ocrx_word' id='word_1_568' title='bbox 3118 1301 3407 1370; x_wconf 84' lang='lat' dir='ltr'><strong>alimenta,</strong></span> <span class='ocrx_word' id='word_1_569' title='bbox 3458 1313 3515 1361; x_wconf 94' lang='lat' dir='ltr'><strong>et</strong></span> <span class='ocrx_word' id='word_1_570' title='bbox 3566 1321 3686 1361; x_wconf 91' lang='lat' dir='ltr'><strong>cum</strong></span> <span class='ocrx_word' id='word_1_571' title='bbox 3736 1307 3965 1379; x_wconf 84' lang='lat' dir='ltr'><strong>pecudi-</strong></span> 
     </span>
    </p>
   </div>
   <div class='ocr_carea' id='block_1_73' title="bbox 2364 1382 3962 1463">
    <p class='ocr_par' dir='ltr' id='par_1_73' title="bbox 2364 1382 3962 1463">
     <span class='ocr_line' id='line_1_73' title="bbox 2364 1382 3962 1463; baseline 0.009 -25"><span class='ocrx_word' id='word_1_572' title='bbox 2364 1382 2466 1439; x_wconf 86' lang='lat' dir='ltr'><strong>bus</strong></span> <span class='ocrx_word' id='word_1_573' title='bbox 2521 1386 2691 1455; x_wconf 88' lang='lat' dir='ltr'><strong>spinis</strong></span> <span class='ocrx_word' id='word_1_574' title='bbox 2730 1387 3014 1462; x_wconf 90' lang='lat' dir='ltr'><strong>herbisque</strong></span> <span class='ocrx_word' id='word_1_575' title='bbox 3058 1403 3327 1463; x_wconf 86' lang='lat' dir='ltr'><strong>pascatur,</strong></span> <span class='ocrx_word' id='word_1_576' title='bbox 3377 1395 3648 1452; x_wconf 89' lang='lat' dir='ltr'><strong>hominem</strong></span> <span class='ocrx_word' id='word_1_577' title='bbox 3696 1398 3962 1461; x_wconf 62' lang='lat' dir='ltr'><strong>mmi-</strong></span> 
     </span>
    </p>
   </div>
   <div class='ocr_carea' id='block_1_74' title="bbox 2362 1473 3960 1556">
    <p class='ocr_par' dir='ltr' id='par_1_74' title="bbox 2362 1473 3960 1556">
     <span class='ocr_line' id='line_1_74' title="bbox 2362 1473 3960 1556; baseline 0.011 -29"><span class='ocrx_word' id='word_1_578' title='bbox 2362 1473 2508 1529; x_wconf 90' lang='lat' dir='ltr'><strong>nime</strong></span> <span class='ocrx_word' id='word_1_579' title='bbox 2528 1475 2769 1534; x_wconf 90' lang='lat' dir='ltr'><strong>dicemus</strong></span> <span class='ocrx_word' id='word_1_580' title='bbox 2792 1496 2805 1533; x_wconf 92' lang='lat'><strong>:</strong></span> <span class='ocrx_word' id='word_1_581' title='bbox 2830 1482 2910 1536; x_wconf 89' lang='lat' dir='ltr'><strong>sic</strong></span> <span class='ocrx_word' id='word_1_582' title='bbox 2936 1482 3190 1539; x_wconf 86' lang='lat' dir='ltr'><strong>nimirum</strong></span> <span class='ocrx_word' id='word_1_583' title='bbox 3210 1498 3355 1553; x_wconf 84' lang='lat' dir='ltr'><strong>eum,</strong></span> <span class='ocrx_word' id='word_1_584' title='bbox 3376 1487 3466 1556; x_wconf 90' lang='lat' dir='ltr'><strong>qui</strong></span> <span class='ocrx_word' id='word_1_585' title='bbox 3492 1502 3668 1542; x_wconf 83' lang='lat' dir='ltr'><strong>veram</strong></span> <span class='ocrx_word' id='word_1_586' title='bbox 3688 1496 3741 1543; x_wconf 91' lang='lat' dir='ltr'><strong>et</strong></span> <span class='ocrx_word' id='word_1_587' title='bbox 3761 1489 3960 1543; x_wconf 72' lang='lat' dir='ltr'><strong>anima:</strong></span> 
     </span>
    </p>
   </div>
   <div class='ocr_carea' id='block_1_75' title="bbox 2360 1568 3959 1648">
    <p class='ocr_par' dir='ltr' id='par_1_75' title="bbox 2360 1568 3959 1648">
     <span class='ocr_line' id='line_1_75' title="bbox 2360 1568 3959 1648; baseline 0.009 -28"><span class='ocrx_word' id='word_1_588' title='bbox 2360 1568 2768 1624; x_wconf 86' lang='lat' dir='ltr'><strong>convenientem</strong></span> <span class='ocrx_word' id='word_1_589' title='bbox 2796 1568 3044 1629; x_wconf 64' lang='lat' dir='ltr'><strong>humanae</strong></span> <span class='ocrx_word' id='word_1_590' title='bbox 3072 1588 3253 1630; x_wconf 87' lang='lat' dir='ltr'><strong>escam</strong></span> <span class='ocrx_word' id='word_1_591' title='bbox 3282 1575 3482 1643; x_wconf 86' lang='lat' dir='ltr'><strong>oderit,</strong></span> <span class='ocrx_word' id='word_1_592' title='bbox 3514 1592 3636 1648; x_wconf 74' lang='lat' dir='ltr'><strong>quae</strong></span> <span class='ocrx_word' id='word_1_593' title='bbox 3660 1592 3729 1633; x_wconf 85' lang='lat' dir='ltr'><strong>ex</strong></span> <span class='ocrx_word' id='word_1_594' title='bbox 3762 1578 3959 1634; x_wconf 80' lang='lat' dir='ltr'><strong>divinis</strong></span> 
     </span>
    </p>
   </div>
   <div class='ocr_carea' id='block_1_76' title="bbox 2361 1658 3959 1730">
    <p class='ocr_par' dir='ltr' id='par_1_76' title="bbox 2361 1658 3959 1730">
     <span class='ocr_line' id='line_1_76' title="bbox 2361 1658 3959 1730; baseline 0.009 -21"><span class='ocrx_word' id='word_1_595' title='bbox 2361 1665 2572 1712; x_wconf 84' lang='lat' dir='ltr'><strong>constat</strong></span> <span class='ocrx_word' id='word_1_596' title='bbox 2611 1658 2872 1730; x_wconf 81' lang='lat' dir='ltr'><strong>eloquiis,</strong></span> <span class='ocrx_word' id='word_1_597' title='bbox 2913 1661 2971 1717; x_wconf 84' lang='lat' dir='ltr'><strong>in</strong></span> <span class='ocrx_word' id='word_1_598' title='bbox 3016 1664 3366 1721; x_wconf 70' lang='lat' dir='ltr'><strong>saecularibus</strong></span> <span class='ocrx_word' id='word_1_599' title='bbox 3409 1675 3586 1722; x_wconf 86' lang='lat' dir='ltr'><strong>autem</strong></span> <span class='ocrx_word' id='word_1_600' title='bbox 3628 1667 3857 1723; x_wconf 65' lang='lat' dir='ltr'><strong>cratibus</strong></span> <span class='ocrx_word' id='word_1_601' title='bbox 3902 1678 3959 1724; x_wconf 89' lang='lat' dir='ltr'><strong>et</strong></span> 
     </span>
    </p>
   </div>
   <div class='ocr_carea' id='block_1_77' title="bbox 2360 1749 3963 1822">
    <p class='ocr_par' dir='ltr' id='par_1_77' title="bbox 2360 1749 3963 1822">
     <span class='ocr_line' id='line_1_77' title="bbox 2360 1749 3963 1822; baseline 0.007 -19"><span class='ocrx_word' id='word_1_602' title='bbox 2360 1749 2507 1804; x_wconf 88' lang='lat' dir='ltr'><strong>omni</strong></span> <span class='ocrx_word' id='word_1_603' title='bbox 2538 1749 2777 1808; x_wconf 69' lang='lat' dir='ltr'><strong>fmditate</strong></span> <span class='ocrx_word' id='word_1_604' title='bbox 2803 1753 3227 1811; x_wconf 85' lang='lat' dir='ltr'><strong>redundantibus</strong></span> <span class='ocrx_word' id='word_1_605' title='bbox 3250 1750 3465 1812; x_wconf 76' lang='lat' dir='ltr'><strong>circulis</strong></span> <span class='ocrx_word' id='word_1_606' title='bbox 3489 1756 3740 1822; x_wconf 83' lang='lat' dir='ltr'><strong>resideat,</strong></span> <span class='ocrx_word' id='word_1_607' title='bbox 3770 1767 3827 1815; x_wconf 84' lang='lat' dir='ltr'><strong>ct</strong></span> <span class='ocrx_word' id='word_1_608' title='bbox 3874 1761 3963 1814; x_wconf 61' lang='lat' dir='ltr'><strong>inn</strong></span> 
     </span>
    </p>
   </div>
   <div class='ocr_carea' id='block_1_78' title="bbox 2360 1840 3958 1920">
    <p class='ocr_par' dir='ltr' id='par_1_78' title="bbox 2360 1840 3958 1920">
     <span class='ocr_line' id='line_1_78' title="bbox 2360 1840 3958 1920; baseline 0.006 -25"><span class='ocrx_word' id='word_1_609' title='bbox 2360 1840 2497 1910; x_wconf 89' lang='lat' dir='ltr'><strong>iquis</strong></span> <span class='ocrx_word' id='word_1_610' title='bbox 2523 1843 2693 1899; x_wconf 89' lang='lat' dir='ltr'><strong>alatur</strong></span> <span class='ocrx_word' id='word_1_611' title='bbox 2718 1846 2916 1911; x_wconf 85' lang='lat' dir='ltr'><strong>verbis,</strong></span> <span class='ocrx_word' id='word_1_612' title='bbox 2960 1846 3232 1903; x_wconf 88' lang='lat' dir='ltr'><strong>hominem</strong></span> <span class='ocrx_word' id='word_1_613' title='bbox 3262 1848 3538 1920; x_wconf 89' lang='lat' dir='ltr'><strong>appellare</strong></span> <span class='ocrx_word' id='word_1_614' title='bbox 3579 1849 3797 1903; x_wconf 88' lang='lat' dir='ltr'><strong>minime</strong></span> <span class='ocrx_word' id='word_1_615' title='bbox 3828 1865 3958 1920; x_wconf 83' lang='lat' dir='ltr'><strong>pos-</strong></span> 
     </span>
    </p>
   </div>
   <div class='ocr_carea' id='block_1_79' title="bbox 2357 1936 3955 2010">
    <p class='ocr_par' dir='ltr' id='par_1_79' title="bbox 2357 1936 3955 2010">
     <span class='ocr_line' id='line_1_79' title="bbox 2357 1936 3955 2010; baseline 0.006 -22"><span class='ocrx_word' id='word_1_616' title='bbox 2357 1949 2563 1989; x_wconf 88' lang='lat' dir='ltr'><strong>sumus.</strong></span> <span class='ocrx_word' id='word_1_617' title='bbox 2597 1936 2868 2007; x_wconf 90' lang='lat' dir='ltr'><strong>Siquidem</strong></span> <span class='ocrx_word' id='word_1_618' title='bbox 2902 1938 3041 2010; x_wconf 92' lang='lat' dir='ltr'><strong>apud</strong></span> <span class='ocrx_word' id='word_1_619' title='bbox 3072 1955 3171 1995; x_wconf 89' lang='lat' dir='ltr'><strong>nos</strong></span> <span class='ocrx_word' id='word_1_620' title='bbox 3198 1940 3360 1995; x_wconf 90' lang='lat' dir='ltr'><strong>homo</strong></span> <span class='ocrx_word' id='word_1_621' title='bbox 3385 1949 3471 1997; x_wconf 88' lang='lat' dir='ltr'><strong>est</strong></span> <span class='ocrx_word' id='word_1_622' title='bbox 3512 1956 3616 1996; x_wconf 90' lang='lat' dir='ltr'><strong>non</strong></span> <span class='ocrx_word' id='word_1_623' title='bbox 3659 1943 3703 1997; x_wconf 93' lang='lat' dir='ltr'><strong>is</strong></span> <span class='ocrx_word' id='word_1_624' title='bbox 3746 1951 3955 1997; x_wconf 88' lang='lat' dir='ltr'><strong>tantum</strong></span> 
     </span>
    </p>
   </div>
   <div class='ocr_carea' id='block_1_80' title="bbox 2358 2027 3956 2103">
    <p class='ocr_par' dir='ltr' id='par_1_80' title="bbox 2358 2027 3956 2103">
     <span class='ocr_line' id='line_1_80' title="bbox 2358 2027 3956 2103; baseline 0.006 -25"><span class='ocrx_word' id='word_1_625' title='bbox 2358 2027 2447 2095; x_wconf 90' lang='lat' dir='ltr'><strong>qui</strong></span> <span class='ocrx_word' id='word_1_626' title='bbox 2478 2041 2614 2096; x_wconf 91' lang='lat' dir='ltr'><strong>pane</strong></span> <span class='ocrx_word' id='word_1_627' title='bbox 2642 2040 2907 2094; x_wconf 82' lang='lat' dir='ltr'><strong>vescatur,</strong></span> <span class='ocrx_word' id='word_1_628' title='bbox 2937 2030 3029 2086; x_wconf 87' lang='lat' dir='ltr'><strong>sed</strong></span> <span class='ocrx_word' id='word_1_629' title='bbox 3056 2032 3145 2101; x_wconf 92' lang='lat' dir='ltr'><strong>qui</strong></span> <span class='ocrx_word' id='word_1_630' title='bbox 3177 2034 3484 2103; x_wconf 86' lang='lat' dir='ltr'><strong>priusquam</strong></span> <span class='ocrx_word' id='word_1_631' title='bbox 3508 2032 3621 2086; x_wconf 84' lang='lat' dir='ltr'><strong>ullo</strong></span> <span class='ocrx_word' id='word_1_632' title='bbox 3644 2034 3783 2099; x_wconf 90' lang='lat' dir='ltr'><strong>eibo,</strong></span> <span class='ocrx_word' id='word_1_633' title='bbox 3816 2035 3956 2087; x_wconf 81' lang='lat' dir='ltr'><strong>divi-</strong></span> 
     </span>
    </p>
   </div>
   <div class='ocr_carea' id='block_1_81' title="bbox 2358 2120 3953 2193">
    <p class='ocr_par' dir='ltr' id='par_1_81' title="bbox 2358 2120 3953 2193">
     <span class='ocr_line' id='line_1_81' title="bbox 2358 2120 3953 2193; baseline 0.004 -20"><span class='ocrx_word' id='word_1_634' title='bbox 2358 2120 2442 2173; x_wconf 90' lang='lat' dir='ltr'><strong>nis</strong></span> <span class='ocrx_word' id='word_1_635' title='bbox 2470 2135 2533 2175; x_wconf 89' lang='lat' dir='ltr'><strong>ac</strong></span> <span class='ocrx_word' id='word_1_636' title='bbox 2560 2120 2925 2189; x_wconf 71' lang='lat' dir='ltr'><strong>Spirituaiibus</strong></span> <span class='ocrx_word' id='word_1_637' title='bbox 2967 2121 3196 2193; x_wconf 86' lang='lat' dir='ltr'><strong>eloquiis</strong></span> <span class='ocrx_word' id='word_1_638' title='bbox 3242 2123 3561 2193; x_wconf 81' lang='lat' dir='ltr'><strong>perfruatur.</strong></span> <span class='ocrx_word' id='word_1_639' title='bbox 3612 2123 3723 2179; x_wconf 88' lang='lat' dir='ltr'><strong>iioc</strong></span> <span class='ocrx_word' id='word_1_640' title='bbox 3767 2136 3953 2181; x_wconf 84' lang='lat' dir='ltr'><strong>autem</strong></span> 
     </span>
    </p>
   </div>
   <div class='ocr_carea' id='block_1_82' title="bbox 2357 2209 3949 2284">
    <p class='ocr_par' dir='ltr' id='par_1_82' title="bbox 2357 2209 3949 2284">
     <span class='ocr_line' id='line_1_82' title="bbox 2357 2209 3949 2284; baseline 0.004 -21"><span class='ocrx_word' id='word_1_641' title='bbox 2357 2209 2626 2266; x_wconf 90' lang='lat' dir='ltr'><strong>hominem</strong></span> <span class='ocrx_word' id='word_1_642' title='bbox 2656 2228 2795 2278; x_wconf 87' lang='lat' dir='ltr'><strong>esse,</strong></span> <span class='ocrx_word' id='word_1_643' title='bbox 2828 2213 2973 2269; x_wconf 89' lang='lat' dir='ltr'><strong>disce</strong></span> <span class='ocrx_word' id='word_1_644' title='bbox 2999 2229 3064 2269; x_wconf 84' lang='lat' dir='ltr'><strong>ex</strong></span> <span class='ocrx_word' id='word_1_645' title='bbox 3094 2214 3176 2269; x_wconf 88' lang='lat' dir='ltr'><strong>his</strong></span> <span class='ocrx_word' id='word_1_646' title='bbox 3200 2229 3319 2284; x_wconf 72' lang='lat' dir='ltr'><strong>qua:</strong></span> <span class='ocrx_word' id='word_1_647' title='bbox 3344 2214 3588 2270; x_wconf 87' lang='lat' dir='ltr'><strong>Christus</strong></span> <span class='ocrx_word' id='word_1_648' title='bbox 3614 2215 3805 2272; x_wconf 70' lang='lat' dir='ltr'><strong>elatus</strong></span> <span class='ocrx_word' id='word_1_649' title='bbox 3830 2226 3949 2272; x_wconf 86' lang='lat' dir='ltr'><strong>est:</strong></span> 
     </span>
    </p>
   </div>
   <div class='ocr_carea' id='block_1_83' title="bbox 2358 2299 3951 2377">
    <p class='ocr_par' dir='ltr' id='par_1_83' title="bbox 2358 2299 3951 2377">
     <span class='ocr_line' id='line_1_83' title="bbox 2358 2299 3951 2377; baseline 0.003 -21"><span class='ocrx_word' id='word_1_650' title='bbox 2358 2299 2477 2356; x_wconf 81' lang='lat' dir='ltr'><strong>Non</strong></span> <span class='ocrx_word' id='word_1_651' title='bbox 2500 2304 2553 2358; x_wconf 85' lang='lat' dir='ltr'><strong>in</strong></span> <span class='ocrx_word' id='word_1_652' title='bbox 2579 2305 2689 2358; x_wconf 90' lang='lat' dir='ltr'><strong>solo</strong></span> <span class='ocrx_word' id='word_1_653' title='bbox 2716 2321 2847 2375; x_wconf 75' lang='lat' dir='ltr'><strong>pane</strong></span> <span class='ocrx_word' id='word_1_654' title='bbox 2873 2306 2997 2359; x_wconf 74' lang='lat' dir='ltr'><strong>vivet</strong></span> <span class='ocrx_word' id='word_1_655' title='bbox 3024 2307 3207 2373; x_wconf 85' lang='lat' dir='ltr'><strong>homo,</strong></span> <span class='ocrx_word' id='word_1_656' title='bbox 3235 2306 3323 2360; x_wconf 82' lang='lat' dir='ltr'><strong>sed</strong></span> <span class='ocrx_word' id='word_1_657' title='bbox 3352 2307 3403 2360; x_wconf 89' lang='lat' dir='ltr'><strong>in</strong></span> <span class='ocrx_word' id='word_1_658' title='bbox 3430 2306 3570 2360; x_wconf 80' lang='lat' dir='ltr'><strong>onmi</strong></span> <span class='ocrx_word' id='word_1_659' title='bbox 3603 2305 3783 2375; x_wconf 73' lang='lat' dir='ltr'><strong>verbo,</strong></span> <span class='ocrx_word' id='word_1_660' title='bbox 3814 2309 3951 2377; x_wconf 76' lang='lat' dir='ltr'><strong>quod</strong></span> 
     </span>
    </p>
   </div>
   <div class='ocr_carea' id='block_1_84' title="bbox 2354 2394 3950 2469">
    <p class='ocr_par' dir='ltr' id='par_1_84' title="bbox 2354 2394 3950 2469">
     <span class='ocr_line' id='line_1_84' title="bbox 2354 2394 3950 2469; baseline 0.003 -22"><span class='ocrx_word' id='word_1_661' title='bbox 2354 2396 2576 2463; x_wconf 84' lang='lat' dir='ltr'><strong>procedit</strong></span> <span class='ocrx_word' id='word_1_662' title='bbox 2606 2395 2670 2447; x_wconf 82' lang='lat' dir='ltr'><strong>de</strong></span> <span class='ocrx_word' id='word_1_663' title='bbox 2695 2412 2783 2449; x_wconf 80' lang='lat' dir='ltr'><strong>ore</strong></span> <span class='ocrx_word' id='word_1_664' title='bbox 2807 2395 2906 2449; x_wconf 80' lang='lat' dir='ltr'><strong>Dei</strong></span> <span class='ocrx_word' id='word_1_665' title='bbox 2931 2395 3155 2468; x_wconf 79' lang='lat' dir='ltr'><strong>(Matth.</strong></span> <span class='ocrx_word' id='word_1_666' title='bbox 3186 2397 3239 2451; x_wconf 78' lang='grc'><strong>4.</strong></span> <span class='ocrx_word' id='word_1_667' title='bbox 3270 2394 3346 2469; x_wconf 78' lang='grc'><strong>4).</strong></span> <span class='ocrx_word' id='word_1_668' title='bbox 3380 2395 3565 2468; x_wconf 87' lang='lat' dir='ltr'><strong>Itaque</strong></span> <span class='ocrx_word' id='word_1_669' title='bbox 3592 2396 3790 2467; x_wconf 90' lang='lat' dir='ltr'><strong>duplex</strong></span> <span class='ocrx_word' id='word_1_670' title='bbox 3823 2398 3950 2452; x_wconf 70' lang='lat' dir='ltr'><strong>vitm</strong></span> 
     </span>
    </p>
   </div>
   <div class='ocr_carea' id='block_1_85' title="bbox 2355 2486 3951 2557">
    <p class='ocr_par' dir='ltr' id='par_1_85' title="bbox 2355 2486 3951 2557">
     <span class='ocr_line' id='line_1_85' title="bbox 2355 2486 3951 2557; baseline 0.004 -18"><span class='ocrx_word' id='word_1_671' title='bbox 2355 2495 2551 2540; x_wconf 72' lang='lat' dir='ltr'><strong>nostra:</strong></span> <span class='ocrx_word' id='word_1_672' title='bbox 2576 2495 2659 2541; x_wconf 93' lang='lat' dir='ltr'><strong>est</strong></span> <span class='ocrx_word' id='word_1_673' title='bbox 2688 2486 2999 2541; x_wconf 82' lang='lat' dir='ltr'><strong>alimentum</strong></span> <span class='ocrx_word' id='word_1_674' title='bbox 3022 2528 3035 2551; x_wconf 94' lang='lat'><strong>,</strong></span> <span class='ocrx_word' id='word_1_675' title='bbox 3068 2503 3231 2542; x_wconf 91' lang='lat' dir='ltr'><strong>unum</strong></span> <span class='ocrx_word' id='word_1_676' title='bbox 3260 2488 3493 2544; x_wconf 88' lang='lat' dir='ltr'><strong>deterius</strong></span> <span class='ocrx_word' id='word_1_677' title='bbox 3512 2531 3529 2557; x_wconf 96' lang='lat'><strong>,</strong></span> <span class='ocrx_word' id='word_1_678' title='bbox 3560 2489 3787 2544; x_wconf 88' lang='lat' dir='ltr'><strong>alterum</strong></span> <span class='ocrx_word' id='word_1_679' title='bbox 3818 2505 3951 2545; x_wconf 83' lang='lat' dir='ltr'><strong>vero</strong></span> 
     </span>
    </p>
   </div>
   <div class='ocr_carea' id='block_1_86' title="bbox 2353 2576 3949 2649">
    <p class='ocr_par' dir='ltr' id='par_1_86' title="bbox 2353 2576 3949 2649">
     <span class='ocr_line' id='line_1_86' title="bbox 2353 2576 3949 2649; baseline 0.002 -18"><span class='ocrx_word' id='word_1_680' title='bbox 2353 2577 2733 2646; x_wconf 66' lang='lat' dir='ltr'><strong>praestantius:</strong></span> <span class='ocrx_word' id='word_1_681' title='bbox 2766 2587 2822 2632; x_wconf 91' lang='lat' dir='ltr'><strong>et</strong></span> <span class='ocrx_word' id='word_1_682' title='bbox 2868 2576 2969 2633; x_wconf 89' lang='lat' dir='ltr'><strong>hoc</strong></span> <span class='ocrx_word' id='word_1_683' title='bbox 3012 2579 3279 2648; x_wconf 67' lang='lat' dir='ltr'><strong>prtecipue</strong></span> <span class='ocrx_word' id='word_1_684' title='bbox 3318 2580 3707 2649; x_wconf 88' lang='lat' dir='ltr'><strong>capessendum</strong></span> <span class='ocrx_word' id='word_1_685' title='bbox 3736 2591 3817 2637; x_wconf 91' lang='lat' dir='ltr'><strong>est</strong></span> <span class='ocrx_word' id='word_1_686' title='bbox 3839 2622 3859 2645; x_wconf 90' lang='lat'><strong>,</strong></span> <span class='ocrx_word' id='word_1_687' title='bbox 3891 2593 3949 2634; x_wconf 87' lang='lat' dir='ltr'><strong>ut</strong></span> 
     </span>
    </p>
   </div>
   <div class='ocr_carea' id='block_1_87' title="bbox 2351 2668 3945 2743">
    <p class='ocr_par' dir='ltr' id='par_1_87' title="bbox 2351 2668 3945 2743">
     <span class='ocr_line' id='line_1_87' title="bbox 2351 2668 3945 2743; baseline 0.003 -22"><span class='ocrx_word' id='word_1_688' title='bbox 2351 2678 2406 2722; x_wconf 90' lang='lat' dir='ltr'><strong>et</strong></span> <span class='ocrx_word' id='word_1_689' title='bbox 2437 2668 2669 2722; x_wconf 89' lang='lat' dir='ltr'><strong>animam</strong></span> <span class='ocrx_word' id='word_1_690' title='bbox 2691 2668 2838 2723; x_wconf 90' lang='lat' dir='ltr'><strong>alere</strong></span> <span class='ocrx_word' id='word_1_691' title='bbox 2860 2669 3144 2738; x_wconf 89' lang='lat' dir='ltr'><strong>possimus,</strong></span> <span class='ocrx_word' id='word_1_692' title='bbox 3172 2686 3345 2741; x_wconf 89' lang='lat' dir='ltr'><strong>neque</strong></span> <span class='ocrx_word' id='word_1_693' title='bbox 3367 2669 3506 2727; x_wconf 84' lang='lat' dir='ltr'><strong>fame</strong></span> <span class='ocrx_word' id='word_1_694' title='bbox 3534 2671 3678 2725; x_wconf 88' lang='lat' dir='ltr'><strong>illam</strong></span> <span class='ocrx_word' id='word_1_695' title='bbox 3704 2672 3945 2743; x_wconf 86' lang='lat' dir='ltr'><strong>torqueri</strong></span> 
     </span>
    </p>
   </div>
   <div class='ocr_carea' id='block_1_88' title="bbox 2350 2757 3943 2830">
    <p class='ocr_par' dir='ltr' id='par_1_88' title="bbox 2350 2757 3943 2830">
     <span class='ocr_line' id='line_1_88' title="bbox 2350 2757 3943 2830; baseline 0.003 -18"><span class='ocrx_word' id='word_1_696' title='bbox 2350 2758 2605 2814; x_wconf 84' lang='lat' dir='ltr'><strong>sinamus.</strong></span> <span class='ocrx_word' id='word_1_697' title='bbox 2637 2757 2696 2813; x_wconf 91' lang='lat' dir='ltr'><strong>in</strong></span> <span class='ocrx_word' id='word_1_698' title='bbox 2727 2769 2901 2815; x_wconf 88' lang='lat' dir='ltr'><strong>vestra</strong></span> <span class='ocrx_word' id='word_1_699' title='bbox 2928 2760 3085 2830; x_wconf 79' lang='lat' dir='ltr'><strong>igitur</strong></span> <span class='ocrx_word' id='word_1_700' title='bbox 3114 2770 3377 2830; x_wconf 88' lang='lat' dir='ltr'><strong>potestate</strong></span> <span class='ocrx_word' id='word_1_701' title='bbox 3404 2762 3562 2816; x_wconf 88' lang='lat' dir='ltr'><strong>situm</strong></span> <span class='ocrx_word' id='word_1_702' title='bbox 3590 2771 3692 2827; x_wconf 90' lang='lat' dir='ltr'><strong>est,</strong></span> <span class='ocrx_word' id='word_1_703' title='bbox 3724 2773 3779 2817; x_wconf 90' lang='lat' dir='ltr'><strong>ut</strong></span> <span class='ocrx_word' id='word_1_704' title='bbox 3804 2764 3943 2817; x_wconf 91' lang='lat' dir='ltr'><strong>civi-</strong></span> 
     </span>
    </p>
   </div>
   <div class='ocr_carea' id='block_1_89' title="bbox 2350 2850 3939 2926">
    <p class='ocr_par' dir='ltr' id='par_1_89' title="bbox 2350 2850 3939 2926">
     <span class='ocr_line' id='line_1_89' title="bbox 2350 2850 3939 2926; baseline 0.004 -22"><span class='ocrx_word' id='word_1_705' title='bbox 2350 2859 2512 2905; x_wconf 86' lang='lat' dir='ltr'><strong>tatem</strong></span> <span class='ocrx_word' id='word_1_706' title='bbox 2540 2850 2694 2907; x_wconf 89' lang='lat' dir='ltr'><strong>nobis</strong></span> <span class='ocrx_word' id='word_1_707' title='bbox 2726 2850 2999 2907; x_wconf 87' lang='lat' dir='ltr'><strong>hominum</strong></span> <span class='ocrx_word' id='word_1_708' title='bbox 3031 2853 3241 2923; x_wconf 86' lang='lat' dir='ltr'><strong>plenam</strong></span> <span class='ocrx_word' id='word_1_709' title='bbox 3268 2853 3532 2909; x_wconf 87' lang='lat' dir='ltr'><strong>efﬁciatis.</strong></span> <span class='ocrx_word' id='word_1_710' title='bbox 3557 2854 3783 2921; x_wconf 79' lang='lat' dir='ltr'><strong>Quando</strong></span> <span class='ocrx_word' id='word_1_711' title='bbox 3806 2871 3939 2926; x_wconf 82' lang='lat' dir='ltr'><strong>ergo</strong></span> 
     </span>
    </p>
   </div>
   <div class='ocr_carea' id='block_1_90' title="bbox 2347 2940 3944 3015">
    <p class='ocr_par' dir='ltr' id='par_1_90' title="bbox 2347 2940 3944 3015">
     <span class='ocr_line' id='line_1_90' title="bbox 2347 2940 3944 3015; baseline 0.004 -20"><span class='ocrx_word' id='word_1_712' title='bbox 2347 2940 2597 2996; x_wconf 87' lang='lat' dir='ltr'><strong>destituta</strong></span> <span class='ocrx_word' id='word_1_713' title='bbox 2627 2951 2710 2998; x_wconf 91' lang='lat' dir='ltr'><strong>est</strong></span> <span class='ocrx_word' id='word_1_714' title='bbox 2739 2943 3045 2999; x_wconf 90' lang='lat' dir='ltr'><strong>hominibus</strong></span> <span class='ocrx_word' id='word_1_715' title='bbox 3070 2945 3248 3015; x_wconf 90' lang='lat' dir='ltr'><strong>ampla</strong></span> <span class='ocrx_word' id='word_1_716' title='bbox 3275 2954 3329 3001; x_wconf 91' lang='lat' dir='ltr'><strong>et</strong></span> <span class='ocrx_word' id='word_1_717' title='bbox 3355 2945 3617 3015; x_wconf 80' lang='lat' dir='ltr'><strong>pOpulosa</strong></span> <span class='ocrx_word' id='word_1_718' title='bbox 3649 2945 3763 3001; x_wconf 67' lang='lat' dir='ltr'><strong>hare</strong></span> <span class='ocrx_word' id='word_1_719' title='bbox 3806 2947 3911 3003; x_wconf 85' lang='lat' dir='ltr'><strong>civi</strong></span> <span class='ocrx_word' id='word_1_720' title='bbox 3930 2976 3944 2988; x_wconf 86' lang='lat'><strong>-</strong></span> 
     </span>
    </p>
   </div>
   <div class='ocr_carea' id='block_1_91' title="bbox 2348 3035 3945 3107">
    <p class='ocr_par' dir='ltr' id='par_1_91' title="bbox 2348 3035 3945 3107">
     <span class='ocr_line' id='line_1_91' title="bbox 2348 3035 3945 3107; baseline 0.002 -19"><span class='ocrx_word' id='word_1_721' title='bbox 2348 3043 2451 3101; x_wconf 89' lang='lat' dir='ltr'><strong>tas,</strong></span> <span class='ocrx_word' id='word_1_722' title='bbox 2469 3049 2681 3105; x_wconf 60' lang='lat' dir='ltr'><strong>a‘quum</strong></span> <span class='ocrx_word' id='word_1_723' title='bbox 2702 3043 2783 3090; x_wconf 88' lang='lat' dir='ltr'><strong>est</strong></span> <span class='ocrx_word' id='word_1_724' title='bbox 2812 3044 2871 3090; x_wconf 93' lang='lat' dir='ltr'><strong>ut</strong></span> <span class='ocrx_word' id='word_1_725' title='bbox 2898 3036 3085 3107; x_wconf 68' lang='lat' dir='ltr'><strong>patriae</strong></span> <span class='ocrx_word' id='word_1_726' title='bbox 3110 3046 3301 3091; x_wconf 73' lang='lat' dir='ltr'><strong>vestrte</strong></span> <span class='ocrx_word' id='word_1_727' title='bbox 3331 3035 3468 3091; x_wconf 88' lang='lat' dir='ltr'><strong>hanc</strong></span> <span class='ocrx_word' id='word_1_728' title='bbox 3496 3037 3721 3106; x_wconf 82' lang='lat' dir='ltr'><strong>gratiam</strong></span> <span class='ocrx_word' id='word_1_729' title='bbox 3746 3047 3802 3093; x_wconf 92' lang='lat' dir='ltr'><strong>et</strong></span> <span class='ocrx_word' id='word_1_730' title='bbox 3826 3054 3945 3093; x_wconf 77' lang='lat' dir='ltr'><strong>mu-</strong></span> 
     </span>
    </p>
   </div>
   <div class='ocr_carea' id='block_1_92' title="bbox 2346 3126 3943 3200">
    <p class='ocr_par' dir='ltr' id='par_1_92' title="bbox 2346 3126 3943 3200">
     <span class='ocr_line' id='line_1_92' title="bbox 2346 3126 3943 3200; baseline 0.004 -20"><span class='ocrx_word' id='word_1_731' title='bbox 2346 3126 2670 3182; x_wconf 89' lang='lat' dir='ltr'><strong>niﬁeentiam</strong></span> <span class='ocrx_word' id='word_1_732' title='bbox 2700 3126 3010 3193; x_wconf 87' lang='lat' dir='ltr'><strong>conferatis,</strong></span> <span class='ocrx_word' id='word_1_733' title='bbox 3046 3137 3105 3183; x_wconf 94' lang='lat' dir='ltr'><strong>ut</strong></span> <span class='ocrx_word' id='word_1_734' title='bbox 3135 3128 3464 3185; x_wconf 83' lang='lat' dir='ltr'><strong>transmissis</strong></span> <span class='ocrx_word' id='word_1_735' title='bbox 3493 3128 3561 3183; x_wconf 82' lang='lat' dir='ltr'><strong>ad</strong></span> <span class='ocrx_word' id='word_1_736' title='bbox 3592 3144 3687 3185; x_wconf 87' lang='lat' dir='ltr'><strong>eos</strong></span> <span class='ocrx_word' id='word_1_737' title='bbox 3708 3146 3826 3200; x_wconf 68' lang='lat' dir='ltr'><strong>quae</strong></span> <span class='ocrx_word' id='word_1_738' title='bbox 3853 3130 3943 3186; x_wconf 88' lang='lat' dir='ltr'><strong>hic</strong></span> 
     </span>
    </p>
   </div>
   <div class='ocr_carea' id='block_1_93' title="bbox 2345 3217 3938 3284">
    <p class='ocr_par' dir='ltr' id='par_1_93' title="bbox 2345 3217 3938 3284">
     <span class='ocr_line' id='line_1_93' title="bbox 2345 3217 3938 3284; baseline 0.001 -11"><span class='ocrx_word' id='word_1_739' title='bbox 2345 3217 2639 3273; x_wconf 92' lang='lat' dir='ltr'><strong>didiceritis</strong></span> <span class='ocrx_word' id='word_1_740' title='bbox 2659 3261 2674 3284; x_wconf 93' lang='lat'><strong>,</strong></span> <span class='ocrx_word' id='word_1_741' title='bbox 2705 3217 2928 3273; x_wconf 79' lang='lat' dir='ltr'><strong>fratrum</strong></span> <span class='ocrx_word' id='word_1_742' title='bbox 2958 3220 3113 3274; x_wconf 92' lang='lat' dir='ltr'><strong>nobis</strong></span> <span class='ocrx_word' id='word_1_743' title='bbox 3144 3220 3352 3276; x_wconf 86' lang='lat' dir='ltr'><strong>animos</strong></span> <span class='ocrx_word' id='word_1_744' title='bbox 3385 3221 3767 3281; x_wconf 83' lang='lat' dir='ltr'><strong>reconcilietis.</strong></span> <span class='ocrx_word' id='word_1_745' title='bbox 3801 3222 3938 3276; x_wconf 85' lang='lat' dir='ltr'><strong>Tum</strong></span> 
     </span>
    </p>
   </div>
   <div class='ocr_carea' id='block_1_94' title="bbox 2343 3310 3937 3382">
    <p class='ocr_par' dir='ltr' id='par_1_94' title="bbox 2343 3310 3937 3382">
     <span class='ocr_line' id='line_1_94' title="bbox 2343 3310 3937 3382; baseline 0.003 -18"><span class='ocrx_word' id='word_1_746' title='bbox 2343 3310 2485 3364; x_wconf 89' lang='lat' dir='ltr'><strong>enim</strong></span> <span class='ocrx_word' id='word_1_747' title='bbox 2516 3325 2715 3365; x_wconf 70' lang='lat' dir='ltr'><strong>mensa:</strong></span> <span class='ocrx_word' id='word_1_748' title='bbox 2736 3312 3022 3381; x_wconf 87' lang='lat' dir='ltr'><strong>participes</strong></span> <span class='ocrx_word' id='word_1_749' title='bbox 3050 3327 3149 3366; x_wconf 90' lang='lat' dir='ltr'><strong>nos</strong></span> <span class='ocrx_word' id='word_1_750' title='bbox 3171 3311 3337 3367; x_wconf 90' lang='lat' dir='ltr'><strong>fuisse</strong></span> <span class='ocrx_word' id='word_1_751' title='bbox 3362 3313 3796 3382; x_wconf 86' lang='lat' dir='ltr'><strong>comprobamus,</strong></span> <span class='ocrx_word' id='word_1_752' title='bbox 3828 3329 3937 3369; x_wconf 91' lang='lat' dir='ltr'><strong>non</strong></span> 
     </span>
    </p>
   </div>
   <div class='ocr_carea' id='block_1_95' title="bbox 2342 3402 3935 3477">
    <p class='ocr_par' dir='ltr' id='par_1_95' title="bbox 2342 3402 3935 3477">
     <span class='ocr_line' id='line_1_95' title="bbox 2342 3402 3935 3477; baseline 0.004 -22"><span class='ocrx_word' id='word_1_753' title='bbox 2342 3416 2465 3455; x_wconf 88' lang='lat' dir='ltr'><strong>cum</strong></span> <span class='ocrx_word' id='word_1_754' title='bbox 2498 3417 2736 3457; x_wconf 88' lang='lat' dir='ltr'><strong>mensam</strong></span> <span class='ocrx_word' id='word_1_755' title='bbox 2764 3402 3042 3458; x_wconf 89' lang='lat' dir='ltr'><strong>laudamus</strong></span> <span class='ocrx_word' id='word_1_756' title='bbox 3070 3412 3297 3471; x_wconf 90' lang='lat' dir='ltr'><strong>tantum,</strong></span> <span class='ocrx_word' id='word_1_757' title='bbox 3327 3404 3419 3460; x_wconf 88' lang='lat' dir='ltr'><strong>sed</strong></span> <span class='ocrx_word' id='word_1_758' title='bbox 3446 3420 3568 3459; x_wconf 92' lang='lat' dir='ltr'><strong>cum</strong></span> <span class='ocrx_word' id='word_1_759' title='bbox 3600 3406 3686 3470; x_wconf 88' lang='lat' dir='ltr'><strong>iis,</strong></span> <span class='ocrx_word' id='word_1_760' title='bbox 3715 3407 3805 3477; x_wconf 91' lang='lat' dir='ltr'><strong>qui</strong></span> <span class='ocrx_word' id='word_1_761' title='bbox 3833 3407 3935 3461; x_wconf 81' lang='lat' dir='ltr'><strong>ab—</strong></span> 
     </span>
    </p>
   </div>
   <div class='ocr_carea' id='block_1_96' title="bbox 2344 3493 3940 3569">
    <p class='ocr_par' dir='ltr' id='par_1_96' title="bbox 2344 3493 3940 3569">
     <span class='ocr_line' id='line_1_96' title="bbox 2344 3493 3940 3569; baseline 0.006 -22"><span class='ocrx_word' id='word_1_762' title='bbox 2344 3493 2540 3548; x_wconf 89' lang='lat' dir='ltr'><strong>fuerint</strong></span> <span class='ocrx_word' id='word_1_763' title='bbox 2560 3535 2573 3557; x_wconf 93' lang='lat'><strong>,</strong></span> <span class='ocrx_word' id='word_1_764' title='bbox 2604 3495 2925 3552; x_wconf 83' lang='lat' dir='ltr'><strong>cibariorum</strong></span> <span class='ocrx_word' id='word_1_765' title='bbox 2952 3496 3226 3567; x_wconf 89' lang='lat' dir='ltr'><strong>quidpiam</strong></span> <span class='ocrx_word' id='word_1_766' title='bbox 3271 3497 3449 3568; x_wconf 88' lang='lat' dir='ltr'><strong>largiri</strong></span> <span class='ocrx_word' id='word_1_767' title='bbox 3489 3513 3793 3569; x_wconf 87' lang='lat' dir='ltr'><strong>possumus.</strong></span> <span class='ocrx_word' id='word_1_768' title='bbox 3824 3499 3940 3556; x_wconf 80' lang='lat' dir='ltr'><strong>Hoc</strong></span> 
     </span>
    </p>
   </div>
   <div class='ocr_carea' id='block_1_97' title="bbox 2344 3588 3937 3659">
    <p class='ocr_par' dir='ltr' id='par_1_97' title="bbox 2344 3588 3937 3659">
     <span class='ocr_line' id='line_1_97' title="bbox 2344 3588 3937 3659; baseline 0.004 -18"><span class='ocrx_word' id='word_1_769' title='bbox 2344 3596 2399 3641; x_wconf 89' lang='lat' dir='ltr'><strong>et</strong></span> <span class='ocrx_word' id='word_1_770' title='bbox 2428 3602 2522 3642; x_wconf 90' lang='lat' dir='ltr'><strong>vos</strong></span> <span class='ocrx_word' id='word_1_771' title='bbox 2551 3603 2692 3643; x_wconf 88' lang='lat' dir='ltr'><strong>nunc</strong></span> <span class='ocrx_word' id='word_1_772' title='bbox 2731 3588 2873 3658; x_wconf 79' lang='lat' dir='ltr'><strong>agite</strong></span> <span class='ocrx_word' id='word_1_773' title='bbox 2895 3630 2911 3654; x_wconf 92' lang='lat'><strong>,</strong></span> <span class='ocrx_word' id='word_1_774' title='bbox 2942 3590 3127 3659; x_wconf 86' lang='lat' dir='ltr'><strong>sicque</strong></span> <span class='ocrx_word' id='word_1_775' title='bbox 3163 3590 3478 3644; x_wconf 90' lang='lat' dir='ltr'><strong>alterutrum</strong></span> <span class='ocrx_word' id='word_1_776' title='bbox 3504 3605 3575 3645; x_wconf 90' lang='lat' dir='ltr'><strong>ex</strong></span> <span class='ocrx_word' id='word_1_777' title='bbox 3605 3591 3689 3647; x_wconf 90' lang='lat' dir='ltr'><strong>his</strong></span> <span class='ocrx_word' id='word_1_778' title='bbox 3725 3592 3937 3648; x_wconf 87' lang='lat' dir='ltr'><strong>duobus</strong></span> 
     </span>
    </p>
   </div>
   <div class='ocr_carea' id='block_1_98' title="bbox 2343 3676 3937 3748">
    <p class='ocr_par' dir='ltr' id='par_1_98' title="bbox 2343 3676 3937 3748">
     <span class='ocr_line' id='line_1_98' title="bbox 2343 3676 3937 3748; baseline 0.005 -17"><span class='ocrx_word' id='word_1_779' title='bbox 2343 3676 2567 3731; x_wconf 89' lang='lat' dir='ltr'><strong>omnino</strong></span> <span class='ocrx_word' id='word_1_780' title='bbox 2593 3678 2805 3732; x_wconf 86' lang='lat' dir='ltr'><strong>eveniet</strong></span> <span class='ocrx_word' id='word_1_781' title='bbox 2831 3718 2845 3741; x_wconf 88' lang='lat'><strong>,</strong></span> <span class='ocrx_word' id='word_1_782' title='bbox 2876 3686 2935 3736; x_wconf 91' lang='lat' dir='ltr'><strong>ut</strong></span> <span class='ocrx_word' id='word_1_783' title='bbox 2964 3678 3051 3733; x_wconf 89' lang='lat' dir='ltr'><strong>vel</strong></span> <span class='ocrx_word' id='word_1_784' title='bbox 3079 3678 3183 3733; x_wconf 90' lang='lat' dir='ltr'><strong>illis</strong></span> <span class='ocrx_word' id='word_1_785' title='bbox 3216 3679 3612 3748; x_wconf 82' lang='lat' dir='ltr'><strong>persuadeatis,</strong></span> <span class='ocrx_word' id='word_1_786' title='bbox 3652 3681 3719 3736; x_wconf 91' lang='lat' dir='ltr'><strong>ad</strong></span> <span class='ocrx_word' id='word_1_787' title='bbox 3749 3698 3847 3738; x_wconf 87' lang='lat' dir='ltr'><strong>nos</strong></span> <span class='ocrx_word' id='word_1_788' title='bbox 3879 3692 3937 3740; x_wconf 87' lang='lat' dir='ltr'><strong>ut</strong></span> 
     </span>
    </p>
   </div>
   <div class='ocr_carea' id='block_1_99' title="bbox 2342 3768 3933 3847">
    <p class='ocr_par' dir='ltr' id='par_1_99' title="bbox 2342 3768 3933 3847">
     <span class='ocr_line' id='line_1_99' title="bbox 2342 3768 3933 3847; baseline 0.006 -24"><span class='ocrx_word' id='word_1_789' title='bbox 2342 3768 2601 3836; x_wconf 83' lang='lat' dir='ltr'><strong>redeant,</strong></span> <span class='ocrx_word' id='word_1_790' title='bbox 2633 3770 2719 3825; x_wconf 90' lang='lat' dir='ltr'><strong>vel</strong></span> <span class='ocrx_word' id='word_1_791' title='bbox 2761 3770 2804 3825; x_wconf 90' lang='lat' dir='ltr'><strong>si</strong></span> <span class='ocrx_word' id='word_1_792' title='bbox 2843 3771 2896 3827; x_wconf 93' lang='lat' dir='ltr'><strong>in</strong></span> <span class='ocrx_word' id='word_1_793' title='bbox 2925 3771 3112 3827; x_wconf 88' lang='lat' dir='ltr'><strong>eadem</strong></span> <span class='ocrx_word' id='word_1_794' title='bbox 3154 3774 3503 3831; x_wconf 88' lang='lat' dir='ltr'><strong>contentione</strong></span> <span class='ocrx_word' id='word_1_795' title='bbox 3545 3788 3933 3847; x_wconf 85' lang='lat' dir='ltr'><strong>perseverent,</strong></span> 
     </span>
    </p>
   </div>
   <div class='ocr_carea' id='block_1_100' title="bbox 2344 3862 3935 3939">
    <p class='ocr_par' dir='ltr' id='par_1_100' title="bbox 2344 3862 3935 3939">
     <span class='ocr_line' id='line_1_100' title="bbox 2344 3862 3935 3939; baseline 0.008 -26"><span class='ocrx_word' id='word_1_796' title='bbox 2344 3868 2536 3915; x_wconf 77' lang='lat' dir='ltr'><strong>vestra:</strong></span> <span class='ocrx_word' id='word_1_797' title='bbox 2582 3862 2776 3932; x_wconf 78' lang='lat' dir='ltr'><strong>lingua:</strong></span> <span class='ocrx_word' id='word_1_798' title='bbox 2814 3878 2975 3931; x_wconf 90' lang='lat' dir='ltr'><strong>opera</strong></span> <span class='ocrx_word' id='word_1_799' title='bbox 3007 3865 3333 3932; x_wconf 84' lang='lat' dir='ltr'><strong>nutriantur,</strong></span> <span class='ocrx_word' id='word_1_800' title='bbox 3364 3866 3473 3921; x_wconf 93' lang='lat' dir='ltr'><strong>imo</strong></span> <span class='ocrx_word' id='word_1_801' title='bbox 3501 3882 3631 3923; x_wconf 91' lang='lat' dir='ltr'><strong>vero</strong></span> <span class='ocrx_word' id='word_1_802' title='bbox 3657 3868 3815 3939; x_wconf 89' lang='lat' dir='ltr'><strong>plane</strong></span> <span class='ocrx_word' id='word_1_803' title='bbox 3843 3886 3935 3925; x_wconf 82' lang='lat' dir='ltr'><strong>re-</strong></span> 
     </span>
    </p>
   </div>
   <div class='ocr_carea' id='block_1_101' title="bbox 2342 3952 3936 4028">
    <p class='ocr_par' dir='ltr' id='par_1_101' title="bbox 2342 3952 3936 4028">
     <span class='ocr_line' id='line_1_101' title="bbox 2342 3952 3936 4028; baseline 0.008 -23"><span class='ocrx_word' id='word_1_804' title='bbox 2342 3960 2636 4008; x_wconf 79' lang='lat' dir='ltr'><strong>vertantur.</strong></span> <span class='ocrx_word' id='word_1_805' title='bbox 2678 3952 2793 4009; x_wconf 85' lang='lat' dir='ltr'><strong>Non</strong></span> <span class='ocrx_word' id='word_1_806' title='bbox 2825 3954 2967 4009; x_wconf 90' lang='lat' dir='ltr'><strong>enim</strong></span> <span class='ocrx_word' id='word_1_807' title='bbox 2996 3956 3175 4025; x_wconf 91' lang='lat' dir='ltr'><strong>potius</strong></span> <span class='ocrx_word' id='word_1_808' title='bbox 3216 3956 3410 4026; x_wconf 83' lang='lat' dir='ltr'><strong>eligent</strong></span> <span class='ocrx_word' id='word_1_809' title='bbox 3453 3960 3681 4028; x_wconf 87' lang='lat' dir='ltr'><strong>gratuita</strong></span> <span class='ocrx_word' id='word_1_810' title='bbox 3729 3960 3936 4018; x_wconf 83' lang='lat' dir='ltr'><strong>beneﬁ-</strong></span> 
     </span>
    </p>
   </div>
   <div class='ocr_carea' id='block_1_102' title="bbox 2342 4044 3936 4121">
    <p class='ocr_par' dir='ltr' id='par_1_102' title="bbox 2342 4044 3936 4121">
     <span class='ocr_line' id='line_1_102' title="bbox 2342 4044 3936 4121; baseline 0.004 -23"><span class='ocrx_word' id='word_1_811' title='bbox 2342 4044 2513 4098; x_wconf 87' lang='lat' dir='ltr'><strong>centia</strong></span> <span class='ocrx_word' id='word_1_812' title='bbox 2538 4044 2749 4111; x_wconf 85' lang='lat' dir='ltr'><strong>nutriri,</strong></span> <span class='ocrx_word' id='word_1_813' title='bbox 2782 4059 2906 4099; x_wconf 90' lang='lat' dir='ltr'><strong>cum</strong></span> <span class='ocrx_word' id='word_1_814' title='bbox 2933 4060 3030 4115; x_wconf 90' lang='lat' dir='ltr'><strong>pro</strong></span> <span class='ocrx_word' id='word_1_815' title='bbox 3053 4060 3149 4100; x_wconf 87' lang='lat' dir='ltr'><strong>suo</strong></span> <span class='ocrx_word' id='word_1_816' title='bbox 3168 4045 3291 4115; x_wconf 91' lang='lat' dir='ltr'><strong>jure</strong></span> <span class='ocrx_word' id='word_1_817' title='bbox 3318 4048 3516 4113; x_wconf 89' lang='lat' dir='ltr'><strong>possint</strong></span> <span class='ocrx_word' id='word_1_818' title='bbox 3559 4049 3658 4117; x_wconf 86' lang='lat' dir='ltr'><strong>ipsi</strong></span> <span class='ocrx_word' id='word_1_819' title='bbox 3699 4049 3799 4105; x_wconf 85' lang='lat' dir='ltr'><strong>hac</strong></span> <span class='ocrx_word' id='word_1_820' title='bbox 3840 4067 3936 4121; x_wconf 85' lang='lat' dir='ltr'><strong>pa-</strong></span> 
     </span>
    </p>
   </div>
   <div class='ocr_carea' id='block_1_103' title="bbox 2346 4136 3931 4210">
    <p class='ocr_par' dir='ltr' id='par_1_103' title="bbox 2346 4136 3931 4210">
     <span class='ocr_line' id='line_1_103' title="bbox 2346 4136 3931 4210; baseline 0.007 -23"><span class='ocrx_word' id='word_1_821' title='bbox 2346 4143 2493 4189; x_wconf 89' lang='lat' dir='ltr'><strong>terna</strong></span> <span class='ocrx_word' id='word_1_822' title='bbox 2516 4149 2697 4189; x_wconf 87' lang='lat' dir='ltr'><strong>mensa</strong></span> <span class='ocrx_word' id='word_1_823' title='bbox 2728 4137 2907 4205; x_wconf 89' lang='lat' dir='ltr'><strong>potiri.</strong></span> <span class='ocrx_word' id='word_1_824' title='bbox 2934 4136 3038 4191; x_wconf 86' lang='lat' dir='ltr'><strong>Sed</strong></span> <span class='ocrx_word' id='word_1_825' title='bbox 3071 4136 3172 4191; x_wconf 90' lang='lat' dir='ltr'><strong>hoc</strong></span> <span class='ocrx_word' id='word_1_826' title='bbox 3211 4152 3306 4192; x_wconf 86' lang='lat' dir='ltr'><strong>vos</strong></span> <span class='ocrx_word' id='word_1_827' title='bbox 3331 4138 3503 4194; x_wconf 87' lang='lat' dir='ltr'><strong>facere</strong></span> <span class='ocrx_word' id='word_1_828' title='bbox 3522 4179 3538 4205; x_wconf 97' lang='lat'><strong>,</strong></span> <span class='ocrx_word' id='word_1_829' title='bbox 3569 4140 3651 4194; x_wconf 85' lang='lat' dir='ltr'><strong>vel</strong></span> <span class='ocrx_word' id='word_1_830' title='bbox 3697 4140 3890 4201; x_wconf 77' lang='lat' dir='ltr'><strong>iecisse</strong></span> <span class='ocrx_word' id='word_1_831' title='bbox 3913 4184 3931 4210; x_wconf 90' lang='lat'><strong>,</strong></span> 
     </span>
    </p>
   </div>
   <div class='ocr_carea' id='block_1_104' title="bbox 2342 4224 3933 4301">
    <p class='ocr_par' dir='ltr' id='par_1_104' title="bbox 2342 4224 3933 4301">
     <span class='ocr_line' id='line_1_104' title="bbox 2342 4224 3933 4301; baseline 0.004 -21"><span class='ocrx_word' id='word_1_832' title='bbox 2342 4224 2426 4280; x_wconf 90' lang='lat' dir='ltr'><strong>vel</strong></span> <span class='ocrx_word' id='word_1_833' title='bbox 2453 4241 2573 4283; x_wconf 87' lang='lat' dir='ltr'><strong>esse</strong></span> <span class='ocrx_word' id='word_1_834' title='bbox 2609 4226 2841 4283; x_wconf 85' lang='lat' dir='ltr'><strong>facturos</strong></span> <span class='ocrx_word' id='word_1_835' title='bbox 2886 4228 3043 4298; x_wconf 90' lang='lat' dir='ltr'><strong>plane</strong></span> <span class='ocrx_word' id='word_1_836' title='bbox 3084 4228 3298 4285; x_wconf 83' lang='lat' dir='ltr'><strong>conﬁdo</strong></span> <span class='ocrx_word' id='word_1_837' title='bbox 3338 4229 3645 4301; x_wconf 86' lang='lat' dir='ltr'><strong>credoque;</strong></span> <span class='ocrx_word' id='word_1_838' title='bbox 3690 4233 3933 4301; x_wconf 83' lang='lat' dir='ltr'><strong>quando-</strong></span> 
     </span>
    </p>
   </div>
   <div class='ocr_carea' id='block_1_105' title="bbox 2343 4316 3933 4389">
    <p class='ocr_par' dir='ltr' id='par_1_105' title="bbox 2343 4316 3933 4389">
     <span class='ocr_line' id='line_1_105' title="bbox 2343 4316 3933 4389; baseline 0.006 -18"><span class='ocrx_word' id='word_1_839' title='bbox 2343 4316 2556 4389; x_wconf 89' lang='lat' dir='ltr'><strong>quidem</strong></span> <span class='ocrx_word' id='word_1_840' title='bbox 2585 4317 2892 4389; x_wconf 89' lang='lat' dir='ltr'><strong>frequenter</strong></span> <span class='ocrx_word' id='word_1_841' title='bbox 2914 4319 2981 4374; x_wconf 88' lang='lat' dir='ltr'><strong>ad</strong></span> <span class='ocrx_word' id='word_1_842' title='bbox 3012 4319 3126 4376; x_wconf 64' lang='lat' dir='ltr'><strong>haec</strong></span> <span class='ocrx_word' id='word_1_843' title='bbox 3157 4320 3356 4375; x_wconf 89' lang='lat' dir='ltr'><strong>hortari</strong></span> <span class='ocrx_word' id='word_1_844' title='bbox 3388 4334 3485 4377; x_wconf 83' lang='lat' dir='ltr'><strong>vos</strong></span> <span class='ocrx_word' id='word_1_845' title='bbox 3511 4336 3616 4376; x_wconf 89' lang='lat' dir='ltr'><strong>non</strong></span> <span class='ocrx_word' id='word_1_846' title='bbox 3639 4321 3845 4386; x_wconf 88' lang='lat' dir='ltr'><strong>destiti,</strong></span> <span class='ocrx_word' id='word_1_847' title='bbox 3875 4334 3933 4380; x_wconf 81' lang='lat' dir='ltr'><strong>et</strong></span> 
     </span>
    </p>
   </div>
   <div class='ocr_carea' id='block_1_106' title="bbox 2341 4412 3931 4485">
    <p class='ocr_par' dir='ltr' id='par_1_106' title="bbox 2341 4412 3931 4485">
     <span class='ocr_line' id='line_1_106' title="bbox 2341 4412 3931 4485; baseline 0.005 -20"><span class='ocrx_word' id='word_1_848' title='bbox 2341 4425 2438 4465; x_wconf 90' lang='lat' dir='ltr'><strong>vos</strong></span> <span class='ocrx_word' id='word_1_849' title='bbox 2465 4425 2676 4481; x_wconf 89' lang='lat' dir='ltr'><strong>quoque</strong></span> <span class='ocrx_word' id='word_1_850' title='bbox 2705 4414 2848 4467; x_wconf 91' lang='lat' dir='ltr'><strong>omni</strong></span> <span class='ocrx_word' id='word_1_851' title='bbox 2886 4412 3108 4468; x_wconf 87' lang='lat' dir='ltr'><strong>scientia</strong></span> <span class='ocrx_word' id='word_1_852' title='bbox 3156 4413 3345 4483; x_wconf 89' lang='lat' dir='ltr'><strong>repleti</strong></span> <span class='ocrx_word' id='word_1_853' title='bbox 3386 4414 3549 4483; x_wconf 86' lang='lat' dir='ltr'><strong>estis,</strong></span> <span class='ocrx_word' id='word_1_854' title='bbox 3579 4415 3669 4485; x_wconf 90' lang='lat' dir='ltr'><strong>qui</strong></span> <span class='ocrx_word' id='word_1_855' title='bbox 3710 4424 3766 4471; x_wconf 87' lang='lat' dir='ltr'><strong>et</strong></span> <span class='ocrx_word' id='word_1_856' title='bbox 3794 4416 3931 4473; x_wconf 79' lang='lat' dir='ltr'><strong>alios</strong></span> 
     </span>
    </p>
   </div>
   <div class='ocr_carea' id='block_1_107' title="bbox 2347 4496 3927 4576">
    <p class='ocr_par' dir='ltr' id='par_1_107' title="bbox 2347 4496 3927 4576">
     <span class='ocr_line' id='line_1_107' title="bbox 2347 4496 3927 4576; baseline 0.003 -22"><span class='ocrx_word' id='word_1_857' title='bbox 2347 4500 2641 4557; x_wconf 84' lang='lat' dir='ltr'><strong>admonere</strong></span> <span class='ocrx_word' id='word_1_858' title='bbox 2681 4504 2904 4575; x_wconf 79' lang='lat' dir='ltr'><strong>possitis</strong></span> <span class='ocrx_word' id='word_1_859' title='bbox 2930 4505 3105 4576; x_wconf 84' lang='lat' dir='ltr'><strong>(Rom.</strong></span> <span class='ocrx_word' id='word_1_860' title='bbox 3137 4506 3224 4562; x_wconf 77' lang='lat' dir='ltr'><strong>l5.</strong></span> <span class='ocrx_word' id='word_1_861' title='bbox 3256 4496 3366 4573; x_wconf 63' lang='grc' dir='ltr'><strong>ιι).</strong></span> <span class='ocrx_word' id='word_1_862' title='bbox 3402 4504 3522 4560; x_wconf 72' lang='lat' dir='ltr'><strong>iam</strong></span> <span class='ocrx_word' id='word_1_863' title='bbox 3536 4520 3683 4560; x_wconf 54' lang='lat' dir='ltr'><strong>«ero</strong></span> <span class='ocrx_word' id='word_1_864' title='bbox 3711 4511 3927 4575; x_wconf 84' lang='lat' dir='ltr'><strong>tempus</strong></span> 
     </span>
    </p>
   </div>
   <div class='ocr_carea' id='block_1_108' title="bbox 2345 4597 3963 4668">
    <p class='ocr_par' dir='ltr' id='par_1_108' title="bbox 2345 4597 3963 4668">
     <span class='ocr_line' id='line_1_108' title="bbox 2345 4597 3963 4668; baseline 0.004 -19"><span class='ocrx_word' id='word_1_865' title='bbox 2345 4603 2451 4659; x_wconf 79' lang='lat' dir='ltr'><strong>est,</strong></span> <span class='ocrx_word' id='word_1_866' title='bbox 2474 4602 2533 4647; x_wconf 93' lang='lat' dir='ltr'><strong>ut</strong></span> <span class='ocrx_word' id='word_1_867' title='bbox 2554 4602 2799 4649; x_wconf 89' lang='lat' dir='ltr'><strong>nostram</strong></span> <span class='ocrx_word' id='word_1_868' title='bbox 2823 4598 2980 4654; x_wconf 87' lang='lat' dir='ltr'><strong>vobis</strong></span> <span class='ocrx_word' id='word_1_869' title='bbox 3008 4598 3152 4653; x_wconf 89' lang='lat' dir='ltr'><strong>hanc</strong></span> <span class='ocrx_word' id='word_1_870' title='bbox 3181 4612 3426 4654; x_wconf 87' lang='lat' dir='ltr'><strong>mensam</strong></span> <span class='ocrx_word' id='word_1_871' title='bbox 3457 4597 3926 4668; x_wconf 86' lang='lat' dir='ltr'><strong>apponamus,vi-</strong></span> <span class='ocrx_word' id='word_1_872' title='bbox 3960 4652 3963 4655; x_wconf 35' lang='grc' dir='ltr'>λ</span> 
     </span>
    </p>
   </div>
   <div class='ocr_carea' id='block_1_109' title="bbox 2346 4683 3929 4759">
    <p class='ocr_par' dir='ltr' id='par_1_109' title="bbox 2346 4683 3929 4759">
     <span class='ocr_line' id='line_1_109' title="bbox 2346 4683 3929 4759; baseline 0.003 -21"><span class='ocrx_word' id='word_1_873' title='bbox 2346 4683 2451 4739; x_wconf 89' lang='lat' dir='ltr'><strong>lem</strong></span> <span class='ocrx_word' id='word_1_874' title='bbox 2464 4683 2681 4754; x_wconf 86' lang='lat' dir='ltr'><strong>quidem</strong></span> <span class='ocrx_word' id='word_1_875' title='bbox 2697 4685 2869 4755; x_wconf 87' lang='lat' dir='ltr'><strong>ipsam</strong></span> <span class='ocrx_word' id='word_1_876' title='bbox 2885 4702 2949 4742; x_wconf 92' lang='lat' dir='ltr'><strong>ae</strong></span> <span class='ocrx_word' id='word_1_877' title='bbox 2962 4688 3629 4759; x_wconf 64' lang='lat' dir='ltr'><strong>tenuem,etqummultam</strong></span> <span class='ocrx_word' id='word_1_878' title='bbox 3643 4685 3929 4757; x_wconf 78' lang='lat' dir='ltr'><strong>penuriam</strong></span> 
     </span>
    </p>
   </div>
   <div class='ocr_carea' id='block_1_110' title="bbox 2347 4777 3929 4851">
    <p class='ocr_par' dir='ltr' id='par_1_110' title="bbox 2347 4777 3929 4851">
     <span class='ocr_line' id='line_1_110' title="bbox 2347 4777 3929 4851; baseline 0.002 -19"><span class='ocrx_word' id='word_1_879' title='bbox 2347 4790 2460 4849; x_wconf 70' lang='lat' dir='ltr'><strong>pra</strong></span> <span class='ocrx_word' id='word_1_880' title='bbox 2480 4792 2539 4833; x_wconf 89' lang='lat' dir='ltr'><strong>se</strong></span> <span class='ocrx_word' id='word_1_881' title='bbox 2558 4777 2717 4843; x_wconf 87' lang='lat' dir='ltr'><strong>ferat,</strong></span> <span class='ocrx_word' id='word_1_882' title='bbox 2740 4779 2837 4835; x_wconf 84' lang='lat' dir='ltr'><strong>sed</strong></span> <span class='ocrx_word' id='word_1_883' title='bbox 2866 4795 2987 4851; x_wconf 67' lang='lat' dir='ltr'><strong>qua:</strong></span> <span class='ocrx_word' id='word_1_884' title='bbox 3006 4780 3213 4849; x_wconf 86' lang='lat' dir='ltr'><strong>optimo</strong></span> <span class='ocrx_word' id='word_1_885' title='bbox 3230 4788 3409 4836; x_wconf 86' lang='lat' dir='ltr'><strong>tamen</strong></span> <span class='ocrx_word' id='word_1_886' title='bbox 3427 4780 3536 4836; x_wconf 89' lang='lat' dir='ltr'><strong>cibi</strong></span> <span class='ocrx_word' id='word_1_887' title='bbox 3552 4778 3929 4845; x_wconf 84' lang='lat' dir='ltr'><strong>condimento,</strong></span> 
     </span>
    </p>
   </div>
   <div class='ocr_carea' id='block_1_111' title="bbox 2348 4866 3934 4935">
    <p class='ocr_par' dir='ltr' id='par_1_111' title="bbox 2348 4866 3934 4935">
     <span class='ocr_line' id='line_1_111' title="bbox 2348 4866 3934 4935; baseline 0.003 -15"><span class='ocrx_word' id='word_1_888' title='bbox 2348 4866 2633 4923; x_wconf 84' lang='lat' dir='ltr'><strong>alacritate</strong></span> <span class='ocrx_word' id='word_1_889' title='bbox 2671 4868 3007 4935; x_wconf 89' lang='lat' dir='ltr'><strong>auditorum,</strong></span> <span class='ocrx_word' id='word_1_890' title='bbox 3055 4870 3327 4925; x_wconf 90' lang='lat' dir='ltr'><strong>instructa</strong></span> <span class='ocrx_word' id='word_1_891' title='bbox 3359 4872 3455 4925; x_wconf 89' lang='lat' dir='ltr'><strong>sit.</strong></span> <span class='ocrx_word' id='word_1_892' title='bbox 3493 4869 3739 4927; x_wconf 67' lang='lat' dir='ltr'><strong>Mensam</strong></span> <span class='ocrx_word' id='word_1_893' title='bbox 3780 4870 3934 4927; x_wconf 89' lang='lat' dir='ltr'><strong>enim</strong></span> 
     </span>
    </p>
   </div>
   <div class='ocr_carea' id='block_1_112' title="bbox 2339 4955 3935 5030">
    <p class='ocr_par' dir='ltr' id='par_1_112' title="bbox 2339 4955 3935 5030">
     <span class='ocr_line' id='line_1_112' title="bbox 2339 4955 3935 5030; baseline 0.002 -17"><span class='ocrx_word' id='word_1_894' title='bbox 2339 4956 2505 5013; x_wconf 87' lang='lat' dir='ltr'><strong>efﬁcit</strong></span> <span class='ocrx_word' id='word_1_895' title='bbox 2539 4956 2976 5027; x_wconf 73' lang='lat' dir='ltr'><strong>iucundissimam</strong></span> <span class='ocrx_word' id='word_1_896' title='bbox 3008 4972 3116 5013; x_wconf 90' lang='lat' dir='ltr'><strong>non</strong></span> <span class='ocrx_word' id='word_1_897' title='bbox 3152 4955 3396 5012; x_wconf 90' lang='lat' dir='ltr'><strong>ciborum</strong></span> <span class='ocrx_word' id='word_1_898' title='bbox 3426 4960 3810 5030; x_wconf 80' lang='lat' dir='ltr'><strong>sumptuositas</strong></span> <span class='ocrx_word' id='word_1_899' title='bbox 3842 4976 3935 5016; x_wconf 89' lang='lat' dir='ltr'><strong>so-</strong></span> 
     </span>
    </p>
   </div>
   <div class='ocr_carea' id='block_1_113' title="bbox 2342 5049 3931 5121">
    <p class='ocr_par' dir='ltr' id='par_1_113' title="bbox 2342 5049 3931 5121">
     <span class='ocr_line' id='line_1_113' title="bbox 2342 5049 3931 5121; baseline 0.001 -15"><span class='ocrx_word' id='word_1_900' title='bbox 2342 5052 2475 5116; x_wconf 91' lang='lat' dir='ltr'><strong>lum,</strong></span> <span class='ocrx_word' id='word_1_901' title='bbox 2507 5049 2602 5106; x_wconf 87' lang='lat' dir='ltr'><strong>sed</strong></span> <span class='ocrx_word' id='word_1_902' title='bbox 2630 5065 2816 5107; x_wconf 82' lang='lat' dir='ltr'><strong>eorum</strong></span> <span class='ocrx_word' id='word_1_903' title='bbox 2844 5052 3005 5106; x_wconf 90' lang='lat' dir='ltr'><strong>etiam</strong></span> <span class='ocrx_word' id='word_1_904' title='bbox 3032 5050 3123 5120; x_wconf 91' lang='lat' dir='ltr'><strong>qui</strong></span> <span class='ocrx_word' id='word_1_905' title='bbox 3154 5049 3360 5105; x_wconf 89' lang='lat' dir='ltr'><strong>invitati</strong></span> <span class='ocrx_word' id='word_1_906' title='bbox 3395 5049 3593 5105; x_wconf 89' lang='lat' dir='ltr'><strong>fuerint</strong></span> <span class='ocrx_word' id='word_1_907' title='bbox 3620 5050 3890 5121; x_wconf 81' lang='lat' dir='ltr'><strong>appetitus</strong></span> <span class='ocrx_word' id='word_1_908' title='bbox 3915 5070 3931 5108; x_wconf 69' lang='grc' dir='ltr'><strong><em>τ</em></strong></span> 
     </span>
    </p>
   </div>
   <div class='ocr_carea' id='block_1_114' title="bbox 2341 5142 3933 5215">
    <p class='ocr_par' dir='ltr' id='par_1_114' title="bbox 2341 5142 3933 5215">
     <span class='ocr_line' id='line_1_114' title="bbox 2341 5142 3933 5215; baseline -0.001 -15"><span class='ocrx_word' id='word_1_909' title='bbox 2341 5146 2420 5200; x_wconf 87' lang='lat' dir='ltr'><strong>sic</strong></span> <span class='ocrx_word' id='word_1_910' title='bbox 2447 5153 2502 5200; x_wconf 91' lang='lat' dir='ltr'><strong>et</strong></span> <span class='ocrx_word' id='word_1_911' title='bbox 2528 5145 2667 5199; x_wconf 91' lang='lat' dir='ltr'><strong>lauta</strong></span> <span class='ocrx_word' id='word_1_912' title='bbox 2698 5154 2752 5199; x_wconf 90' lang='lat' dir='ltr'><strong>et</strong></span> <span class='ocrx_word' id='word_1_913' title='bbox 2778 5142 3059 5215; x_wconf 86' lang='lat' dir='ltr'><strong>magniﬁca</strong></span> <span class='ocrx_word' id='word_1_914' title='bbox 3090 5158 3277 5197; x_wconf 89' lang='lat' dir='ltr'><strong>mensa</strong></span> <span class='ocrx_word' id='word_1_915' title='bbox 3307 5144 3429 5199; x_wconf 91' lang='lat' dir='ltr'><strong>vilis</strong></span> <span class='ocrx_word' id='word_1_916' title='bbox 3453 5158 3518 5199; x_wconf 89' lang='lat' dir='ltr'><strong>ac</strong></span> <span class='ocrx_word' id='word_1_917' title='bbox 3557 5144 3736 5199; x_wconf 90' lang='lat' dir='ltr'><strong>tenuis</strong></span> <span class='ocrx_word' id='word_1_918' title='bbox 3764 5160 3933 5215; x_wconf 81' lang='lat' dir='ltr'><strong>appa-</strong></span> 
     </span>
    </p>
   </div>
   <div class='ocr_carea' id='block_1_115' title="bbox 2340 5233 3930 5306">
    <p class='ocr_par' dir='ltr' id='par_1_115' title="bbox 2340 5233 3930 5306">
     <span class='ocr_line' id='line_1_115' title="bbox 2340 5233 3930 5306; baseline -0.003 -13"><span class='ocrx_word' id='word_1_919' title='bbox 2340 5238 2501 5301; x_wconf 88' lang='lat' dir='ltr'><strong>rebit.</strong></span> <span class='ocrx_word' id='word_1_920' title='bbox 2524 5236 2628 5292; x_wconf 90' lang='lat' dir='ltr'><strong>nisi</strong></span> <span class='ocrx_word' id='word_1_921' title='bbox 2654 5236 2791 5291; x_wconf 86' lang='lat' dir='ltr'><strong>fame</strong></span> <span class='ocrx_word' id='word_1_922' title='bbox 2818 5236 3009 5305; x_wconf 88' lang='lat' dir='ltr'><strong>pressi,</strong></span> <span class='ocrx_word' id='word_1_923' title='bbox 3036 5234 3126 5306; x_wconf 92' lang='lat' dir='ltr'><strong>qui</strong></span> <span class='ocrx_word' id='word_1_924' title='bbox 3151 5235 3364 5300; x_wconf 85' lang='lat' dir='ltr'><strong>adsunt,</strong></span> <span class='ocrx_word' id='word_1_925' title='bbox 3391 5233 3457 5289; x_wconf 87' lang='lat' dir='ltr'><strong>ad</strong></span> <span class='ocrx_word' id='word_1_926' title='bbox 3486 5235 3628 5289; x_wconf 91' lang='lat' dir='ltr'><strong>illam</strong></span> <span class='ocrx_word' id='word_1_927' title='bbox 3649 5235 3930 5301; x_wconf 86' lang='lat' dir='ltr'><strong>accedant;</strong></span> 
     </span>
    </p>
   </div>
   <div class='ocr_carea' id='block_1_116' title="bbox 2340 5325 3935 5397">
    <p class='ocr_par' dir='ltr' id='par_1_116' title="bbox 2340 5325 3935 5397">
     <span class='ocr_line' id='line_1_116' title="bbox 2340 5325 3935 5397; baseline -0.001 -12"><span class='ocrx_word' id='word_1_928' title='bbox 2340 5331 2419 5385; x_wconf 89' lang='lat' dir='ltr'><strong>sic</strong></span> <span class='ocrx_word' id='word_1_929' title='bbox 2442 5328 2601 5384; x_wconf 90' lang='lat' dir='ltr'><strong>etiam</strong></span> <span class='ocrx_word' id='word_1_930' title='bbox 2623 5327 2742 5381; x_wconf 90' lang='lat' dir='ltr'><strong>vilis</strong></span> <span class='ocrx_word' id='word_1_931' title='bbox 2758 5336 3067 5397; x_wconf 86' lang='lat' dir='ltr'><strong>sumptuosa</strong></span> <span class='ocrx_word' id='word_1_932' title='bbox 3097 5326 3421 5392; x_wconf 85' lang='lat' dir='ltr'><strong>censebitur,</strong></span> <span class='ocrx_word' id='word_1_933' title='bbox 3449 5326 3493 5380; x_wconf 90' lang='lat' dir='ltr'><strong>si</strong></span> <span class='ocrx_word' id='word_1_934' title='bbox 3511 5325 3785 5381; x_wconf 85' lang='lat' dir='ltr'><strong>famelicos</strong></span> <span class='ocrx_word' id='word_1_935' title='bbox 3804 5340 3935 5383; x_wconf 88' lang='lat' dir='ltr'><strong>suos</strong></span> 
     </span>
    </p>
   </div>
   <div class='ocr_carea' id='block_1_117' title="bbox 2340 5417 3935 5490">
    <p class='ocr_par' dir='ltr' id='par_1_117' title="bbox 2340 5417 3935 5490">
     <span class='ocr_line' id='line_1_117' title="bbox 2340 5417 3935 5490; baseline -0.001 -14"><span class='ocrx_word' id='word_1_936' title='bbox 2340 5419 2594 5477; x_wconf 85' lang='lat' dir='ltr'><strong>convivas</strong></span> <span class='ocrx_word' id='word_1_937' title='bbox 2635 5419 2920 5489; x_wconf 86' lang='lat' dir='ltr'><strong>acceperit.</strong></span> <span class='ocrx_word' id='word_1_938' title='bbox 2974 5417 3139 5490; x_wconf 88' lang='lat' dir='ltr'><strong>idque</strong></span> <span class='ocrx_word' id='word_1_939' title='bbox 3180 5432 3302 5473; x_wconf 91' lang='lat' dir='ltr'><strong>cum</strong></span> <span class='ocrx_word' id='word_1_940' title='bbox 3352 5417 3519 5487; x_wconf 88' lang='lat' dir='ltr'><strong>probe</strong></span> <span class='ocrx_word' id='word_1_941' title='bbox 3566 5426 3749 5473; x_wconf 84' lang='lat' dir='ltr'><strong>nosset</strong></span> <span class='ocrx_word' id='word_1_942' title='bbox 3794 5418 3935 5474; x_wconf 85' lang='lat' dir='ltr'><strong>alios</strong></span> 
     </span>
    </p>
   </div>
   <div class='ocr_carea' id='block_1_118' title="bbox 2342 5506 3937 5583">
    <p class='ocr_par' dir='ltr' id='par_1_118' title="bbox 2342 5506 3937 5583">
     <span class='ocr_line' id='line_1_118' title="bbox 2342 5506 3937 5583; baseline 0 -16"><span class='ocrx_word' id='word_1_943' title='bbox 2342 5511 2606 5583; x_wconf 83' lang='lat' dir='ltr'><strong>quispiam</strong></span> <span class='ocrx_word' id='word_1_944' title='bbox 2631 5552 2647 5577; x_wconf 95' lang='lat'><strong>,</strong></span> <span class='ocrx_word' id='word_1_945' title='bbox 2679 5524 2787 5565; x_wconf 90' lang='lat' dir='ltr'><strong>non</strong></span> <span class='ocrx_word' id='word_1_946' title='bbox 2812 5525 2879 5566; x_wconf 88' lang='lat' dir='ltr'><strong>ex</strong></span> <span class='ocrx_word' id='word_1_947' title='bbox 2909 5518 3095 5564; x_wconf 90' lang='lat' dir='ltr'><strong>natura</strong></span> <span class='ocrx_word' id='word_1_948' title='bbox 3121 5508 3363 5564; x_wconf 91' lang='lat' dir='ltr'><strong>ciborum</strong></span> <span class='ocrx_word' id='word_1_949' title='bbox 3389 5550 3405 5576; x_wconf 94' lang='lat'><strong>,</strong></span> <span class='ocrx_word' id='word_1_950' title='bbox 3436 5506 3533 5564; x_wconf 87' lang='lat' dir='ltr'><strong>sed</strong></span> <span class='ocrx_word' id='word_1_951' title='bbox 3557 5522 3625 5563; x_wconf 88' lang='lat' dir='ltr'><strong>ex</strong></span> <span class='ocrx_word' id='word_1_952' title='bbox 3649 5506 3844 5565; x_wconf 74' lang='lat' dir='ltr'><strong>aﬂectu</strong></span> <span class='ocrx_word' id='word_1_953' title='bbox 3869 5525 3937 5567; x_wconf 75' lang='lat' dir='ltr'><strong>ac</strong></span> 
     </span>
    </p>
   </div>
   <div class='ocr_carea' id='block_1_119' title="bbox 2341 5600 3935 5674">
    <p class='ocr_par' dir='ltr' id='par_1_119' title="bbox 2341 5600 3935 5674">
     <span class='ocr_line' id='line_1_119' title="bbox 2341 5600 3935 5674; baseline -0.001 -16"><span class='ocrx_word' id='word_1_954' title='bbox 2341 5602 2692 5674; x_wconf 88' lang='lat' dir='ltr'><strong>dispositione</strong></span> <span class='ocrx_word' id='word_1_955' title='bbox 2719 5602 3061 5657; x_wconf 86' lang='lat' dir='ltr'><strong>convivarum</strong></span> <span class='ocrx_word' id='word_1_956' title='bbox 3091 5600 3161 5656; x_wconf 90' lang='lat' dir='ltr'><strong>de</strong></span> <span class='ocrx_word' id='word_1_957' title='bbox 3190 5614 3498 5655; x_wconf 87' lang='lat' dir='ltr'><strong>mensarum</strong></span> <span class='ocrx_word' id='word_1_958' title='bbox 3540 5600 3935 5671; x_wconf 83' lang='lat' dir='ltr'><strong>magniﬁcentia</strong></span> 
     </span>
    </p>
   </div>
   <div class='ocr_carea' id='block_1_120' title="bbox 2337 5692 3933 5767">
    <p class='ocr_par' dir='ltr' id='par_1_120' title="bbox 2337 5692 3933 5767">
     <span class='ocr_line' id='line_1_120' title="bbox 2337 5692 3933 5767; baseline 0 -18"><span class='ocrx_word' id='word_1_959' title='bbox 2337 5695 2595 5767; x_wconf 84' lang='lat' dir='ltr'><strong>judicium</strong></span> <span class='ocrx_word' id='word_1_960' title='bbox 2624 5693 2772 5762; x_wconf 88' lang='lat' dir='ltr'><strong>ferri,</strong></span> <span class='ocrx_word' id='word_1_961' title='bbox 2799 5695 2883 5751; x_wconf 87' lang='lat' dir='ltr'><strong>his</strong></span> <span class='ocrx_word' id='word_1_962' title='bbox 2906 5694 3083 5751; x_wconf 84' lang='lat' dir='ltr'><strong>verbis</strong></span> <span class='ocrx_word' id='word_1_963' title='bbox 3108 5694 3274 5750; x_wconf 88' lang='lat' dir='ltr'><strong>utitur</strong></span> <span class='ocrx_word' id='word_1_964' title='bbox 3298 5712 3311 5747; x_wconf 92' lang='lat'>:</span> <span class='ocrx_word' id='word_1_965' title='bbox 3344 5692 3551 5759; x_wconf 74' lang='lat' dir='ltr'><strong>Anima,</strong></span> <span class='ocrx_word' id='word_1_966' title='bbox 3575 5708 3687 5764; x_wconf 70' lang='lat' dir='ltr'><strong>qua</strong></span> <span class='ocrx_word' id='word_1_967' title='bbox 3704 5692 3759 5748; x_wconf 77' lang='lat' dir='ltr'><strong>in</strong></span> <span class='ocrx_word' id='word_1_968' title='bbox 3785 5703 3933 5749; x_wconf 75' lang='lat' dir='ltr'><strong>sota-</strong></span> 
     </span>
    </p>
   </div>
   <div class='ocr_carea' id='block_1_121' title="bbox 2345 5785 3935 5858">
    <p class='ocr_par' dir='ltr' id='par_1_121' title="bbox 2345 5785 3935 5858">
     <span class='ocr_line' id='line_1_121' title="bbox 2345 5785 3935 5858; baseline -0.002 -14"><span class='ocrx_word' id='word_1_969' title='bbox 2345 5791 2495 5845; x_wconf 78' lang='lat' dir='ltr'><strong>ritute</strong></span> <span class='ocrx_word' id='word_1_970' title='bbox 2537 5797 2643 5853; x_wconf 88' lang='lat' dir='ltr'><strong>est,</strong></span> <span class='ocrx_word' id='word_1_971' title='bbox 2694 5787 2821 5855; x_wconf 73' lang='lat' dir='ltr'><strong>(quis</strong></span> <span class='ocrx_word' id='word_1_972' title='bbox 2867 5786 3037 5843; x_wconf 79' lang='lat' dir='ltr'><strong>illudi!</strong></span> <span class='ocrx_word' id='word_1_973' title='bbox 3067 5802 3087 5844; x_wconf 69' lang='grc' dir='ltr'><strong><em>ε</em></strong></span> <span class='ocrx_word' id='word_1_974' title='bbox 3122 5787 3307 5842; x_wconf 69' lang='lat' dir='ltr'><strong>auium</strong></span> <span class='ocrx_word' id='word_1_975' title='bbox 3355 5795 3521 5841; x_wconf 72' lang='lat' dir='ltr'><strong>autem</strong></span> <span class='ocrx_word' id='word_1_976' title='bbox 3570 5785 3733 5858; x_wconf 76' lang='lat' dir='ltr'><strong>egenti</strong></span> <span class='ocrx_word' id='word_1_977' title='bbox 3786 5786 3935 5846; x_wconf 72' lang='lat' dir='ltr'><strong>etiam</strong></span> 
     </span>
    </p>
   </div>
  </div>
