4212 6290
636 299 738 358 N7

636 412 814 488 ψυχῆ
833 412 902 468 δὲ
931 411 1125 468 ἐνδεεῖ
1141 411 1242 488 καί
1274 411 1346 464 τὰ
1371 393 1550 476 πικρὰ
1569 401 1814 488 γλυκέα

638 471 982 570 τῆξφύσεως
1003 494 1109 549 τῶν
1141 471 1517 565 Ξιιτροιιειμένων
1557 471 2054 570 μεταϐαὺομέὴς,
2076 471 2222 570 ἀλλά

535 578 538 580 ⁷
758 561 1050 641 διαθέσεως
1075 561 1199 630 τῶν
1232 561 1579 644 ἑστιωμένων
1617 568 1954 653 κλεπτούσης
1987 561 2215 653 τὴνλατ-

643 646 854 736 σθησιν.
884 662 945 714 ει
967 660 1023 713 δι
1055 659 1125 712 τά
1151 657 1322 730 πικρά
1348 655 1553 725 γλυκέα
1581 653 1830 724 φαίνεται
1852 648 1951 736 pla;
1969 649 2080 736 τήν
2097 646 2216 698 ἐπι-

642 731 839 817 θυμίαν
865 743 974 798 τῶν
1000 742 1372 813 κεκλημένων,
1397 739 1576 810 πολλῷ
1599 736 1795 810 μᾶλλον
1808 734 1877 789 16
1894 731 2086 817 εὐτελῆ
2123 746 2218 784 πο-

641 812 834 899 λυτελῆ
866 825 1139 897 φαίνεται.
1160 812 1263 877 Διὸ
1287 823 1353 894 δὴ
1398 822 1494 877 καὶ
1520 823 1680 893 ἡμεῖς
1698 818 1904 890 ἐσχάτῃ
1951 812 2220 899 συζῶντες

641 894 833 982 πενία..
856 894 983 972 τοὺς
1017 907 1333 978 φιλοτίμους
1364 905 1474 960 τῶν
1515 899 1845 972 ἑστιατόρων
1881 894 2217 982 μιμούμεθα,

642 977 1041 1063 καθ”ἐκάστην
1074 977 1290 1054 σύναξιν
1330 988 1467 1060 πρὸς
1495 987 1594 1057 τὴν
1630 983 1903 1054 ἡμετέραν
1928 977 2219 1063 καλοῦντες

643 1077 674 1130 ύ
682 1078 789 1146 μᾶς
824 1062 1124 1148 τράπεζαν.
1143 1069 1412 1142 Ποιοῦμεν
1437 1070 1494 1124 δέ
1511 1068 1687 1133 τοῦτο,
1712 1066 1774 1120 οὐ
1797 1067 1864 1135 τῇ
1879 1063 1992 1148 τῆς
2015 1062 2221 1148 οίκείας

609 1144 909 1244 λεῦπορψ
937 1154 1281 1244 ξποιθότες,
1314 1152 1448 1206 ἀλλά
1479 1154 1544 1223 τῇ
1582 1151 1682 1222 τῆς
1722 1147 1993 1220 ὑμετέρας
2021 1144 2222 1218 ἀκροά-

647 1259 784 1304 σεως
813 1237 1141 1310 θαρροῦντες
1180 1247 1204 1276 ⁸
1216 1277 1230 1290 .

714 1332 784 1400 γ’.
804 1330 917 1401 Τῆς
933 1330 1033 1399 μέν
1051 1325 1144 1382 οὖν
1162 1326 1472 1398 ἐπιγραφῆς
1491 1325 1618 1397 ὑμῖν
1633 1327 1695 1378 16
1715 1322 1876 1395 χρέος
1894 1321 2040 1378 ἄπαν
2057 1337 2226 1376 κατα-

648 1415 1010 1486 ϐεϐλήκαμεν,
1036 1412 1130 1484 τῆς
1145 1410 1476 1480 ἐπιγραφῆς,
1509 1407 1674 1479 φημὶ,
1704 1406 1810 1486 τῶν
1837 1404 2095 1479 Πράξεων
2115 1403 2226 1457 τῶν

647 1493 1047 1554 ἀποστολικῶν.
1083 1491 1398 1548 ’Δκόλουθον
1418 1491 1474 1545 δέ
1503 1490 1689 1544 λοιπὸν
1721 1485 1789 1562 ἦν
1821 1489 1913 1543 καὶ
1939 1486 2228 1560 τῆςάρχῆς

650 1579 891 1653 ἄψασθαι
925 1578 1016 1632 τοῦ
1049 1577 1279 1648 βιϐλίου,
1327 1576 1425 1630 καὶ
1468 1577 1641 1629 είπεῖν
1667 1574 1720 1627 τί
1757 1572 1888 1627 ποτέ
1933 1572 2071 1625 ἐστι·
2117 1570 2230 1653 T63:

644 1646 763 1736 μέν
804 1646 1062 1734 πρῶτον(
1081 1663 1267 1731 λόγον
1311 1657 1682 1733 ἐποιήσαμεν
1711 1655 1844 1728 περὶ
1896 1653 2158 1714 πάντων,

653 1734 926 1818 Θεόφιλε,
949 1739 1036 1800 ὧν
1055 1742 1279 1812 ἤρξατο
1310 1744 1345 1796 ό
1381 1741 1608 1810 Ἰησοῦς
1631 1741 1823 1796 ποιεῖν
1844 1757 1906 1794 τε
1935 1739 2031 1794 καί
2067 1734 2231 1790 6:664-

651 1841 848 1886 σχειν.
887 1827 1050 1882 Ἀλλά
1096 1826 1307 1887 Παῦλος
1343 1824 1442 1878 οὐκ
1486 1824 1680 1894 ἀφίησί
1714 1841 1781 1895 με
1829 1820 2135 1894 χρήσασθαι
2163 1822 2228 1890 τῇ

653 1912 807 1989 [101]
828 1912 980 1979 τάξει
1007 1908 1181 1981 ταύτῃ
1224 1908 1326 1978 τῆς
1367 1905 1709 1989 ἀκολουθίας,
1746 1905 1883 1989 πρὸς
1917 1904 2116 1989 ἐαυτὸν⁸
2138 1903 2234 1989 καὶ

652 1984 722 2052 τὰ
748 1984 923 2049 οίκεία
947 1991 1352 2064 κατορθώματα
1364 1989 1463 2060 τὴν
1479 1988 1749 2061 ἡμετέραν
1769 1985 2015 2055 γλῶτταν
2031 1984 2231 2038 καλῶν.

668 2076 954 2150 Ἐπιθυμῶ
1002 2075 1111 2146 γάρ
1140 2073 1304 2127 αὑτὸν
1344 2072 1471 2126 ίδεϊν
1505 2074 1584 2135 είς
1615 2070 1901 2141 Δαμασκὸν
1943 2067 2235 2138 εἰσαγόμε-

654 2178 766 2224 νον,
794 2159 1099 2231 δεδεμένον,
1130 2158 1233 2212 οὐκ
1270 2158 1331 2210 ἐν
1359 2154 1548 2210 ἀλύσει
1575 2153 1790 2226 σιδηρᾷ,
1817 2150 1954 2208 ἀλλά
1979 2153 2129 2223 φωνῇ
2146 2151 2235 2204 δε-

621 2299 631 2314 ._
658 2247 910 2314 σποτικῇ·
935 2240 1188 2313 ἐπιθυμῶ
1219 2238 1345 2294 ίδεϊν
1377 2237 1692 2293 ἀλιευθέντα
1727 2237 1818 2291 16v
1859 2235 2010 2306 ἰχθὺν
2048 2234 2236 2288 τοῦτον

625 2309 748 2382 ιτδν
789 2309 982 2398 μέγαν,
1009 2309 1346 2378 τὺνάπασαν
1378 2321 1791 2392 ἀναϐράσσοντα
1819 2320 1918 2391 τὴν
1939 2317 2232 2380 θάλασσαν,

655 2411 750 2462 τὸν
773 2407 938 2480 μυρία
954 2407 1176 2478 κύματα
1206 2405 1346 2460 κατά
1373 2405 1472 2475 τῆς
1513 2403 1837 2475 Ἐκκλησίας
1857 2400 2233 2472 ἐπεγείραντα·

659 2489 912 2562 ἐπιθυμῶ
958 2490 1086 2543 ίδεῖν
1113 2487 1276 2541 αὑτὸν
1299 2486 1638 2548 ἀλιευθέντα,
1657 2486 1757 2538 οὐκ
1783 2484 2083 2555 ἀγκίστρῳ,
2103 2481 2241 2536 ἀλλά

658 2574 800 2644 λόγῳ
821 2570 1140 2642 δεσππικῷ.
1171 2571 1437 2641 Καθάπερ
1456 2569 1566 2640 γάρ
1601 2585 1686 2632 τις
1705 2567 1886 2632 ἁλιεὺς
1924 2569 2016 2621 ἐπὶ
2033 2567 2239 2638 πέτρας

659 2656 873 2728 ὑψηλῆς
914 2655 1244 2728 καθήμενος,
1294 2655 1386 2707 τὸν
1436 2654 1680 2725 κάλαμον
1729 2652 2094 2723 μετεωρίζων,
2146 2652 2238 2720 ἀφ’

662 2739 868 2810 ὑψηλοῦ
901 2739 959 2791 16
1003 2740 1298 2808 ἄγκιστρον
1327 2737 1557 2808 ἀφίησιν
1581 2737 1660 2800 είς
1697 2735 1758 2789 16
1784 2735 2041 2803 πέλαγος·
2099 2734 2240 2788 οὕτω

660 2824 724 2894 δὴ
759 2825 855 2877 καὶ
882 2824 911 2876 6
937 2823 1214 2892 Δεσπότης
1263 2823 1292 2874 6
1327 2821 1616 2892 ἡμέτερος,
1645 2821 1674 2872 6
1698 2819 1798 2889 τὴν
1842 2818 2028 2872 ἀλείαν
2061 2817 2240 2884 δείξας

658 2908 760 2979 τὴν
809 2905 1208 2977 πνευματικήν,
1245 2903 1493 2974 καθάπερ
1519 2904 1604 2971 ἐφ’
1652 2902 1861 2973 ὑψηλῆς
1899 2901 2106 2974 πέτρας
2130 2902 2240 2954 τῶν

660 2990 905 3063 οὐρανῶν
948 2989 1279 3060 καθήμενος,
1330 2986 1520 3059 ὥσπερ
1558 2987 1850 3058 ἄγκιστρον
1896 2985 1997 3056 τήν
2056 2984 2239 3056 φωνὴν

660 3073 864 3143 ταύτην
888 3073 1046 3142 ἀφεὶς
1083 3070 1309 3134 ἄνωθεν,
1339 3071 1434 3125 καὶ
1460 3069 1654 3136 εἰπὼν,
1702 3070 1920 3132 Σαῦλε,
1943 3069 2160 3134 fama,
2185 3069 2241 3122 τί

657 3175 733 3228 με
757 3156 1017 3220 διώκεις;
1048 3153 1221 3218 οὕτως
1262 3153 1477 3224 ήλίευσε
1505 3152 1595 3206 16v
1629 3152 1778 3222 ίχθὺν
1807 3150 1997 3204 τοῦτον
2030 3150 2120 3204 τὸν
2146 3152 2242 3222 μέ-

663 3257 788 3308 γαν.
844 3239 956 3291 Καὶ
987 3232 1098 3291 οἷον
1132 3237 1224 3290 ἐπὶ
1268 3235 1361 3289 τοῦ
1415 3234 1596 3306 ἰχθύος
1646 3234 1890 3303 γέγονεν,
1922 3232 1982 3286 δν
2021 3233 2240 3304 ἡλίευσε

665 3324 873 3393 Πέτρος
906 3321 1044 3375 κατά
1091 3320 1152 3373 16
1185 3320 1512 3390 πρόσταγμα
1541 3317 1602 3371 τὸ
1633 3317 1971 3380 δεσποτικὸν,
2001 3315 2241 3370 τοιοῦτόν

661 3424 717 3460 τι
738 3407 833 3476 καὶ
861 3407 954 3459 ἐπὶ
975 3403 1165 3458 τούτου
1206 3400 1424 3473 συνέϐη.
1462 3401 1572 3454 Καὶ
1601 3399 1711 3472 γὰρ
1745 3399 1836 3454 καὶ
1862 3396 2015 3464 οὗτος
2044 3402 2072 3454 6
2091 3399 2243 3471 ίχθὺς

662 3487 860 3558 εὑρέθη
889 3485 1130 3557 στατῆρα
1168 3483 1305 3555 ἔχων
1329 3486 1385 3537 ἐν
1417 3483 1495 3554 τῷ
1548 3484 1796 3554 στόματι,
1831 3483 2077 3555 στατῆρα
2119 3484 2241 3553 μὲν,

664 3572 916 3640 κίϐδηλον
937 3569 1013 3624 δέ·
1030 3565 1140 3641 είχε
1178 3571 1275 3642 μὲν
1300 3568 1406 3641 γάρ
1424 3567 1607 3638 ζῆλον,
1624 3569 1683 3622 ού
1704 3569 1820 3621 κατ’
1837 3567 2131 3635 ἐπίγνωσιν
2161 3568 2239 3622 δέ.

665 3653 766 3707 Διά
801 3651 959 3706 τοῦτο
985 3654 1082 3723 τὴν
1112 3654 1405 3721 ἐπίγνωσιν
1451 3647 1599 3722 αὐτῷ
1643 3651 2008 3722 χαρισάμενος
2035 3652 2064 3703 6
2090 3651 2243 3717 Θεὸς,

663 3737 887 3806 δόκιμον
932 3736 1155 3808 ἐποίησε
1217 3736 1278 3790 16
1334 3735 1593 3806 νόμισμα·
1647 3734 1743 3810 καὶ
1803 3734 1939 3806 ὅπερ
1996 3733 2088 3786 ἐπὶ
2135 3734 2244 3786 τῶν

667 3820 1030 3892 ἀλιευομένων
1077 3819 1275 3892 ίχθύων
1308 3821 1537 3890 γίνεται,
1568 3816 1727 3873 τοῦτό
1767 3821 1860 3873 καὶ
1910 3819 2001 3873 ἐπὶ
2053 3819 2243 3874 τούτου

669 3911 879 3976 γέγονε.
907 3904 1171 3976 Καθάπερ
1196 3902 1304 3976 γὰρ
1341 3905 1539 3957 ἐκεῖνοι
1578 3903 1672 3956 τοῦ
1726 3904 1996 3972 πελάγους
2044 3904 2247 3966 εὐθέως

670 3987 1092 4050 ἀνελκυσθέντες
1117 3986 1572 4054 ἀποτυφλοῦνται,
1615 3986 1758 4040 οὕτω
1786 3986 1880 4039 καὶ
1911 3978 2067 4049 οὗτος
2093 3984 2247 4050 δεξά-

673 4087 830 4143 μενος
858 4069 1059 4132 εὐθέως
1083 4069 1145 4120 16
1167 4068 1481 4139 ἄγκιστρον,
1511 4071 1605 4121 καὶ
1641 4067 2009 4131 ἀνασπασθεὶς
2046 4067 2249 4130 εὐθέως

670 4151 1048 4222 ἐπετυφλώθη·
1084 4151 1197 4204 ἀλλ’
1221 4151 1405 4220 ἐκείνη
1429 4152 1460 4221 ή
1493 4150 1765 4219 τύφλωσις
1786 4151 1966 4204 πᾶσαν
1998 4150 2250 4220 οίκουμέ-

671 4255 769 4307 νην
801 4233 1098 4302 ἀναϐλέψαι
1125 4234 1367 4305 ἐποίησε.
1397 4233 1562 4286 Ταῦτ’
1596 4229 1690 4287 οὖν
1727 4233 1942 4287 ἅπαντα
1979 4233 2103 4287 ίδείν
2129 4236 2247 4285 ἐπι·

671 4317 849 4387 ουμῶ.
885 4315 993 4370 Καὶ
1027 4315 1133 4384 γὰρ
1182 4316 1230 4367 εί
1277 4316 1511 4386 πόλεμος
1544 4317 1674 4386 ἡμῖν
1715 4317 2084 4386 περιειστήκει
2117 4315 2250 4386 βαρ-

670 4398 918 4471 ϐαρικὸς,
955 4398 1048 4451 καὶ
1078 4397 1171 4451 ἐπὶ
1201 4398 1302 4468 τῆς
1342 4398 1692 4468 παρατάξεως
1719 4401 1768 4452 οἱ
1796 4399 2040 4469 πολέμιοι
2079 4400 2251 4470 μυρία

673 4485 930 4556 παρεῖχον
951 4483 1082 4553 ἡμῖν
1114 4481 1433 4552 πράγματα,
1452 4477 1570 4534 εἷτα
1600 4483 1628 4534 6
1656 4483 1958 4552 στρατηγὸς
1981 4483 2090 4538 τῶν
2118 4483 2250 4556 βαρ-

673 4567 881 4636 ϐἀρων,
915 4567 944 4618 6
995 4564 1162 4636 μυρία
1203 4564 1492 4635 προσάγων
1530 4567 1914 4635 μηχανήματα,
1946 4567 2040 4619 καὶ
2073 4568 2247 4621 πάντα

677 4648 918 4717 συγχέων
946 4647 1015 4700 τά
1039 4647 1302 4719 ἡμέτερα,
1333 4647 1426 4700 καὶ
1462 4647 1658 4700 πολλοῦ
1695 4647 1923 4720 θορύϐου
1961 4651 2052 4703 καὶ
2082 4669 2250 4722 ταρα-

675 4733 776 4804 χῆς
799 4731 1042 4802 πληρῶν,
1069 4732 1163 4783 καὶ
1193 4730 1288 4801 τὴν
1323 4729 1474 4783 πόλιν
1496 4731 1663 4802 αὐτὴν
1697 4733 1934 4787 ἀπειλῶν
1976 4736 2252 4790 κατασκά-

675 4821 817 4886 ψειν,
845 4817 937 4868 καὶ
964 4813 1302 4885 παραδώσειν
1353 4814 1502 4884 πυρὶ,
1537 4815 1631 4868 καὶ
1678 4816 1922 4871 δουλείαν
1953 4819 2084 4888 ἡμῖν
2145 4821 2243 4872 ἐπ-

677 4895 1381 4967 ανατεινόμενος,ἐξαίφνης
1409 4897 1513 4950 ὑπὸ
1540 4898 1632 4951 τοῦ
1663 4898 1922 4968 βασιλέως
1935 4901 2028 4954 τοῦ
2057 4903 2254 4972 ἡμετέ-

675 4999 771 5051 ρου
800 4980 973 5043 δεθεὶς
1015 4980 1357 5050 αἰχμάλωτος
1398 4981 1476 5044 είς
1509 4979 1605 5051 τὴν
1638 4982 1789 5036 πόλιν
1825 4984 2006 5054 ῆγετο,
2053 4987 2253 5049 πάντες

674 5066 740 5117 ὢν
783 5066 917 5134 μετά
974 5063 1247 5131 γυναικῶν
1303 5064 1395 5117 καὶ
1449 5063 1674 5118 παιδίων
1716 5067 1851 5137 πρὸς
1878 5067 1974 5138 τὴν
2019 5069 2252 5140 θεωρίαν

675 5149 889 5218 ἐκείνην
936 5147 1371 5218 ἐξεπηδήσαμεν.
1403 5148 1571 5201 ’Ἐπεὶ
1626 5143 1718 5202 οὖν
1750 5151 1842 5204 καὶ
1888 5151 1981 5204 νῦν
2017 5154 2250 5224 πόλεμος

677 5231 1028 5302 συνέστηκεν,
1077 5231 1342 5284 Ἰουδαίων
1374 5231 1750 5302 Θορυϐούντων
1783 5234 2004 5289 ᾶπαντα
2032 5238 2126 5290 καὶ
2159 5254 2252 5290 τα-

677 5315 998 5379 ραττόντων,
1059 5314 1153 5368 καὶ
1187 5314 1356 5368 πολλά
1399 5318 1465 5386 τῇ
1499 5317 1599 5387 τῆς
1635 5316 1957 5386 Ἐκκλησίας
1987 5319 2253 5392 ἀσφαλείᾳ

674 5398 1056 5468 προσαγόντων
1085 5400 1465 5470 μηχανήματα,
1502 5400 1563 5451 16
1594 5399 1651 5452 δέ
1685 5400 1976 5469 κεφάλαιον
2014 5402 2122 5456 τῶν
2153 5422 2250 5457 πο-

674 5480 878 5550 λεμίων
923 5475 990 5552 ἦν
1022 5483 1050 5534 6
1082 5481 1312 5548 Παῦλος,
1353 5484 1381 5536 6
1430 5483 1646 5536 πάντων
1701 5484 1923 5555 μείζονα
1955 5489 2048 5541 καὶ
2084 5489 2250 5542 ποιῶν

676 5565 766 5619 καὶ
798 5565 994 5632 λέγων,
1038 5566 1066 5617 6
1111 5565 1287 5620 πάντα
1320 5567 1561 5637 θορυϐῶν
1609 5569 1704 5622 καὶ
1748 5570 2050 5642 ταράττων,
2092 5572 2251 5629 ἔδησε

739 5698 764 5726 ⁸
790 5698 880 5748 llic
913 5701 1088 5750 deesse
1114 5698 1300 5760 aliquid
1327 5699 1534 5748 videtur.

1359 300 1418 355 s.
1465 294 1753 354 somnus
1787 283 2286 349 cnmsoswm
2323 281 2646 340 ARCHIEP.
2678 279 3227 340 CONSTANTINOP.
3294 267 3299 273 ’

2311 388 2370 441 δὲ
2396 388 2557 444 αὑτὸν
2587 391 2618 443 6
2639 390 2840 463 Κύριος
2876 390 3034 463 ήμῶν
3066 388 3272 463 Ἰησοῦς
3299 389 3554 464 Χριστὸς,
3585 393 3612 445 6
3640 390 3898 463 βασιλεὺς

2314 473 2344 525 6
2375 472 2665 544 ἡμέτερος,
2691 473 2848 544 ἔδησε
2892 474 2989 529 καὶ
3017 475 3363 546 αἰχμάλωτον
3403 476 3665 548 εἰσήγαγε
3707 472 3898 529 τοῦτον

2314 565 2405 619 τόν
2433 565 2612 621 πάντα
2651 568 3046 640 ἀνατρέποντα,
3070 568 3172 622 οὐκ
3193 567 3767 641 ἐκλθωμενᾶπαντες
3805 567 3901 627 ἐπὶ

2313 656 2414 728 τήν
2469 655 2702 728 θεωρίαν
2738 659 2963 730 ταύτην,
3001 657 3144 714 ὥστε
3188 658 3317 712 ιδετν
3348 655 3516 713 αὐτὸν
3548 656 3902 730 αἰχμάλωτον

2316 747 2617 820 ἀγόμενονς
2646 750 2758 802 Καὶ
2787 748 2897 822 γάρ
2922 751 2974 805 οί
3017 750 3238 820 ἄγγελοι
3269 749 3391 803 τότε
3424 751 3488 803 ἐκ
3513 748 3624 803 τῶν
3651 745 3904 816 οὐρανῶν

2317 839 2555 912 δρῶντες
2585 840 2747 902 αὑτὸν
2774 841 3058 912 δεδεμένον
3083 842 3176 896 καὶ
3198 841 3578 916 εἰσαγόμενον,
3607 839 3899 910 ἐσκίρτων·

2318 930 2420 983 οὐκ
2472 930 2661 1003 ἐπειδὴ
2692 930 2974 1001 δεδεμένον
3011 928 3151 986 είδον
3206 932 3388 1004 μόνον,
3437 930 3552 987 ἀλλ’
3587 931 3780 1004 ἐπειδὴ
3819 931 3908 985 ἐν·

2321 1022 2505 1075 ενόουν
2518 1021 2676 1087 ὅσους
2701 1021 3020 1094 ἀνθρώπους
3041 1022 3148 1077 ἀπὸ
3174 1021 3285 1076 τῶν
3314 1021 3532 1093 δεσμῶν
3559 1022 3709 1077 λύειν
3740 1022 3907 1094 ἔμελ·-

2317 1113 2432 1166 λεν·
2485 1113 2587 1167 οὐκ
2635 1113 2823 1186 ἐπειδὴ
2869 1114 3379 1186 χειραγωγούμενον
3433 1113 3749 1179 ἐθεάσαντο,
3787 1113 3906 1170 ἀλλ’

2321 1203 2510 1277 ἐπειδὴ
2539 1201 2868 1274 ἐλογίζοντο,
2890 1205 3049 1270 ὅσους
3070 1204 3390 1277 ἀνθρώπους
3409 1205 3634 1277 ἔμελλεν
3667 1205 3779 1260 ἀπὺ
3808 1207 3909 1277 τῆς

2321 1297 2426 1368 γῆς
2463 1297 2546 1361 είς
2566 1296 2660 1351 τὸν
2681 1296 2910 1369 οὐρανὸν
2939 1299 3299 1369 χειραγωγεῖν
3348 1299 3574 1363 ἐκεῖνος.
3616 1297 3716 1352 Διά
3747 1295 3913 1354 τοῦτο

2324 1388 2564 1461 ἔχαιρον,
2597 1388 2699 1443 οὐκ
2732 1388 2922 1460 ἐπειδὴ
2946 1391 3346 1462 πεπηρωμένον
3371 1385 3533 1457 εἶδον,
3573 1390 3686 1445 ἀλλ’
3717 1389 3911 1464 ἐπειδὴ

2324 1482 2567 1536 ἐνενόουν
2595 1480 2754 1546 ὅσους
2790 1481 3014 1553 ἔμελλεν
3043 1482 3152 1536 ἀπὺ
3210 1483 3434 1547 σκότους
3464 1482 3770 1554 ἐξαγαγεῖν.
3805 1484 3915 1540 ηο-

2332 1571 2554 1644 ρεύθητι
2583 1572 2714 1643 γάρ,
2747 1572 2935 1644 φησιν,
2967 1573 3048 1637 εἰς
3073 1572 3142 1628 16
3175 1573 3326 1646 ἐθνη.
3357 1575 3453 1628 καὶ
3467 1573 3786 1640 ἀπαλλάξας
3816 1575 3918 1629 αὐ-

2327 1665 2455 1729 τοὺς
2483 1663 2593 1719 ἀπὸ
2615 1665 2861 1731 σκότους,
2896 1667 3256 1738 μεταστήσεις
3284 1668 3482 1732 αὐτοὺς
3517 1668 3599 1732 είς
3630 1664 3732 1740 τὴν
3759 1667 3919 1741 βασι-

2330 1757 2481 1811 λείαν
2526 1757 2625 1828 τῆς
2682 1757 2904 1828 ἀγάπης
2958 1755 3218 1830 Χριστοῦ.
3271 1758 3422 1832 [102]
3478 1757 3579 1813 Διά
3622 1758 3803 1814 ταῦτα
3855 1760 3918 1814 16

2332 1848 2616 1922 προοίμιον
2654 1849 2834 1918 ἀφεὶς,
2891 1850 2971 1914 είς
3025 1849 3090 1903 16
3147 1850 3312 1922 μέσον
3362 1850 3621 1907 ἄλλεσθαι
3673 1851 3915 1906 σπεύδω.

2334 1939 2544 2004 Παῦλος
2576 1937 2687 2010 γὰρ
2743 1939 2836 1994 καὶ
2859 1941 2897 1992 .6
2937 1939 3152 1994 Παύλου
3207 1939 3373 2005 πόθος
3426 1940 3737 2012 ἠνάγκασεν
3770 1941 3923 2014 ἡμᾶς

2334 2031 2575 2104 πηδῆσαι
2603 2030 2762 2086 τοῦτο
2783 2031 2845 2086 16
2870 2031 3116 2105 πήδημα.
3153 2033 3384 2118 ⁸Παῦλος
3413 2035 3509 2090 καὶ
3528 2036 3558 2088 6
3579 2035 3796 2090 Παύλου
3818 2034 3922 2122 τμ-

2335 2124 2446 2188 θος.
2475 2124 2764 2194 Σύγγνωτέ
2793 2142 2906 2196 μοι,
2936 2124 3136 2196 μᾶλλον
3156 2124 3212 2179 δὲ
3241 2125 3317 2198 μὴ
3338 2125 3641 2196 σύγγνωτε,
3671 2125 3922 2182 ἀλλὰκαὶ

2336 2217 2619 2288 ζηλώσατε
2641 2218 2732 2272 τὸν
2765 2218 2945 2289 ἔρωτα
2971 2217 3192 2274 τοῦτον.
3220 2219 3279 2273 ’0
3310 2219 3409 2290 μὲν
3426 2218 3534 2290 γὰρ
3561 2220 3761 2274 ἄτοπον
3778 2217 3924 2291 ἐρῶν

2336 2310 2539 2382 ἔρωτα,
2560 2310 2786 2374 εἰκότως
2816 2309 3147 2383 συγγνώμην
3168 2311 3329 2364 αίτεϊ·
3357 2311 3386 2364 6
3407 2309 3467 2364 δέ
3495 2309 3735 2364 τοιοῦτον
3758 2311 3922 2383 ἐριῖιν,

2339 2398 2764 2468 καλλωπιζέσθω
2811 2401 2890 2474 τῷ
2928 2401 3100 2474 πόθῳ,
3136 2401 3233 2457 καὶ
3278 2401 3509 2466 πολλοὺς
3546 2401 3772 2456 ποιείτω
3810 2419 3925 2457 κοιο

2339 2495 2540 2556 νωνοὺς
2568 2494 2670 2564 τῆς
2699 2493 3019 2565 ἐπιθυμίας,
3051 2493 3146 2547 καὶ
3183 2493 3520 2564 συνεραστάς
3549 2492 3715 2548 αὑτοῦ
3753 2511 3928 2548 κατα-

2341 2585 2652 2650 σκευαζέτω
2682 2586 2929 2658 μυρίους.
2974 2586 3038 2640 Εί
3080 2586 3181 2658 μὲν
3227 2585 3338 2657 γάρ
3371 2581 3441 2658 ῆν
3486 2583 3592 2656 ὀδῷ
3639 2584 3928 2656 βαδίζοντα

2340 2679 2434 2731 καὶ
2466 2678 2616 2744 τάξει
2651 2677 3032 2750 προϐαίνοντα,
3077 2679 3172 2732 καὶ
3204 2677 3273 2732 τά
3299 2678 3545 2750 πρότερα
3569 2677 3769 2742 εἰπεῖν,
3828 2679 3928 2733 καὶ⁸

2339 2769 2474 2841 πρὸς
2499 2769 2568 2823 τά
2592 2771 2731 2840 μέσα
2763 2769 2988 2839 φθάσαι.
3023 2769 3124 2822 οὐκ
3146 2767 3212 2824 ἄν
3239 2770 3340 2841 τὴν
3364 2769 3538 2840 ἀρχὴν
3567 2769 3818 2838 ἀφέντες,
3843 2771 3930 2824 εύ-

2341 2860 2480 2925 θέως
2510 2860 2604 2915 ἐπὶ
2640 2861 2702 2914 16
2731 2860 2894 2932 μέσον
2923 2860 3180 2932 ῆλθομεν·
3217 2861 3408 2933 ἐπειδὴ
3434 2862 3492 2915 δέ
3524 2860 3635 2916 τῶν
3662 2861 3927 2935 Πατέρων

2338 2951 2366 3004 6
2399 2951 2563 3021 νόμος
2599 2949 2810 3005 κελεύει
2845 2951 2984 3021 μετά
3017 2950 3116 3022 τὴν
3150 2952 3536 3024 Πεντηκοστήν
3572 2954 3928 3010 ἀποτίθεσθαι

2339 3043 2399 3098 16
2423 3041 2650 3112 βιϐλίον,
2682 3043 2775 3095 καὶ
2799 3041 2876 3113 τῷ
2911 3041 3055 3096 τέλει
3079 3043 3180 3114 τῆς
3201 3043 3396 3114 ἐορτῆς
3420 3043 3628 3117 ταύτης
3653 3061 3931 3116 συγκατα.

2339 3134 2526 3187 λύεται
2560 3135 2654 3188 καὶ
2691 3135 2725 3204 ή
2763 3132 2859 3188 τοῦ
2916 3132 3124 3205 βιϐλίου
3165 3134 3494 3204 ἀνάγνωσις,
3531 3136 3810 3209 ἐφοϐήθην
3846 3141 3926 3211 μή

2344 3244 2473 3280 ποτε
2498 3227 2630 3297 περὶ
2656 3226 2726 3280 16
2751 3226 3016 3297 προοίμια
3048 3227 3465 3299 ἀσχολουμένων
3490 3231 3523 3300 ή
3533 3229 3653 3300 μῶν
3685 3229 3779 3284 καὶ
3811 3219 3932 3285 δία-

2342 3319 2657 3391 τριϐόντων,
2701 3319 3095 3392 προσεκδράμῃ
3137 3319 3236 3391 τήν
3288 3320 3564 3393 ἡμετέραν
3608 3320 3795 3393 ἄφιξιν
3826 3320 3933 3391 τῆς

2345 3413 2589 3485 ἱστορίας
2647 3415 2682 3484 ἡ
2739 3411 3050 3468 ἀκολουθία.
3096 3412 3196 3466 Διά
3233 3413 3391 3467 τοῦτο
3422 3413 3656 3486 ἔδραμον
3688 3414 3798 3468 ἀπὸ
3831 3413 3935 3485 τῆς

2345 3505 2518 3577 ἀρχῆς
2547 3505 2641 3558 τοῦ
2657 3504 3012 3576 διηγήματος,
3042 3505 3135 3558 καὶ
3155 3503 3407 3576 καθάπερ
3445 3504 3690 3575 κεφαλῆς
3709 3504 3935 3560 δπισθεν

2344 3597 2590 3666 κατέχων
2627 3595 2687 3649 16
2710 3596 2997 3667 προοίμιον
3020 3596 3119 3667 τῆς
3149 3596 3413 3666 ἱστορίας,
3451 3594 3716 3660 κελεύσας
3752 3598 3934 3666 μεῖναι

2343 3690 2436 3742 καὶ
2455 3688 2645 3760 στῆναι
2675 3690 2818 3759 ὑμᾶς
2847 3689 2906 3742 ἐν
2934 3692 3000 3760 τῇ
3040 3689 3180 3760 ἀρχῇ
3209 3688 3308 3759 τῆς
3342 3686 3483 3742 ὁδοῦ.
3520 3689 3634 3759 Τῆς
3660 3688 3770 3760 γὰρ
3824 3687 3924 3743 τοῦ

2343 3784 2677 3854 διηγήματος
2709 3783 2953 3853 κεφαλῆς
2990 3781 3289 3852 ἁψάμενος,
3323 3780 3543 3852 θαῤῥῶν
3569 3779 3760 3834 λοιπὸν
3786 3781 3933 3835 ἄπα-

2348 3894 2431 3929 σιν
2461 3874 2716 3945 ἐπέξειμι
2742 3875 2858 3937 τοῖς
2886 3873 3117 3938 λοιποῖς,
3150 3873 3252 3928 κάν
3283 3875 3315 3944 ή
3341 3873 3505 3946 ἑορτὴ
3541 3873 3811 3946 παρέλθῃ·
3839 3873 3934 3930 οῦ-

2343 3974 2454 4037 δεὶς
2485 3972 2596 4044 γάρ
2619 3973 2750 4043 ἡμῖν
2791 3971 3049 4043 ἀκαιρίαν
3094 3971 3403 4041 ἐγκαλέσει,
3454 3971 3625 4042 αὐτῆς
3665 3971 3763 4042 τῆς
3793 3972 3935 4027 κατά

2345 4078 2443 4148 τὴν
2463 4075 2788 4130 ἀκολουθίαν
2819 4075 3068 4146 ἀνάγκης
3098 4075 3207 4128 τῶν
3235 4075 3337 4147 τῆς
3365 4075 3628 4146 ἀκαιρίας
3650 4074 3935 4147 ἐγκλημά-

2347 4199 2453 4234 των
2476 4178 2927 4251 ἀπαλλαττούσης
2973 4180 3142 4250 ἡμᾶς·
3182 4177 3271 4233 διὰ
3296 4178 3455 4232 τοῦτο
3486 4179 3594 4233 ἀπὸ
3612 4178 3723 4232 τῶν
3748 4197 3936 4251 προοι-

2354 4279 2492 4351 μίων
2525 4279 2618 4331 ἐπὶ
2662 4277 2723 4332 16
2773 4278 2938 4348 μέσον
2967 4278 3223 4350 ἔδραμον.
3269 4278 3390 4331 Ὀτι
3429 4279 3540 4348 γὰρ
3576 4278 3677 4337 οἰκ
3715 4273 3785 4350 ῆν
3829 4278 3935 4349 ὁδῷ

2353 4380 2634 4451 βαδίζοντα
2660 4379 2796 4451 πρὸς
2823 4380 3031 4434 Παῦλον
3055 4380 3248 4439 ἐλθεῖν.
3272 4378 3410 4432 ἀλλά
3437 4377 3845 4452 προεξέδραμεν
3870 4380 3936 4434 ἂν

2349 4480 2740 4553 τῆςήμετέρας
2767 4479 3012 4551 γλώττης
3040 4481 3100 4534 16
3130 4480 3354 4550 βιϐλίον,
3370 4472 3463 4535 καλ
3483 4481 3582 4545 τὰς
3610 4480 3781 4552 θύρας
3800 4484 3936 4553 ήμῖν

2349 4579 2673 4635 ἀπέκλεισεν
2718 4579 2806 4642 ἂν,
2837 4577 2897 4645 ἐξ
2935 4577 3102 4632 αὐτοῦ
3131 4577 3225 4632 τοῦ
3266 4578 3552 4649 προοιμίου
3583 4579 3798 4650 ποιήσω
3829 4597 3938 4651 φα-

2348 4680 2526 4751 νερὸν,
2556 4681 2605 4733 εί
2655 4679 2749 4733 καὶ
2778 4678 2879 4750 ήδη
2908 4679 3095 4748 γέγονε
3129 4677 3286 4731 τοῦτο
3314 4677 3492 4746 δῆλον.

2421 4781 2483 4837 6'.
2528 4783 2590 4837 Εί
2626 4781 2736 4854 γὰρ
2766 4782 3081 4854 ἐπιγραφήν
3118 4782 3288 4854 μόνην
3315 4783 3445 4854 ὑμῖν
3469 4773 3966 4853 ἀναγινώσκοντεςῖ

2353 4874 2444 4926 καὶ
2477 4871 2850 4943 ἐξηγούμενοι,
2870 4873 2930 4926 16
2951 4873 3123 4942 ἥμισυ
3141 4872 3238 4944 τῆς
3256 4873 3452 4944 ἐορτῆς
3479 4871 3865 4944 ἀνηλώσαμεν,
3889 4874 3936 4928 εί

2353 4964 2448 5017 καὶ
2475 4963 2610 5035 πρὸς
2630 4963 2691 5017 τὺ
2720 4963 2960 5033 πέλαγος
2983 4964 3117 5017 αὐτὸ
3147 4963 3239 5016 τοῦ
3269 4963 3474 5032 βιϐλίου
3505 4964 3614 5017 ἀπὸ
3636 4963 3729 5017 τοῦ
3753 4981 3934 5037 προοι-

2356 5054 2479 5125 μίου
2511 5054 2824 5126 ἀρξάμενοι,
2871 5055 2960 5108 τδν
3015 5055 3174 5123 λόγον
3225 5056 3441 5124 ἀφεῖναι
3477 5055 3936 5127 ἐπεχειρήσαμεν,

2354 5147 2516 5201 πόσον
2568 5147 2632 5201 ἀν
2661 5146 3021 5217 ἀνηλώσαμεν
3063 5147 3275 5217 χρόνον,
3311 5146 3451 5200 ὥστε
3497 5145 3697 5214 φθάσαι
3747 5149 3828 5211 είς
3870 5148 3940 5201 τά

2353 5239 2493 5293 κατὰ
2521 5239 2610 5292 τὸν
2639 5237 2848 5293 Παῦλον
2878 5237 3224 5308 διηγήματα;
3256 5237 3473 5292 Μᾶλλον
3499 5237 3556 5291 δὲ
3583 5237 3642 5303 ἐξ
3663 5235 3824 5290 αὑτοῦ
3841 5237 3938 5291 ⁴τοῦ

2355 5330 2641 5403 προοιμίου
2673 5331 2832 5402 δῆλον
2863 5330 2991 5400 ύμῖν
3012 5328 3170 5383 τοῦτο
3194 5330 3418 5398 ποιῆσαι
3450 5328 3806 5399 πειράσομαι.
3825 5327 3940 5382 Τὸν

2348 5419 2465 5490 μὲν
2493 5417 2728 5487 πρῶτον
2752 5417 2939 5487 λόγον·
2986 5417 3367 5486 ἐποιησάμην
3424 5418 3557 5486 περὶ
3597 5417 3864 5482 πάντων,
3893 5413 3942 5473 ὦ

2357 5513 2623 5581 Θεόφιλε.
2678 5511 2830 5565 Πόσα
2875 5511 3122 5581 νομίζετε
3163 5510 3396 5564 ἐνταῦθα
3432 5505 3568 5564 εἶναι
3611 5510 3937 5581 ζητήματα;

2357 5603 2600 5676 Πρῶτον,
2623 5604 2766 5667 τίνος
2785 5605 2969 5657 ἕνεκεν
3002 5604 3410 5675 ἀναμιμνήσκει
3431 5602 3594 5657 αὐτὸν
3620 5600 3714 5655 τοῦ
3748 5601 3938 5672 προτέ-

2362 5715 2452 5765 ρου
2474 5695 2698 5766 βιϐλίου.
2732 5695 3013 5766 Δεύτερον,
3044 5695 3188 5759 τίνος
3205 5695 3390 5748 ἕνεκεν
3417 5694 3606 5763 λόγον
3634 5693 3806 5757 καλεῐ,
3844 5690 3938 5747 καί
