4212 6290
324 341 431 405 HT

320 478 497 520 amara
522 459 698 517 dulcia
721 458 958 516 ridentur
982 453 1168 527 (Prov.
1191 451 1285 507 27.
1307 450 1365 522 7)
1390 468 1405 507 :
1433 463 1541 505 non
1563 444 1705 521 quod
1726 457 1917 501 eorum

321 572 442 627 qua
467 556 715 628 apposita
741 560 900 617 sunt,
924 556 1113 603 natura
1143 552 1402 610 mutetur,
1432 541 1529 599 sed
1551 539 1695 613 quod
1728 553 1917 595 eorum

323 648 559 716 affectio,
586 647 681 719 qui
704 641 954 702 convivio
979 647 1106 698 sunt
1130 636 1379 708 excepti,
1407 650 1626 691 sensum
1666 632 1919 704 decipiat.

320 743 473 817 Quod
498 743 546 800 si
566 748 785 813 propter
802 734 1146 793 convivarum
1170 730 1516 802 cupiditatem
1541 743 1721 784 amara
1746 726 1919 783 dulcia

320 837 590 901 videntur,
613 830 784 887 multo
822 827 992 898 magis
1015 842 1081 885 ea
1117 841 1239 898 quas
1265 823 1389 879 vilia
1428 830 1573 889 sunt,
1606 827 1920 892 sumptuosa

318 928 667 985 videbuntur.
710 925 885 994 Atque
910 921 1110 977 idcirco
1148 931 1251 974 nos
1287 930 1523 989 quoque,
1554 927 1765 970 summa
1795 912 1923 968 licet

317 1019 498 1092 tnOpia
528 1017 724 1090 pressi,
744 1013 1056 1087 magniﬁcos
1074 1011 1449 1078 convivatores
1474 1008 1766 1074 imitamur,
1789 1004 1918 1060 dum

317 1112 545 1186 singulis
570 1110 813 1168 collectis
835 1107 905 1164 ad
931 1114 1173 1162 nostram
1202 1117 1301 1160 vos
1328 1116 1572 1170 mensam
1602 1098 1915 1155 invitamus.

314 1205 372 1262 ω
403 1219 538 1261 vero
564 1202 789 1259 facimus
816 1214 927 1256 non
954 1195 1161 1253 nostris
1178 1193 1371 1267 opibus
1396 1192 1542 1261 freti,
1564 1189 1662 1249 sed
1682 1186 1827 1262 quod
1848 1187 1918 1245 de

315 1306 495 1354 vestra
525 1293 802 1350 auditione
823 1288 1183 1347 confidamus.

325 1411 336 1422 -
384 1389 441 1445 5.
486 1384 648 1442 Pauli
685 1384 912 1440 conversi
945 1398 1063 1439 cum
1116 1380 1256 1452 pisce
1291 1376 1626 1449 comparatio.
1680 1404 1754 1416 ——
1805 1371 1917 1429 To-

314 1493 427 1539 tum
459 1482 622 1554 igitur
658 1477 898 1536 debitum
938 1472 1303 1543 inscriptionis
1340 1470 1493 1527 vobis
1516 1468 1875 1543 persolvimus
1896 1507 1914 1533 ,

314 1572 681 1644 inscriptionis
704 1613 719 1639 ,
762 1570 978 1639 inquam
1002 1609 1020 1635 ,
1064 1566 1321 1623 Actorum
1367 1562 1807 1635 apostolicorum.
1845 1559 1917 1616 Ut

312 1667 474 1739 igitur
503 1663 710 1719 initium
740 1660 862 1717 libri
900 1659 1317 1730 atti’ngeremus,
1353 1655 1489 1713 ordo
1529 1652 1811 1725 exigebat,
1854 1666 1919 1709 ae

311 1758 652 1820 doceremus,
703 1751 833 1826 quid
876 1750 981 1807 hoc
1030 1748 1134 1806 sibi
1182 1748 1315 1805 velit
1369 1764 1384 1804 :
1434 1746 1671 1802 Primam
1714 1744 1915 1816 quidem

307 1862 597 1905 ammonens
642 1846 854 1915 fecimus
905 1843 970 1898 de
1023 1841 1255 1897 omnibus
1284 1880 1300 1908 ,
1346 1856 1377 1895 ο
1428 1837 1712 1909 Theophila
1734 1878 1751 1906 ,
1803 1852 1918 1908 qua:

310 1942 459 2014 erepit
499 1937 651 1995 Iesus
680 1943 849 2011 facere
879 1951 941 1991 ac
966 1935 1146 1991 docere
1175 1933 1317 2005 (Act.
1347 1934 1399 1989 1.
1423 1932 1500 2006 1).
1528 1931 1915 1989 Verumtamen

311 2024 417 2091 non
463 2033 596 2088 sinit
640 2030 839 2087 Paulus
891 2035 950 2084 ut
998 2026 1139 2083 hanc
1184 2026 1381 2082 seriem
1426 2023 1633 2080 ordinis
1676 2038 1911 2095 sequar,

309 2126 404 2185 sed
444 2124 514 2180 ad
558 2138 618 2180 se
653 2136 858 2193 suaque
894 2128 1046 2177 recte
1087 2117 1224 2174 facta
1270 2117 1508 2189 linguam
1554 2124 1792 2170 nostram
1834 2114 1917 2169 in-

309 2217 460 2273 vitat.
510 2214 680 2286 Cupio
718 2225 950 2283 namque
987 2209 1170 2267 videre
1216 2208 1364 2265 illum
1406 2206 1769 2264 introductum
1815 2206 1890 2261 Da

309 2322 550 2366 mascum
584 2348 603 2375 ,
661 2319 769 2363 non
811 2305 987 2372 ferrea
1039 2311 1226 2359 catena
1250 2341 1267 2367 ,
1325 2300 1422 2357 sed
1460 2299 1729 2357 dominica
1783 2313 1917 2356 voce

308 2401 569 2454 vinctum.
600 2396 774 2468 Cupio
815 2395 1001 2451 videre
1038 2393 1246 2465 piscatu
1282 2402 1499 2465 captum
1540 2392 1743 2463 piscem
1774 2390 1917 2447 hunc

309 2504 585 2562 magnum,
623 2490 715 2562 qui
737 2496 910 2544 totum
936 2495 1239 2543 exaestuans
1264 2500 1416 2541 mare
1458 2484 1777 2551 conturbat,
1822 2483 1913 2554 qui

308 2582 506 2639 ﬂuctus
544 2580 857 2636 innumeros
900 2576 1162 2634 adversus
1210 2575 1507 2631 Ecclesiam
1554 2575 1770 2631 excitat.
1806 2574 1915 2629 Cu-

309 2676 397 2747 pio
444 2673 631 2730 videre
682 2673 860 2744 ipsum
898 2671 1105 2743 piscatu
1151 2678 1368 2741 captum
1415 2683 1521 2725 non
1565 2666 1757 2734 hamo,
1817 2664 1914 2721 sed

309 2766 489 2823 verbis
519 2763 759 2821 Domini.
788 2762 922 2819 Nam
949 2761 1399 2835 quemadmodum
1437 2761 1490 2816 in
1534 2758 1750 2815 sublimi
1781 2772 1914 2829 rupe

311 2858 602 2915 considens
629 2858 863 2929 piscator
888 2897 904 2923 ,
946 2866 1001 2912 et
1025 2855 1342 2911 arundinem
1372 2853 1623 2910 attollens
1646 2894 1662 2919 ,
1693 2852 1911 2907 hamum

308 2952 375 3006 ab
412 2951 525 3005 alto
554 2950 607 3004 in
655 2964 815 3009 mare
844 2946 1080 3004 demittit
1109 2965 1123 3003 :
1152 2946 1230 3003 sic
1269 2948 1520 3001 nimirum
1562 2954 1617 3001 et
1654 2945 1914 3000 Dominus

308 3052 495 3097 noster
522 3040 855 3111 spiritualem
886 3038 1149 3094 exhibens
1182 3038 1509 3108 piscatumm
1554 3046 1825 3107 tamquam
1858 3036 1913 3090 in

307 3136 522 3192 sublimi
551 3136 805 3191 calorum
834 3147 968 3205 rupe
994 3132 1303 3197 eonsidens,
1332 3131 1479 3187 velut
1498 3129 1660 3185 hamo
1680 3128 1912 3201 quodam

306 3227 543 3297 desuper
571 3226 674 3281 hac
700 3239 831 3280 voce
858 3224 1023 3279 missa
1052 3238 1173 3279 cum
1200 3221 1465 3289 dixisset,
1502 3221 1665 3277 Saule
1682 3263 1698 3287 ,
1728 3220 1911 3288 Saule,

306 3318 430 3390 quid
458 3333 541 3372 me
566 3316 877 3387 persequeris
917 3314 1065 3387 (Act.
1103 3314 1158 3369 9.
1193 3311 1291 3386 4)?
1318 3314 1518 3384 piscem
1549 3313 1693 3369 hunc
1721 3313 1910 3384 ingen-

308 3420 416 3468 tem
457 3410 698 3482 piscatus
735 3417 838 3465 est.
882 3408 949 3465 Et
986 3406 1130 3479 quod
1175 3408 1231 3462 in
1270 3408 1419 3478 pisce
1459 3407 1705 3478 contigit,
1751 3421 1912 3478 quem

306 3502 464 3571 jussu
493 3499 706 3557 Domini
735 3500 969 3570 piscatus
994 3506 1079 3554 est
1101 3498 1298 3554 Petrus
1317 3538 1333 3565 ,
1359 3496 1461 3553 hoc
1488 3506 1544 3554 et
1573 3498 1628 3552 in
1656 3498 1759 3553 isto
1790 3511 1915 3554 eve-

307 3594 407 3648 nit.
438 3591 719 3663 Siquidem
755 3590 845 3647 hic
871 3605 1087 3662 quoque
1121 3590 1284 3660 piscis
1312 3591 1363 3645 in
1391 3604 1485 3646 ore
1514 3599 1771 3646 stateram
1813 3589 1913 3644 ha-

304 3685 441 3741 bens
483 3685 734 3741 inventus
761 3690 879 3749 est;
926 3691 1181 3739 staterem
1227 3682 1482 3753 quidem,
1522 3680 1615 3738 sed
1657 3680 1915 3737 adulteri-

307 3792 436 3833 num
471 3795 487 3833 :
516 3776 714 3847 quippe
750 3774 843 3845 qui
867 3773 1044 3830 zelum
1074 3771 1326 3840 haberet,
1357 3773 1453 3829 sed
1480 3788 1587 3828 non
1614 3772 1911 3829 secundum

309 3870 612 3927 scientiam.
641 3867 934 3938 Propterea
963 3881 1087 3923 cum
1112 3865 1393 3922 scientiam
1419 3865 1494 3921 illi
1517 3865 1740 3935 largitus
1768 3871 1916 3919 esset

310 3961 487 4029 Deus,
521 3958 749 4031 probum
777 3958 924 4013 illum
955 3972 1233 4013 nummum
1271 3956 1503 4012 reddidit
1535 3974 1549 4011 :
1579 3966 1633 4012 et
1658 3956 1800 4027 quod
1834 3957 1913 4025 pi-

309 4048 459 4108 scatu
487 4049 657 4120 captis
683 4047 879 4104 accidit
920 4048 1156 4119 piscibus
1176 4087 1193 4113 ,
1237 4047 1339 4109 hoc
1369 4056 1425 4103 et
1463 4047 1518 4102 in
1562 4047 1665 4102 isto
1694 4046 1909 4102 accidit.

307 4142 441 4199 Nam
471 4149 531 4196 ut
558 4141 632 4197 illi
656 4155 778 4197 cum
807 4140 1041 4212 primum
1065 4141 1290 4196 extracti
1314 4155 1346 4196 e
1372 4140 1511 4197 mari
1537 4139 1754 4209 fuerint,
1782 4155 1915 4196 con-

309 4235 488 4292 festim
515 4236 646 4291 czeci
674 4234 808 4290 iiunt
840 4251 854 4287 :
885 4234 967 4290 sic
988 4242 1043 4290 et
1068 4234 1170 4291 iste
1197 4233 1480 4289 confestim
1511 4233 1727 4289 hamum
1750 4250 1912 4290 exce-

309 4328 405 4398 pit,
434 4335 783 4383 etextractus
799 4325 1086 4382 confestim
1112 4334 1197 4382 est
1220 4334 1519 4382 excaecatus
1549 4342 1563 4381 :
1593 4342 1781 4382 verum
1814 4342 1913 4383 ex-

306 4420 529 4477 czecatio
543 4418 661 4475 hzec
681 4418 877 4487 eﬂ'ecit,
894 4426 955 4475 ut
976 4427 1122 4476 totus
1138 4419 1284 4477 orbis
1300 4428 1563 4477 terrarum
1580 4420 1753 4476 visum
1776 4420 1913 4477 reci-

309 4521 483 4583 peret.
512 4510 639 4566 Haec
675 4510 836 4581 igitur
862 4513 1041 4566 omnia
1070 4512 1231 4582 cupio
1258 4526 1505 4567 cernere.
1531 4510 1666 4566 Nam
1701 4511 1746 4566 si
1773 4510 1911 4567 forte

310 4601 508 4658 bellum
538 4616 638 4657 nos
658 4601 994 4657 barbaricum
1013 4602 1441 4669 circumsideret,
1463 4610 1520 4658 et
1538 4602 1589 4658 in
1612 4603 1780 4659 aciem
1803 4603 1913 4659 dis-

310 4695 468 4766 positi
486 4696 669 4750 hostes
690 4696 967 4751 innumera
985 4696 1141 4753 nobis
1158 4696 1371 4768 negotia
1395 4697 1741 4766 facesserent,
1755 4698 1910 4754 dein-

308 4787 377 4844 de
397 4786 750 4842 barbarorum
772 4787 1039 4848 exercitus
1062 4787 1281 4854 ductor,
1305 4788 1395 4859 qui
1417 4788 1680 4845 machinis
1697 4804 1794 4845 nos
1815 4805 1913 4861 op-

310 4889 573 4949 pugnaret
598 4879 916 4947 innumeris,
948 4894 1141 4950 resque
1168 4888 1382 4937 nostras
1410 4895 1600 4937 omnes
1624 4881 1912 4939 conturba-

309 4980 420 5036 ret,
449 4977 505 5025 et
525 4970 754 5025 tumultu
776 4984 837 5026 ac
859 4972 1260 5042 perturbatione
1279 4973 1590 5044 compleret,
1615 4974 1803 5031 urbem
1826 4976 1909 5047 ip-

310 5077 421 5118 tam
446 5060 688 5117 funditus
706 5078 1018 5119 eversurum
1038 5078 1099 5120 se
1123 5063 1437 5131 minaretur,
1460 5076 1515 5121 et
1534 5068 1655 5139 igne
1681 5083 1908 5125 succen-

309 5169 519 5221 surum,
549 5156 639 5224 qui
671 5155 984 5211 servitutem
1000 5156 1311 5225 intentaret,
1333 5157 1616 5215 confestim
1652 5160 1907 5233 ablmpe-

310 5254 487 5300 ratore
502 5254 690 5302 nostro
700 5248 912 5302 vinctus
933 5255 987 5301 et
1004 5248 1248 5318 captivus
1268 5249 1319 5304 in
1338 5250 1521 5308 urbem
1542 5252 1910 5311 introducere.

311 5346 413 5399 tur,
440 5352 622 5393 nonne
649 5352 837 5395 omnes
862 5353 984 5396 cum
1014 5342 1327 5400 mulieribus
1354 5352 1409 5400 et
1434 5346 1671 5415 puerulis
1697 5346 1765 5403 ad
1788 5363 1910 5419 spe-

310 5429 576 5485 ctaculum
593 5428 721 5485 illud
741 5431 1118 5489 exsiliremus?
1136 5434 1360 5503 Quando
1380 5436 1539 5506 igitur
1562 5448 1615 5493 et
1636 5454 1779 5495 nunc
1805 5439 1911 5495 hel-

314 5520 417 5578 lum
446 5532 531 5581 est
554 5525 834 5594 indictum,
866 5525 993 5582 dum
1021 5528 1202 5583 omnia
1232 5527 1565 5585 confundunt
1588 5531 1911 5604 turbantque

315 5613 509 5683 Judaei,
544 5626 601 5673 et
624 5617 806 5675 multis
836 5618 1100 5676 machinis
1129 5620 1384 5677 Ecclesiae
1404 5621 1640 5693 quietem
1668 5639 1730 5679 ac
1757 5639 1911 5681 secu-

314 5708 521 5766 ritatem
550 5720 892 5784 oppugnant;
934 5722 1093 5785 caput
1116 5723 1292 5770 autem
1318 5725 1372 5771 et
1400 5717 1648 5788 princeps
1676 5718 1907 5774 hostium

316 5812 435 5854 cum
458 5815 606 5860 cssct
640 5804 858 5877 Paulus,
887 5808 975 5879 qui
1012 5807 1213 5879 majora
1245 5825 1403 5881 quam
1432 5812 1612 5868 caeteri
1642 5811 1869 5869 faciebat
1889 5856 1903 5881 ,

857 338 925 397 IN
964 336 1190 405 lLLUD,
1230 331 1498 393 ssuws
1533 328 1767 389 ADHUC
1806 326 2113 387 SPIMNS.
2161 330 2247 387 DE
2288 333 2690 393 uUTATIONE
2717 335 3055 397 somnum.
3092 336 3140 395 ι.
3529 342 3623 403 tt!

2033 457 2097 502 ac
2123 444 2356 516 dicebat,
2393 450 2485 521 qui
2509 459 2703 508 cuncta
2739 451 3001 511 miscebat
3022 462 3077 512 et
3099 449 3493 525 conturbabit,
3516 455 3633 530 iam

2032 552 2063 595 a
2091 538 2320 602 Domino
2346 552 2532 599 nostro
2552 542 2681 601 .icsu
2706 542 2919 602 Christo
2946 544 3278 619 Imperatore
3303 544 3490 616 nostro
3517 549 3635 616 viu-

2032 642 2152 691 ctus
2176 646 2281 700 est,
2311 634 2368 699 et
2406 637 2651 709 captivus
2673 636 2936 695 abductus
2965 640 3057 711 qui
3084 650 3277 697 cuneta
3310 656 3510 714 susque
3533 641 3632 698 de-

2032 739 2138 803 que
2176 728 2459 797 vertebat,
2505 744 2613 785 non
2640 730 2709 786 ad
2733 732 3097 801 spectaculum
3128 731 3269 789 istud
3294 733 3635 803 egrediemur

2030 834 2240 888 omnes,
2263 829 2323 877 ut
2339 823 2609 894 captivum
2630 822 2807 894 ipsum
2834 824 2959 881 duci
2979 822 3288 881 videamus?
3307 824 3442 881 Nam
3463 836 3517 883 et
3535 842 3634 882 an-

2028 910 2134 982 geli
2162 927 2287 969 eum
2333 928 2366 970 e
2410 915 2557 971 caelis
2598 915 2773 987 ipsum
2817 914 2941 972 duci
2985 916 3257 988 captivum
3302 928 3627 986 cernerent,

2028 1006 2371 1064 exsultabant
2398 1025 2413 1064 :
2445 1024 2555 1065 non
2596 1008 2744 1081 quod
2773 1010 3012 1066 vinctum
3051 1018 3343 1068 cernerent
3377 1019 3585 1068 tantum
3610 1054 3629 1079 ,

2026 1100 2122 1157 sed
2151 1101 2276 1173 quia
2296 1142 2312 1170 ,
2348 1102 2735 1175 quam‘multos
2761 1100 3007 1159 homines
3030 1116 3062 1158 a
3090 1101 3318 1159 vinculis
3343 1102 3631 1173 expeditu-

2026 1203 2297 1270 ruses'set
2318 1237 2333 1259 ,
2365 1194 2675 1267 cogitabant
2703 1214 2717 1251 :
2751 1210 2857 1251 non
2896 1195 3040 1267 quod
3071 1211 3231 1251 manu
3258 1194 3630 1268 duci‘specta-

2024 1293 2167 1351 rent,
2200 1285 2294 1341 sed
2314 1285 2457 1357 quad
2486 1296 2665 1343 mente
2682 1294 2991 1354 versarent,
3024 1302 3187 1358 quam
3216 1287 3415 1343 multos
3441 1288 3620 1343 homi-

2026 1388 2124 1429 nes
2152 1374 2205 1429 in
2234 1376 2425 1432 etclam
2456 1392 2487 1433 ο
2515 1376 2676 1433 terris
2703 1376 2897 1449 injecta
2930 1393 3092 1433 manu
3118 1388 3265 1435 esset
3293 1378 3632 1436 introductu-

2024 1481 2139 1523 rus.
2170 1467 2464 1539 Propterea
2494 1468 2831 1539 gaudebant,
2860 1485 2969 1526 non
3005 1470 3150 1541 quod
3186 1482 3515 1527 excaecatum
3542 1474 3628 1529 vi-

2025 1561 2243 1631 derent,
2274 1562 2369 1618 sed
2391 1562 2534 1633 quod
2562 1563 2945 1635 intelligerent,
2973 1574 3205 1637 quantos
3241 1575 3387 1623 esset
3410 1582 3441 1621 e
3468 1575 3628 1623 tene-

2023 1652 2136 1708 bris
2187 1652 2481 1709 educturus
2533 1672 2547 1710 :
2602 1654 2960 1713 Proﬁciscere
3014 1671 3269 1727 namque,
3319 1658 3511 1729 inquit,
3559 1658 3626 1714 ad

2022 1752 2232 1815 gentes,
2257 1753 2314 1799 et
2340 1759 2372 1800 a
2403 1745 2638 1801 tenebris
2667 1746 2924 1803 liberatos
2951 1747 3003 1802 in
3025 1762 3250 1818 regnum
3278 1764 3371 1805 cos
3392 1750 3630 1807 dilectio-

2023 1834 2109 1891 nis
2137 1834 2339 1891 Cltristi
2383 1837 2693 1893 transferes.
2725 1838 3019 1909 Pr0pterea
3056 1840 3225 1896 misso
3262 1842 3519 1911 exordio,
3556 1842 3627 1899 ad

2023 1925 2260 1983 medium
2282 1942 2515 1999 propero
2544 1929 2814 1987 transilire
2844 1949 2859 1985 :
2884 1946 3006 1986 nam
3028 1932 3229 1989 Paulus
3248 1942 3304 1990 et
3324 1935 3377 1989 in
3402 1935 3626 1993 Paulum

2021 2032 2177 2075 amor
2202 2019 2344 2076 hunc
2371 2018 2503 2077 dare
2527 2021 2724 2077 saltum
2751 2038 2850 2079 nos
2877 2024 3073 2095 coegit.
3101 2023 3298 2080 Paulus
3319 2034 3375 2081 et
3402 2026 3453 2081 in
3482 2028 3627 2083 Pau-

2022 2110 2134 2166 lum
2173 2111 2346 2167 amor.
2390 2110 2654 2183 Ignoscite
2683 2113 2814 2169 mihi
2849 2113 2981 2170 :vel
3009 2116 3223 2187 potius,
3261 2118 3428 2174 nolite
3469 2119 3627 2192 igno-

2022 2217 2211 2269 scere,
2247 2203 2344 2259 sed
2372 2213 2429 2259 et
2460 2218 2702 2261 amorem
2732 2206 2894 2262 istum
2923 2208 3270 2263 aemulamini.
3298 2207 3432 2264 Nam
3461 2212 3508 2266 is
3535 2211 3627 2282 qui

2024 2296 2168 2367 turpi
2206 2311 2393 2353 amore
2420 2308 2703 2369 correptus
2726 2308 2845 2366 est,
2878 2300 3074 2357 merito
3099 2303 3310 2357 veniam
3340 2304 3575 2373 postulat
3607 2322 3621 2360 :
3672 2322 3679 2327 ’

2020 2387 2115 2459 qui
2143 2403 2273 2445 vero
2314 2389 2580 2459 ejusmodi
2608 2405 2794 2448 amore
2822 2389 3014 2463 ﬂagrat
3034 2433 3050 2458 ,
3098 2392 3201 2449 hac
3224 2393 3476 2465 cupidine
3510 2394 3627 2466 glo-

2020 2481 2212 2544 rietur.
2252 2482 2561 2552 multosque
2589 2481 2750 2538 faciat
2781 2483 3033 2539 desiderii
3070 2484 3226 2540 istius
3251 2487 3540 2556 participes
3572 2494 3629 2542 et

2021 2571 2337 2629 innumeros
2356 2582 2633 2645 comparet
2659 2574 2761 2630 sibi
2788 2575 3005 2632 rivales.
3038 2576 3093 2633 Si
3118 2575 3262 2632 enim
3295 2576 3409 2632 fieri
3439 2587 3627 2651 posset

2021 2672 2080 2720 ut
2106 2674 2251 2720 recta
2271 2665 2358 2722 via
2387 2675 2696 2738 pergentes,
2720 2676 2776 2723 et
2797 2667 2989 2724 ordine
3017 2668 3425 2741 progredientes
3445 2668 3625 2739 priora

2020 2756 2324 2813 diceremus
2350 2798 2366 2825 ,
2400 2766 2456 2814 et
2492 2759 2560 2814 ad
2596 2774 2658 2815 ea
2689 2776 2808 2830 ilus:
2852 2761 2906 2816 in
2933 2760 3115 2817 medio
3155 2770 3281 2817 sunt
3318 2778 3628 2833 pervenire-

2020 2867 2142 2907 mus
2165 2893 2179 2918 ,
2206 2867 2550 2923 nequaquam
2580 2854 2782 2909 omisso
2814 2854 3077 2925 principio
3104 2854 3390 2911 confestim
3414 2854 3483 2910 ad
3513 2871 3629 2911 me-

2019 2944 2167 2999 dium
2188 2945 2527 3002 venissemus
2558 2965 2572 3003 :
2595 2945 2689 3002 sed
2712 2948 2965 3019 quoniam
2996 2956 3120 3019 post
3148 2947 3506 3005 Pentecostcu
3530 2949 3629 3005 de-

2020 3036 2148 3105 poni
2192 3037 2387 3092 lihrum
2429 3038 2515 3093 lex
2545 3048 2757 3108 patrum
2786 3040 2941 3109 jubet
2965 3080 2980 3104 ,
3012 3047 3069 3096 et
3103 3055 3207 3095 una
3234 3056 3357 3096 cum
3387 3040 3494 3097 fine
3532 3056 3626 3109 so-

2019 3125 2314 3182 lemnitatis
2343 3126 2502 3197 hujus
2533 3128 2692 3183 lectio
2720 3129 2840 3185 libri
2868 3131 3185 3186 terminatur
3207 3170 3223 3199 ,
3252 3132 3457 3186 veritus
3482 3145 3622 3202 sum,

2019 3236 2089 3277 ne
2116 3221 2241 3277 dum
2268 3222 2322 3278 in
2349 3225 2684 3294 exponendis
2710 3226 2988 3296 prooemiis
3006 3242 3333 3300 occupamur
3354 3237 3407 3285 et
3428 3230 3627 3285 immo-

2020 3329 2205 3370 rantur
2224 3357 2239 3381 ,
2269 3315 2509 3372 historia:
2533 3319 2705 3374 series
2730 3334 2831 3375 nos
2862 3322 3007 3390 prius
3033 3321 3297 3393 effugeret
3316 3365 3332 3390 ,
3364 3339 3524 3395 quam
3553 3322 3623 3377 il-

2021 3404 2130 3460 lam
2177 3420 2458 3477 possemus
2484 3410 2770 3481 attingere.
2816 3411 3023 3467 Idcirco
3063 3427 3095 3467 a
3139 3414 3402 3483 principio
3434 3428 3628 3469 narra-

2021 3497 2183 3553 tionis
2206 3496 2271 3552 ad
2303 3498 2407 3553 alia
2436 3514 2754 3571 properans,
2787 3512 2841 3558 et
2866 3507 3187 3574 prommium
3220 3505 3458 3561 historiae
3484 3514 3625 3561 tam-

2018 3603 2179 3659 quam
2206 3602 2235 3642 a
2265 3590 2552 3661 posteriori
2584 3593 2774 3662 capitis
2800 3603 2951 3664 parte
2981 3596 3309 3666 prehensum
3341 3598 3582 3653 retinens
3602 3640 3622 3667 ,

2019 3693 2239 3735 manere
2265 3695 2362 3736 vos
2382 3681 2541 3752 jussi,
2569 3691 2625 3739 et
2646 3684 2698 3738 in
2723 3685 2985 3758 principio
3006 3686 3108 3743 via:
3132 3686 3445 3745 subsistere.
3470 3688 3626 3745 Post-

2018 3785 2179 3841 quam
2224 3772 2369 3827 enim
2412 3775 2737 3831 narrationis
2773 3787 2935 3848 caput
2975 3779 3204 3849 attigero
3230 3822 3245 3846 ,
3286 3780 3625 3837 confidenter

2019 3864 2275 3937 deinceps
2300 3881 2421 3937 qua:
2445 3876 2765 3937 sequuntur,
2787 3870 3031 3941 quamvis
3055 3871 3249 3927 festum
3278 3873 3622 3943 praeterierit,

2018 3965 2209 4013 cuncta
2253 3972 2597 4027 percurram;
2641 3964 2817 4031 neque
2861 3976 2989 4017 vero
3032 3978 3132 4018 nos
3170 3978 3428 4019 accusare
3471 3964 3625 4035 quis-

2019 4065 2179 4121 quam
2207 4052 2426 4121 poterit,
2452 4052 2595 4123 quod
2627 4052 3060 4125 intempestivam
3092 4056 3458 4112 narrationem
3484 4057 3622 4114 affe-

2020 4156 2203 4198 ramus
2226 4186 2241 4209 ,
2273 4159 2395 4200 cum
2437 4145 2644 4202 ordinis
2685 4146 2851 4218 ipsius
2886 4149 3183 4203 necessitas
3211 4149 3359 4204 omni
3399 4165 3500 4206 nos
3543 4150 3623 4205 in-

2020 4238 2323 4307 tempesﬁvi
2364 4239 2666 4308 argumenti
2709 4240 3052 4296 accusatione
3081 4240 3273 4297 liberet
3305 4259 3319 4295 :
3351 4258 3513 4313 quam
3554 4245 3625 4299 ob

2018 4341 2237 4383 causam
2276 4343 2306 4382 a
2343 4328 2609 4399 prommio
2654 4329 2722 4384 ad
2754 4330 2989 4385 medium
3016 4345 3187 4403 usque
3227 4332 3463 4389 decurri.
3506 4334 3625 4392 Non

2018 4419 2164 4474 enim
2196 4418 2314 4474 fieri
2354 4418 2627 4489 potuisse,
2669 4420 2715 4476 si
2742 4429 2889 4477 recta
2916 4422 2999 4477 via
3033 4424 3304 4493 progressi
3342 4438 3625 4493 essemus,

2019 4518 2079 4566 ut
2105 4510 2173 4565 ad
2203 4510 2428 4565 Paulum
2472 4512 2876 4581 perveniremus
2901 4554 2916 4580 ,
2961 4512 3057 4568 sed
3100 4513 3339 4585 linguam
3380 4524 3624 4573 nostram

2017 4602 2167 4672 prius
2192 4616 2478 4658 evasurum
2505 4601 2677 4658 fuisse
2704 4602 2899 4658 librum
2922 4644 2939 4671 ,
2975 4604 3237 4676 nobisque
3271 4606 3413 4662 fores
3435 4608 3625 4664 occlu-

2016 4707 2200 4749 surum
2220 4734 2237 4761 ,
2267 4708 2332 4749 ex
2374 4693 2542 4764 ipsius
2574 4694 2821 4765 prooemii
2851 4694 3189 4765 expositione
3212 4697 3623 4769 demonstrabo,

2019 4787 2234 4842 tametsi
2257 4788 2369 4857 jam
2405 4786 2537 4842 illud
2566 4802 2626 4843 re
2656 4786 2771 4857 ipsa
2802 4785 3125 4857 patefactum
3153 4797 3256 4844 est.

2088 4878 2143 4934 ι.
2176 4877 2311 4935 Nam
2335 4880 2381 4934 si
2411 4879 2539 4935 dum
2571 4870 2740 4934 solam
2770 4878 2924 4934 vobis
2954 4879 3356 4950 inscriptionem
3394 4881 3628 4953 legimus

2018 4979 2073 5026 et
2101 4986 2438 5039 enarramus,
2470 4970 2750 5026 dimidium
2775 4970 3130 5027 sulemnitatis
3162 4974 3625 5045 consumpsimus,

2018 5066 2065 5121 si
2092 5067 2160 5123 ab
2186 5065 2409 5123 exordio
2438 5065 2593 5121 initio
2634 5068 2775 5121 facto
2814 5066 2869 5120 in
2897 5066 3070 5136 ipsum
3102 5066 3226 5122 libri
3251 5068 3470 5139 pelagus
3502 5084 3627 5125 ora-

2018 5159 2220 5215 tionem
2256 5158 2543 5215 immittere
2566 5159 2936 5229 cmpissemus,
2956 5169 3233 5230 quantum,
3254 5175 3459 5230 quaeso,
3489 5169 3631 5216 tem-

2017 5252 2164 5323 poris
2195 5251 2643 5321 impendissemus
2667 5292 2683 5319 ,
2717 5259 2774 5307 ut
2806 5250 2873 5306 ad
2906 5251 3022 5306 illas
3063 5250 3132 5306 de
3162 5251 3329 5306 Paulo
3358 5253 3624 5307 narratio-

2018 5358 2115 5399 nes
2144 5342 2589 5414 perveniremus?
2620 5343 2732 5398 lmo
2764 5358 2893 5398 vero
2921 5358 2987 5399 ex
3024 5343 3141 5413 ipso
3173 5342 3439 5412 prommio
3468 5343 3629 5398 vobis

2019 5435 2123 5492 hoc
2149 5438 2322 5506 ipsum
2343 5435 2581 5492 conabor
2604 5434 2910 5491 ostendere.
2942 5432 3177 5501 Primum
3198 5434 3401 5505 quidem
3428 5450 3623 5489 sermo-

2019 5547 2133 5586 nem
2169 5532 2267 5602 feci
2310 5530 2374 5585 de
2399 5528 2665 5595 omnibus,
2710 5544 2741 5582 ο
2778 5525 3065 5597 TheOphile
3091 5526 3229 5597 (Act.
3270 5528 3322 5581 1.
3363 5527 3440 5599 1).
3482 5526 3624 5593 Quot

2018 5621 2341 5679 existimatis
2384 5620 2472 5674 hic
2501 5633 2623 5675 esse
2660 5617 3028 5689 quaestiones?
3074 5617 3312 5672 Primum
3359 5616 3576 5686 quidem
3605 5658 3626 5683 ,

2020 5730 2181 5787 quam
2218 5714 2288 5770 ob
2315 5728 2531 5770 causam
2570 5712 2803 5783 priorem
2846 5710 3040 5767 librum
3084 5710 3136 5763 in
3177 5708 3496 5764 memoriam
3541 5708 3623 5763 illi

2023 5815 2256 5866 revocet.
2283 5805 2552 5873 Secundo,
2585 5819 2743 5877 quam
2771 5802 2839 5859 ob
2866 5816 3079 5857 causam
3116 5800 3415 5855 Sermonem
3440 5808 3627 5869 vocet,
