4212 6290
637 327 736 381 119

625 452 680 495 ct
714 458 817 498 non
847 438 1203 520 Evangelium
1236 472 1249 507 :
1282 459 1490 522 tametsi
1522 458 1717 518 Paulus
1747 463 2093 535 Evangelium
2141 468 2208 523 il-

626 532 734 586 lum
767 545 922 592 vocat
944 579 961 605 ,
1004 540 1129 594 dum
1161 542 1238 596 sic
1263 545 1337 597 ait
1372 564 1385 600 :
1415 547 1575 619 Cujus
1605 551 1719 608 laus
1745 565 1833 609 est
1861 532 1921 611 in
1955 561 2211 630 euangelio

624 639 714 691 per
740 639 913 681 omnes
943 627 1195 685 Ecclesias
1234 633 1313 703 (2.
1346 635 1462 691 Cor.
1507 638 1561 695 8.
1598 640 1686 714 18)
1712 684 1729 710 ,
1770 644 1838 700 de
1878 646 2017 703 Luca
2047 627 2211 706 verba

625 710 850 770 faciens.
882 716 1060 772 Tertio
1096 736 1198 789 qua
1234 723 1303 779 de
1335 739 1493 783 causa
1522 710 1696 798 dicat,
1726 734 1802 789 De
1836 737 2065 794 omnibus
2097 757 2213 812 qua:

624 802 744 867 fecit
787 803 959 860 Iesus.
1012 805 1068 862 Si
1107 810 1251 866 enim
1292 813 1529 874 Joannes
1568 820 1765 878 Christi
1810 826 2070 897 dilectus,
2108 802 2210 901 'qui

627 902 767 947 tanta
800 896 990 954 ﬁducia
1011 904 1289 975 gratiaque
1313 910 1453 979 apud
1481 912 1630 969 illum
1655 917 1883 984 valebat,
1914 922 1998 975 cui
2024 896 2208 980 datum

625 982 816 1052 fuerat,
850 996 907 1042 ut
933 1006 1095 1061 supra
1122 1009 1334 1053 sacrum
1366 1002 1494 1058 illud
1527 1015 1712 1074 pectus
1732 982 2089 1081 recumberet,
2117 1018 2208 1086 qui

622 1074 840 1143 spiritus
862 1078 1037 1139 fontes
1064 1084 1186 1141 inde
1218 1088 1485 1161 hauserat,
1522 1096 1607 1151 hic
1633 1097 1763 1153 illud
1786 1101 1965 1160 dicere
1986 1074 2209 1166 minime

621 1178 784 1220 ausus
807 1178 909 1235 est,
928 1172 1022 1226 sed
1051 1183 1247 1230 tantam
1269 1183 1570 1239 cautionem
1594 1186 1853 1254 adhibuit.
1882 1202 1939 1247 ut
1962 1194 2164 1254 diceret
2191 1219 2205 1256 :

623 1253 685 1308 Si
713 1258 995 1316 scribantur
1022 1280 1111 1334 per
1132 1268 1335 1338 singula
1360 1275 1530 1328 omnia
1557 1318 1571 1343 ,
1616 1296 1730 1349 qua
1767 1286 1886 1354 fecit
1931 1253 2163 1347 Christus

622 1362 712 1399 nec
738 1349 903 1418 ipsum
930 1353 1150 1410 arbitror
1176 1361 1418 1416 mundum
1448 1381 1627 1436 capere
1651 1387 1797 1441 posse
1822 1391 1906 1429 eos
1925 1416 1939 1441 ,
1968 1381 2055 1450 qui
2073 1383 2205 1436 scri-

619 1440 766 1492 bendi
808 1453 967 1510 sunt,
1011 1446 1165 1504 libros
1207 1450 1385 1523 (Ioan.
1418 1455 1509 1513 Ἦ.
1545 1440 1685 1531 25):
1716 1440 1992 1534 quomodo
2024 1472 2206 1530 dicere

620 1527 705 1583 hic
732 1544 895 1587 ausus
919 1545 1001 1590 est
1029 1553 1043 1589 :
1072 1538 1304 1596 Primum
1326 1547 1529 1614 quidem
1550 1567 1829 1610 sermonem
1846 1561 1942 1628 feci
1957 1561 2020 1614 de
2040 1564 2206 1618 omni—

616 1624 727 1685 bus,
761 1639 790 1676 o
820 1624 1120 1699 Theophila,
1147 1649 1262 1703 qua:
1285 1639 1406 1708 fecit
1430 1639 1584 1698 Iesus
1608 1645 1758 1714 (Luc.
1786 1624 1957 1723 iri)?
1981 1670 2048 1709 an
2075 1671 2204 1712 vero

616 1726 775 1779 parva
799 1718 952 1772 nobis
978 1719 1093 1777 hrrc
1121 1728 1346 1793 quaestio
1370 1730 1619 1789 videtur?
1640 1738 1815 1809 Atque
1836 1718 1943 1798 illic
1962 1745 2196 1815 quidem,

617 1802 821 1872 Optime
860 1807 1171 1882 Ttieopliile,
1208 1832 1401 1875 nomen
1443 1838 1566 1878 cum
1599 1802 1755 1885 laude
1799 1802 2031 1901 positum
2068 1850 2151 1893 est
2184 1859 2198 1896 :

614 1908 789 1964 neque
819 1900 960 1954 enim
1004 1902 1106 1959 hoc
1146 1906 1261 1963 sine
1304 1927 1464 1968 causa
1504 1916 1705 1974 dictum
1753 1900 1836 1979 est
1876 1929 2094 1984 sanctis.
2133 1932 2202 1987 Et

613 1983 753 2040 forte
792 1985 921 2044 illud
948 2006 1013 2047 ex
1058 2006 1210 2064 parte
1253 2000 1735 2067 demonstravimus
1760 2054 1775 2080 ,
1820 2030 1993 2087 neque
2034 2036 2199 2078 unum

612 2074 717 2130 iota
742 2120 759 2145 ,
805 2096 977 2152 neque
1011 2090 1216 2156 apicem
1266 2107 1429 2151 unum
1468 2107 1670 2158 temere
1711 2109 1942 2174 positum
1985 2127 2103 2167 esse
2144 2116 2195 2171 in

607 2165 916 2239 Scripturis.
965 2175 1018 2232 Si
1060 2194 1187 2250 ergo
1225 2192 1302 2239 tot
1345 2202 1407 2243 ac
1451 2198 1612 2248 tanta:
1657 2165 1783 2252 sunt
1828 2200 1881 2255 in
1932 2206 2196 2272 promniio

606 2264 962 2332 qua-stiones,
1004 2284 1258 2339 quantum
1305 2280 1456 2335 nobis
1488 2288 1743 2355 temporis
1778 2292 2192 2362 impendendum

607 2351 814 2419 fuisset,
846 2359 889 2412 si
920 2364 1098 2418 omnia
1128 2383 1244 2436 qua:
1274 2374 1652 2446 sequebantur,
1684 2384 2043 2444 voluissemus
2070 2409 2194 2463 per-

604 2449 872 2503 currere?
902 2451 1005 2508 [las
1030 2456 1098 2510 ob
1128 2474 1337 2529 causas,
1368 2473 1741 2534 prtetermissis
1770 2492 1888 2546 qua:
1915 2482 2191 2553 interjecta

603 2546 775 2599 erant,
804 2550 1020 2598 coactus
1041 2561 1157 2601 sum
1184 2552 1250 2605 ad
1276 2553 1496 2612 Paulum
1522 2562 1721 2618 venire.
1753 2566 1861 2622 Cur
1882 2570 2040 2641 igitur
2072 2592 2195 2644 pro-

603 2629 791 2696 positis
834 2638 1219 2702 quzestionibus
1260 2662 1444 2705 earum
1476 2654 1795 2714 solutionem
1840 2678 1945 2719 non
1991 2667 2191 2738 adjeci-

600 2723 760 2776 mus?
811 2723 878 2780 Ut
926 2729 1130 2787 scilicet
1173 2751 1268 2791 vos
1314 2744 1770 2805 assuefaceremus
1820 2770 1926 2809 non
1978 2774 2191 2832 semper

601 2826 844 2870 mansum
872 2822 1118 2892 excipere
1138 2828 1333 2896 cibum,
1357 2834 1451 2888 sed
1476 2850 1842 2907 saepenumero
1865 2849 2185 2909 solutionem

599 2909 880 2963 sententiis
926 2926 1021 2982 per
1063 2931 1157 2973 vos
1200 2924 1341 2989 ipsos
1381 2925 1691 3000 adjungere,
1722 2938 1862 3005 quod
1895 2938 2069 2997 facere
2096 2960 2184 3000 so-

601 2994 713 3049 lent
742 2999 1022 3058 columbae.
1076 3007 1346 3079 Siquidem
1391 2994 1500 3070 illa:
1543 2994 1715 3089 pullos
1739 2994 2185 3104 .quamdiunqui-

596 3086 717 3142 dcm
750 3088 803 3143 in
832 3093 957 3148 nido
978 3110 1214 3168 manent,
1242 3120 1335 3161 ore
1363 3112 1577 3181 preprio
1603 3118 1840 3172 nutriunt
1864 3139 1878 3175 :
1903 3133 2180 3196 postquam

595 3186 775 3235 autem
802 3183 999 3251 ejicere
1031 3189 1147 3246 illos
1188 3210 1220 3248 e
1265 3197 1389 3253 nido
1429 3214 1653 3270 possunt
1678 3249 1693 3272 ,
1736 3211 1921 3281 eisque
1956 3228 2183 3275 cernunt

591 3269 699 3338 jam
729 3284 883 3332 natas
910 3280 1019 3335 alas
1044 3322 1059 3347 ,
1104 3300 1209 3341 non
1253 3289 1361 3357 jam
1391 3269 1621 3364 amplius
1661 3300 1713 3355 id
1746 3315 2038 3373 praestant,
2081 3313 2178 3369 sed

598 3376 824 3429 granum
863 3370 1077 3438 quidem
1122 3391 1215 3432 ore
1244 3392 1453 3449 gestant
1496 3395 1552 3441 et
1590 3370 1901 3449 ostentant:
1936 3370 2035 3453 ubi
2052 3418 2179 3459 vero

591 3451 717 3518 pulli
749 3469 1027 3524 sperantes
1056 3468 1271 3535 propius
1308 3477 1668 3547 accesserint,
1697 3480 1971 3541 dimissam
2002 3489 2053 3543 in
2084 3507 2179 3561 pa-

1654 3541 1664 3547 _
2084 3541 2148 3561 Γ

589 3541 880 3602 vimentum
911 3565 1087 3608 escam
1110 3569 1309 3617 matres
1329 3579 1425 3633 per
1445 3569 1652 3639 seipsos
1667 3573 1857 3642 jubent
1883 3580 2134 3652 colligere
2159 3606 2174 3642 :

1330 3632 1347 3633 ί
1526 3632 1543 3639 _
1667 3632 1685 3642 _
1894 3632 2090 3652 ωηο--
2108 3632 2133 3639 ν
2159 3632 2173 3642 .

587 3632 665 3687 sic
693 3644 748 3689 et
775 3652 872 3693 nos
901 3640 1141 3715 fecimus,
1171 3650 1296 3705 dum
1324 3669 1546 3729 accepto
1573 3662 1626 3716 in
1647 3678 1742 3721 ore
1762 3668 2025 3738 spirituali
2053 3677 2174 3732 cibo

588 3740 681 3781 vos
720 3730 1057 3794 invitavimus
1089 3750 1356 3816 tamquam
1387 3753 1705 3813 solutionem
1733 3775 1882 3818 more
1910 3779 2172 3827 consueto

583 3823 874 3887 cxposituri
906 3844 920 3881 :
945 3839 1225 3903 postquam
1259 3848 1435 3896 autem
1465 3846 1775 3921 advenistis,
1809 3863 1863 3910 et
1889 3872 1982 3913 vos
2007 3876 2166 3919 exce-

586 3916 769 3975 pturos
794 3922 1067 4003 sperastis,
1098 3941 1191 3981 vos
1214 3927 1548 4004 dimisimus,
1580 3949 1635 3996 ut
1662 3916 1769 4014 ipsi
1789 3962 1888 4017 per
1918 3965 2015 4007 vos
2039 3967 2167 4010 scn-

586 4002 777 4057 tentias
828 4000 1107 4081 colligatis.
1160 4019 1443 4089 Proliterea
1490 4000 1751 4100 prooemio
1789 4000 2051 4102 derelicto
2099 4050 2167 4103 ad

583 4089 801 4149 Paulum
830 4097 1163 4163 festinamus.
1199 4111 1399 4172 Dicturi
1429 4135 1590 4189 perm
1627 4140 1813 4186 sumus
1841 4149 1945 4192 non
1973 4153 2035 4193 ea
2072 4155 2163 4197 so-

580 4178 689 4235 lum
719 4187 913 4255 quibus
949 4190 1205 4254 Ecclesia:
1234 4178 1461 4275 profuit,
1489 4212 1584 4267 sed
1615 4216 1773 4273 etiam
1801 4237 1863 4277 ea
1894 4226 2088 4296 quibus
2116 4234 2164 4287 ei

578 4274 761 4328 nocuit
792 4294 806 4327 :
837 4293 959 4335 nam
987 4294 1043 4339 et
1070 4285 1184 4346 haec
1220 4307 1251 4348 e
1280 4310 1338 4351 re
1368 4309 1549 4356 nostra
1585 4314 1668 4360 est
1692 4312 1885 4367 oratio.
1899 4274 2166 4381 1Dicemus

576 4375 683 4428 (Ιυο
733 4376 891 4484 placto
932 4373 1152 4432 verbum
1204 4385 1594 4450 praedicationis
1642 4373 2163 4484 oppugnaretpquo

578 4462 731 4484 nnnln
804 4456 968 4484 I._:-.-
1002 4464 1017 4484 ι
1048 4468 1105 4484 ,n
1246 4474 1258 4484 .
1308 4475 1329 4484 -

578 4462 731 4518 pacto
757 4454 972 4517 Christo
1001 4464 1198 4525 bellum
1245 4474 1484 4548 inferret,
1538 4502 1646 4555 quo
1679 4454 1845 4562 ’βλεῖο
1885 4454 2160 4572 ει)οὲιῶοέ

577 4557 1017 4620 Ρετεθίιυενειυτ,
1047 4572 1153 4628 quo
1181 4573 1337 4633 pacto
1365 4567 1545 4629 hostili
1571 4578 1625 4632 in
1652 4557 1747 4637 eos
1773 4557 1954 4647 animo

577 4651 676 4666 ......
707 4650 858 4666 η-.-
1200 4656 1213 4666 .

571 4651 677 4747 quo
706 4650 862 4709 pacto
882 4642 1135 4747 Ecclesia
1164 4656 1281 4726 plus
1310 4666 1543 4734 negotii,
1572 4685 1731 4742 quam
1764 4642 1946 4738 czeteri
1969 4642 2157 4747 omnes

1165 4724 1177 4726 _
1379 4724 1407 4733 ν
1529 4724 1543 4734 ,
1583 4724 1731 4742 ιή--π
1767 4724 1945 4738 ν-νσνιι
1970 4724 2157 4747 νωιιῠδ

570 4724 879 4788 facesseret.
924 4734 1300 4803 Verumtamen
1328 4756 1598 4815 neminem
1624 4765 1820 4832 pudeat
1839 4770 1954 4829 hac
1972 4778 2157 4839 audire

574 4816 633 4839 Δ.-
669 4817 796 4839 h-,,s
814 4838 821 4839 ,
1112 4834 1124 4839 -
1210 4836 1222 4839 -

1624 4816 1643 4832 τ
1667 4816 1820 4824 ηνν-τ
1839 4816 1954 4829 --υυν
1972 4816 2156 4839 ΙΙιιυιΙυ

569 4816 636 4872 de
668 4817 836 4877 Paulo
866 4842 879 4878 :
906 4841 1015 4884 non
1038 4834 1181 4890 enim
1209 4836 1323 4896 haec
1352 4856 1477 4902 sunt
1500 4850 1617 4920 ejus
1641 4862 2030 4933 accusationes,
2056 4872 2156 4929 sed

569 4910 778 4933 l---.I--—-
818 4931 837 4933 ς
891 4918 923 4933 -³
1194 4929 1203 4933 ”

1526 4910 1546 4920 _
1688 4910 2030 4933 ,__-_---......,
2059 4910 2149 4929 σω.

568 4910 783 4968 laudum
814 4918 990 4987 potius
1030 4929 1360 4988 occasiones.
1402 4935 1517 4996 Non
1544 4945 1685 5000 enim
1711 4951 1914 5010 crimen
1941 4969 2023 5014 est
2052 4961 2149 5033 illi,

563 5017 688 5061 cum
727 5009 871 5078 prius
907 5013 1182 5087 improbus
1214 5023 1434 5096 fuisset,
1462 5022 1683 5095 bonum
1728 5042 1982 5119 deinceps
2028 5009 2154 5110 ova:

565 5094 734 5165 sisse;
767 5103 863 5158 sed
888 5104 955 5171 si,
982 5122 1106 5165 cum
1134 5114 1281 5183 prius
1307 5094 1505 5179 virtute
1530 5130 1783 5195 praeditus
1809 5094 2020 5209 fuisset,
2055 5159 2151 5215 po-

563 5197 678 5245 stea
724 5203 1063 5275 mutatusad
1114 5205 1507 5277 improbitatem
1545 5218 1889 5297 descivisset;
1934 5197 2150 5307 semper

546 5283 706 5337 enim
736 5300 824 5341 res
853 5302 921 5343 ex
954 5290 1057 5351 ﬁne
1094 5296 1421 5367 judicantur.
1464 5307 1595 5366 Nam
1634 5324 1689 5369 et
1720 5283 2103 5388 gubernatores
2126 5372 2143 5399 ,

568 5373 685 5399 ΗΑ.-.
720 5377 825 5399 ε---ᾴ
866 5398 891 5399 η
922 5398 925 5399 ,
1056 5389 1066 5399 .
1286 5396 1296 5399 μ

564 5373 690 5431 licet
720 5377 997 5441 innumera
1023 5389 1131 5445 sint
1157 5396 1297 5462 passi
1325 5399 1599 5475 naufragia
1620 5449 1635 5474 ,
1668 5373 2143 5489 eamad—portum

560 5481 748 5523 navem
774 5476 1047 5544 appulsuri
1078 5494 1235 5554 sunt,
1279 5489 1323 5542 si
1355 5490 1606 5553 refertam
1634 5504 1907 5562 mercibus
1929 5476 2143 5570 lonera-

562 5558 695 5615 riam
722 5562 1081 5641 deduxerint,
1112 5592 1447 5651 nequaquam
1473 5586 1593 5644 illos
1617 5592 1757 5650 male
1781 5594 1991 5657 functos
2020 5619 2141 5664 esse

562 5666 782 5714 munere
807 5674 906 5719 suo
930 5662 1176 5737 dicimus,
1207 5688 1327 5730 cum
1356 5681 1431 5734 rei
1458 5682 1632 5740 exitus
1657 5688 1833 5745 omnia
1859 5708 1978 5764 quas
2002 5712 2140 5767 prat-

557 5756 829 5806 cesserant
850 5760 1138 5820 occultat'it
1166 5780 1180 5817 :
1212 5774 1263 5821 et
1294 5782 1478 5827 rursus
1501 5774 1749 5845 athletas,
1780 5756 1902 5841 licet
1932 5756 2127 5846 multo-

1342 342 1398 399 S.
1439 342 1719 403 JOANNIS
1758 347 2231 411 CHRYSOSTOMI
2268 356 2586 417 ARCIHEP.
2629 363 3161 429 CONSTANTINOP.

3806 373 3914 434 tuo

2326 471 2425 528 ties
2455 474 2652 533 fuerint
2674 489 2800 536 ante
2819 484 3081 553 superati,
3110 485 3271 541 modo
3300 486 3353 543 iu
3378 502 3441 545 es
3472 505 3645 562 pugna
3675 508 3917 565 Vincam,

2322 560 2375 616 in
2407 579 2510 635 qua
2538 566 2607 623 de
2630 583 2825 625 corona
2858 574 3033 643 agitur
3050 616 3065 641 ,
3096 591 3430 650 nequaquam
3459 560 3680 653 propter
3705 600 3770 640 ca
3797 560 3920 657 qum

2321 668 2708 723 prtecesserunt
2726 703 2740 727 ,
2770 663 3006 719 victoriae
3027 668 3307 735 praeconiis
3327 668 3721 729 defraudamus.
3746 674 3839 731 Sic
3865 686 3920 732 et

2318 760 2442 817 erga
2467 748 2686 806 Paulum
2710 769 2811 809 nos
2835 771 3104 825 geramus.
3126 759 3260 815 Nam
3283 769 3337 817 et
3359 763 3473 833 ipse
3494 764 3768 837 naufragia
3792 781 3919 837 pas-

2319 851 2410 893 sus
2434 849 2518 894 est
2560 840 2839 899 innumera
2872 863 2888 902 :
2929 849 3026 903 sed
3068 865 3189 905 cum
3230 852 3299 907 ad
3339 862 3551 923 portum
3590 857 3915 927 appulsurus

2319 943 2507 984 navem
2548 930 2685 999 fuit,
2727 933 2980 993 refertam
3018 941 3284 997 mercibus
3325 945 3626 1000 onerariam
3664 946 3913 1003 deduxit.

2317 1020 2386 1076 Et
2424 1024 2873 1093 quemadmodum
2916 1029 3069 1086 Iudas
3114 1032 3245 1087 nihil
3299 1034 3538 1104 profuit,
3588 1038 3910 1111 discipulum

2318 1114 2464 1182 prius
2488 1113 2657 1172 fuisse
2680 1158 2693 1183 ,
2727 1134 2847 1174 cum
2874 1121 3067 1178 deinde
3096 1122 3267 1179 factus
3290 1126 3361 1180 sit
3389 1127 3633 1197 proditor
3661 1148 3676 1187 :
3711 1131 3784 1186 ita
3808 1146 3911 1188 nec

2316 1203 2400 1260 isti
2442 1207 2733 1279 quidquam
2786 1213 2967 1267 nocuit
3008 1222 3163 1269 antea
3214 1228 3657 1287 persequutorem
3695 1219 3908 1289 fuisse,

2312 1310 2432 1351 cum
2458 1300 2781 1370 evangelista
2820 1302 3071 1376 deinceps
3116 1308 3364 1363 evaserit.
3410 1308 3536 1365 Haec
3572 1311 3724 1367 Pauli
3771 1323 3903 1370 sunt

2312 1390 2598 1456 praeconia,
2623 1406 2729 1447 non
2761 1395 2905 1465 quod
2937 1396 3232 1454 Ecclesiam
3263 1399 3608 1471 subvenerit,
3634 1403 3729 1459 sed
3759 1405 3904 1476 quod

2310 1478 2479 1549 ipsam
2520 1498 2706 1539 rursus
2735 1485 3015 1542 :editicarit
3044 1505 3060 1543 :
3094 1504 3202 1544 non
3236 1489 3381 1560 quod
3410 1491 3632 1547 verbum
3676 1494 3772 1550 Dei
3803 1509 3903 1567 0p-

2312 1572 2557 1641 pugnarit
2576 1614 2589 1638 ,
2631 1573 2727 1629 sed
2756 1576 2899 1645 quod
2922 1619 2936 1641 ,
2964 1587 3247 1649 postquam
3277 1580 3498 1637 verbum
3530 1595 3904 1655 oppugnarat,

2310 1662 2422 1732 ipse
2463 1665 2593 1720 illud
2622 1682 2807 1723 rursus
2846 1670 3255 1740 amplificaverit
3283 1692 3297 1729 :
3335 1690 3442 1729 non
3473 1676 3615 1745 quod
3642 1678 3905 1747 apostolis

2311 1751 2509 1808 bellum
2541 1756 2812 1823 intulerit,
2862 1775 2968 1815 non
3012 1764 3154 1832 quod
3191 1779 3410 1836 gregem
3454 1765 3765 1837 dissiparit,
3808 1768 3904 1824 sed

2307 1844 2471 1914 quod,
2502 1846 2588 1900 ubi
2619 1847 2965 1919 dissipasset,
3000 1853 3151 1907 illum
3178 1854 3293 1924 ipse
3315 1855 3510 1911 deinde
3533 1859 3900 1929 congregarit.

2377 1938 2430 1992 5.
2459 1934 2611 1993 Pauli
2637 1943 2891 1995 conversio
2921 1960 3160 2015 magnum
3194 1947 3512 2001 miraculum.
3547 1948 3788 2003 Liberum
3818 1966 3901 2004 ar-

2305 2027 2527 2085 bitrium.
2551 2062 2624 2072 —
2650 2034 2788 2099 Quid
2816 2034 2916 2091 hoc
2946 2036 3310 2093 admirabilius
3336 2038 3450 2093 ﬁeri
3482 2039 3687 2110 possit?
3716 2039 3901 2111 Lupus

2304 2132 2485 2189 pastor
2517 2130 2602 2177 est
2638 2124 2809 2179 factus
2838 2144 2851 2180 :
2881 2128 2968 2196 qui
2997 2128 3311 2199 sanguinem
3339 2131 3517 2185 ovium
3547 2130 3894 2201 absorbebat,

2300 2212 2610 2283 sanguinem
2642 2229 2797 2271 suum
2824 2233 2923 2288 pro
2943 2219 3113 2276 salute
3134 2222 3311 2275 ovium
3335 2222 3559 2279 fundere
3585 2239 3690 2279 non
3717 2239 3900 2281 cessa-

2301 2303 2396 2357 vit.
2420 2303 2511 2360 Vis
2541 2314 2597 2360 tu
2626 2306 2920 2380 intelligere
2946 2326 3053 2381 quo
3078 2322 3233 2381 pacto
3254 2315 3565 2385 sanguinem
3597 2316 3778 2371 ovium
3804 2318 3898 2374 ab.

2298 2396 2581 2453 sorberet?
2617 2416 2722 2470 quo
2750 2412 2906 2470 pacto
2936 2405 3249 2475 sanguinem
3276 2406 3395 2476 ejus
3424 2408 3598 2478 lingua
3625 2409 3898 2466 stillaret?

2299 2489 2489 2544 Saulus
2508 2500 2677 2545 autem
2703 2494 2873 2549 adhuc
2895 2497 3096 2565 spirans
3123 2498 3285 2551 minas
3307 2509 3353 2551 et
3374 2499 3562 2553 eadem
3582 2500 3635 2553 in
3661 2502 3895 2571 discipu-

2302 2582 2377 2635 los
2404 2581 2611 2637 Domini
2636 2584 2769 2657 (Act.
2795 2586 2846 2639 9.
2883 2586 2957 2658 1).
2990 2588 3237 2643 Attamen
3266 2590 3366 2645 iste
3390 2591 3480 2660 qui
3508 2591 3681 2645 minas
3705 2601 3761 2648 et
3787 2607 3893 2648 cae—

2296 2672 2415 2727 dem
2438 2674 2695 2743 spirabat,
2720 2686 2774 2731 et
2800 2687 3104 2733 sanctorum
3132 2681 3443 2749 sanguinem
3472 2680 3745 2747 fundebat,
3764 2684 3890 2741 audi

2293 2778 2399 2832 quo
2439 2774 2593 2833 pacto
2619 2768 2929 2837 sanguinem
2960 2783 3114 2823 suum
3145 2785 3240 2839 pro
3272 2771 3473 2826 sanctis
3519 2772 3780 2829 funderet.
3829 2776 3891 2831 Si

2291 2858 2566 2911 secundum
2607 2858 2891 2927 hominem,
2922 2863 3113 2933 inquit,
3145 2866 3212 2917 ad
3237 2864 3419 2920 bestias
3444 2870 3665 2939 pugnaui
3696 2869 3890 2939 Ephesi

2292 2946 2365 3014 (Ι.
2397 2946 2619 3005 Canis.
2645 2950 2733 3015 52)
2757 2970 2767 3003 :
2788 2961 2839 3005 et
2858 2968 3065 3020 rursus,
3094 2954 3333 3021 Quotidie
3360 2959 3551 3012 morior
3572 2958 3675 3030 (Ib.
3697 2960 3885 3031 v.31):

2290 3049 2343 3093 et
2374 3055 2579 3108 rursus,
2603 3039 2873 3096 Estimati
2900 3060 3071 3099 sumus
3103 3048 3231 3099 sicut
3266 3064 3382 3101 ores
3409 3049 3672 3104 occisionis
3702 3050 3882 3122 (Rom.

2283 3129 2333 3183 8.
2354 3128 2467 3194 '56).
2491 3130 2787 3198 Atquehoc
2813 3133 3025 3189 dicebat
3056 3135 3099 3189 is
3126 3137 3213 3205 qui
3241 3137 3446 3204 aderat,
3478 3155 3598 3195 cum
3627 3141 3883 3213 Stephani

2288 3223 2503 3290 sanguis
2532 3222 2860 3291 funderetur,
2893 3236 2945 3281 et
2971 3237 3086 3282 erat
3109 3232 3450 3287 consentiens
3481 3234 3597 3289 neci
3624 3236 3762 3303 ejus.
3793 3236 3881 3291 Vi.

2287 3312 2381 3367 des
2412 3322 2466 3367 ut
2493 3315 2647 3384 lupus
2678 3325 2857 3385 pastor
2883 3319 3151 3374 evaserit?
3181 3320 3446 3392 Numquid
3475 3339 3581 3378 non
3606 3326 3879 3383 erubesci-

2286 3405 2393 3472 tis,
2437 3421 2557 3461 cum
2602 3408 2915 3464 audiveritis
2956 3420 3111 3465 antea
3156 3410 3593 3482 perSequutorem
3620 3416 3794 3486 illum,
3822 3429 3878 3475 et

2284 3496 2659 3566 blasphemum
2708 3509 2762 3555 et
2808 3503 3255 3559 contumeliosum
3300 3504 3499 3561 fuisse?
3552 3506 3775 3564 Vidistis
3822 3519 3879 3566 ut

2286 3588 2432 3654 prior
2458 3590 2724 3645 accusatio
2745 3590 2929 3646 laudes
2944 3593 3059 3661 ejus
3077 3607 3209 3647 nova
3232 3597 3539 3651 accessione
3556 3598 3876 3656 cumulat-it?

2282 3676 2471 3733 Nonne
2516 3679 2568 3733 in
2612 3680 2774 3749 priori
2796 3682 2946 3737 vobis
2978 3683 3202 3739 collecta
3232 3683 3478 3741 dicebam
3502 3701 3565 3742 ea
3597 3688 3872 3755 miracula,

2279 3783 2399 3838 quas
2426 3784 2641 3825 crucem
2667 3781 3060 3841 sequutasunt,
3084 3774 3148 3829 iis
3170 3776 3371 3845 majora
3396 3791 3515 3848 quae
3544 3778 3710 3847 ipsam
3738 3796 3873 3851 prte-

2278 3871 2558 3916 ccsserant
2585 3863 2887 3918 exstitisse?
2911 3879 3088 3919 nonne
3116 3864 3170 3918 id
3195 3868 3404 3922 ostendi
3432 3866 3582 3924 vobis
3605 3877 3660 3925 et
3681 3885 3748 3925 ex
3764 3872 3870 3927 mi-

2278 3954 2472 4009 raculis
2500 3962 2554 4009 et
2578 3970 2644 4010 ex
2662 3954 3043 4025 discipulorum
3070 3958 3471 4029 benevolentia;
3504 3974 3559 4019 et
3585 3980 3691 4034 quo
3709 3975 3869 4035 pacto

2275 4055 2432 4101 antea
2463 4046 2674 4116 quidem
2701 4047 2947 4105 Christus
2976 4049 3246 4120 imperans
3272 4061 3512 4111 mortuos
3537 4057 3829 4113 suscitabat
3849 4102 3864 4123 .

2275 4146 2455 4207 postea
2485 4153 2613 4194 vero
2640 4154 2916 4194 servorum
2939 4140 3057 4211 ejus
3080 4142 3265 4197 umbra
3293 4143 3520 4215 idipsum
3540 4147 3865 4216 praestabat?

2270 4245 2378 4300 quo
2408 4239 2564 4301 pacto
2594 4238 2704 4286 tum
2728 4231 2941 4302 quidem
2974 4232 3062 4287 ille
3090 4248 3190 4288 suo
3211 4233 3368 4304 jussu
3397 4235 3653 4293 miracula
3680 4248 3862 4309 patrs-

2268 4321 2360 4377 bat
2388 4339 2402 4375 :
2433 4330 2618 4392 postea
2648 4338 2775 4379 vero
2804 4323 2942 4379 servi
2971 4323 3087 4393 ejus
3111 4340 3305 4381 nomen
3344 4326 3512 4396 ipsius
3545 4341 3860 4401 usurpantes

2267 4413 2469 4483 majora
2498 4412 2801 4470 faciebant?
2847 4430 3025 4471 nonne
3068 4416 3135 4472 de
3178 4416 3421 4474 hostibus
3461 4418 3725 4488 dicebam,
3753 4435 3860 4492 quo

2266 4503 2421 4577 pacto
2457 4506 2838 4563 conscientiam
2868 4507 3081 4583 illorum
3111 4510 3586 4603 perterrefaceret?
3626 4525 3734 4582 quo
3759 4529 3856 4584 pa-

2263 4606 2350 4652 cto
2378 4598 2627 4653 universo
2652 4606 2912 4655 terrarum
2942 4599 3057 4655 orbi
3088 4601 3374 4671 imperaret
3390 4598 3535 4690 i‘quo
3553 4613 3712 4674 pacto
3736 4620 3855 4662 ma-

2258 4686 2376 4757 jora
2406 4686 2602 4745 fuerint
2628 4696 2746 4758 post
2768 4703 2981 4744 crucem
3008 4690 3281 4759 miracula,
3305 4686 3466 4763 quam
3490 4709 3611 4765 quae
3637 4709 3852 4753 crucem

2262 4782 2685 4849 praecesserant?
2714 4779 2859 4836 Illius
2882 4796 3132 4853 germana
3159 4798 3280 4854 qua:
3304 4799 3364 4839 se
3386 4800 3529 4841 nunc
3553 4786 3749 4858 ingerit
3769 4798 3854 4844 est

2258 4871 2449 4927 Oratio.
2477 4872 2629 4940 Quod
2657 4874 2799 4928 enim
2829 4873 3001 4955 majus
3020 4874 3123 4932 hoc
3141 4878 3287 4932 cerni
3314 4878 3484 4948 possit
3508 4878 3849 4950 miraculum,

2257 4962 2399 5032 quod
2429 4963 2480 5017 in
2511 4964 2676 5020 Paulo
2701 4965 2959 5036 contigit?
2992 4964 3124 5021 Nam
3155 4967 3421 5024 viventem
3451 4968 3667 5041 quidem
3699 4970 3849 5028 illum

2256 5052 2445 5107 Petrus
2491 5055 2719 5125 negavit,
2761 5063 2817 5108 at
2864 5064 3130 5112 mortuum
3181 5056 3381 5114 Paulus
3417 5057 3697 5121 coniesms
3744 5070 3846 5119 est.

2254 5142 2424 5198 Porro
2446 5153 2679 5201 mentem
2707 5145 2857 5201 Pauli
2884 5146 3167 5216 pellexisse
3192 5157 3355 5220 atque
3376 5164 3713 5223 expugnasse
3734 5167 3852 5211 ma-

2248 5233 2339 5304 jus
2360 5234 2567 5305 signum
2598 5236 2713 5301 iuit,
2744 5252 2903 5307 quam
2932 5237 3241 5300 umbrarum
3264 5254 3429 5311 opera
3453 5251 3695 5299 mortuos
3723 5258 3842 5300 sus-

2250 5328 2467 5385 citasse.
2511 5329 2646 5385 Nam
2688 5331 2794 5386 illic
2831 5330 3047 5401 quidem
3082 5332 3405 5403 sequebatur
3426 5342 3638 5402 natura,
3666 5350 3845 5407 neque

2250 5418 2533 5488 imperanti
2561 5420 2960 5478 contradicebat
2988 5439 3002 5476 :
3033 5421 3120 5478 hic
3147 5437 3278 5479 vero
3304 5423 3357 5478 in
3390 5432 3654 5494 potestate
3689 5423 3841 5483 liberi

2247 5511 2462 5570 arbitrii
2479 5512 2637 5568 situm
2662 5524 2780 5570 erat
2802 5556 2817 5579 ,
2848 5522 2907 5569 ut
2934 5506 3346 5584 persuaderetur
3370 5516 3456 5572 vel
3480 5532 3587 5572 non
3614 5531 3838 5589 persua-

2248 5602 2498 5670 deretur;
2527 5604 2669 5662 unde
2693 5620 2884 5677 magna
2910 5607 3075 5661 virtus
3099 5606 3215 5678 ejus
3236 5608 3324 5678 qui
3347 5608 3631 5679 persuasit,
3654 5617 3837 5665 osten-

2246 5693 2408 5750 ditur.
2442 5693 2609 5752 Multo
2635 5696 2777 5752 enim
2810 5695 2984 5767 majus
3012 5696 3108 5753 fuit
3130 5697 3457 5754 voluntatem
3485 5699 3833 5801 convertisse,

2245 5801 2403 5857 quam
2435 5794 2677 5845 naturam
2698 5787 2996 5848 correxisse
3019 5805 3031 5845 :
3057 5789 3227 5862 majus
3248 5789 3408 5863 igitur
3430 5789 3643 5849 casteria
3666 5790 3833 5850 omni-
