4212 6290
305 443 431 517 οὐχὶ
453 442 812 511 Εὐαγγέλιονθ
851 442 1030 497 καίτοι
1068 459 1134 512 γε
1163 441 1379 507 Παῦλος
1404 440 1741 511 Εὑαγγέλιον
1774 434 1908 491 αὐτὸ

307 536 490 602 καλεῖ,
502 536 707 590 οὑτωσὶ
731 533 927 605 λέγων,
945 529 1028 590 οὗ
1050 537 1084 590 ό
1105 534 1356 602 ἔπαινος
1369 535 1439 590 ἐν
1457 532 1540 599 τῷ
1563 529 1909 603 Εὐαγγελίφ

306 625 407 703 διὰ
423 623 645 681 πασῶν
682 622 804 679 τῶν
857 623 1253 691 Ἐκκλησιῶν,
1296 624 1428 696 περὶ
1472 622 1569 677 τοῦ
1603 622 1793 678 Δουκᾶ
1821 618 1910 703 λέ-

305 699 446 787 γων.
474 714 696 788 Τρίτον,
744 712 892 777 τίνος
934 711 1121 767 ἐνεκέν
1156 728 1314 784 φησι,
1363 710 1509 780 Περὶ
1554 699 1911 764 πάηωνῶν

304 808 605 877 ἀκοίησεν
630 805 942 875 όίησοῦς.
989 806 1054 859 Εί
1084 802 1197 876 γὰρ
1238 802 1513 875 Ἰωάννης.
1550 804 1581 856 6
1624 798 1909 872 ἀγαπητὸς

301 898 404 955 τοῦ
439 897 701 971 Χριστοῦ,
750 899 791 955 ,ό
819 895 1091 967 τοσαύτης
1139 896 1461 961 ἀπολαύσας
1508 894 1848 968 παρρησίας,
1879 895 1909 947 6

303 992 401 1047 ἐπὶ
437 990 499 1046 16
536 991 733 1062 στῆθος
763 991 942 1045 ἐκεῖνο
966 987 1031 1043 16
1059 987 1214 1059 άγιον
1232 986 1628 1059 κατακλιθῆναι
1643 986 1912 1051 καταξιω-

304 1082 451 1150 θεὶς,
492 1084 524 1137 6
551 1082 654 1147 τάς
686 1081 874 1154 πηγὰς
906 1078 1120 1134 ἐκεῖθεν
1146 1078 1496 1152 ἀρυσάμενος
1525 1076 1620 1133 τοῦ
1648 1075 1906 1148 Πνεύμα-

299 1192 422 1241 τος,
453 1168 609 1241 οὖτος
636 1175 739 1229 οὐκ
777 1172 1049 1246 ἐτόλμησε
1082 1170 1246 1226 τοῦτο
1271 1173 1470 1237 εἰπεῖν,
1499 1169 1637 1225 άλλά
1669 1169 1909 1242 τοσαύτῃ

300 1266 577 1339 κέχρηται
606 1262 899 1335 ἀσφαλείᾳ,
929 1262 1008 1326 ὡς
1028 1262 1225 1325 εἰπεῖν,
1253 1259 1337 1313 δτι
1358 1259 1432 1318 Εἰ
1457 1256 1753 1328 ἐγράφετο
1774 1255 1907 1310 καθ’

264 1396 283 1411 .
299 1356 374 1411 ἓν
392 1355 595 1411 ,πάντα
621 1353 740 1409 ὅσα
766 1351 1059 1420 ἐποίησεν
1087 1352 1120 1405 ό
1152 1346 1432 1418 Χριστὸς,
1466 1346 1592 1401 οὐδ’
1617 1345 1691 1400 6r
1716 1342 1909 1399 αὐτὸν

298 1445 466 1521 clpa:
501 1445 776 1519 χωρῆσαι
810 1446 917 1502 τὸν
952 1449 1192 1517 κόσμον
1208 1444 1284 1501 τὰ
1304 1446 1653 1515 γραφόμενα
1670 1440 1903 1509 βιϐλία·

301 1539 425 1604 πῶς
447 1530 605 1603 οὗτος
642 1536 947 1609 ἐτόλμησεν
998 1538 1197 1603 εἰπεῖν,
1226 1536 1329 1591 δτι-
1366 1536 1478 1591 Τὸν
1516 1534 1637 1606 μὲν
1669 1532 1909 1603 πρῶτον

298 1632 491 1702 λόγον
520 1627 906 1700 ἐποιησάμην
957 1628 1093 1699 περὶ
1126 1626 1391 1697 πάντων,
1437 1622 1486 1682 ὦ
1518 1626 1791 1697 Θεόφιλε,
1819 1618 1910 1680 ὧν

298 1721 597 1791 ἐποίησεν
632 1724 668 1777 ό
709 1720 958 1791 Ἰησοῦς
970 1736 990 1785 ;
1022 1716 1133 1793 ἄρα
1183 1721 1380 1792 μικρὸν
1428 1720 1562 1791 ήμῖν
1589 1717 1654 1773 16
1685 1717 1908 1791 ζήτημα

298 1815 461 1869 τοῦτο
488 1809 633 1871 εἶναι
662 1815 843 1881 δοκεῖς
871 1812 1022 1887 [105]
1061 1814 1242 1868 Κάκεῖ
1275 1812 1398 1885 μὲν,
1429 1810 1729 1883 Κράτιστε
1772 1811 1908 1865 Θεό-

298 1911 464 1979 φιλε,
498 1906 615 1979 μετ’
649 1906 929 1979 ἐγκωμίου
966 1905 1031 1960 16
1054 1905 1247 1979 δνομα·
1277 1903 1399 1958 οὐδέ
1426 1902 1538 1977 7&9
1562 1902 1751 1967 άπλῶς
1779 1901 1908 1956 τοῦ-

297 2016 361 2054 το
378 2000 496 2063 τοῖς
521 1996 700 2069 ἀγίοις
716 1996 955 2070 εἴρηται.
974 1997 1088 2052 Kal
1102 1996 1244 2069 τάχα
1267 1994 1535 2051 καὶτοῦτο
1562 1992 1674 2057 ἀπὸ
1706 1992 1908 2065 μέρους

299 2090 707 2163 ἐδείξαμεν,δτι
730 2088 856 2144 οὐδὲ
891 2087 1026 2143 ἰῶτα
1049 2086 1129 2154 ἓν,
1162 2088 1286 2142 ούδέ
1309 2087 1440 2159 μίαν
1456 2085 1687 2158 κεραίαν
1719 2084 1907 2149 ἁπλῶς

300 2180 452 2237 ἐστιν
482 2178 613 2236 ἰδεῖν
641 2180 700 2234 ἐν
720 2181 841 2243 ταῖς
867 2178 1114 2252 Γραφαῖς
1154 2177 1443 2249 κειμένην.
1473 2174 1538 2229 Εί
1556 2176 1739 2229 τοίνυν
1754 2175 1812 2229 ἐν
1827 2173 1908 2245 τῷ

299 2272 579 2348 προοιμίῳ
607 2270 849 2326 τοσαῦτα
869 2270 1185 2343 ζητήματα,
1207 2269 1377 2324 πόσον
1402 2268 1704 2341 ἐμέλλομεν
1719 2266 1909 2322 ἀναλί-

302 2383 458 2422 σκειν
486 2366 681 2438 χρόνον
728 2365 799 2419 1&
841 2362 974 2435 ἐξῆς
1007 2363 1228 2418 ἅπαντα
1276 2360 1557 2427 ἐπιόντες
1600 2359 1703 2415 Διά
1732 2358 1908 2414 ταῦτα

299 2455 664 2528 ἠναγκάσθην
690 2455 755 2509 16
801 2456 860 2509 ἐν
891 2453 1045 2527 μέσῳ
1080 2452 1478 2525 παραδραμὼν,
1519 2452 1659 2525 πρὸς
1692 2451 1908 2506 Παῦλον

302 2554 503 2611 ἐλθεῖν.
536 2552 698 2618 Τίνος
720 2547 816 2609 06v
848 2552 1039 2607 ἐνεκεν
1080 2549 1151 2605 τά
1176 2549 1470 2625 ζητήματα
1504 2548 1774 2613 εἰπόντες,
1805 2547 1907 2620 τήν

302 2642 460 2699 λύσιν
491 2641 676 2697 αὐτῶν
709 2643 813 2696 οὐκ
866 2640 1259 2713 ἐπηγάγομεν;
1303 2639 1609 2706 Ἐθίζοντες
1654 2639 1800 2710 ὑμᾶς
1830 2636 1906 2709 μή

298 2735 391 2791 διά
422 2734 627 2799 παντὸς
658 2732 1062 2805 μεμασημένην
1087 2731 1339 2805 δέχεσθαι
1376 2731 1477 2804 τὴν
1511 2732 1743 2804 τροφὴν,
1770 2729 1907 2784 ἀλλά

302 2832 578 2906 πολλαχοῦ
607 2834 706 2888 καὶ
736 2832 937 2897 αὐτοὺς
970 2831 1201 2901 ἐπάγειν
1222 2832 1323 2903 τὴν
1357 2830 1513 2884 λύσιν
1546 2832 1660 2894 τοῖς
1694 2831 1907 2901 νοήμασ-

302 2942 411 2991 σεν,
439 2926 581 2997 ὅπερ
633 2922 882 2979 ποιοῦσιν
920 2925 978 2979 al
1014 2923 1357 2996 περιστεραί.
1389 2922 1501 2976 Kal
1554 2921 1665 2993 7&9
1699 2923 1907 2975 ἐκεῖναι

299 3019 429 3084 τοὺς
461 3018 734 3085 νεοττοὺς,
774 3018 882 3081 ἐως
926 3016 1026 3089 μὶν
1057 3016 1123 3071 ἀν
1161 3018 1222 3069 έν
1260 3017 1327 3088 τῇ
1356 3015 1519 3088 καλιᾷ
1556 3014 1800 3085 μένουσι,
1829 3012 1909 3085 τῷ

299 3109 492 3181 οἰκείῳ
514 3108 783 3184 τρέφουσι
811 3108 1067 3180 στόματι’
1098 3106 1323 3162 έπειδάν
1348 3107 1406 3162 δὲ
1436 3108 1635 3170 αὐτοὺς
1663 3103 1908 3176 δυνηθῶ-

303 3216 391 3255 σιν
409 3200 705 3271 ἐξαγαγεῖν
736 3199 838 3270 τῆς
854 3200 1098 3266 ωσσιᾶς,
1130 3198 1226 3253 xal
1250 3198 1434 3253 ῖδωσιν
1458 3199 1644 3262 αὐτοῖς
1662 3197 1908 3267 παγέντα

300 3292 373 3347 τά
408 3291 608 3364 πτερὰ,
637 3289 825 3345 οὐκέτι
842 3288 1004 3345 τοῦτο
1018 3288 1207 3345 λοιπὸν
1228 3288 1497 3356 ποιοῦσιν,
1517 3288 1655 3343 ἀλλά
1676 3289 1906 3361 φέρουσι

304 3383 525 3454 μέντδν
565 3381 769 3437 κόκκον
814 3381 911 3436 ἐπὶ
955 3380 1051 3435 τοῦ
1096 3381 1367 3452 στόματος
1413 3380 1507 3435 καὶ
1543 3380 1904 3435 δεικνύουσιν·

302 3475 527 3531 έπειδάν
554 3474 615 3531 δέ
642 3475 694 3529 οἰ
720 3473 930 3530 νεοττοὶ
963 3472 1442 3546 προσδοκήσαντες
1480 3462 1710 3545 πλησίον
1737 3472 1908 3527 ἔλθω-

304 3584 412 3633 σιν,
439 3568 499 3620 αἰ
529 3565 773 3639 μητέρες
809 3565 1035 3635 ἀφεῖσαι
1057 3564 1159 3637 τήν
1185 3564 1395 3638 τροφὴν
1420 3565 1513 3619 ἐπὶ
1524 3564 1620 3619 τοῦ
1650 3564 1904 3635 ἐδάφους,

301 3659 370 3714 δι’
395 3658 611 3713 ἐαυτῶν
645 3657 963 3713 κελεύουσιν
1005 3656 1389 3737 ἀναλέγεσθαι·
1429 3658 1575 3713 οὕτω
1604 3660 1697 3715 καὶ
1742 3662 1908 3731 ἡμεῖς

303 3752 670 3824 ἐποιήσαμεν,
700 3749 962 3817 λαϐόντες
1005 3748 1108 3822 τὴν
1146 3751 1527 3824 πνευματικήν
1568 3753 1776 3826 τροφὴν
1816 3755 1907 3808 ἐπὶ

302 3843 397 3899 τοῦ
433 3843 729 3915 στόματος,
754 3840 1100 3914 έκαλέσαμεν
1129 3841 1296 3914 ὑμᾶς,
1320 3842 1398 3909 ὡς
1417 3843 1755 3916 δηλώσοντες
1777 3838 1907 3919 ὑμῖν

308 3934 561 4009 συνήθως
595 3935 697 4006 τὴν
724 3933 901 3991 λύσιν’
933 3934 1126 4007 ἐπειδὴ
1160 3935 1219 3990 δέ
1240 3934 1578 4009 προσήλθετε
1601 3938 1699 3991 καὶ
1730 3956 1907 4011 προσ-

306 4028 604 4101 εδοκήσατε
624 4023 908 4094 δέξασθαι,
943 4024 1262 4097 ἀφήκαμεν,
1292 4024 1437 4081 ὥστε
1468 4027 1617 4098 ὑμᾶς
1647 4030 1717 4083 δι’
1751 4030 1908 4102 ὑμῶν

305 4116 492 4172 αὐτῶν
510 4115 876 4183 ἀναδέξασθαι
916 4115 988 4169 τὰ
1014 4116 1288 4189 νοήματα.
1319 4116 1420 4172 Διά
1445 4117 1606 4173 τοῦτο
1631 4119 1693 4174 16
1722 4120 1909 4192 προοί-

309 4232 432 4287 μιον
455 4213 708 4285 ἀφέντες,
737 4212 877 4286 πρὸς
910 4212 1122 4269 Παῦλον
1148 4214 1505 4288 έπειγόμεθα.
1549 4217 1821 4291 Ἔροῦμεν
1847 4220 1905 4275 δὲ

305 4306 405 4378 οὐχ
448 4306 553 4363 δσα
574 4306 677 4385 τήν
713 4305 1045 4378 Ἐκκλησίαν
1065 4306 1316 4378 ὠφέλησε
1332 4306 1513 4379 μόνον,
1538 4308 1655 4364 ἀλλ’
1679 4312 1781 4367 ὅσα
1811 4314 1908 4382 καὶ

307 4394 534 4467 έϐλαψε·
595 4395 695 4452 καὶ
734 4396 847 4470 7&9
903 4398 1202 4468 ἀναγκαῖος
1246 4398 1380 4471 ήμῖν
1433 4394 1591 4467 οὗτος
1645 4404 1676 4457 6
1725 4403 1904 4476 λόγος.

320 4486 591 4560 Ἐροῦμεν
610 4485 730 4553 πῶς
757 4488 1076 4562 ἐμαχήσατο
1104 4489 1185 4563 τῷ
1219 4490 1367 4564 λόγῳ
1402 4492 1496 4547 τοῦ
1526 4494 1906 4569 κηρύγματος,

309 4576 429 4641 πῶς
461 4576 779 4653 ἐπολέμησε
827 4578 908 4653 τῷ
951 4578 1197 4652 Χριστῷ,
1245 4580 1366 4646 πῶς
1392 4582 1581 4651 έδίωξε
1617 4586 1745 4650 τοὺς
1773 4587 1910 4641 ἀπο-

311 4668 558 4737 στόλους,
590 4669 793 4734 πῶςτά
824 4670 936 4725 τῶν
965 4669 1244 4742 πολεμίων
1272 4672 1514 4745 ἐφρόνει,
1536 4674 1653 4741 πῶς
1690 4676 1910 4734 πάντων

310 4760 536 4816 πλείονα
561 4763 792 4834 παρεῖχε
818 4764 887 4835 τῇ
930 4762 1229 4837 Ἐκκλησία
1255 4765 1579 4838 πράγματα.
1621 4769 1783 4825 ’Λλλά
1805 4788 1911 4844 μη-

308 4851 424 4917 δεὶς
453 4852 800 4924 αἰσχυνέσθω
829 4852 959 4926 περὶ
989 4846 1206 4908 Παύλου
1238 4854 1415 4911 ταῦτα
1443 4857 1679 4913 ἀκούων·
1709 4862 1770 4914 οὐ
1799 4862 1911 4937 γάρ

311 4943 464 4998 ἐστιν
495 4943 662 4999 αὐτοῦ
692 4946 1151 5019 κατηγορήματα,
1182 4946 1297 5001 ἀλλ’
1320 4948 1615 5021 ἐγκωμίων
1628 4953 1906 5021 ὑπόθεσις.

311 5034 389 5088 06
429 5032 544 5108 7&9
565 5037 873 5108 κατηγορία
899 5036 1052 5110 αὐτῷ
1083 5036 1348 5112 πρότερον
1369 5038 1498 5095 δντα
1514 5043 1737 5111 φαῦλον,
1753 5044 1909 5100 ὓστε-

317 5138 412 5194 ρον
434 5122 694 5194 γενέσθαι
718 5124 979 5197 χρηστὸν,
1010 5125 1149 5183 ἀλλά
1181 5127 1247 5183 16
1274 5129 1541 5204 πρότερον
1576 5131 1707 5187 δντα
1737 5152 1909 5190 σπου-

309 5213 487 5280 δαῖον,
521 5211 756 5288 ὕστερον
805 5216 1242 5289 μεταϐάλλεσθαι
1287 5220 1425 5293 πρὸς
1474 5224 1765 5297 πονηρίαν·
1798 5226 1910 5282 ἀπὸ

313 5304 425 5378 7&9
445 5305 541 5361 106
562 5306 753 5372 τέλους
784 5308 873 5363 ἀεὶ
898 5308 970 5365 τά
1008 5310 1316 5383 πράγματα
1343 5314 1612 5388 κρίνεται.
1643 5318 1756 5372 Καὶ
1799 5321 1909 5391 γὰρ

313 5396 443 5462 τοὺς
482 5395 850 5471 κυϐερνήτας,
894 5400 1001 5456 κάν
1028 5403 1201 5476 μυρία
1249 5405 1485 5476 ναυάγια
1520 5407 1905 5479 ὑπομείνωσιν,

312 5489 445 5543 ὅταν
480 5487 750 5559 μέλλωσιν
782 5493 862 5556 είς
882 5492 978 5548 τὸν
1010 5492 1205 5566 λιμένα
1237 5497 1545 5570 καταίρειν,
1577 5498 1644 5554 ἂν
1670 5502 1910 5573 φορτίων

318 5580 764 5653 πεπληρωμένην
798 5583 1000 5641 ὁλκάδα
1045 5588 1459 5657 καταγάγωσιν,
1489 5591 1550 5645 οὐ
1588 5594 1765 5664 φαμὲν
1809 5612 1907 5648 πε-

319 5668 561 5741 πρᾶχθαι
584 5669 794 5738 κακῶς,
827 5671 923 5726 τοῦ
965 5674 1154 5738 τέλους
1185 5674 1255 5728 τὰ
1295 5676 1637 5748 παρελθόντα
1656 5670 1910 5752 ἀποκρύ-

315 5758 534 5827 ιιαντος·
568 5761 665 5817 καὶ
695 5763 823 5827 τοὺς
843 5763 1083 5837 ἀθλητὰς
1114 5764 1295 5836 πάλιν,
1331 5767 1434 5822 κᾶν
1450 5769 1625 5842 μυρία
1642 5772 1908 5845 πρότερον

749 330 841 387 ἸΝ
883 328 1124 395 ILLUD,
1170 321 1451 386 SAULUS
1490 325 1728 382 ADIIUC
1771 323 2089 381 SPIRANS.
2125 323 2214 379 DE
2256 324 2674 383 MUTATIONE
2710 320 3064 381 NOMINUM.
3106 320 3145 376 1.

3512 322 3614 384 ίῢ

2018 433 2317 506 ήττηθῶσι,
2344 433 2445 506 τὴν
2471 433 2529 488 δέ
2578 430 2832 505 περὶτοῦ
2864 430 3133 503 στεφάνου
3174 430 3354 504 πάλην
3402 437 3613 505 κρατή-

2021 542 2207 588 σωσιν,
2242 525 2345 580 οὐκ
2373 522 2791 598 ἀποστεροῦμεν
2818 523 2929 578 τῶν
2959 524 3255 597 ἐγκωμίων
3274 523 3387 579 τῶν
3422 525 3517 581 ἐπὶ
3544 528 3617 599 τῇ

2018 620 2146 692 νίκῃ
2170 619 2260 674 διά
2286 622 2357 674 τὰ
2387 621 2653 692 πρότερα.
2690 618 2848 673 Οῦτω
2873 618 2969 673 καὶ
2998 618 3091 672 ἐπὶ
3124 617 3341 673 Παύλου
3374 619 3615 690 ποιήσω-

2020 730 2141 786 μεν.
2171 712 2283 768 Καὶ
2300 712 2411 784 7&9
2440 712 2534 766 καὶ
2565 706 2720 777 οὗτος
2770 712 2866 766 καὶ
2906 709 3079 784 μυρία
3114 710 3353 781 ναυάγια
3389 711 3619 783 ὑπέμειο

2016 821 2128 868 νεν,
2156 804 2275 859 ἀλλ’
2301 806 2392 858 δτε
2413 806 2496 869 εἰς
2531 804 2623 858 16v
2638 803 2836 875 λιμένα
2848 803 3131 875 καταίρειν
3153 801 3369 873 έμελλε,
3404 802 3617 874 πεπληο

2018 895 2274 968 ρωμένην
2300 898 2545 969 ἐπήγαγε
2562 895 2670 951 τῶν
2687 895 2923 969 φορτίων
2948 896 3048 967 τὴν
3062 894 3282 951 ὁλκάδα.
3298 894 3411 949 Καὶ
3426 893 3620 966 ὥσπερ

2015 999 2044 1051 6
2089 997 2292 1061 Ἰούδας
2332 997 2487 1051 οὐδὲν
2522 997 2777 1070 ὠφέλησε
2828 995 2935 1068 1:96
2984 995 3178 1051 τούτου
3224 994 3475 1069 μαθητὴς
3515 995 3615 1060 ὢν,

2015 1092 2138 1154 εἶτα
2178 1098 2449 1171 προδότης
2471 1100 2784 1171 γενόμενος’
2812 1098 3065 1152 οὕτωκαὶ
3088 1088 3245 1163 οὗτος
3280 1096 3436 1151 οὐδὲν
3474 1113 3619 1169 παρα

2016 1198 2221 1271 εϐλάϐη
2265 1200 2371 1271 πρὸ
2392 1198 2581 1254 τούτου
2614 1198 2852 1272 διιὶικτης
2884 1198 2979 1263 ὣν,
3002 1198 3142 1270 μετά
3177 1197 3235 1252 δὲ
3262 1198 3435 1253 ταῦτα
3458 1196 3617 1267 γενό-

2018 1302 2181 1372 μενος
2205 1300 2622 1380 εὐαγγελιστής.
2669 1299 2953 1373 Ἐγκώμια
2977 1299 3196 1355 Παύλου
3238 1298 3415 1354 ταῦτά
3442 1299 3616 1362 ἐστιν,

2014 1402 2115 1455 οὐκ
2154 1400 2346 1473 ἐπειδὴ
2381 1402 2699 1473 κατέσκαψε
2733 1402 2835 1476 τὴν
2898 1400 3249 1473 Ἐκκλησίαν,
3293 1400 3412 1456 ἀλλ’
3453 1399 3619 1466 αὐτὸς

2015 1502 2191 1574 αὐτὴν
2235 1503 2402 1558 πάλιν
2430 1504 2804 1576 ᾠκοδόμησενο
2836 1504 2937 1559 οὐκ
2979 1502 3169 1574 ἐπειδὴ
3204 1502 3481 1575 ἐπόρθησε
3522 1502 3620 1558 16v

2017 1603 2168 1677 [104]
2194 1604 2375 1673 λόγον,
2404 1604 2523 1659 ἀλλ’
2552 1604 2743 1677 ἐπειδὴ
2774 1605 3061 1676 πορθήσας
3106 1602 3200 1658 16v
3227 1602 3408 1673 λόγον,
3454 1601 3620 1665 αὐτὸς

2015 1706 2179 1761 αὐτὸν
2224 1707 2391 1762 πάλιν
2436 1705 2699 1777 ηὔξησεν*
2735 1707 2837 1761 οὐκ
2869 1705 3059 1778 ἐπειδὴ
3122 1704 3435 1777 ἐπολέμησε
3486 1703 3618 1769 τοὺς

2016 1806 2372 1875 ἀποστόλους,
2404 1808 2505 1861 οὐκ
2540 1806 2731 1880 ἐπειδὴ
2764 1804 3096 1881 διεσπάραεε
3123 1808 3225 1879 τὴν
3248 1807 3475 1881 ἀγέλην,
3497 1805 3617 1863 ἀλλ’

2016 1906 2208 1982 ἐπειδὴ
2237 1906 2641 1981 διασπαράξας,
2682 1907 2911 1981 ὕστερον
2952 1910 3114 1981 αυτὸς
3149 1909 3323 1985 αὐτήν
3360 1909 3621 1983 συνεκρό-

2014 2026 2173 2081 τησε.

2089 2112 2153 2160 ε’.
2189 2106 2255 2159 Τί
2284 2104 2476 2161 τούτου
2523 2107 2957 2179 παραδοξότερον
2991 2107 3189 2177 γένοιτ’
3219 2108 3320 2171 άνς
3362 2108 3422 2163 Ὀ
3452 2106 3620 2169 λύκος

2016 2195 2235 2266 ἐγένετο
2263 2198 2503 2270 ποιμήν⁸
2551 2200 2581 2250 6
2611 2197 2673 2251 16
2704 2192 2844 2268 αἷμα
2876 2197 2987 2251 τῶν
3020 2196 3312 2270 προϐάτων
3345 2196 3618 2258 ἐκπίνων,

2013 2287 2077 2342 οὑ
2104 2287 2312 2341 διέλιπε
2333 2287 2396 2341 16
2421 2271 2561 2360 αἷμα
2584 2286 2780 2349 ἐαυτοῦ
2807 2288 3018 2361 ἐκχέων
3047 2288 3192 2362 ὑπὲρ
3223 2289 3325 2360 τῆς
3343 2286 3454 2342 τῶν
3484 2303 3621 2357 προ-

2016 2378 2197 2433 ϐάτων
2244 2378 2541 2451 σωτηρίας.
2596 2379 2786 2434 Βούλει
2835 2380 3030 2452 μαθεῖν
3063 2379 3183 2445 πῶς
3230 2379 3291 2435 16
3339 2374 3480 2450 αἷμα
3509 2378 3619 2432 τῶν

2015 2468 2311 2536 προϐάτων
2367 2469 2625 2537 ἐξέπινε;
2689 2469 2809 2533 πῶς
2869 2469 3169 2542 ᾐμαγμένη
3227 2464 3297 2542 ἦν
3354 2466 3520 2523 αὐτοῦ
3582 2469 3620 2540 ή

2015 2560 2274 2631 γλῶσσα;
2303 2559 2547 2629 Σαῦλος
2573 2560 2643 2616 δὲ
2667 2560 2756 2615 ἔτι
2782 2560 3062 2631 ἐμπνέων
3097 2559 3358 2627 ἀπειλῆς
3387 2555 3487 2615 καί
3514 2560 3620 2630 φό-

2014 2669 2127 2705 νου
2173 2653 2262 2717 εἰς
2301 2650 2447 2718 τοὺς
2476 2650 2750 2721 μαθητὰς
2781 2650 2890 2706 τοῦ
2935 2650 3179 2720 Κυρίου.
3224 2648 3367 2703 ’Δλλ’
3402 2643 3556 2713 οὗτος
3590 2650 3622 2703 6

2015 2741 2245 2813 ἀπειλῆς
2276 2741 2372 2795 καὶ
2407 2741 2569 2812 φόνου
2598 2741 2853 2813 ἐμπνέων
2872 2782 2887 2807 ,
2916 2741 3010 2794 καὶ
3043 2741 3103 2796 16
3135 2736 3275 2816 αἷμα
3302 2741 3411 2796 τῶν
3448 2741 3622 2813 ἀγίων

2016 2833 2225 2904 ἐκχέων
2247 2874 2261 2899 ,
2307 2834 2543 2889 ἄκουσον
2587 2834 2708 2897 πῶς
2759 2834 2823 2888 16
2869 2830 3011 2906 αἷμα
3048 2834 3112 2889 16
3159 2834 3358 2889 ἐαυτοῦ
3403 2834 3622 2907 ἐξέχεεν

2016 2924 2159 2994 ὑπὲρ
2187 2922 2297 2978 τῶν
2333 2923 2529 2992 ἁγίων.
2581 2927 2653 2979 Εἰ
2684 2924 2837 2980 κατὰ
2872 2923 3223 2993 ἄνθρωπον,
3260 2924 3456 2997 φησὶν,
3484 2924 3625 2991 ἐθη-

2008 3012 2356 3084 ριομάχησα
2392 3014 2464 3069 ἐν
2513 3014 2770 3085 Ἐφέσῳ·
2817 3016 2916 3070 καὶ
2968 3016 3167 3080 πάλιν,
3218 3017 3363 3070 Καθ’
3390 3013 3623 3084 ἡμέραν

2014 3102 2386 3171 ἀποθνήσκω
2403 3120 2419 3136 ο
2441 3103 2536 3157 καὶ
2566 3103 2752 3166 πάλιν.
2796 3104 3237 3175 Ἕλογίσθημεν
3251 3104 3332 3171 ὠς
3356 3105 3623 3174 πρόϐατα

2016 3194 2282 3265 σφαγῆς.
2314 3195 2427 3249 Kal
2454 3194 2627 3250 1a61a
2660 3195 2851 3265 ἔλεγεν
2873 3198 2901 3251 6
2929 3196 3124 3269 παρὼν
3134 3197 3248 3268 ,ὅτε
3274 3196 3517 3269 ἐξεχεῖτο
3559 3198 3624 3251 16

2016 3280 2159 3357 αἷμα
2205 3287 2517 3361 Στεφάνου,
2565 3288 2663 3341 καὶ
2705 3282 2776 3357 ἦν
2826 3288 3166 3342 συνευδοκῶν
3213 3292 3279 3361 τῇ
3336 3288 3622 3361 ἀναιρέσει

2015 3371 2206 3427 αὑτοῦ.
2247 3373 2411 3446 Ὁρᾷς
2448 3372 2569 3440 πῶς
2596 3376 2625 3430 6
2652 3374 2817 3440 λύκος
2848 3376 3055 3449 ποιμήν
3081 3378 3335 3448 ἐγένετο;
3357 3374 3485 3450 Ἆρ’
3517 3379 3624 3434 οὐκ

2016 3468 2341 3540 αἰσχύνεσθε
2383 3469 2491 3543 πρὸ
2516 3469 2712 3525 τούτου
2741 3470 3033 3537 ἀκούοντες
3064 3472 3148 3527 δτι
3170 3472 3406 3546 διώκτης
3434 3469 3504 3546 ἦν
3529 3476 3623 3529 καὶ

2018 3560 2343 3634 βλάσφημος
2386 3562 2483 3632 καὶ
2512 3562 2811 3635 ύϐριστήςς
2840 3563 3026 3619 Εῖδετε
3070 3564 3189 3630 πῶς
3226 3565 3413 3637 μεῖζον
3450 3568 3620 3623 αὐτοῦ

2016 3654 2246 3726 ἐποίησε
2277 3654 2342 3708 16
2372 3652 2652 3725 ἐγκώμιον
2681 3659 2717 3728 ή
2740 3655 2984 3729 προτέρα
3006 3657 3315 3730 κατηγορία
3335 3674 3349 3724 ;
3371 3658 3487 3714 Οὐκ
3512 3658 3624 3712 ελε-

2015 3763 2112 3815 γον
2160 3747 2293 3818 ὐμῖν
2324 3750 2383 3803 ἐν
2429 3751 2498 3821 τῇ
2552 3749 2801 3822 προτέρᾳ
2850 3748 3070 3816 συνάξει
3118 3750 3347 3806 ὅτιτῶν
3377 3750 3484 3823 πρὸ
3521 3750 3621 3805 τοῦ

2018 3838 2255 3911 σταυροῦ
2298 3840 2544 3912 σημείων
2576 3840 2646 3895 τά
2678 3824 2821 3913 μετά
2856 3842 2951 3895 16v
2975 3844 3210 3916 σταυρὸν
3238 3842 3465 3915 μείζονα
3496 3844 3621 3913 ἐγέ-

2015 3948 2170 3998 νετο;
2203 3930 2305 3986 οὐκ
2355 3931 2536 4001 έδειξα
2582 3933 2715 4006 ύμῖν
2756 3934 2854 3989 καὶ
2898 3934 3009 3990 ἀπὺ
3054 3935 3166 3989 τῶν
3200 3936 3475 4008 σημείων,
3522 3938 3620 3991 καὶ

2016 4024 2129 4078 άπὸ
2158 4024 2260 4095 τῆς
2298 4024 2512 4090 εὐνοίας
2538 4024 2647 4081 τῶν
2680 4026 2975 4099 μαθητῶν,
3010 4026 3107 4081 καί
3135 4026 3254 4092 πῶς
3283 4027 3391 4099 πρὸ
3421 4026 3616 4082 τούτου

2020 4117 2120 4189 μὲν
2144 4118 2174 4171 6
2199 4116 2435 4189 Χριστὸς
2460 4118 2769 4174 ἐπιτάττων
2794 4119 2986 4191 ήγειρε
3007 4119 3135 4183 τοὺς
3163 4120 3394 4191 νεκροὺς
3414 4160 3429 4183 ,
3455 4120 3615 4174 ὕστε-

2020 4224 2114 4281 ρον
2151 4209 2210 4264 δέ
2243 4211 2301 4263 αἰ
2343 4208 2497 4265 σκιαί
2532 4210 2645 4264 τῶν
2690 4210 2897 4265 δούλων
2941 4209 3111 4265 αὐτοῦ
3158 4211 3317 4265 τοῦτο
3360 4212 3617 4279 ἐποίουν;

2018 4298 2137 4366 πῶς
2159 4299 2282 4355 τότε
2315 4302 2417 4373 μὲν
2448 4302 2611 4365 αὐτὸς
2633 4300 2874 4357 κελεύων
2897 4300 3361 4376 ἐθαυματούργει,
3389 4302 3621 4376 ὕστερον

2016 4393 2073 4448 δὲ
2122 4394 2171 4448 οἰ
2221 4393 2398 4449 δοῦλοι
2443 4393 2609 4449 αὐτοῦ
2658 4394 2738 4467 τῷ
2794 4394 3022 4467 ὀνόματι
3064 4394 3233 4451 αὑτοῦ
3281 4397 3617 4470 κεχρημένοι

2020 4486 2248 4559 μείζονα
2272 4486 2568 4560 ἐποίησαν;
2598 4487 2700 4543 οὐκ
2725 4485 2878 4543 εἷπον
2911 4488 3043 4559 ύμῖν
3072 4489 3203 4561 περί
3225 4486 3578 4564 τῶνέχθρῶν
3599 4531 3617 4557 ,

2018 4578 2137 4645 πῶς
2169 4578 2440 4637 διέσεισεν
2469 4580 2653 4636 αὐτῶν
2676 4580 2738 4636 16
2762 4581 3041 4648 συνειδός;
3074 4581 3193 4648 πῶς
3216 4583 3492 4657 έκράτησε
3515 4586 3619 4658 τῆς

2016 4669 2345 4744 οἰκουμένης
2386 4670 2637 4743 ἀπάσηςς
2682 4671 2804 4737 πῶς
2845 4672 3074 4744 μείζονα
3120 4674 3190 4729 τὰ
3229 4678 3433 4748 σημεῖα
3478 4674 3619 4749 μέτά

2015 4761 2110 4817 16v
2162 4762 2394 4836 σταυρὸν
2435 4757 2506 4835 ἦν
2548 4764 2660 4818 τῶν
2702 4764 2811 4837 1:96
2848 4764 2947 4818 106
3015 4783 3149 4821 σταυ
3158 4767 3293 4840 ροῦ;
3361 4756 3618 4840 Ἀδελφδς

2017 4854 2228 4910 ἐκείνου
2262 4856 2357 4910 καὶ
2398 4856 2437 4931 6
2465 4856 2709 4929 σήμερον
2755 4855 3015 4913 είσελθὼν
3054 4858 3235 4929 λόγος.
3268 4860 3336 4915 Τί
3374 4862 3485 4937 7&9
3518 4862 3619 4918 106

2017 4946 2161 5003 κατά
2199 4948 2415 5004 Παῦλον
2452 4948 2643 5021 μεῖζον
2676 4949 2907 5021 σημείου
2938 4950 3139 5020 γένοιτ’
3162 4952 3268 5019 ἀνς
3299 4953 3487 5009 Ζῶντα
3518 4954 3619 5027 μὶν

2016 5036 2129 5110 7&9
2165 5038 2329 5094 a616v
2374 5039 2473 5095 καὶ
2500 5043 2529 5095 6
2574 5041 2783 5114 Πέτρος
2810 5042 3126 5115 ἠρνήσατο,
3176 5044 3520 5104 ἀποθανόντα
3558 5046 3619 5101 δέ

2016 5134 2047 5186 6
2092 5130 2321 5198 Παῦλος.
2348 5132 2691 5207 ὡμολόγησε.
2728 5134 2837 5189 Τοῦ
2882 5136 2942 5191 δέ
2988 5139 3484 5214 νεκροῦς,ἐγεῖραι
3526 5140 3620 5197 διά

2015 5224 2127 5280 τῶν
2164 5225 2335 5280 σκιῶν
2370 5226 2555 5298 μεῖζον
2582 5227 2809 5299 σημεῖον
2830 5222 2900 5301 ἦν
2920 5228 2982 5284 16
3008 5229 3108 5302 τήν
3136 5230 3365 5305 γνώμην
3402 5234 3619 5290 Παύλου

2017 5318 2428 5375 ἐπισπάσασθαι
2480 5320 2574 5375 καὶ
2623 5320 2787 5377 ἐλεῖν.
2851 5324 2999 5379 Ἐκεῖ
3046 5323 3148 5397 μὲν
3190 5325 3303 5398 γάρ
3359 5327 3394 5399 ή
3455 5327 3620 5399 φύσις

2018 5409 2238 5476 εἵπετο,
2269 5410 2365 5464 καὶ
2414 5409 2515 5465 οὐκ
2554 5410 2809 5481 ἀντέλεγε
2850 5412 2932 5485 τῷ
2964 5413 3311 5471 ἐπιτάττοντι
3332 5432 3346 5447 ·
3378 5414 3621 5473 ένταῦθα

2017 5500 2077 5555 δέ
2112 5502 2433 5575 προαίρεσις
2465 5498 2533 5575 ἦν
2584 5502 2683 5557 τοῦ
2730 5504 3056 5577 πεισθῆναι,
3102 5507 3200 5562 καὶ
3236 5504 3333 5563 τοῦ
3374 5507 3452 5583 μὴ
3497 5525 3619 5563 πει-

2021 5593 2215 5665 σθῆναι
2257 5593 2454 5666 κυρία·
2492 5595 2616 5650 ὅθεν
2664 5595 2834 5669 πολλὴ
2868 5596 2902 5668 ή
2934 5597 3167 5671 δύναμις
3192 5598 3290 5655 τοῦ
3330 5598 3623 5666 πείσαντος

2017 5682 2315 5737 δείκνυται.
2362 5682 2473 5737 Τοῦ
2523 5684 2633 5757 7&9
2665 5686 2829 5756 φύσιν
2870 5687 3166 5761 διορθῶσαι
3195 5688 3257 5743 16
3294 5689 3623 5763 προαίρεσιν

2024 5774 2354 5847 μεταϐαλεῖν
2388 5776 2570 5850 πολλῷ
2604 5779 2789 5851 μεῖζον
2822 5774 2890 5853 ἧν
2909 5797 2921 5812 ο
2950 5780 3143 5852 μεῖζον
3173 5782 3281 5855 ἄρα
3309 5783 3417 5841 τῶν
3444 5784 3623 5842 ἀλοων
