4212 6290
315 333 416 391 121

317 452 420 505 bus
447 449 661 521 signum
692 450 808 519 fuit,
838 450 1062 506 Paulum
1104 458 1225 520 post
1262 464 1480 505 crucem
1510 458 1565 503 et
1594 445 1925 518 sepulturam

316 542 392 597 ad
418 541 693 598 Christum
730 544 1043 600 accessisse.
1086 543 1372 615 Propterea
1414 557 1643 611 namque
1681 540 1928 611 permisit

317 649 445 690 eum
473 635 719 693 Christus
748 652 907 693 omne
931 637 1112 691 odium
1142 652 1249 706 prae
1276 651 1333 691 se
1366 638 1525 701 ferre,
1546 649 1610 689 ac
1640 643 1749 688 tum
1773 632 1922 687 illum

318 727 553 793 vocavit,
584 737 644 782 ut
686 728 1099 785 resurrectionis
1140 726 1510 797 probationem
1554 740 1619 781 ac
1663 724 1923 780 doctrinae

319 832 631 873 sermonem
681 820 828 873 omni
874 819 1182 889 suspicione
1226 819 1498 874 liberaret.
1549 816 1682 872 Nam
1733 815 1925 870 Petrus

316 910 540 981 quidem
578 910 623 965 si
673 910 741 966 de
780 925 847 966 eo
887 911 1141 980 loquutus
1185 918 1352 979 esset,
1381 918 1665 978 suspectus
1694 905 1922 962 fuisset:

316 1002 586 1071 potuisset
629 1002 778 1057 enim
834 1003 1117 1074 impudens
1164 1002 1356 1073 aliquis
1403 1002 1673 1072 quidpiam
1722 999 1922 1055 dicere.

321 1092 496 1148 Porro
533 1092 897 1162 impudentem
942 1094 1076 1161 dixi,
1108 1093 1359 1165 quoniam
1400 1102 1455 1147 et
1496 1092 1604 1149 illic
1645 1092 1923 1147 manifesta

312 1174 429 1236 fuit
467 1181 873 1268 demonstratio.
918 1183 1192 1255 Siquidem
1223 1185 1312 1240 ille
1340 1199 1550 1256 quoque
1578 1185 1724 1253 prius
1750 1183 1923 1254 ipsum

317 1276 557 1346 negavit,
580 1285 637 1330 et
658 1292 781 1333 cum
801 1275 1110 1348 juramento
1135 1278 1345 1348 negavit
1364 1296 1375 1328 :
1392 1286 1758 1331 verumtamen
1783 1274 1925 1330 hunc

316 1367 503 1438 ipsum
528 1368 723 1424 deinde
744 1370 871 1423 dum
894 1368 1299 1433 confitctur,vel
1324 1368 1494 1439 ipsam
1517 1368 1749 1422 animam
1772 1381 1923 1421 suam

319 1472 426 1528 pro
452 1458 543 1513 illo
563 1457 800 1513 tradidit.
829 1458 981 1526 Quod
1006 1459 1051 1515 si
1078 1473 1183 1514 non
1210 1459 1611 1522 resurrexisset,
1634 1471 1924 1525 numquam

318 1550 370 1604 is
394 1591 408 1611 .
438 1550 527 1621 qui
557 1551 824 1606 viventem
859 1560 1179 1623 negaverat,
1212 1551 1408 1607 millies
1437 1560 1663 1605 mortem
1696 1549 1923 1603 toleras-

320 1650 431 1707 set,
467 1657 534 1696 ne
557 1642 668 1711 jam
697 1654 963 1698 mortuum
995 1644 1287 1713 abnegaret
1315 1660 1327 1696 :
1359 1658 1466 1713 quo
1496 1641 1575 1708 fit,
1605 1650 1666 1696 ut
1687 1640 1847 1695 etiam
1872 1640 1924 1692 in

320 1732 491 1788 Petro
536 1735 945 1790 resurrectionis
987 1735 1378 1790 demonstratio
1432 1731 1713 1789 manifesta
1764 1731 1927 1785 fuisse

320 1826 590 1881 videatur.
648 1826 1032 1883 Verumtamen
1076 1828 1145 1882 de
1189 1827 1283 1882 illo
1328 1825 1543 1896 quidem
1590 1823 1927 1895 impudentes

314 1916 506 1972 dicere
533 1918 851 1987 potuissent,
874 1933 995 1974 eum
1023 1926 1307 1989 prapterea
1330 1918 1473 1988 quod
1497 1916 1788 1985 discipulus
1812 1922 1929 1970 erat

319 2006 470 2062 illius
490 2049 507 2073 ,
534 2018 815 2077 propterea
862 2009 1005 2079 quod
1050 2009 1317 2079 particeps
1343 2007 1460 2078 ejus
1488 2022 1690 2061 mensa:
1721 2004 1926 2069 fuerat,

316 2113 392 2154 ae
422 2100 590 2154 tribus
618 2101 775 2156 annis
806 2116 929 2156 cum
970 2102 1063 2157 illo
1103 2110 1347 2157 versatus
1392 2100 1592 2162 fuerat;
1644 2106 1924 2168 propterea

316 2189 469 2259 quod
514 2190 629 2261 ejus
678 2191 918 2246 doctrina
966 2192 1164 2261 potitus
1205 2199 1348 2258 erat;
1382 2198 1663 2261 propterea
1699 2187 1841 2258 quod
1874 2187 1927 2240 in

320 2279 567 2335 fraudem
622 2281 831 2337 illectus
877 2282 1150 2338 blanditiis
1195 2283 1313 2353 ejus
1356 2281 1557 2346 fuerat,
1597 2279 1797 2335 idcirco
1844 2292 1929 2331 re-

318 2373 712 2426 surrectionem
759 2372 899 2427 illius
947 2373 1241 2442 praedicare
1291 2390 1305 2426 :
1357 2387 1480 2427 cum
1534 2385 1665 2429 vero
1702 2369 1925 2423 Paulmn

318 2459 531 2529 videas,
558 2461 647 2531 qui
697 2462 868 2530 ipsum
906 2478 1013 2516 non
1046 2462 1286 2525 viderat,
1319 2463 1407 2531 qui
1439 2462 1612 2531 ipsum
1640 2474 1747 2512 non
1772 2457 1929 2511 audi-

319 2564 515 2619 verat,
562 2555 654 2624 qui
709 2554 965 2609 doctrina:
1006 2555 1274 2626 particeps
1320 2554 1542 2609 minime
1593 2552 1792 2615 fuerat,
1838 2551 1927 2618 qui

319 2646 488 2700 etiam
515 2655 634 2716 post
662 2661 879 2701 crucem
911 2647 985 2702 illi
1015 2647 1214 2702 bellum
1247 2646 1531 2709 indixerat,
1566 2654 1620 2699 et
1640 2658 1733 2699 cos
1759 2644 1847 2712 qui
1873 2643 1924 2696 in

320 2736 501 2805 ipsum
526 2737 840 2805 credebant,
865 2737 1238 2803 interficiebat,
1261 2738 1349 2806 qui
1380 2737 1556 2791 omnia
1586 2736 1843 2790 miscebat
1868 2737 1931 2789 a'c

321 2828 575 2883 turbabat
598 2869 612 2892 ,
646 2831 786 2885 hunc
812 2830 989 2884 subito
1016 2842 1277 2884 mutatum
1310 2830 1361 2882 in
1394 2827 1628 2883 ferendis
1655 2844 1749 2896 pm
1790 2842 1929 2896 prac-

318 2919 591 2973 dicatione
620 2920 769 2975 verbi
798 2920 1068 2975 laboribus
1094 2936 1282 2975 omnes
1316 2920 1511 2973 Christi
1541 2920 1743 2972 amicos
1766 2932 1927 2987 supe-

319 3026 470 3077 rare,
489 3027 607 3082 qua:
622 3012 715 3067 tibi
729 3012 1003 3082 deinceps,
1026 3028 1229 3083 quaeso,
1253 3013 1594 3082 tmpudcntire
1610 3011 1822 3067 occasio
1841 3026 1932 3064 re-

320 3104 623 3174 linquetur,
644 3105 687 3160 si
711 3107 1120 3161 resurrectionis
1140 3107 1307 3161 verbo
1328 3122 1433 3161 non
1459 3107 1684 3161 credas?
1706 3106 1763 3162 Si
1786 3106 1927 3159 enim

319 3190 571 3249 Christus
597 3210 703 3250 non
731 3197 1136 3259 resurrexisset,
1156 3196 1277 3265 quis
1294 3197 1565 3252 hominem
1582 3198 1717 3252 adeo
1738 3197 1933 3253 crude-

322 3285 434 3339 lem
452 3292 503 3340 et
516 3285 886 3351 inhumanum,
902 3287 1021 3359 quis
1038 3288 1173 3341 adeo
1190 3286 1457 3342 infensum
1470 3297 1523 3342 et
1536 3287 1812 3342 efferatum
1829 3287 1928 3341 sibi

321 3376 671 3433 conciliasset
696 3387 752 3433 et
772 3378 838 3432 ad
858 3392 915 3433 se
936 3379 1282 3434 attraxisset?
1305 3379 1401 3434 Dic
1425 3382 1589 3451 enim,
1614 3394 1818 3450 quaeso,
1847 3378 1935 3434 Ju-

321 3466 465 3534 ἀπο,
498 3468 617 3536 quis
648 3468 814 3523 Paulo
847 3470 1144 3540 persuasit,
1173 3479 1231 3525 ut
1258 3468 1474 3525 Christo
1501 3485 1559 3525 se
1580 3470 1931 3541 adjungeret?

320 3576 456 3615 num
479 3561 699 3617 Petrus?
728 3578 855 3617 num
881 3560 1150 3617 Iacobus?
1179 3578 1303 3617 num
1331 3562 1599 3618 Joannes?
1630 3563 1785 3633 Atqui
1814 3578 1931 3617 orn-

318 3667 426 3707 nes
446 3653 530 3707 isti
546 3668 670 3709 eum
698 3654 954 3708 timebant
975 3664 1029 3709 et
1054 3653 1365 3721 horrebant,
1390 3670 1562 3725 neque
1582 3664 1785 3709 tantum
1805 3665 1930 3709 ante

318 3744 433 3800 hoc
458 3753 690 3816 tempus,
720 3746 815 3801 sed
847 3756 958 3800 tum
985 3748 1147 3801 etiam
1177 3763 1297 3803 cum
1331 3749 1384 3803 in
1414 3748 1708 3803 amicorum
1742 3764 1931 3802 nume-

319 3852 448 3907 rum
474 3838 674 3893 relatus
694 3847 831 3904 erat,
860 3838 1073 3909 quando
1093 3854 1253 3894 manu
1280 3840 1601 3909 prehensum
1631 3840 1777 3895 illum
1800 3839 1932 3893 Bar-

318 3928 495 3985 nabas
536 3929 927 4001 Jerosolymam
959 3931 1287 3997 introduxit,
1319 3932 1493 3987 adhuc
1525 3932 1595 3985 illi
1627 3933 1847 4001 pmpius
1872 3947 1931 3986 se

319 4020 623 4091 adiungere
650 4022 910 4076 timebant
934 4039 947 4085 ;
979 4040 1039 4077 ac
1068 4024 1308 4078 sedatum
1332 4024 1544 4093 quidem
1569 4034 1683 4078 crat
1710 4023 1926 4089 bellum,

322 4120 507 4165 metus
538 4119 714 4166 tamen
746 4112 919 4167 adlmc
950 4114 1000 4166 in
1032 4114 1289 4183 apostolis
1318 4113 1685 4182 permanebat.
1716 4116 1796 4166 Au
1828 4115 1927 4183 igi-

323 4212 417 4257 tur
443 4201 519 4257 illi
546 4205 633 4273 qui
667 4205 1069 4259 reconciliatum
1101 4205 1275 4259 adhuc
1304 4204 1581 4271 timebant,
1608 4220 1728 4259 cum
1754 4205 1930 4259 inimi-

320 4310 425 4349 cus
453 4304 507 4349 et
535 4295 704 4351 hostis
733 4306 897 4363 esset,
927 4298 1171 4352 oratione
1209 4298 1428 4352 ﬂectere
1458 4300 1570 4351 ausi
1600 4298 1819 4354 essent?
1859 4315 1926 4353 an

321 4402 460 4441 vero
485 4386 552 4441 ad
582 4388 729 4443 illum
759 4388 1017 4444 accedere
1044 4390 1283 4455 omnino,
1310 4390 1395 4446 vel
1426 4404 1608 4444 coram
1638 4390 1729 4445 illo
1755 4390 1929 4445 subsi-

324 4486 495 4547 stere,
513 4482 599 4535 vel
624 4496 688 4535 os
708 4483 940 4552 aperire,
959 4495 1049 4537 aut
1073 4485 1291 4537 omnino
1306 4499 1567 4554 apparere
1598 4487 1927 4555 potuissent?

321 4572 445 4627 Non
492 4574 563 4627 ita
602 4588 665 4629 se
692 4567 990 4641 res'habet,
1021 4591 1125 4631 non
1156 4577 1225 4631 ita
1253 4587 1358 4643 est;
1399 4593 1497 4633 nec
1533 4577 1777 4633 humana:
1801 4578 1925 4633 dili-

322 4666 524 4733 gentia:
561 4664 765 4721 facinus
808 4666 937 4722 illud
968 4667 1091 4731 fuit,
1120 4669 1212 4723 sed
1239 4672 1425 4739 gratiae
1452 4670 1665 4724 divinae.
1714 4669 1769 4725 Si
1799 4686 1928 4741 ergo

325 4763 577 4811 mortuus
603 4767 718 4812 erat
739 4757 1000 4831 Christus,
1035 4768 1091 4814 ut
1110 4759 1302 4827 dicitis,
1330 4772 1380 4816 et
1406 4776 1526 4816 cum
1545 4762 1816 4817 venissent
1843 4763 1927 4816 di-

324 4850 519 4918 scipuli
551 4850 687 4918 ejus,
732 4849 888 4905 furati
933 4862 1055 4905 sunt
1099 4868 1244 4919 eum,
1276 4856 1546 4924 quomodo
1577 4856 1778 4925 majora
1810 4863 1929 4924 post

324 4956 543 4996 crucem
576 4941 709 4996 facta
739 4954 862 4998 sunt
888 4945 1183 5000 miracula?
1209 4948 1481 5017 quomodo
1507 4949 1734 5018 amplior
1756 4952 1925 5003 virtu-

326 5037 399 5091 tis
423 5047 644 5109 sequuta
674 5049 757 5095 est
782 5040 1204 5099 demonstratio?
1251 5045 1365 5100 Non
1404 5046 1549 5101 enim
1588 5056 1792 5103 tantum
1826 5047 1926 5102 bo-

324 5136 465 5183 stcm
490 5130 590 5185 sibi
616 5134 985 5189 reconciliavit
1010 5143 1065 5190 et
1092 5138 1383 5208 principem
1410 5138 1706 5210 ducemque
1736 5157 1926 5212 pugna-

329 5230 559 5288 vestrm;
591 5226 821 5292 tametsi,
848 5226 967 5281 licet
996 5228 1099 5283 hoc
1124 5231 1294 5285 solum
1318 5232 1549 5297 fecisset,
1579 5235 1808 5289 maxime
1831 5234 1927 5289 fuit

330 5311 434 5367 hoc
463 5315 746 5383 potentia,
795 5318 1067 5375 inimicum
1112 5332 1167 5377 et
1209 5321 1416 5379 hostem
1444 5325 1729 5381 abduxisse
1753 5328 1925 5397 capti-

332 5420 455 5458 vum
477 5420 494 5469 ;
520 5404 632 5474 jam
659 5422 786 5462 vero
814 5425 918 5463 non
954 5410 1054 5467 hoc
1080 5414 1254 5468 solum
1285 5417 1549 5484 praestitit,
1582 5416 1675 5471 sed
1703 5427 1757 5471 et
1782 5419 1924 5473 aliud

334 5495 503 5551 multo
527 5512 717 5567 majus.
749 5500 863 5555 Non
891 5504 1033 5559 enim
1060 5513 1266 5561 tantum
1292 5510 1393 5564 sibi
1422 5512 1803 5581 reconciliavit,
1830 5518 1924 5573 sed

331 5588 401 5641 ita
429 5590 529 5644 sibi
562 5589 871 5649 familiarem
896 5597 1143 5666 reddidit,
1168 5600 1245 5655 sic
1270 5616 1393 5657 eum
1414 5603 1480 5657 ad
1503 5619 1738 5660 amorem
1768 5622 1921 5663 suum

335 5681 570 5750 pellexit,
593 5692 647 5738 ut
676 5686 792 5755 ejus
820 5686 939 5743 fidei
972 5690 1227 5748 Ecclesiae
1251 5697 1460 5766 negotia
1486 5708 1675 5754 cuncta
1701 5703 1924 5757 commi-

332 5774 504 5828 scrit:
550 5772 649 5832 Vas
690 5781 856 5846 enim,
906 5783 1093 5853 inquit,
1139 5788 1394 5846 electionis
1440 5803 1514 5846 est
1562 5795 1686 5849 milii
1724 5796 1834 5851 iste.
1867 5807 1921 5849 ut

890 333 957 390 IN
994 332 1223 400 ILLUD,
1262 330 1534 391 SAULUS
1571 330 1805 388 ADIIUC
1842 328 2150 387 SPIRANS.
2196 331 2283 388 DE
2322 332 2722 391 MUTATIONE
2751 333 3079 391 NOMINUM.
3124 334 3164 388 1.

3535 336 3639 393 192

2029 456 2193 515 portet
2229 462 2411 502 nomen
2450 465 2614 502 meum
2642 464 2813 502 coram
2839 449 3090 519 gentibus,
3115 457 3163 501 et
3183 446 3387 520 regibus
3409 447 3547 519 (Att.
3576 450 3631 506 9.

2031 538 2144 610 15),
2176 540 2332 610 eique
2356 542 2700 609 persuaserit,
2731 549 2788 595 ut
2812 542 2931 610 plus
2958 556 3119 612 quam
3150 541 3375 611 apostoli
3400 558 3498 615 pro
3528 543 3634 599 Ec-

2027 630 2189 685 clesia
2219 631 2507 698 laboraret,
2534 647 2696 703 quam
2721 640 2877 687 antea
2906 630 3270 703 oppugnabat.

2098 722 2153 778 6.
2186 721 2278 778 Vis
2308 731 2361 777 tu
2394 723 2693 793 intelligere
2721 738 2829 794 quo
2856 733 3011 794 pacto
3054 724 3203 779 illum
3242 723 3345 779 sibi
3384 722 3630 779 reconci-

2029 816 2204 869 liarit?
2246 830 2353 885 quo
2400 826 2555 886 pacto
2598 815 2917 871 familiarem
2957 815 3289 871 reddiderit?
3334 831 3441 887 quo
3476 828 3636 886 pacto

2027 908 2127 963 sibi
2157 908 2483 964 adsciverit?
2513 924 2619 980 quo
2650 917 2803 979 pacto
2837 910 2890 963 in
2925 923 3209 964 numerum
3240 909 3631 979 prtecipuorum

2026 1002 2323 1057 amicorum
2349 1002 2631 1057 retulerit?
2666 1001 2806 1059 Nulli
2837 1002 3115 1059 hominum
3144 1012 3251 1057 tam
3284 1002 3449 1058 multa
3478 1002 3633 1058 dete-

2025 1108 2152 1164 gere
2178 1108 2393 1159 arcana,
2421 1109 2582 1164 quam
2611 1094 2777 1150 multa
2818 1095 2985 1151 Paulo
3009 1106 3090 1151 est
3108 1109 3293 1151 ausus.
3321 1095 3477 1151 Unde
3501 1110 3634 1151 vero

2028 1183 2080 1239 id
2109 1185 2363 1240 constat?
2393 1185 2578 1240 Audivi
2606 1201 2798 1239 arcana
2826 1186 2994 1251 verba,
3027 1185 3219 1256 inquit,
3252 1202 3367 1255 qua:
3390 1203 3489 1240 non
3519 1188 3634 1240 licet

2027 1274 2221 1329 homini
2246 1276 2382 1345 loqui
2412 1274 2488 1348 (2.
2522 1273 2641 1332 Cor.
2669 1276 2756 1331 12.
2789 1278 2870 1347 4).
2914 1276 3077 1333 Vides
3102 1288 3353 1349 quantam
3383 1278 3633 1334 inimicus

2027 1375 2081 1423 et
2102 1366 2271 1422 hostis
2291 1360 2721 1423 benevolentiam
2743 1368 3083 1424 exhibuerit?
3109 1369 3281 1435 Quam
3309 1369 3379 1424 ob
3408 1383 3627 1439 causam

2026 1472 2206 1527 operae
2245 1457 2473 1527 pretium
2510 1456 2672 1513 fuerit
2717 1460 2952 1529 priorem
2989 1460 3108 1529 ejus
3137 1460 3300 1515 vitam
3340 1461 3580 1529 proferre
3616 1478 3632 1515 :

2027 1548 2291 1619 siquidem
2320 1549 2391 1603 ita
2419 1548 2530 1615 fiet,
2563 1558 2620 1604 ut
2662 1550 2818 1605 nobis
2865 1551 2953 1607 Dei
2987 1552 3288 1622 benignitas
3314 1561 3367 1606 et
3395 1553 3633 1622 potentia

2029 1640 2367 1697 innotescat:
2399 1642 2702 1713 benignitas
2741 1643 2990 1714 quidem,
3030 1644 3174 1715 quod
3212 1659 3356 1709 eum,
3392 1644 3481 1715 qui
3528 1655 3632 1698 tam

2029 1736 2193 1790 multa
2226 1736 2365 1789 mala
2399 1746 2834 1806 perpetraverat,
2882 1752 3100 1793 servare
3143 1716 3413 1804 voluerit;
3435 1745 3490 1791 et
3533 1738 3633 1791 sibi

2028 1829 2316 1883 conciliare
2345 1845 2359 1881 :
2393 1830 2684 1898 potentiam
2714 1844 2865 1895 vero,
2895 1829 3038 1900 quod
3084 1829 3157 1896 id,
3201 1829 3343 1899 quod
3384 1829 3632 1894 volebat,

2028 1925 2249 1995 exsequi
2275 1927 2523 1995 potuerit.
2556 1926 2621 1979 Et
2645 1940 2772 1981 vero
2796 1928 3030 1981 animum
3055 1927 3204 1983 Pauli
3231 1929 3332 1983 hoc
3353 1928 3629 2000 patefecit,

2029 2016 2171 2089 quod
2220 2018 2350 2073 nihil
2389 2018 2749 2073 contentionis
2779 2019 2957 2073 studio
2996 2018 3214 2084 faceret,
3246 2035 3419 2090 neque
3446 2022 3633 2090 glorire

2030 2108 2278 2163 humana:
2332 2109 2623 2178 cupiditate
2683 2119 3128 2180 prmoccupatus,
3178 2112 3633 2181 quemadmodum

2028 2203 2199 2259 Judaei
2229 2222 2242 2256 :
2271 2204 2366 2259 sed
2420 2204 2536 2259 zelo
2582 2219 2873 2260 succensus
2915 2220 3022 2259 non
3064 2214 3214 2260 recto
3255 2206 3346 2259 illo
3392 2207 3633 2275 quidem,

2030 2299 2125 2353 sed
2156 2300 2269 2353 zelo
2302 2309 2502 2366 tamen,
2534 2298 2675 2369 quod
2714 2307 2767 2353 ct
2807 2300 2920 2367 ipse
2960 2300 3201 2353 clamans
3226 2299 3434 2353 dicebat
3464 2316 3476 2352 :
3515 2298 3637 2352 ideo

2031 2392 2429 2445 misericordium
2472 2400 2812 2461 consequutus
2856 2408 3006 2455 sum,
3039 2392 3157 2461 quia
3195 2393 3437 2461 ignorans
3464 2395 3558 2461 [eri
3585 2392 3639 2443 in

2029 2484 2381 2537 incredulitate
2421 2484 2497 2553 (1.
2550 2481 2680 2536 Tim.
2726 2484 2775 2538 1.
2824 2482 2931 2550 15)
2962 2501 2975 2537 :
3007 2491 3061 2537 et
3110 2483 3490 2553 benignitatem
3543 2484 3635 2537 ι)οἰ

2032 2574 2420 2643 obstupescens
2446 2573 2679 2638 diccbat,
2714 2572 2781 2629 Ut
2808 2574 2858 2626 in
2886 2590 2964 2628 me
2993 2576 3157 2643 primo
3182 2574 3461 2627 ostenderet
3484 2570 3638 2627 Clari-

2030 2676 2137 2719 stus
2191 2682 2386 2718 omnem
2431 2666 2728 2734 patientiam
2770 2666 2839 2718 ad
2882 2665 3294 2734 informationem
3335 2682 3508 2718 eorum
3551 2666 3639 2735 qui

2032 2758 2277 2811 credituri
2299 2767 2415 2809 stmt
2438 2758 2515 2809 illi
2540 2758 2590 2809 in
2612 2760 2767 2811 vitam
2796 2766 3041 2809 a'tcrnam
3065 2754 3171 2826 (Ib.
3198 2772 3245 2808 υ.
3278 2756 3386 2825 16).
3417 2754 3486 2809 Et
3508 2756 3633 2809 alibi

2033 2864 2218 2901 rursus
2240 2848 2468 2914 dicebat,
2497 2848 2853 2918 Operationcm
2879 2848 3073 2900 uirtutis
3094 2864 3201 2900 sua:
3229 2849 3447 2901 maxime
3468 2858 3637 2902 osten-

2033 2940 2106 2992 dit
2136 2940 2187 2992 in
2214 2956 2305 2991 nos
2334 2939 2421 3007 qui
2447 2939 2699 2993 credimus
2728 2936 2945 3009 (Ep/tes.
2972 2941 3022 2993 1.
3048 2938 3159 3009 19).
3182 2938 3342 2995 Vides
3370 2947 3427 2994 ut
3454 2948 3507 2994 et
3534 2939 3632 2994 be-

2033 3031 2343 3102 nignitatem
2376 3030 2467 3084 Dei
2495 3041 2548 3083 et
2575 3031 2822 3085 virtutem
2856 3032 3001 3100 prior
3043 3030 3147 3084 vita
3192 3031 3342 3085 Pauli
3378 3030 3633 3085 ostende-

2033 3123 2124 3189 rit,
2160 3132 2215 3177 et
2254 3136 2413 3191 quam
2460 3121 2767 3190 incorrupta
2806 3122 3124 3191 sinceraque
3162 3130 3343 3176 mente
3380 3122 3636 3191 praeditus

2035 3214 2148 3284 ipse
2177 3213 2366 3267 fuerit?
2396 3212 2537 3266 Sane
2562 3212 2774 3282 quidem
2798 3212 2865 3266 ad
2892 3212 3106 3266 Galatas
3123 3212 3364 3267 scribens
3389 3212 3490 3267 hoc
3513 3228 3637 3281 pro-

2035 3305 2171 3368 tulit,
2200 3312 2259 3357 ut
2288 3320 2346 3358 se
2377 3302 2651 3357 hominum
2686 3317 2846 3357 causa
2883 3304 3102 3357 minime
3142 3303 3302 3358 fuisse
3332 3313 3593 3358 mutatmn
3620 3347 3634 3369 ,

2033 3396 2125 3451 sed
2153 3395 2330 3449 divina
2350 3396 2541 3449 virtute
2566 3394 2727 3448 fuisse
2748 3409 3069 3450 conversum
3099 3394 3372 3465 probaret.
3407 3396 3468 3450 Si
3498 3398 3635 3449 enim

2034 3489 2319 3543 hominibus
2337 3530 2352 3554 ,
2386 3488 2555 3558 inquit
2581 3526 2596 3553 ,
2633 3485 2906 3556 placerem,
2936 3486 3122 3542 Christi
3152 3503 3322 3542 servus
3351 3504 3451 3542 non
3478 3504 3635 3541 essent

2035 3579 2179 3651 (Gal.
2210 3580 2263 3634 1.
2294 3579 2407 3649 10).
2441 3578 2590 3635 Unde
2615 3594 2741 3634 vero
2773 3579 2823 3633 id
2853 3587 3063 3633 constat
3090 3588 3140 3633 lc
3168 3594 3273 3633 non
3316 3588 3373 3632 ut
3404 3577 3635 3633 homini-

2036 3677 2133 3732 bus
2163 3676 2425 3745 placercs,
2470 3674 2537 3728 ad
2589 3674 3021 3743 prmdicationem
3067 3673 3232 3728 fuisse
3277 3674 3635 3728 conversum?

2034 3767 2284 3832 Audistis,
2326 3767 2534 3835 inquit,
2581 3765 3014 3819 conversationem
3058 3782 3222 3818 meant
3259 3765 3533 3835 aliquando
3581 3767 3634 3819 in

2031 3859 2323 3924 Judaismo,
2356 3859 2607 3929 quoniam
2649 3875 2807 3928 supra
2845 3858 3052 3911 modum
3095 3861 3424 3929 persequebar
3452 3860 3636 3914 Eccle-

2032 3951 2160 4005 siam
2188 3949 2303 4015 Dei,
2334 3961 2378 4003 et
2403 3948 2758 4020 expugnabam
2786 3964 2901 4003 eam
2932 3948 3035 4020 (Ib.
3066 3968 3110 4004 υ.
3142 3951 3250 4021 13).
3284 3950 3437 4018 Quod
3466 3954 3509 4005 si
3536 3951 3630 4007 bo-

2033 4043 2266 4097 minibus
2294 4043 2504 4111 placere
2524 4042 2813 4106 voluisset,
2847 4058 3182 4114 nequaquam
3214 4044 3277 4098 ad
3310 4046 3467 4099 fidem
3500 4062 3629 4100 cou-

2034 4145 2218 4183 versus
2247 4127 2452 4183 fuisset.
2484 4126 2619 4194 Quid
2649 4128 2757 4181 ita?
2784 4128 3069 4183 Colebatur
3089 4144 3117 4181 a
3140 4129 3361 4194 Judacis,
3387 4140 3441 4183 et
3466 4132 3632 4183 multa

2033 4223 2321 4277 securitate
2362 4220 2670 4286 fruebatur,
2712 4236 2775 4275 ac
2817 4236 2925 4290 prae
2954 4222 3165 4275 cmteris
3196 4222 3401 4277 honore
3436 4224 3635 4277 afﬁcie-

2032 4314 2189 4369 batur
2216 4330 2229 4366 :
2262 4329 2369 4367 non
2396 4313 2555 4383 igitur
2580 4312 2646 4367 ad
2675 4314 3040 4382 apostolorum
3068 4314 3228 4368 vitam
3259 4323 3338 4369 tot
3363 4316 3631 4383 objectam

2034 4404 2284 4475 periculis
2320 4421 2379 4459 se
2420 4404 2813 4471 transtulisset,
2847 4421 2967 4474 qua:
2993 4406 3157 4459 multa
3188 4407 3462 4463 laborabat
3490 4409 3630 4463 in‘a-

2032 4503 2135 4556 mia
2163 4544 2176 4569 ,
2207 4515 2325 4569 qua:
2358 4509 2434 4555 tot
2459 4500 2849 4555 calamitatibus
2876 4500 3205 4554 redundabat
3237 4518 3250 4553 :
3286 4492 3462 4571 itaque
3493 4504 3633 4570 quod

2031 4596 2179 4648 illum
2214 4594 2496 4658 honorem,
2532 4606 2636 4661 quo
2680 4590 2820 4659 apud
2859 4588 3075 4645 Iudaeos
3111 4591 3406 4658 fruebatur,
3440 4610 3635 4662 repen-

2032 4688 2138 4741 tina
2176 4687 2471 4740 mutatione
2500 4700 2562 4739 ac
2595 4684 2968 4751 conversione,
2997 4692 3049 4737 et
3083 4685 3243 4739 vitam
3271 4686 3506 4757 quietam
3535 4690 3634 4743 de-

2030 4780 2281 4843 seruerit,
2310 4789 2363 4833 et
2391 4794 2510 4832 eum
2539 4776 2904 4846 apostolorum
2934 4777 3039 4832 vita
3066 4781 3477 4835 commutaverit
3498 4824 3510 4846 ,
3546 4784 3633 4837 in-

2032 4873 2269 4926 numeris
2308 4870 2515 4939 objecta
2560 4869 2747 4923 mortis
2792 4869 3117 4939 generibus,
3165 4872 3454 4927 maximum
3502 4875 3632 4934 illud

2031 4972 2400 5035 argumentum
2442 4963 2540 5017 fuit
2584 4978 2691 5017 non
2726 4963 2796 5018 ob
2840 4963 3126 5017 humanam
3154 4964 3437 5035 quamdam
3471 4984 3631 5023 occa-

2030 5058 2234 5111 sionem
2266 5056 2484 5109 Paulum
2512 5070 2632 5110 esse
2657 5070 2997 5109 conversum.
3029 5055 3314 5124 Propterea
3339 5073 3439 5113 nos
3467 5061 3631 5117 etiam

2033 5151 2263 5219 priorem
2309 5149 2425 5218 ejus
2466 5148 2626 5202 vitam
2674 5148 2726 5201 in
2774 5148 3009 5203 medium
3042 5148 3235 5207 afferre
3264 5152 3548 5219 voluimus,
3577 5166 3631 5209 et

2030 5242 2308 5296 ardentem
2334 5242 2505 5295 zelum
2529 5240 2644 5309 ejus
2665 5242 2971 5306 ostendere,
3002 5257 3108 5311 quo
3135 5243 3432 5299 Ecclesiam
3464 5262 3633 5314 oppu-

2029 5334 2224 5403 gnabat
2246 5374 2259 5395 ,
2294 5341 2350 5386 ut
2377 5347 2498 5386 cum
2528 5332 2645 5399 ejus
2676 5348 2771 5401 pro
2812 5333 3066 5388 Ecclesia:
3106 5334 3417 5391 defensione
3451 5353 3631 5405 prom-

2033 5424 2347 5494 ptitudincm
2398 5425 2558 5477 animi
2602 5425 2836 5491 videris,
2884 5426 3049 5481 Deum
3096 5428 3322 5495 laudes,
3369 5434 3458 5519 qui
3510 5431 3633 5487 facit

2032 5517 2209 5571 omnia
2240 5526 2294 5571 et
2335 5515 2699 5572 transformat.
2736 5519 3021 5588 Propterea
3054 5520 3199 5575 Pauli
3232 5515 3444 5593 quoque
3471 5524 3632 5579 disci-

2030 5611 2186 5681 pulus
2226 5610 2506 5681 diligenter
2549 5613 2701 5667 nobis
2748 5628 2811 5667 ac.
2857 5614 3139 5683 perspicue
3166 5616 3341 5685 priora
3369 5618 3630 5685 narravit,

2032 5708 2103 5761 ita
2131 5706 2313 5761 dicens
2340 5724 2351 5759 :
2384 5706 2574 5761 Saulus
2612 5716 2775 5760 autem
2809 5708 2978 5761 adhuc
3014 5710 3213 5777 spirans
3244 5711 3405 5762 minas
3446 5721 3489 5763 et
3521 5725 3633 5765 ctr-

2031 5799 2144 5851 dem
2170 5799 2221 5853 in
2250 5798 2525 5869 discipulos
2556 5797 2764 5855 Domini
2795 5798 2929 5872 (Act.
2960 5798 3013 5854 9.
3045 5802 3120 5873 1).
3152 5803 3227 5856 Ac
3256 5800 3444 5856 vellent
3473 5817 3621 5871 equt-
