4212 6290
626 307 728 362 ίέἶι

625 421 749 473 dem
779 432 879 489 ego
908 431 1116 486 quoque
1156 413 1413 475 hodierno
1451 414 1537 468 die
1582 415 1895 485 prooemium
1935 411 2208 481 inchoare,

624 509 814 563 vellem
854 507 917 562 ad
958 506 1163 562 lnitium
1202 504 1521 559 narrationis
1547 505 1791 575 aggredi;
1822 503 1915 557 sed
1939 504 2095 558 video
2120 518 2212 572 pe-

628 599 776 667 lagus
802 596 1063 667 quoddam
1091 595 1473 649 sententiarum
1498 610 1564 649 ex
1590 596 1704 649 solo
1727 594 1944 648 nomine
1972 608 2032 648 se
2058 592 2211 647 nobis

625 689 933 743 nbtrudere.
976 686 1157 757 Cogita
1198 699 1431 755 namque
1470 695 1720 755 quamam
1748 699 1778 740 e
1807 684 2029 754 vestigio
2056 681 2213 738 nobis

628 777 779 843 illud,
806 776 1017 841 Saulus,
1052 776 1402 846 quaestionem
1431 784 1640 831 moveat
1668 793 1681 829 :
1708 774 1969 844 siquidem
1990 773 2135 828 aliud
2158 774 2210 828 in

623 870 862 940 epistolis
885 873 1117 940 positum
1149 883 1343 924 nomen
1366 867 1616 923 occurrit.
1667 864 1865 921 Paulus
1891 882 2062 921 servus
2085 863 2212 920 Iesu

621 960 831 1025 Christi,
859 971 1064 1015 vocatus
1098 960 1355 1030 apostolus
1393 958 1569 1028 (Rom.
1599 960 1647 1013 l.
1674 956 1768 1028 l):
1801 955 2000 1010 Paulus
2028 965 2075 1010 et
2106 955 2211 1011 So-

625 1052 823 1105 sthenes
843 1067 864 1105 :
892 1050 1087 1105 Paulus
1111 1060 1311 1105 uocatus
1336 1046 1595 1119 apostolus
1628 1049 1705 1117 (l.
1733 1046 1849 1102 Cor.
1883 1048 1932 1102 l.
1967 1046 2018 1117 l)
2044 1064 2057 1100 :
2080 1046 2213 1101 Ecce

624 1159 717 1213 ego
766 1141 962 1197 Paulus
1004 1142 1117 1195 dico
1162 1141 1298 1195 vobis
1346 1139 1542 1213 (Galat.
1572 1139 1626 1194 5.
1662 1137 1739 1209 2)
1774 1156 1786 1192 :
1817 1138 1928 1207 jam
1975 1152 2104 1193 vero
2156 1146 2215 1192 ut

624 1235 842 1303 Paulus,
872 1245 924 1290 et
953 1233 1145 1304 ubique
1171 1232 1364 1287 Paulus
1392 1232 1707 1303 appellatur,
1738 1244 1843 1285 non
1871 1238 2048 1285 autem
2079 1229 2215 1285 Sau-

622 1325 704 1380 lus
731 1325 942 1380 dicitur.
968 1322 1077 1378 Cur
1103 1323 1261 1393 igitur
1282 1332 1437 1377 antea
1468 1322 1680 1387 Saulus,
1709 1330 1889 1392 postea
1917 1336 2044 1375 vero
2075 1321 2212 1376 Pau-

622 1414 707 1471 lus
736 1424 952 1470 vocatus
978 1414 1095 1468 est?
1120 1412 1304 1484 Neque
1324 1428 1451 1467 vero
1471 1412 1703 1480 simplex
1730 1420 1814 1467 est
1837 1412 1924 1465 illa
1950 1410 2207 1480 quaestio:

620 1505 799 1559 statim
832 1506 974 1561 enim
1016 1505 1203 1560 Petrus
1231 1504 1463 1559 accurrit
1493 1520 1505 1555 :
1540 1518 1661 1557 nam
1700 1511 1755 1557 et
1795 1502 1909 1572 ipse
1938 1510 2094 1556 antea
2123 1501 2208 1556 Si-

621 1611 745 1649 mon
775 1594 1073 1662 dicebatur,
1098 1602 1279 1665 postea
1296 1610 1424 1649 vero
1446 1593 1644 1663 Cephze
1672 1607 1867 1648 nomen
1896 1591 2101 1662 accepit
2125 1609 2137 1645 :
2158 1601 2213 1646 et

632 1686 875 1741 Zebedaei
904 1686 995 1740 lilii
1022 1685 1250 1741 lacubus
1275 1693 1331 1741 et
1358 1683 1591 1739 Joannes
1620 1691 1822 1737 mutato
1850 1682 2065 1737 nomine
2090 1681 2211 1735 Filii

623 1779 843 1832 tonitrui
864 1786 989 1834 sunt
1011 1778 1258 1848 appellati
1288 1775 1477 1849 (Marc.
1511 1777 1565 1831 5.
1592 1777 1680 1831 16.
1711 1777 1826 1846 l7).
1854 1774 1963 1830 Nec
1988 1774 2039 1830 in
2065 1774 2215 1830 Novo

618 1869 791 1924 solum
829 1870 1195 1935 Testamento,
1245 1869 1339 1927 sed
1387 1870 1546 1926 etiam
1596 1869 1650 1923 in
1692 1867 1874 1924 Veteri
1917 1868 2215 1943 reperimus

618 1961 890 2016 Abraham
921 1972 1075 2018 antea
1103 1962 1303 2017 dictum
1333 1962 1531 2016 Abram
1556 2001 1571 2023 ,
1604 1968 1788 2031 postea
1816 1960 2120 2024 Abraham;
2161 1968 2217 2014 et

618 2051 785 2107 Jacob
827 2054 1056 2122 primum
1081 2052 1248 2109 Jacob
1273 2067 1393 2107 esse
1441 2053 1642 2106 dictum
1666 2092 1679 2111 .
1711 2050 1903 2105 deinde
1928 2050 2120 2115 Israel;
2160 2058 2215 2105 et

618 2141 832 2196 Sarraiu
883 2144 1112 2212 primum
1164 2141 1350 2197 Saram
1402 2156 1567 2207 esse,
1620 2138 1815 2194 deinde
1867 2138 2081 2195 Sarram
2119 2147 2215 2193 :et

1368 300 1428 356 S.
1468 300 1747 356 JOANNIS
1782 295 2253 355 CHRYSOSTOMI
2295 296 2616 353 ARCHIEP.
2658 296 3190 353 CONSTANTINOP.

3807 294 3912 351 ιιι

2320 410 2516 464 multas
2546 411 2699 466 nobis
2728 410 2842 465 haec
2867 412 3088 465 mutatio
3111 411 3385 465 nominum
3409 410 3548 479 parit
3566 408 3911 479 quaestiones,

2319 517 2382 555 ac
2414 518 2620 569 vereor,
2652 518 2717 557 ne
2742 504 2920 558 multis
2949 503 3225 558 ﬂuminum
3247 501 3452 566 effusis,
3474 502 3685 556 ﬂuentis
3709 500 3917 557 doctri-

2321 607 2403 646 nte
2432 607 2737 649 sermonem
2767 593 2909 649 velut
2936 594 3159 649 obruam
3187 602 3242 648 et
3263 592 3537 648 suffocem.
3564 591 3696 647 Nam
3723 609 3916 663 quem-

2320 682 2606 738 admodum
2637 684 2687 738 in
2714 700 2842 763 agro
2869 684 3089 741 humido
3129 694 3183 741 et
3221 685 3421 754 trriguo
3452 684 3773 754 ubicumque
3797 686 3922 754 quis

2319 773 2472 839 fodit,
2498 774 2733 845 undique
2754 775 2928 831 fontes
2951 776 3249 831 scaturiunt
3270 793 3287 829 ς
3310 776 3390 830 sic
3409 783 3461 830 et
3488 774 3539 829 in
3567 789 3697 843 agro
3720 773 3921 829 divinae

2321 864 2609 935 Scriptura:
2632 906 2647 931 ,
2684 868 3006 936 ubicumque
3040 865 3397 933 reseraveris,
3430 865 3689 934 plurimos
3726 861 3925 918 fluvios

2320 954 2526 1013 videbis
2555 971 2837 1027 erumpere
2869 974 2882 1011 :
2916 971 3073 1027 quam
3113 955 3183 1009 ob
3220 970 3436 1009 causam
3474 970 3540 1009 ne
3574 968 3765 1009 omnes
3800 952 3925 1007 illos

2321 1048 2477 1101 simul
2513 1048 2769 1102 hodierno
2792 1048 2882 1101 die
2907 1045 3173 1101 eﬂ’undam
3198 1088 3212 1111 ,
3241 1060 3348 1100 non
3382 1043 3727 1099 mediocriter
3752 1043 3921 1113 perti-

2321 1153 2523 1193 mesco.
2572 1138 2905 1207 Quapropter
2940 1137 3113 1192 rivum
3154 1136 3296 1191 hunc
3342 1145 3580 1190 nostrum
3625 1135 3920 1201 claudens,

2320 1230 2596 1285 caritatem
2628 1241 2861 1285 vestram
2888 1228 2954 1284 ad
2994 1244 3206 1284 sacrum
3240 1228 3439 1284 fontem
3470 1228 3756 1298 praesulum
3785 1229 3922 1282 isto-

2320 1336 2461 1384 rum,
2506 1324 2991 1392 magistrorumque
3032 1322 3384 1378 transmittam
3426 1319 3703 1390 limpidum
3742 1320 3920 1385 illum,

2320 1412 2606 1481 potabilem
2641 1428 2704 1467 ac
2740 1413 2981 1476 dulcem,
3011 1412 3153 1483 quod
3184 1429 3250 1467 ex
3285 1412 3547 1482 spirituali
3576 1422 3724 1482 petra
3748 1411 3927 1467 fluen-

2320 1512 2431 1557 tum
2454 1513 2652 1558 manat.
2686 1504 2917 1560 Meutem
2941 1505 3098 1575 igitur
3117 1504 3183 1558 ad
3205 1502 3571 1573 excipiendam
3592 1502 3922 1570 doctrinam,

2321 1593 2387 1648 ad
2415 1595 2720 1665 Spirituales
2757 1596 2941 1651 latices
2972 1594 3295 1650 hauriendos
3324 1608 3602 1663 paremus,
3644 1604 3701 1649 ut
3736 1593 3829 1648 fiat
3866 1595 3923 1649 in

2319 1686 2475 1740 nobis
2511 1686 2629 1742 fons
2663 1701 2816 1755 aqua:
2858 1685 3097 1741 salientis
3139 1686 3190 1739 in
3229 1686 3391 1740 vitam
3430 1695 3687 1740 aeternam
3717 1702 3730 1737 :
3758 1700 3924 1756 quam

2322 1792 2420 1832 uos
2444 1791 2630 1832 omnes
2658 1777 2901 1833 obtinere
2942 1779 3246 1847 contingat,
3282 1776 3449 1847 gratia
3491 1788 3547 1831 et
3590 1776 3926 1847 benignitate

2325 1870 2535 1923 Domini
2568 1870 2737 1924 nostri
2763 1870 2891 1925 Jesu
2913 1869 3132 1933 Christi,
3156 1884 3254 1940 per
3277 1883 3436 1939 quem
3461 1876 3659 1923 etcum
3686 1883 3791 1939 quo
3820 1868 3927 1922 Pa-

2323 1960 2390 2014 tri
2414 1960 2604 2029 gloria,
2634 1960 2827 2027 honor,
2862 1962 3164 2034 imperium,
3197 1976 3301 2015 una
3328 1974 3450 2015 cum
3480 1968 3665 2015 sancto
3690 1975 3753 2015 ac
3781 1960 3924 2015 vivi-

2323 2050 2425 2105 lico
2450 2051 2669 2121 Spiritu,
2696 2067 2836 2107 nunc
2864 2062 2919 2107 et
2946 2067 3179 2122 semper,
3199 2060 3253 2107 et
3281 2051 3333 2106 in
3364 2050 3556 2106 saecula
3578 2051 3921 2106 seculorum.

2320 2142 2512 2195 Amen.

618 2397 705 2440 ΔΙ)
749 2396 861 2440 EOS
906 2395 1014 2448 ρω
1060 2391 1654 2435 BEPREBENDEBANT
1698 2390 1833 2433 Ε.οΜ
1863 2388 1943 2431 OB
1974 2387 2449 2430 PBOLIXITATEM
2487 2389 2731 2444 EORUM,
2778 2391 2921 2440 OUIE
2966 2392 3157 2435 DICTA
3200 2393 3523 2445 FUERANT,
3571 2393 3651 2435 ET
3689 2393 3767 2436 AD
3812 2392 3923 2435 nos

696 2497 805 2550 QUI
849 2495 1258 2540 BREVITATEM
1302 2492 1630 2537 ORATIONIS
1675 2491 1857 2533 Δεριιις
1900 2487 2257 2542 FEREBANT,
2303 2487 2515 2539 DEQUE
2561 2490 2742 2533 SAULI
2789 2493 2868 2533 ΕΤ
2911 2492 3098 2536 PAULI
3131 2493 3628 2545 APPELLATIONE,
3680 2494 3759 2536 Ετ
3794 2494 3923 2537 (ζοκ

697 2596 931 2639 paruus
976 2593 1146 2637 nmio
1190 2592 1470 2641 voca'rus
1514 2590 1611 2633 sn'
1647 2590 1846 2642 ADAM,
1895 2589 1975 2631 ET
2004 2585 2174 2639 QUOD
2219 2587 2519 2630 crumen
2551 2590 2623 2632 ac
2669 2592 3083 2649 FRUCTUOSE;
3132 2594 3340 2645 ATQUE
3384 2593 3448 2636 nt
3498 2593 3606 2636 nos
3649 2593 3755 2645 om
3789 2596 3925 2636 nn-

701 2696 854 2741 CENS
896 2694 1193 2739 FUEBANT
1237 2691 1632 2735 ILLUMINATI.

1922 2770 2613 2827 -έ-Βῧθομ

690 2930 743 2983 1.
774 2925 908 2995 Quid
934 2939 1116 2995 quaeso
1146 2922 1303 2977 nobis
1351 2919 1612 2989 agendum
1646 2924 1735 2974 ‘est
1780 2918 2038 2973 hodierno
2081 2916 2205 2971 die?

621 3016 894 3087 Siquidem
919 3013 1047 3069 dum
1071 3011 1464 3067 multitudinem
1490 3018 1721 3066 vestram
1762 3023 1925 3065 cerno
1944 3047 1960 3072 ,
2004 3022 2071 3060 ne
2098 3006 2215 3059 lon-

619 3108 738 3178 gius
768 3118 1071 3159 sermonem
1116 3101 1457 3170 protraham,
1505 3099 1845 3169 pertimesco.
1891 3096 2024 3152 Cum
2067 3096 2211 3151 enim

620 3196 931 3269 provehitur
954 3195 1167 3264 longius
1195 3192 1450 3247 doctrina:
1478 3204 1678 3253 sermo,
1710 3188 1864 3243 video
1901 3202 1995 3242 vos
2031 3188 2082 3242 in
2113 3201 2211 3241 an-

621 3290 825 3358 gustias
852 3288 1098 3343 redactos
1125 3300 1221 3339 vos
1247 3285 1471 3338 invicem
1500 3282 1816 3337 conculcare
1838 3320 1854 3344 ,
1887 3288 2045 3350 atque
2077 3278 2215 3334 hanc

621 3396 687 3435 ex
720 3378 977 3451 angustiis
1018 3376 1396 3438 afllictionem,
1449 3388 1554 3443 quo
1592 3373 1768 3426 minus
1810 3370 2092 3440 diligenter
2120 3384 2215 3422 au-

620 3471 802 3536 diatis,
831 3468 1088 3540 impedire
1113 3485 1128 3521 :
1156 3465 1259 3522 nisi
1291 3466 1433 3520 enim
1465 3465 1676 3534 quietus
1703 3462 1769 3517 sit
1799 3477 1861 3517 ac
1899 3460 2215 3530 tranquillus

624 3554 836 3609 auditor
855 3594 870 3618 ,
900 3552 1120 3607 minime
1150 3558 1323 3623 potest
1348 3564 1470 3604 cum
1500 3547 1678 3603 studio
1706 3546 1773 3601 ad
1795 3562 1858 3600 ea
1885 3561 2005 3616 qua:
2028 3545 2215 3599 dicun-

625 3656 714 3703 tur
747 3642 1043 3698 attendere.

697 3734 813 3788 Duo
841 3750 1021 3804 genera
1046 3732 1354 3787 auditorum.
1384 3760 1453 3771 -
1482 3730 1616 3786 Cum
1638 3730 1803 3802 igitur
1823 3727 2211 3784 multitudinem

627 3837 863 3880 vestram
887 3865 904 3891 ,
936 3834 992 3877 ut
1021 3822 1161 3889 dixi,
1188 3822 1344 3878 video
1363 3864 1377 3886 ,
1415 3836 1481 3876 ne
1516 3821 1725 3891 longius
1754 3834 2057 3875 sermonem
2088 3834 2214 3888 pro-

626 3915 834 3970 traham
882 3916 1236 3985 pertimesco,
1291 3914 1385 3967 sed
1427 3912 1552 3967 dum
1601 3911 1942 3981 cupiditatem
1985 3919 2215 3966 vestram

626 4008 929 4071 considero,
961 4005 1253 4061 doctrinam
1285 4004 1601 4059 contrahere
1626 4002 1937 4058 reformido.
1968 4002 2101 4056 Nam
2126 4002 2216 4071 qui

626 4099 771 4163 sitit,
820 4098 921 4151 nisi
953 4097 1099 4167 prius
1125 4095 1374 4165 poculum
1402 4094 1664 4164 repletum
1692 4094 1920 4161 viderit,
1965 4109 2033 4149 ne
2060 4094 2220 4149 labris

629 4188 846 4261 quidem
880 4188 1122 4243 lubenter
1151 4186 1277 4241 illud
1302 4186 1593 4252 admovet,
1634 4185 1728 4241 sed
1765 4188 2011 4256 quamvis
2049 4194 2220 4241 totum

630 4280 989 4337 exhausturus
1014 4294 1119 4333 non
1148 4279 1251 4345 sit,
1281 4287 1449 4333 totum
1476 4279 1737 4348 repletum
1770 4292 1995 4334 cernere
2022 4293 2221 4334 concu~

631 4371 811 4442 piscit.
858 4366 1217 4437 Quamobrem
1245 4407 1261 4433 ,
1304 4383 1409 4438 quo
1439 4375 1595 4437 pacto
1624 4383 1708 4422 me
1752 4369 1803 4422 in
1836 4366 1936 4422 hac
1963 4369 2222 4424 concione

630 4477 820 4532 gerere
859 4460 1083 4516 debeam
1107 4501 1122 4525 ,
1162 4459 1368 4529 ignoro.
1414 4457 1545 4513 Nam
1574 4466 1628 4513 et
1665 4458 1925 4515 brevitate
1958 4461 2223 4515 sermonis

634 4556 870 4611 laborem
900 4564 1136 4610 vestrum
1165 4553 1406 4609 minuere
1430 4553 1552 4608 volo
1575 4595 1591 4621 ,
1632 4561 1688 4608 et
1716 4553 1972 4609 orationis
2000 4555 2222 4625 prolixi-

636 4656 743 4702 tate
772 4638 1001 4703 vestram
1045 4644 1389 4716 cupiditatem
1436 4646 1675 4715 explere.
1729 4645 1892 4715 Atqui
1940 4654 2225 4715 utrumque

634 4741 859 4796 isturum
903 4751 1276 4809 saepenumero
1315 4737 1567 4807 praestiti,
1612 4751 1674 4793 ac
1701 4752 1769 4793 ne
1804 4737 1971 4793 semel
2012 4737 2223 4806 quidem

634 4822 836 4885 crimen
863 4829 1041 4900 effugi.
1082 4828 1207 4884 Scio
1236 4844 1322 4885 me
1352 4842 1630 4898 perstepe,
1671 4828 1798 4883 dum
1841 4828 1992 4883 vobis
2039 4841 2223 4898 parco,

638 4932 761 4979 ante
787 4921 945 4977 linem
978 4921 1257 4991 abrupisse
1280 4934 1607 4985 sermonem,
1639 4928 1693 4975 et
1718 4922 1772 4975 in
1802 4934 1901 4982 nos
1929 4920 2229 4974 clamarunt

639 5015 710 5077 ii,
739 5029 966 5083 quorum
988 5013 1199 5069 animus
1234 5013 1418 5068 satiari
1456 5012 1674 5068 minime
1699 5021 1908 5084 potest,
1937 5012 2029 5084 qui
2060 5014 2228 5068 sacris

640 5102 887 5159 laticibus
926 5103 1141 5172 assidue
1167 5102 1413 5159 fruuntur
1437 5145 1453 5170 ,
1494 5103 1589 5159 sed
1615 5118 1901 5173 numquam
1928 5113 2103 5159 tamen
2129 5119 2226 5160 ex-

640 5195 889 5265 plentur,
935 5193 1079 5249 Beati
1118 5194 1196 5249 illi
1210 5236 1225 5259 ,
1271 5196 1356 5266 qui
1397 5196 1650 5258 esuriant,
1691 5203 1736 5249 ct
1769 5195 1943 5249 sitiunt
1974 5196 2230 5266 justitiam

642 5284 855 5355 (Matth.
890 5287 943 5342 5.
973 5287 1031 5357 6)
1057 5328 1073 5352 ,
1116 5295 1172 5341 et
1215 5285 1437 5341 istorum
1467 5286 1723 5341 adversos
1770 5284 2029 5340 clamores
2061 5287 2223 5355 perti-

647 5394 892 5434 mescens
918 5394 1101 5435 rursus
1122 5378 1382 5435 doctrina:
1411 5393 1715 5433 sermonem
1748 5378 1980 5447 protraxi
1998 5378 2227 5446 longius,

646 5479 703 5525 et
730 5470 926 5526 idcirco
952 5470 1005 5524 in
1048 5470 1253 5525 crimen
1280 5469 1497 5525 incurri.
1543 5468 1674 5523 Nam
1702 5467 1789 5538 qui
1812 5468 2075 5523 sermonis
2104 5466 2231 5523 bre-

648 5561 810 5617 vitate
840 5563 1207 5628 delectantur,
1252 5568 1597 5617 occurrentes
1621 5558 1883 5625 orabant,
1915 5567 1971 5613 ut
1996 5558 2233 5627 ipsorum

651 5654 941 5710 inﬁrmitati
987 5656 1262 5725 parcerem
1288 5693 1306 5719 ,
1349 5663 1510 5723 atque
1553 5652 1829 5709 concionis
1872 5650 2233 5723 prolixitatem

650 5743 1036 5801 contraherent.
1084 5744 1217 5801 Dum
1262 5743 1417 5814 igitur
1454 5757 1549 5801 vos
1580 5742 1633 5800 in
1674 5743 1945 5818 angustias
1989 5742 2234 5801 redactos

2322 2912 2539 2968 intueor
2562 2956 2575 2981 ,
2633 2928 2937 2969 sermonem
2988 2916 3202 2970 silentio
3247 2931 3497 2974 coercere
3524 2917 3714 2974 studeo
3743 2936 3756 2973 :
3788 2917 3920 2972 dum

2318 3018 2447 3057 vero
2472 3018 2565 3057 vos
2600 3004 2857 3074 angustiis
2886 3020 3098 3074 pressos
3138 3007 3337 3060 idcirco
3366 3022 3472 3062 non
3504 3008 3758 3063 recedere
3777 3051 3790 3071 ,
3822 3006 3924 3061 sed

2320 3096 2387 3152 ad
2429 3097 2725 3167 longiorem
2754 3112 2969 3153 cursum
3016 3106 3228 3167 paratos
3256 3113 3378 3153 esse
3402 3139 3418 3164 ,
3458 3113 3653 3153 acuere
3688 3098 3937 3169 linguam

2322 3187 2592 3243 desidero.
2630 3189 2891 3259 Augustia'
2928 3190 3054 3243 milii
3092 3200 3208 3243 sunt
3237 3191 3457 3259 undique
3482 3189 3643 3262 (Dan.
3679 3191 3766 3247 l3.
3793 3188 3917 3256 2‘1).

2320 3280 2459 3347 Quid
2493 3280 2726 3334 faciam?
2761 3280 2893 3334 Nam
2928 3281 2975 3335 is
3003 3281 3219 3351 quidem
3242 3281 3332 3351 qui
3365 3282 3454 3335 uni
3482 3281 3703 3337 domino
3728 3282 3921 3346 servit,

2321 3372 2520 3442 unique
2573 3372 2853 3427 sententia:
2902 3373 3112 3443 cogitur
3160 3372 3445 3439 famulari,
3499 3374 3653 3429 facile
3701 3374 3929 3429 domino

2323 3471 2500 3533 potest
2543 3464 2756 3532 placere
2776 3503 2792 3529 ,
2845 3478 3020 3531 neque
3049 3478 3076 3515 a
3109 3464 3382 3531 proposito
3408 3463 3661 3518 aberrare
3693 3480 3707 3516 :
3740 3473 3791 3517 at
3824 3478 3929 3533 ego

2322 3552 2520 3607 multos
2550 3552 2721 3606 habeo
2748 3553 2995 3606 dominos
3016 3593 3029 3614 ,
3070 3552 3156 3621 qui
3185 3560 3334 3606 tanto
3360 3552 3568 3606 servire
3598 3552 3796 3622 populo
3822 3566 3924 3605 co-

2320 3659 2449 3715 gor,
2482 3642 2636 3713 cujus
2661 3642 2871 3698 diversa
2903 3651 2985 3698 est
3017 3644 3305 3697 sententia.
3341 3642 3465 3698 Hzec
3492 3652 3670 3698 autem
3697 3658 3804 3696 non
3835 3641 3925 3696 id-

2321 3736 2467 3790 circo
2497 3744 2621 3788 sunt
2645 3751 2673 3788 a
2714 3750 2801 3789 me
2840 3734 2977 3788 dicta
3000 3774 3015 3797 ,
3043 3733 3186 3802 quod
3213 3734 3527 3787 servitutem
3554 3748 3695 3803 aegre
3725 3732 3923 3798 feram,

2323 3826 2500 3891 absit,
2550 3840 2722 3894 neque
2773 3824 2917 3894 quod
2970 3832 3206 3879 vestrum
3254 3822 3521 3894 defugiam
3568 3822 3924 3878 dominatum.

2323 3916 2466 3971 Nihil
2494 3917 2634 3970 enim
2664 3916 2794 3969 mihi
2814 3925 2896 3970 est
2922 3914 3020 3969 hac
3041 3915 3297 3969 servitute
3322 3913 3783 3968 honoriﬁcentius.
3803 3913 3923 3968 Non

2327 4010 2397 4063 ita
2427 4008 2728 4063 diademate
2757 4022 2820 4061 ac
2849 4021 3081 4077 purpura
3108 4006 3367 4075 gloriatur
3394 4005 3712 4075 Imperator,
3737 4014 3794 4059 ut
3816 4020 3923 4076 ego

2326 4100 2563 4155 caritatis
2611 4110 2803 4153 vestrae
2850 4099 3167 4155 servitutem
3210 4098 3341 4152 mihi
3386 4096 3731 4152 honoriﬁcam
3761 4096 3928 4153 duco.

2326 4190 2599 4262 Siquidem
2632 4190 2706 4244 illi
2755 4204 2920 4259 regno
2960 4203 3106 4244 mors
3133 4187 3371 4243 succedit
3401 4205 3415 4240 :
3450 4186 3575 4242 huic
3600 4198 3777 4241 autem
3800 4201 3922 4241 ser-

2326 4285 2478 4339 vituti
2499 4326 2513 4351 ,
2546 4283 2591 4338 si
2622 4291 2767 4338 recte
2799 4290 3010 4351 peracta
3041 4280 3243 4347 fuerit,
3286 4294 3512 4351 regnum
3537 4280 3752 4341 caeleste
3781 4293 3927 4349 prte-

2330 4385 2567 4445 paratum
2580 4382 2680 4428 est.
2707 4374 2900 4429 Beatus
2920 4372 3062 4428 enim
3080 4381 3163 4426 est
3184 4370 3381 4426 Fidelis
3397 4386 3592 4438 seruus,
3616 4380 3663 4424 et
3679 4369 3925 4439 prudens,

2329 4484 2475 4533 quem
2507 4466 2764 4535 constituit
2790 4466 3024 4521 dominus
3051 4466 3160 4535 ejus
3183 4507 3198 4531 ,
3227 4473 3281 4519 ut
3305 4446 3555 4520 censuris
3593 4462 3697 4517 suis
3721 4460 3803 4517 det
3830 4463 3923 4516 tri-

2332 4558 2418 4611 tici
2437 4574 2743 4614 mensuram.
2787 4556 2948 4611 Amen
2977 4557 3089 4610 dico
3115 4556 3273 4620 vobis,
3299 4572 3451 4625 super
3478 4556 3650 4609 omnia
3677 4553 3810 4611 bona
3830 4568 3932 4607 sua

2331 4650 2593 4709 constituet
2628 4666 2741 4705 eum
2780 4647 2928 4717 (Luc.
2975 4648 3063 4702 12.
3096 4646 3183 4702 42.
3216 4645 3327 4716 ιιι).
3385 4644 3546 4705 Vides
3590 4658 3824 4718 quantus
3861 4648 3939 4703 sit

2334 4741 2602 4796 servitutis
2633 4742 2790 4811 hujus
2829 4749 3099 4811 quaestus,
3149 4739 3193 4794 si
3234 4738 3520 4813 diligenter
3563 4739 3707 4796 obita
3738 4740 3900 4794 fuerit
3923 4744 3951 4799 2

2334 4832 2507 4903 Super
2535 4832 2712 4887 omnia
2738 4832 2937 4886 domini
2969 4832 3106 4886 bona
3132 4832 3429 4889 cenatituit.
3472 4831 3587 4887 Non
3615 4847 3745 4902 ergo
3776 4832 3939 4887 defu-

2334 4916 2422 4994 gio
2448 4924 2757 4979 servitutem
2784 4964 2798 4983 .
2828 4922 3022 4992 quippe
3051 4925 3287 4996 quicum
3320 4923 3484 4979 Paulo
3510 4923 3763 4977 serviam.
3798 4920 3929 4977 Nam

2336 5025 2391 5070 et
2425 5015 2514 5069 ille
2539 5014 2703 5070 dicit:
2741 5012 2861 5068 Non
2893 5018 3224 5085 nosmetipsos
3253 5016 3585 5087 pradicamus
3608 5056 3622 5079 ,
3661 5013 3752 5068 sed
3779 5012 3929 5068 Chri-

2336 5114 2468 5158 stum
2494 5104 2669 5159 Jesum
2697 5104 2971 5159 Dominum
3001 5121 3018 5159 :
3044 5121 3136 5160 nos
3183 5115 3349 5159 autem
3380 5120 3548 5158 servos
3588 5113 3776 5158 uestros
3816 5119 3925 5173 pro

2341 5206 2451 5267 pter
2491 5196 2669 5251 Jesum
2700 5197 2790 5269 (2.
2823 5197 2941 5253 Cor.
2969 5198 3025 5253 4.
3056 5196 3145 5270 ὅ).
3190 5197 3257 5252 Et
3283 5197 3409 5268 quid
3436 5196 3555 5251 dico
3582 5196 3848 5251 Paulum?
3877 5196 3931 5251 Si

2339 5286 2384 5342 is
2409 5288 2499 5360 qui
2527 5288 2582 5343 in
2622 5289 2793 5345 forma
2827 5289 2917 5345 Dei
2944 5298 3093 5356 erat,
3124 5289 3470 5361 semetipsum
3498 5288 3801 5343 exinanivit
3827 5285 3938 5343 fur-

2347 5400 2488 5437 mam
2508 5386 2651 5439 servi
2672 5384 2946 5453 accipiens
2969 5391 3187 5451 prepter
3215 5395 3405 5436 servos
3426 5377 3755 5447 (Philipp.2.
3774 5377 3827 5433 6.
3850 5380 3931 5448 7),

2350 5472 2476 5543 quid
2506 5488 2763 5543 magnum
2808 5479 3025 5541 praesto,
3059 5470 3104 5525 si
3136 5484 3239 5540 ego
3275 5484 3468 5525 servus
3501 5468 3624 5523 llam
3646 5469 3934 5524 conservis

2350 5565 2467 5636 ipse
2485 5579 2677 5620 servus
2698 5572 2920 5634 pr0pter
2936 5564 3040 5618 mei
3048 5562 3238 5634 psum?
3253 5561 3372 5617 Non
3386 5577 3518 5632 ergo
3528 5561 3673 5631 quod
3697 5570 3933 5615 vestram

2352 5658 2670 5714 servitutem
2702 5659 3022 5723 detrectem,
3060 5658 3167 5714 ista
3200 5658 3344 5722 dixi,
3378 5655 3472 5711 sed
3509 5665 3570 5710 ut
3613 5656 3743 5711 mihi
3775 5655 3937 5710 venia

2353 5752 2534 5819 detur,
2571 5750 2616 5806 si
2654 5750 2795 5806 forte
2821 5750 3003 5806 minus
3024 5750 3439 5807 convenientem
3465 5745 3942 5818 omniumjudicio
