4212 6290
733 341 757 397 ί
767 340 838 394 95

729 455 1065 527 κατάλληλον
1114 446 1452 522 παραθῶμαι
1500 447 1602 517 τὴν
1648 443 1968 527 τράπεζαν..
1997 440 2215 527 Μᾶλλον
2257 433 2314 489 δέ

729 539 887 595 τοῦτο
916 522 1178 609 ποιήσατε
1205 532 1233 584 ὃ
1252 529 1406 598 λέγω
1438 527 1553 582 νῦν.
1594 527 1862 596 ’Υμεῖςόί
1908 525 2007 609 μὴ,
2031 522 2316 609 δυνάμενοι

733 605 1116 694 ἐμπλησθῆναι
1147 631 1302 681 ποτε,
1326 611 1465 666 ἀλλά
1486 609 1782 673 πεινῶντες
1814 609 1907 662 καὶ
1929 605 2194 676 διψῶντες
2219 606 2320 675 τὴν

729 688 1096 772 δίκαιοσύνην,
1142 699 1238 752 καὶ
1277 695 1521 768 ’μακρῶν
1558 691 1958 766 ἐπιθυμοῦντες
1992 689 2191 758 λόγων,
2232 688 2318 772 διά

731 789 829 858 τὴν
861 770 1147 839 ἀσθένειαν
1170 781 1279 835 τῶν
1299 775 1592 850 ’ὑμετέρων
1624 777 1868 846 ἀδελφῶν
1902 771 2203 845 ἀνάσχεσθε
2223 770 2320 824 τοῦ

733 855 1000 940 συνήθους
1030 863 1506 938 περικοπτομένην
1541 861 1742 933 μέτρου
1783 859 1894 913 τῶν
1920 858 2117 926 λόγων.
2149 855 2320 908 Πάλιν

733 937 890 1026 ὑμεῖς
918 957 965 1007 oi
999 937 1367 1024 βραχυλογίας
1404 947 1638 1017 ἐρῶντες
1664 945 1759 998 καὶ
1784 940 2170 1026 ἀσθενέστερον
2201 937 2320 1026 δια-

731 1021 1009 1107 κείμενοι,
1043 1021 1139 1087 ᾐδιά
1189 1033 1315 1094 τοὺς
1359 1027 1625 1098 ἀδελφοὺς
1667 1029 1794 1090 τοὺς
1852 1023 2154 1107 ὑμετέρους
2194 1021 2321 1082 τοὺς

658 1161 659 1164 η
728 1103 1062 1191 ἀκορέστους
1095 1115 1292 1189 μικρὸν
1326 1116 1707 1185 καρτερήσατε
1738 1111 1923 1171 πόνον,
1969 1106 2214 1191 ἀλλήλων
2250 1103 2320 1191 τά

732 1187 874 1274 βάρη
907 1187 1290 1273 βαστάζοντες,
1320 1198 1415 1250 καὶ
1442 1195 1621 1257 οὑτως
1645 1191 2082 1263 ἀναπληρώσατε
2108 1187 2201 1242 τὸν
2231 1188 2319 1239 νό-

733 1270 835 1356 μοι
860 1270 955 1339 ὲόῡ
977 1281 1238 1354 Χριστοῦ.
1266 1282 1380 1350 Οὐχ
1407 1281 1570 1350 ὁρᾶτε
1595 1277 1724 1339 τοὺς
1739 1273 2145 1344 Ὀλυμπιακοὺς
2163 1270 2321 1341 ἀθλη-

728 1368 828 1433 τάς
854 1371 932 1432 είς
961 1369 1126 1439 μέσον
1160 1364 1254 1418 τοῦ
1293 1363 1517 1433 θεάτρου
1544 1357 1693 1432 [109]
1727 1357 1990 1421 ἑστῶτας.
2017 1359 2073 1439 ἐν
2106 1371 2320 1426 μεσημ-

731 1431 862 1523 ϐρίᾳ
905 1431 1046 1523 μέσῃ
1094 1449 1348 1518 καθάπερ
1403 1431 1460 1500 ἐν
1511 1431 1726 1512 καμίνῳ
1767 1440 1845 1510 τῷ
1894 1431 2179 1523 σκάμματι
2228 1439 2321 1490 καὶ

732 1521 924 1605 γυμνῷ
949 1521 1029 1604 τῷ
1057 1531 1269 1602 σώματι
1299 1529 1398 1600 τὴν
1433 1529 1625 1581 ἀκτῖνα
1655 1523 1999 1595 δεχομένους,
2018 1521 2207 1592 ὥσπερ
2242 1539 2320 1574 τι-

735 1604 830 1679 νάς
870 1617 1188 1688 ἀνδριάντας
1229 1613 1467 1684 χαλκοῦς
1500 1612 1594 1662 καὶ
1623 1608 1761 1680 ἡλίῳ
1799 1608 1895 1661 καὶ
1924 1604 2190 1678 κονιορτῷ
2225 1606 2322 1658 καί⁵

732 1702 914 1767 πνίγει
946 1700 1309 1769 μαχομένους,
1330 1696 1418 1748 ῖνα
1433 1695 1533 1765 τὴν
1551 1691 1792 1746 τοσαῦτα
1820 1690 2320 1761 ταλαιπωρήσασαν

731 1782 973 1853 κεφαλὴν
1014 1781 1232 1851 φύλλοις
1266 1779 1474 1848 δάφνης
1512 1776 1923 1845 ἀναδὴσωνται;
1967 1773 2127 1843 Ὑμῖν
2161 1770 2217 1824 δὲ
2258 1772 2320 1829 οὐ

733 1866 994 1935 στέφανος
1037 1865 1275 1936 δάφνης,
1319 1862 1456 1916 ἀλλά
1501 1859 1763 1928 στέφανος
1803 1857 2148 1928 δικαιοσύνης
2189 1856 2323 1926 πρό-

731 1966 912 2003 κειται
955 1948 1056 2019 τῆς
1097 1947 1414 2018 ἀκροάσεως
1440 1945 1468 1996 6
1501 1941 1712 2014 μισθὸς,
1747 1941 1840 1993 καὶ
1873 1939 1994 1992 οὐδὲ
2026 1939 2187 2008 μέχρι
2230 1953 2319 2006 με-

733 2032 1012 2103 σημϐρίας
1065 2031 1240 2101 μέσης
1291 2030 1436 2098 ὑμᾶς
1481 2025 1806 2094 κατέχομεν,
1856 2023 1972 2075 ἀλλ’
2011 2022 2107 2076 ἀπ’
2143 2021 2322 2074 αὐτῶν

730 2116 839 2168 τῶν
866 2114 1165 2186 προοιμίων
1189 2113 1288 2183 τῆς
1311 2110 1583 2181 ὑμετέρας
1602 2110 1765 2161 ἓνεκα
1791 2105 2086 2177 ὀλιγωρίας
2111 2103 2324 2171 διαφίε-

735 2216 863 2270 μεν,
908 2198 987 2250 ἔτι
1024 2196 1119 2250 τοῦ
1154 2197 1318 2267 ἀέρος
1355 2195 1508 2261 ὄντος
1557 2191 1937 2262 ψυχροτέρου,
1987 2189 2082 2242 καὶ
2117 2189 2178 2241 οὐ
2205 2187 2322 2242 δια-

731 2280 1162 2353 θερμαινομένου
1214 2280 1336 2340 ταῖς
1385 2275 1492 2331 ἀπὸ
1535 2275 1642 2328 τῶν
1687 2274 1925 2327 ἀκτίνων
1983 2270 2204 2342 βολαῖς,
2257 2270 2319 2322 οὐ

732 2367 916 2434 γυμνῇ
947 2366 1012 2433 τῇ
1051 2360 1264 2432 κεφαλῇ
1300 2358 1616 2420 κελεύοντες
1648 2357 1792 2426 ὑμᾶς
1819 2355 1916 2425 τὴν
1949 2356 2140 2407 ἀκτῖνα
2173 2353 2321 2423 δέχε-

734 2446 880 2509 σθαι,
903 2444 1018 2498 ἀλλ’
1051 2445 1158 2497 ὑπὸ
1185 2444 1274 2496 τὸν
1300 2441 1616 2512 θαυμαστὸν
1644 2438 1834 2492 τοῦτον
1863 2438 2069 2507 ἄγομεν
2102 2437 2318 2508 ὄροφον,

734 2528 827 2580 καὶ
851 2528 949 2599 τὴν
972 2528 1080 2580 ἀπὸ
1094 2529 1194 2594 τῆς
1212 2523 1411 2594 στέγης
1432 2513 1751 2593 παρέχομεν
1783 2519 2138 2592 παραμυθίαν
2159 2521 2324 2571 παντὶ

734 2612 923 2682 τρόπῳ
963 2608 1304 2672 ἐπινοοῦντες
1335 2609 1464 2678 ὑμῖν
1503 2607 1710 2670 ἄνεσιν,
1743 2604 1884 2657 ὥστε
1934 2602 2187 2672 γενέσθαι
2215 2603 2322 2655 τῶν

735 2695 1042 2766 λεγομένων
1073 2694 1300 2765 μόνιμον
1339 2693 1439 2762 τὴν
1475 2689 1760 2760 ἀκρόασιν.
1809 2686 1900 2757 Μὴ
1938 2687 2000 2756 δὴ
2037 2685 2323 2756 γενώμεθα

742 2777 1118 2849 μαλακώτεροι
1155 2777 1265 2830 τῶν
1292 2774 1521 2828 παιδίων
1547 2771 1657 2825 τῶν
1694 2771 1982 2842 ἡμετέρων
2004 2769 2109 2822 τῶν
2137 2771 2217 2832 είς
2244 2769 2323 2822 δι-

738 2859 1034 2913 δασκαλεῖα
1083 2857 1441 2929 βαδιζόντων·
1477 2859 1663 2910 ἐκεῖνα
1704 2854 1809 2924 πρὸ
1841 2852 1942 2923 τῆς
1973 2850 2323 2922 μεσημϐρίας

739 2945 800 2995 οὐ
822 2944 994 3014 τολμᾷ
1017 2941 1372 3012 ἀναχωρῆσαι
1394 2940 1601 3002 οἴκαδε,
1632 2937 1748 2991 ἀλλ’
1779 2936 1904 3008 ἄρτι
1933 2933 2026 2989 τοῦ
2050 2936 2323 3004 γάλακτος

739 3024 1184 3085 ἀποσπασθέντα,
1219 3023 1343 3095 ἀρτι
1386 3023 1483 3092 τῆς
1519 3020 1690 3092 θηλῆς
1729 3021 2064 3082 ἀποστάντα,
2109 3018 2323 3071 οὐδέπω

738 3110 855 3161 οὐδὲ
887 3109 1052 3161 πέντε
1079 3106 1215 3160 ἐτῶν
1245 3105 1460 3177 ἡλικίαν
1492 3105 1712 3173 ἄγοντα.
1737 3105 1794 3156 ἐν
1814 3101 1992 3173 νεαρῴ
2015 3101 2108 3155 καὶ
2130 3100 2324 3172 ἁπαλῷ

745 3191 958 3262 σώματι
989 3194 1170 3244 πᾶσαν
1195 3189 1494 3260 καρτερίαν
1532 3186 1935 3240 ἐπιδείκνυται·
1975 3185 2078 3238 κᾶν
2110 3187 2320 3252 πνῖγος,

738 3275 841 3327 κᾶν
880 3273 1053 3343 δίψος,
1086 3273 1189 3326 κᾶν
1219 3272 1349 3326 ἀλλο
1371 3270 1550 3325 ὁτιοῦν
1584 3269 1914 3341 παρενοχλῇ,
1943 3268 2078 3338 πρὸς
2106 3284 2323 3338 μεσημ-

739 3359 905 3429 δρίαν
940 3357 1110 3428 μέσην
1137 3355 1506 3426 διακαρτερεῖ,
1555 3354 1648 3407 καὶ
1699 3353 2123 3423 ταλαιπωρεῖται
2159 3352 2215 3405 ἐν
2244 3349 2322 3420 τῷ

739 3439 1093 3509 διδασκαλείῳ
1138 3437 1440 3507 καθήμενα.
1485 3438 1547 3489 Εἰ
1602 3437 1694 3490 καὶ
1737 3435 1939 3506 μηδένα
1984 3430 2078 3488 οῦν
2112 3434 2319 3504 ἕτερον,

741 3525 921 3576 ἐκεῖνα
958 3520 1328 3592 μιμησὼμεθα
1370 3519 1437 3572 τὰ
1476 3518 1666 3573 παιδία
1721 3520 1880 3588 ἡμεῖς
1927 3520 1975 3570 οἱ
2028 3516 2221 3587 ἄνδρες
2273 3517 2322 3569 οἱ

741 3607 1045 3673 φθάσαντες
1089 3605 1168 3667 είς
1222 3605 1419 3674 μέτρον
1449 3601 1686 3673 ἡλικίας.
1720 3603 1783 3653 El
1823 3601 1933 3670 γάρ
1971 3601 2097 3661 τοὺς
2135 3599 2322 3666 λόγους

740 3690 865 3752 τοὺς
907 3690 1035 3758 περὶ
1068 3687 1272 3758 ἀρετῆς
1324 3687 1398 3757 μὴ
1431 3684 1738 3754 ἀνεχόμεθα
1780 3683 2020 3749 ἀκούειν,
2071 3683 2154 3746 τίς
2192 3686 2324 3756 ἡμῖν

749 3771 1033 3827 πιστεῦσαι
1060 3771 1369 3842 δυνήσεται,
1401 3770 1479 3821 ὅτι
1511 3769 1637 3830 τούς
1663 3767 1858 3829 πόνους
1887 3767 2013 3828 τοὺς
2037 3766 2174 3836 ὑπὲρ
2221 3767 2319 3837 τῆς

744 3856 946 3926 ἀρετῆς
973 3853 1409 3924 ’ὑπομενοῦμενς
1461 3855 1511 3906 εί
1559 3851 1696 3923 πρὸς
1741 3851 1840 3920 τὴν
1879 3839 2145 3921 ἀκρόασιν
2182 3849 2324 3902 οῦτω

747 3941 1039 4008 βάναυσοι,
1073 3939 1234 3991 πόθεν
1259 3937 1438 4008 δῆλον,
1480 3937 1560 3988 ὅτι
1604 3933 1740 4004 πρὸς
1783 3933 1881 4003 τὴν
1913 3932 2115 4001 πρᾶξίν
2155 3935 2326 4004 ἐσμεν

745 4023 1190 4093 διεγηγερμένοι;
1233 4023 1279 4074 εί
1310 4021 1370 4073 τὸ
1399 4017 1768 4087 εὐκολώτερον
1794 4014 2322 4087 παραπεμψώμεθα,

745 4107 861 4167 πῶς
889 4107 948 4159 τὸ
975 4103 1374 4174 δυσκολώτερον
1403 4103 1660 4170 οἴσομεν;
1695 4099 1858 4153 Ἀλλά
1885 4099 2054 4170 πολλὴ
2084 4100 2116 4167 ἡ
2147 4115 2326 4151 στενο-

745 4190 940 4261 χωρία,
976 4189 1145 4258 πολλὴ
1174 4189 1208 4258 ἡ
1243 4187 1351 4257 βία,
1398 4185 1537 4238 Ἀλλ’
1576 4183 1807 4237 ἄκουσον
1845 4184 1924 4235 ὅτι
1963 4182 2180 4250 βιασταὶ
2226 4183 2326 4252 ἀρ·-

746 4273 978 4335 πάξουσι
1011 4271 1108 4340 τὴν
1137 4269 1411 4339 βασιλείαν
1444 4267 1554 4320 τῶν
1606 4266 1881 4336 οὐρανῶν,
1919 4266 1999 4317 ὃτι
2033 4264 2190 4334 στενὴ
2233 4266 2327 4317 καὶ

748 4353 1080 4424 τεθλιμμένη
1104 4355 1136 4422 ἡ
1163 4353 1279 4415 ὁδὸς
1309 4355 1342 4422 ἡ
1374 4352 1663 4419 ἀπάγουσα
1711 4350 1789 4411 είς
1832 4348 1927 4417 τὴν
1962 4346 2128 4418 ζωὴν.
2173 4347 2328 4401 Ἐπεὶ

747 4433 839 4490 οῦν
869 4436 1057 4506 στενὴν
1091 4437 1184 4489 καὶ
1198 4433 1566 4504 τεθλιμμένην
1590 4430 1705 4485 ὁδὸν
1731 4430 2043 4500 βαδίζομεν,
2068 4430 2156 4482 δεῖ
2178 4431 2323 4499 ἡμᾶς

749 4520 842 4574 καὶ
878 4519 1106 4581 ἑαυτοὺς
1141 4519 1489 4589 στενοχωρεῖν
1525 4514 1617 4569 καὶ
1641 4513 1864 4576 θλίϐειν,
1892 4514 1978 4566 ἵνα
2007 4511 2326 4582 δυνηθῶμεν

745 4601 1016 4655 διώεῦσαι
1051 4602 1150 4672 τὴν
1193 4599 1385 4670 στενὴν
1419 4600 1510 4652 καὶ
1550 4595 1918 4667 τεθλιμμένην
1953 4595 2089 4648 ὀδόν.
2133 4595 2190 4646 '0
2219 4596 2326 4663 γάρ

748 4685 1103 4756 ἐμπλατύνων
1148 4683 1359 4746 ἑαυτὸν,
1408 4684 1509 4735 οὐκ
1544 4681 1610 4735 ἂν
1633 4679 1774 4734 οῦτω
1815 4678 2012 4751 ῥαδίως
2043 4677 2140 4747 τὴν
2178 4678 2328 4729 ἐστε-

748 4768 996 4838 νωμένην
1037 4767 1156 4821 ὀδδν
1199 4765 1517 4837 διαδράμοι,
1554 4763 1667 4818 ἀλλ’
1700 4766 1728 4817 ὀ
1761 4763 2017 4831 συνέχων,
2074 4761 2167 4813 καὶ
2215 4759 2327 4812 θλί-

748 4857 877 4920 ϐων,
909 4853 1004 4906 καὶ
1033 4853 1256 4917 πιέζων.
1936 4875 1943 4881 ·

822 4983 887 5053 β’.
916 4982 1050 5036 Οὑδέ
1075 4981 1180 5054 γὰρ
1205 4979 1460 5053 περὶτῶν
1485 4977 1753 5048 τυχόντων
1777 4974 1923 5028 ἐστὶν
1950 4974 2083 5045 ἡμῖν
2106 4972 2140 5042 ἡ
2169 4971 2329 5043 ζήτη-

749 5085 834 5131 σις
857 5068 1115 5139 τήμερον,
1143 5065 1256 5134 ἀλλ’
1278 5065 1420 5135 ὑπὲρ
1451 5062 1765 5132 ζητήματος
1788 5057 1888 5126 τὴν
1908 5056 2086 5127 ἀρχὴν
2111 5054 2208 5126 μὲν
2229 5054 2329 5139 λα-

751 5138 938 5212 ϐόντος
973 5149 1120 5220 χθὲς,
1146 5149 1245 5219 τὴν
1273 5148 1328 5201 δι
1370 5146 1523 5200 λύσιν
1549 5144 1623 5216 μὴ
1657 5141 1917 5204 λαϐόντος
1951 5141 2040 5192 διὰ
2063 5139 2124 5192 τδ
2160 5138 2328 5192 πολλὰ

751 5235 1001 5302 γενέσθαι
1040 5234 1108 5286 τά
1144 5231 1536 5304 προϐληθέντα.
1586 5227 1651 5281 Τί
1693 5225 1760 5296 δὴ
1815 5223 1970 5278 τοῦτό
2003 5225 2148 5285 tam;
2194 5222 2331 5293 Περὶ

750 5317 852 5386 τῆς
880 5317 988 5370 τῶν
1010 5315 1289 5386 ὀνομάτων
1316 5314 1518 5376 θέσεως
1543 5308 1866 5381 ἐζητοῦμεν,
1897 5307 2040 5377 ἆπερ
2093 5304 2329 5374 ἐπέθηκε

753 5404 862 5462 τοῖς
886 5399 1063 5468 ἁγίοις
1089 5401 1116 5452 6
1143 5398 1294 5462 Θεός.
1327 5396 1496 5449 Τοῦτο
1517 5395 1572 5448 δέ
1599 5394 1659 5448 τὸ
1681 5394 1915 5464 πρᾶγμα
1942 5389 2088 5442 δοκεῖ
2112 5387 2210 5456 μὲν
2244 5387 2332 5455 ψι-

752 5485 842 5537 λὸν
867 5479 1028 5542 εἶναι,
1061 5483 1113 5534 εί
1146 5498 1230 5544 τις
1269 5480 1522 5533 ἀκούσειε
1546 5495 1557 5508 ·
1597 5478 1764 5530 πολὺν
1789 5476 1846 5528 δὲ
1876 5474 1991 5544 ἔχει
2033 5469 2327 5540 θησαυρὸν,

753 5571 807 5623 ετ
828 5585 910 5630 τις
947 5560 1086 5637 μετά
1107 5563 1390 5634 ἀκριϐείας
1421 5561 1697 5633 προσέχοι.
1729 5561 1837 5614 Καὶ
1865 5557 1975 5628 γάρ
2000 5557 2098 5626 τὴν
2139 5555 2330 5637 χρυσί-

755 5668 836 5707 τιν
868 5636 972 5721 γῆν
1001 5649 1099 5719 τὴν
1130 5649 1186 5700 ἐν
1217 5649 1332 5709 τοῖς
1366 5646 1647 5716 μετάλλοις
1687 5643 1943 5714 κειμένην
1969 5641 2039 5721 οἱ.
2050 5638 2148 5708 μὲν
2175 5636 2331 5721 ἀπει-

759 5752 841 5804 ροι
872 5734 961 5789 καὶ
1005 5716 1188 5795 ἁπλῶς
1217 5729 1452 5801 δρῶντες
1498 5729 1599 5798 γῆν
1646 5726 1958 5797 νομίζουσιν
1991 5716 2126 5774 εἶναι
2171 5717 2331 5790 μόνον

1445 343 1502 401 S.
1542 339 1821 399 JOANNIS
1862 339 2354 398 CHRTSOSTOMI
2395 335 2715 396 ARCHIEP.
2756 325 3306 389 CONSTANTINOP.

3911 313 4014 369 ιεθ

2419 435 2602 506 ψιλὴν,
2651 437 2745 490 καὶ
2781 436 2936 490 οὐδὲν
2966 434 3127 490 πλέον
3161 434 3308 504 ἔχειν
3340 431 3440 502 τῆς
3471 427 3662 500 ἐτέρας
3685 445 3698 459 ·
3718 430 3770 480 οἱ
3803 427 3860 482 δέ
3893 431 4009 494 τοῖς

2419 527 2719 598 ὀφθαλμοῖς
2739 530 2838 599 τῆς
2859 528 3054 597 τέχνης
3082 522 3594 594 καταμανθάνοντες
3618 519 3766 571 ἴσασι
3787 519 3886 590 τῆς
3907 518 4016 588 γῆς

2418 619 2624 690 ταύτης
2646 618 2746 689 τὴν
2773 619 3080 687 εὐγένειαν,
3100 618 3192 670 καὶ
3215 613 3293 684 τῷ
3318 631 3393 666 πυ
3403 613 3456 684 ρὶ
3479 609 3816 683 παραδόντες
3844 608 4013 681 αὐτῆς

2419 711 2519 780 τὴν
2553 709 2808 780 βάσανον,
2834 709 3055 764 ἃπασαν
3077 705 3246 775 αὐτῆς
3277 703 3678 757 ἐκκαλύπτουσι
3718 699 3818 771 τὴν
3846 699 4016 770 ὑπερ·

2419 802 2573 872 οχὴν.
2597 799 2758 854 Οῦτω
2802 798 2868 870 δὴ
2900 799 2996 852 καὶ
3035 799 3128 849 ἐπὶ
3174 796 3283 849 τῶν
3311 794 3477 848 θείων
3517 791 3780 864 Γραφῶν,
3810 789 3862 843 οἱ
3916 786 4015 858 μὲν

2421 895 2608 958 ἁπλῶς
2652 891 2801 963 [H0]
2844 888 3316 959 ἀναγινώσκοντες
3345 886 3414 939 τά
3457 883 3765 955 γράμματα
3786 921 3802 943 ,
3827 881 4014 952 γράμ-

2422 1004 2569 1058 ματα
2591 983 2730 1038 εἶναι
2751 982 3035 1054 νομίζουσι
3063 980 3195 1050 ψιλά
3223 979 3318 1032 καὶ
3343 977 3454 1030 τῶν
3485 975 3661 1057 ἀλλων
3683 975 3848 1028 πλέον
3867 971 4015 1041 ἐχειν

2419 1077 2572 1131 οὐδέν
2592 1092 2607 1108 °
2637 1077 2688 1129 οί
2723 1075 2779 1129 δέ
2807 1077 2919 1137 τοῖς
2946 1073 3046 1143 τῆς
3079 1073 3318 1133 πίστεως
3346 1067 3647 1138 ὀφθαλμοῖς
3676 1065 3818 1120 αὐτά
3844 1080 4015 1119 κατα-

2425 1166 2812 1236 μανθάνοντες,
2845 1162 3095 1233 καθάπερ
3129 1162 3330 1215 ἐκεῖνοι
3357 1161 3469 1220 τοῖς
3493 1156 3591 1226 τῆς
3620 1156 3821 1226 τέχνης
3843 1153 4016 1227 ὀργάν-

2421 1274 2554 1322 νοις,
2601 1257 2736 1328 πυρὶ
2776 1254 2871 1308 τοῦ
2903 1255 3222 1323 Πνεύματος
3266 1248 3655 1321 παραδιδόντες
3695 1246 3879 1299 αὐτῶν
3915 1243 4016 1314 τὴν

2424 1349 2689 1415 ἐξέτασιν,
2724 1348 2940 1410 άπαντα
2964 1346 3055 1399 τὸν
3091 1344 3293 1416 χρυσὸν
3323 1341 3502 1396 αὐτῶν
3535 1339 3754 1410 ὄψονται
3790 1337 4013 1408 ῥαδίως.

2424 1438 2597 1492 Πόθεν
2623 1433 2715 1492 οῦν
2743 1441 2776 1508 ἡ
2819 1437 2961 1507 ἀρχὴ
2998 1437 3098 1505 τῆς
3124 1434 3410 1504 ζητήσεως
3431 1430 3692 1500 γέγονεν;
3733 1428 3869 1481 Οὐδέ
3902 1426 4016 1498 γὰρ

2424 1530 2610 1592 ἀπλῶς
2642 1529 2982 1597 ἐνεπέσαμεν
3015 1528 3094 1588 είς
3123 1525 3222 1596 τὴν
3252 1522 3639 1597 πραγματείαν
3667 1521 3892 1590 ταύτην,
3928 1519 4016 1571 ἴνα

2425 1623 2500 1691 μὴ
2530 1636 2613 1683 τις
2643 1617 2804 1689 ἡμῶν
2840 1615 3100 1687 ἀκαιρίαν
3135 1610 3522 1683 καταγινώσκῃ
3545 1628 3558 1641 ·
3590 1610 3705 1666 ἀλλ’
3729 1609 4014 1678 ἐπεθυμὴ-

2424 1728 2600 1781 σαμεν
2622 1711 2798 1762 εἰπεῖν
2825 1709 2893 1762 τά
2923 1707 3137 1761 Παύλου
3172 1702 3601 1776 κατορθώματα,
3623 1703 3736 1755 τῶν
3751 1703 3794 1755 Π
3804 1701 4017 1772 ράξεων

2422 1804 2531 1856 τῶν
2583 1801 2962 1856 ἁποστολικῶν
3021 1801 3152 1870 ὑμῖν
3210 1793 3818 1866 ὑπαναγινωσκομένων
3844 1832 3860 1856 ,
3923 1793 4018 1845 καὶ

2424 1893 2681 1964 ἡψάμεθα
2705 1893 2801 1946 τοῦ
2827 1891 3116 1964 προοιμίου
3143 1890 3244 1960 τῆς
3266 1889 3509 1961 ἱστορίας
3530 1902 3545 1918 °
3563 1886 3813 1957 ηῦραμεν
3836 1885 3894 1938 δέ
3917 1883 4018 1952 τὴν

2423 1984 2597 2055 ἀρχὴν
2641 1983 2733 2036 τοῦ
2781 1983 3122 2054 διηγήματος
3161 1979 3336 2042 οὑτως
3381 1978 3646 2048 ἔχουσαν·
3683 1974 3923 2036 Eatur;
3949 1971 4016 2022 δὲ

2423 2076 2510 2129 ἔτι
2553 2073 2828 2142 ἐμπνέων
2869 2069 3127 2138 ἀπειλῆς
3162 2070 3257 2124 καί
3306 2070 3497 2137 φόνου
3531 2070 3617 2132 εις
3656 2065 3797 2129 τοὺς
3829 2065 4017 2131 μαθη-

2425 2167 2532 2232 τὰς
2559 2165 2665 2220 τοῦ
2695 2166 2939 2233 Κυρίου.
2962 2164 3178 2228 Εὐθέως
3207 2164 3352 2234 ὑμᾶς
3376 2159 3689 2232 διετάραξεν
3718 2160 3752 2228 ἡ
3777 2156 3872 2211 τοῦ
3898 2156 4013 2208 ὀνό-

2426 2275 2596 2330 ματος
2640 2258 2908 2326 ἐναλλαγή
2925 2274 2940 2289 ο
2988 2256 3313 2327 εὑρίσκομεν
3340 2253 3445 2322 γάρ
3465 2253 3522 2305 ἐν
3537 2246 4013 2314 ταῖςἘπιστολαῖς

2423 2350 2698 2413 ἀπάσαις,
2736 2351 2830 2403 καὶ
2867 2351 2926 2400 ἐν
2963 2351 3079 2410 τοῖς
3111 2345 3418 2418 προοιμίοις
3452 2342 3681 2404 ἐκείνοις
3713 2341 3776 2393 υὺ
3808 2336 4015 2390 Σαῦλον

2425 2443 2608 2502 αὐτὸν,
2651 2440 2788 2494 ἀλλά
2833 2438 3048 2492 Παῦλον
3078 2436 3433 2506 καλούμενον,
3468 2433 3566 2486 καὶ
3590 2430 3750 2484 τοῦτο
3776 2428 3879 2481 οὐκ
3923 2426 4018 2480 ἐπί

2423 2533 2616 2588 τούτου
2667 2533 2854 2603 μόνου,
2888 2529 3022 2583 ἀλλὰ
3053 2529 3147 2581 καὶ
3178 2528 3271 2581 ἐπλ⁵
3325 2524 3534 2578 πολλῶν
3571 2523 3771 2594 ἐτέρων
3797 2521 4020 2589 γινόμε-

2424 2644 2532 2681 νον.
2570 2627 2680 2680 Καὶ
2712 2624 2820 2694 γὰρ
2864 2622 2958 2686 καὶ
2986 2623 3013 2674 ὀ
3049 2620 3253 2688 Πέτρος
3288 2612 3471 2687 Σίμων
3496 2615 3716 2681 ἐλέγετο
3756 2612 3864 2682 πρὸ
3893 2610 4021 2664 τούσ

2423 2736 2517 2771 του
2540 2759 2554 2780 ,
2585 2718 2678 2771 καὶ
2705 2716 2772 2768 τά
2811 2714 2978 2766 τέκνα
3013 2710 3297 2764 Ζεϐεδαίου
3337 2706 3593 2770 Ἰάκωϐος
3629 2706 3724 2758 καὶ
3763 2703 4023 2770 Ἰωάννης

2425 2809 2544 2862 Υἱοὶ
2595 2806 2828 2879 βροντῆς
2867 2803 3374 2877 μετωνομάσθησαν
3413 2800 3664 2870 ὕστερον,
3711 2795 3806 2849 καὶ
3852 2795 3911 2846 ἐν
3952 2798 4020 2865 τῇ

2424 2900 2641 2971 Παλαιᾷ
2667 2897 2724 2951 δέ
2751 2898 2812 2950 τὸ
2852 2897 2972 2958 ἔθος
3003 2895 3133 2948 αὐτὸ
3167 2892 3324 2946 τοῦτο
3374 2891 3473 2944 ἴδοι
3513 2906 3597 2951 τις
3622 2889 3686 2942 ἂν
3735 2888 3822 2938 ἐπ’
3862 2886 4020 2938 ἐνίων

2426 2991 2709 3063 κρατῆσαν
2730 3005 2742 3018 ·
2771 2989 2866 3040 καὶ
2895 2985 3005 3056 γὰρ
3032 2985 3060 3038 ὀ
3097 2981 3348 3052 ’Δϐραάμ
3373 2979 3640 3051 πρότερον
3680 2974 3898 3046 Ἀϐράμ
3928 2976 4020 3026 λε-

2426 3082 2655 3153 γόμενος
2687 3080 2826 3150 μετὰ
2869 3076 3044 3129 ταῦτα
3101 3073 3356 3142 Ἀϐραὰμ
3388 3069 3657 3131 ἐκαλεῖτο,
3703 3065 3798 3118 καὶ
3831 3066 4024 3136 Σάρρα

2428 3175 2533 3246 πρὸ
2577 3174 2767 3227 τούτου
2806 3172 2977 3242 Σάρα,
3024 3166 3162 3239 μετά
3187 3164 3244 3219 δέ
3275 3163 3446 3216 ταῦτα
3474 3162 3662 3232 Σάρρα
3695 3159 4019 3229 ὠνομάσθη,

2426 3267 2520 3319 καὶ
2548 3266 2576 3317 ὁ
2618 3262 2810 3318 Ἰακὼϐ
2838 3262 2892 3314 δέ
2919 3259 3059 3332 μετά
3089 3258 3264 3311 ταῦτα
3304 3255 3523 3325 Ἰσραὴλ
3548 3251 4021 3323 προσηγορεύετο⁹

2426 3363 2625 3417 ἄτοπον
2659 3356 2752 3414 οὖν
2784 3357 2961 3422 ἔδοξεν
2982 3357 3116 3426 ἡμῖν
3149 3350 3286 3406 εἶναι
3315 3349 3572 3402 τοσοῦτον
3607 3347 3893 3417 ὀνομάτων
3925 3345 4024 3418 θη-

2428 3455 2629 3526 σαυρὸν
2657 3449 3042 3522 παραδραμεῖν
3087 3443 3294 3506 ἁπλῶς.
3334 3439 3507 3494 Τοῦτο
3551 3438 3608 3491 δὲ
3658 3438 3753 3490 καὶ
3795 3437 3887 3490 ἐπὶ
3919 3437 4022 3507 ἀρα

2425 3549 2630 3618 χὸντων
2660 3544 2766 3596 τῶν
2809 3541 3007 3606 ἔξωθεν
3035 3536 3332 3607 συμϐαῖνον
3361 3533 3514 3601 εὖροι
3542 3548 3625 3592 τις
3651 3530 3718 3584 ἀν
3741 3547 3752 3559 ο
3783 3529 3881 3582 καὶ
3911 3528 4025 3597 γάρ

2426 3639 2519 3692 καὶ
2551 3635 2783 3696 ἐκείνοις
2831 3628 3052 3692 διπλοῦς
3081 3629 3109 3679 6
3141 3622 3534 3696 χρηματισμὸς
3567 3619 3676 3673 τῶν
3711 3619 4021 3688 ὀνομάτων.

2427 3731 2568 3801 Ὅρα
2611 3728 2701 3781 δέ’
2739 3723 3053 3788 Διεδέξατο
3077 3759 3091 3784 ,
3139 3717 3307 3788 φησὶ,
3348 3714 3456 3768 τὸν
3489 3713 3725 3781 Φήλικα
3766 3712 4027 3778 Πόρτιος

2424 3821 2664 3890 Φῆστος
2683 3837 2694 3848 ·
2728 3819 2823 3871 καὶ
2855 3814 3015 3876 πάλιν
3035 3852 3051 3876 ,
3087 3808 3296 3876 Συκῆν
3323 3824 3413 3872 τις
3440 3803 3518 3869 τῷ
3550 3801 3876 3866 ἀνθυπάτῳ
3916 3818 4026 3853 κα-

2425 3911 2705 3981 λουμένῳ
2729 3905 2951 3975 Σεργίῳ
2978 3903 3200 3966 Παύλῳ
3218 3919 3231 3930 ·
3263 3899 3358 3951 καὶ
3387 3898 3415 3948 ὀ
3443 3895 3533 3948 τὸν
3557 3891 3795 3965 Χριστὸν
3825 3892 4023 3954 ἐκδοὺς

2426 4008 2539 4068 τοῖς
2573 4000 2849 4062 Ἰουδαίοις
2889 3996 3114 4057 Πόντιος
3147 3991 3379 4053 Πιλάτος
3404 3987 3641 4056 ἐλέγετο.
3672 3985 3748 4038 Οὐ
3771 3986 3887 4046 τοῖς
3921 3983 4024 4053 ἀρ-

2426 4113 2578 4169 χουσι
2618 4095 2674 4146 δὲ
2719 4092 2902 4163 μόνον,
2923 4086 3062 4142 ἀλλά
3095 4085 3190 4139 καὶ
3220 4086 3332 4145 τοῖς
3359 4077 3722 4152 στρατιώταις
3754 4075 4023 4136 πολλάκις

2425 4167 2588 4242 διπλᾶ
2615 4186 2688 4239 τὰ
2726 4179 2989 4252 ὀνόματα,
3039 4178 3134 4230 καὶ
3158 4177 3270 4236 τοῖς
3303 4172 3393 4224 τὸν
3433 4169 3704 4223 ἰδιωτικὸν
3733 4167 4016 4240 ἀνῃρημέ-

2427 4297 2538 4342 νοις
2571 4278 2684 4348 βίον
2719 4274 2826 4328 ἀπὸ
2850 4270 3028 4332 αἰτίας
3073 4267 3217 4327 τινὸς
3264 4264 3356 4316 καὶ
3387 4260 3693 4323 ὑποθέσεως
3724 4257 3890 4329 διπλῆ
3925 4259 4024 4326 γέ-

2426 4389 2582 4443 γονεν
2615 4372 2648 4442 ἡ
2683 4363 3045 4440 προσηγορία.
3089 4359 3232 4414 Ἀλλ’
3273 4357 3414 4428 ὑπὲρ
3451 4354 3549 4426 μὲν
3593 4353 3820 4406 ἐκείνων
3865 4353 4024 4406 οὐδὲν

2430 4471 2562 4540 ἡμῖν
2596 4464 2786 4535 ὄφελος
2816 4460 3000 4530 ζητεῖν
3026 4456 3191 4510 πόθεν
3221 4453 3398 4514 οὕτως
3425 4449 3739 4518 ἐκλήθησαν
3761 4465 3774 4480 ”
3806 4447 3942 4501 ὅταν
3964 4449 4024 4503 δὲ

2427 4565 2456 4616 6
2489 4560 2620 4623 Θεός
2644 4553 2921 4627 ὀνομάζῃ,
2964 4553 3147 4624 πᾶσαν
3183 4542 3592 4600 ἐπιδείκνυσθαι
3632 4541 3871 4619 σπουδὴν
3914 4543 4025 4614 χρὴ

2428 4656 2504 4720 ώς
2531 4655 2713 4724 εὑρεῖν
2744 4649 2840 4719 τὴν
2877 4645 3076 4699 αἰτίαν.

2500 4767 2666 4822 Οὐδὲν
2693 4764 2803 4836 γάρ
2826 4759 3011 4821 ἀπλῷς
3039 4755 3162 4810 οὔτε
3187 4751 3312 4823 εἰκῆ
3337 4751 3462 4806 οὐτε
3487 4751 3664 4804 ποιεῖν
3689 4747 3814 4802 οὐτε
3840 4747 4026 4818 λέγειν

2428 4864 2457 4916 ὁ
2488 4860 2619 4922 Θεὸς
2653 4854 2844 4910 εἴωθεν
2867 4897 2881 4918 ,
2921 4849 3036 4903 ἀλλ’
3070 4847 3304 4900 ἐκαστον
3339 4845 3478 4915 μετά
3507 4843 3609 4913 τῆς
3642 4841 3793 4912 αὐτῷ
3845 4858 4025 4912 προσ-

2427 4952 2668 5026 ηκούσης
2713 4948 2924 5017 σοφίας.
2958 4943 3023 4996 Τί
3058 4940 3254 5011 δήποτε
3281 4933 3374 4992 οῦν
3415 4935 3621 4997 Σαῦλος
3649 4934 3898 5003 ἐλέγετο,
3932 4935 4025 4988 ὅτε

2431 5047 2672 5108 ἐδίωκεν,
2709 5041 2803 5095 καὶ
2836 5036 3049 5097 Παῦλος
3097 5027 3527 5103 μετωνομάσθη,
3568 5027 3658 5080 ὅτε
3695 5027 4025 5094 ἐπίστευσε;

2430 5135 2589 5198 Τινές
2639 5147 2802 5201 φασιν
2849 5129 2930 5180 δτι
2983 5120 3149 5193 ἡνίκα
3196 5117 3296 5189 μὲν
3329 5113 3580 5187 ἐθορύϐει
3622 5114 3716 5167 καὶ
3751 5115 4025 5187 ἐτάραττε

2430 5228 2525 5282 καὶ
2561 5223 2812 5294 συνέχεεν
2840 5218 3056 5271 ᾶπαντα
3077 5253 3090 5278 ,
3122 5211 3216 5264 καὶ
3243 5207 3341 5280 τὴν
3388 5207 3717 5279 Ἐκκλησίαν
3765 5207 4023 5273 ἐσάλευε,

2433 5320 2632 5380 Σαῦλος
2670 5314 2905 5381 ἐλέγετο,
2934 5308 3002 5362 δι’
3031 5302 3164 5360 αὑτό
3193 5303 3352 5356 τοῦτο
3380 5302 3441 5355 τὸ
3477 5299 3730 5355 σαλεύειν
3758 5300 3858 5370 τὴν
3898 5302 4028 5355 Ἐκ-

2432 5411 2684 5483 κλησίαν,
2730 5405 2838 5460 ἀπὸ
2873 5400 2968 5455 τοῦ
3013 5398 3336 5470 πράγματος
3375 5391 3556 5448 λαϐὼν
3600 5392 3702 5463 τὴν
3741 5410 4026 5466 προσηγο-

2436 5505 2557 5578 ρίαν
2578 5519 2592 5534 ο
2629 5497 2816 5567 ἐπειδὴ
2839 5494 2897 5548 δὲ
2927 5491 3140 5558 ἀπέστη
3171 5485 3271 5558 τῆς
3310 5486 3510 5557 μανίας
3537 5484 3753 5556 ἐκείνης
3787 5483 3884 5538 καὶ
3925 5485 4028 5556 τὴν

2433 5575 2678 5668 ταραχὴν
2705 5587 2958 5650 ἀπέθετο,
2987 5584 3081 5638 καὶ
3114 5580 3206 5634 τὸν
3230 5579 3464 5650 πόλεμον
3487 5576 3770 5642 κατέλυσε,
3801 5575 3900 5631 καὶ
3927 5577 4030 5631 τοῦ

2434 5666 2650 5747 διώκειν
2685 5681 2986 5745 ἐπαύσατο,
3018 5673 3180 5730 πάλιν
3209 5670 3419 5737 Παῦλος
3449 5669 3558 5725 ἀπὸ
3583 5668 3679 5724 τοῦ
3708 5666 4033 5726 παύσασθαι
