4212 6290
233 350 338 408 195

225 500 477 541 mensam
510 500 800 557 apponam.
852 482 951 539 Vel
1002 481 1180 552 potius
1226 478 1277 533 id
1318 478 1461 548 agite
1485 518 1500 541 ,
1531 475 1674 546 quod
1705 479 1847 529 nunc

224 579 431 633 dicam.
481 578 589 634 Vos
616 580 709 650 qui
738 563 1027 646 numquam
1064 570 1267 642 expleri
1299 568 1524 640 potestis
1547 609 1561 634 ,
1593 567 1690 622 sed
1717 580 1847 621 csu-

226 670 348 724 ritis
373 671 668 739 justitiam,
697 684 762 723 ac
786 667 967 734 sititis,
1008 665 1351 737 prolisosque
1380 673 1658 716 sermones
1682 672 1845 727 expe-

224 764 336 816 titis
367 805 386 828 ,
430 771 655 832 propter
694 760 915 815 fratrum
949 768 1251 813 veStrorum
1296 752 1721 809 imbecillitatem
1742 748 1845 803 ali-

222 855 354 923 quid
380 855 546 911 sinite
580 854 651 909 de
693 863 947 909 consueta
985 851 1254 907 sermonis
1298 863 1549 905 mensura
1588 845 1843 903 resecari.

224 946 444 1000 Rursus
477 959 578 1001 vos
605 947 694 1015 qui
728 946 1041 1000 brevitatem
1064 940 1323 998 orationis
1349 938 1632 1005 adamatis,
1665 945 1720 993 et
1744 937 1845 991 imo

228 1038 548 1090 bccitiiores
572 1037 724 1102 estis,
757 1036 923 1105 gratia
957 1034 1181 1088 fratrum
1212 1040 1534 1095 vestrorum,
1567 1029 1656 1100 qui
1682 1038 1844 1084 exsa-

222 1128 398 1180 turari
430 1142 538 1182 non
562 1136 806 1197 possunt,
827 1126 1069 1181 laborem
1091 1126 1342 1195 exiguum
1370 1122 1619 1185 tolerate,
1641 1128 1842 1175 vestra-

222 1233 331 1285 que
363 1218 601 1272 invicem
634 1232 797 1272 onera
831 1226 1039 1286 portate
1060 1256 1077 1281 ,
1128 1225 1288 1284 atque
1316 1214 1388 1267 ita
1420 1212 1626 1268 Christi
1666 1211 1843 1280 legem

220 1308 527 1378 adimplete
564 1307 706 1380 (Gal.
748 1307 801 1363 ϐ.
835 1307 914 1379 2).
969 1307 1160 1362 Nonne
1198 1306 1394 1360 videtis
1439 1303 1845 1375 Olympicorum

222 1398 487 1454 ludorum
539 1398 769 1452 athletas
823 1400 874 1452 in
927 1398 1105 1453 medio
1150 1406 1355 1451 stantes
1404 1395 1614 1449 theatro
1646 1394 1699 1448 in
1729 1394 1846 1463 ipso

222 1489 461 1546 meridie
495 1500 764 1558 tamquam
797 1489 847 1542 in
902 1488 1118 1542 fornace
1162 1487 1216 1541 in
1252 1486 1426 1540 stadio
1462 1500 1526 1539 ac
1554 1485 1697 1539 nudo
1722 1499 1843 1538 cor-

231 1588 374 1643 pore
404 1573 546 1628 solis
575 1573 762 1629 radios
788 1573 1125 1644 excipientes
1151 1573 1307 1644 quasi
1336 1579 1549 1627 statuas
1570 1568 1839 1640 quasdam

228 1671 509 1727 sreas,et
532 1680 655 1718 eum
689 1664 823 1728 sole,
849 1664 1091 1733 pulvere,
1120 1670 1367 1732 astuque
1390 1676 1655 1731 pugnare,
1684 1666 1744 1712 ut
1766 1665 1844 1711 tot

228 1755 509 1810 aerumnis
526 1765 780 1810 vexatum
805 1766 967 1825 caput
997 1755 1137 1809 lauri
1168 1753 1313 1809 foliis
1337 1752 1655 1808 coronetur?
1674 1749 1840 1807 Vobis

229 1861 426 1903 autem
453 1862 565 1902 non
585 1849 772 1901 laurea
796 1862 1024 1910 corona,
1048 1847 1142 1902 sed
1160 1847 1390 1917 justitiaa
1406 1859 1614 1899 corona
1637 1844 1692 1897 in
1712 1857 1845 1913 prae-

230 1942 413 1993 mium
451 1939 756 1994 auditionis
794 1949 878 1993 est
910 1940 1213 2009 proposita,
1268 1954 1447 2008 neque
1479 1937 1547 1992 ad
1598 1936 1839 1991 medium

229 2046 418 2100 usque
455 2032 738 2087 meridiem
773 2047 868 2085 vos
906 2030 1239 2097 detinemus,
1276 2031 1369 2085 Sed
1417 2030 1486 2084 ab
1512 2030 1650 2100 ipsis
1703 2028 1842 2085 lucis

226 2123 485 2177 exordiis
513 2139 613 2177 vos
642 2123 973 2180 dimittimus
1011 2135 1233 2195 propter
1260 2131 1499 2178 vestram
1541 2121 1839 2193 ignaviam,

226 2216 361 2266 dum
408 2214 595 2269 adhuc
613 2230 705 2269 aer
722 2225 804 2287 est
822 2215 1073 2285 frigidus,
1094 2215 1400 2285 nequedum
1421 2214 1701 2269 radiorum
1721 2228 1840 2267 cre-

228 2304 347 2359 bris
368 2304 628 2371 jactibus
653 2306 1065 2361 roncalefactus
1086 2324 1101 2374 ;
1121 2320 1231 2360 non
1254 2306 1434 2375 capite
1459 2304 1607 2359 nudo
1626 2319 1724 2360 vos
1746 2304 1839 2373 ju~

225 2397 428 2451 bemus
446 2398 583 2453 solis
602 2412 793 2453 aestum
808 2400 1080 2468 excipere,
1101 2399 1194 2454 sed
1216 2400 1319 2454 sub
1335 2398 1595 2454 eximium
1616 2399 1841 2468 laquear

226 2489 379 2543 istud
408 2490 763 2555 deducimus,
790 2506 996 2560 vosque
1032 2491 1162 2545 tecti
1190 2490 1390 2546 solatio
1416 2497 1470 2544 et
1491 2504 1840 2559 quocumque

225 2596 435 2650 genere
457 2581 830 2650 jucunditatis
854 2599 883 2637 a
908 2584 1070 2637 nobis
1090 2586 1400 2653 excogitato
1422 2597 1759 2643 recreamus,
1781 2590 1837 2634 ut

225 2688 310 2737 ea,
337 2690 466 2743 qua:
500 2676 650 2727 dicta
686 2672 914 2736 fuerint,
947 2674 1152 2729 diutius
1189 2681 1243 2728 et
1273 2672 1621 2731 conSIantius
1643 2672 1836 2727 audire

225 2766 480 2835 possitis.
510 2764 590 2820 Ne
614 2765 782 2834 igitur
812 2766 1058 2835 puerulis
1080 2765 1284 2818 nostris
1312 2765 1589 2818 molliores
1616 2764 1832 2828 fiamus,

224 2857 317 2925 qui
350 2856 583 2911 scholas
612 2855 964 2925 frequentant
997 2874 1009 2909 :
1046 2856 1122 2909 illi
1155 2863 1283 2909 ante
1307 2854 1587 2909 meridiem
1611 2853 1833 2907 domum

224 2963 332 3002 non
355 2949 568 3002 audent
592 2948 791 3010 redire,
814 2948 907 3002 sed
939 2963 1046 3002 non
1068 2948 1139 3001 ita
1157 2948 1365 3017 pridem
1391 2961 1420 2998 a
1442 2946 1580 3000 lacte
1595 2944 1831 3014 depulsi,

222 3040 393 3109 paulo
422 3050 551 3093 ante
568 3040 746 3093 avulsi
776 3039 843 3092 ab
862 3039 1051 3102 ubere,
1072 3054 1197 3093 cum
1217 3036 1715 3105 nondumquinque
1734 3049 1834 3089 an-

224 3142 427 3181 norum
448 3134 667 3181 attatem
687 3126 1300 3195 attigerint,injuvenili
1315 3141 1379 3179 ac
1394 3136 1586 3180 tenero
1602 3139 1833 3195 corpore

220 3220 588 3274 tolerantiam
622 3234 842 3274 omnem
876 3234 989 3288 prae
1010 3234 1071 3274 se
1102 3219 1283 3273 ferunt
1315 3238 1327 3272 :
1357 3218 1613 3288 quamvis
1640 3224 1829 3281 aestus,

219 3313 483 3381 quamvis
514 3312 660 3375 sitis,
682 3311 937 3380 quamvis
961 3310 1109 3364 aliud
1129 3309 1348 3378 quidvis
1368 3310 1672 3365 molestiam
1698 3307 1832 3363 alie-

220 3412 328 3467 rat,
371 3403 442 3458 ad
468 3404 713 3457 medium
748 3418 925 3471 usque
955 3401 1239 3455 meridiem
1271 3403 1325 3455 in
1351 3401 1539 3456 schola
1574 3400 1831 3455 sedentes

220 3494 517 3548 tolerando
540 3509 603 3548 ac
629 3494 902 3565 patient-2r
924 3492 1151 3549 ferendo
1170 3502 1544 3563 perseverant.
1568 3492 1758 3563 itaque
1783 3492 1829 3547 si

219 3586 437 3641 nullum
472 3586 664 3646 alium.
694 3587 959 3656 puerulos
991 3585 1120 3641 illos
1143 3586 1422 3639 imitemur
1448 3601 1551 3640 nos
1584 3585 1706 3648 viri,
1734 3584 1829 3654 qui

217 3680 283 3732 ad
307 3681 522 3746 justam
544 3693 610 3732 ac
633 3678 930 3745 perfectam
956 3686 1171 3734 aetatem
1197 3681 1571 3748 pervenimus.
1598 3679 1656 3734 Si
1680 3680 1826 3734 enim

222 3770 517 3824 institutos
550 3770 618 3824 de
653 3769 861 3825 virtute
892 3786 1180 3826 sermones
1217 3771 1410 3826 audire
1446 3788 1556 3826 non
1585 3772 1827 3827 sustine-

218 3876 367 3923 mus,
391 3862 522 3929 quis
548 3860 956 3917 nobincredere
985 3863 1189 3932 poterit
1211 3879 1313 3917 nos
1331 3863 1550 3918 labores
1570 3862 1830 3917 toleratu-

213 3965 307 4005 ros
332 3967 434 4020 pro
455 3951 655 4006 virtute
678 3952 1035 4008 subeundos?
1059 3954 1104 4009 si
1131 3953 1197 4007 ad
1226 3954 1559 4007 audiendum
1588 3953 1827 4007 illibera-

219 4042 303 4097 les
349 4046 490 4097 adeo
525 4043 702 4099 simus
735 4058 800 4098 ac
832 4044 1041 4099 sordidi
1064 4086 1078 4109 ,
1125 4047 1269 4100 unde
1304 4061 1405 4099 ilOS
1447 4045 1513 4099 ad
1548 4045 1816 4114 agendum

216 4139 590 4206 promptiores
613 4137 730 4193 fore
755 4139 1071 4195 constabit?
1091 4140 1298 4210 siquod
1327 4140 1541 4195 facilius
1558 4148 1640 4194 est
1656 4140 1821 4194 omit-

219 4235 429 4289 tamus,
448 4229 731 4296 quomodo
753 4230 901 4299 quod
936 4231 1213 4287 diflicilius
1238 4241 1321 4287 est.
1352 4231 1731 4302 perferemus?
1752 4233 1819 4285 At

212 4317 362 4371 enim
383 4318 571 4373 multae
589 4329 719 4373 sunt
742 4320 843 4375 loci
868 4321 1158 4391 angustiae,
1178 4324 1347 4376 multa
1366 4321 1816 4386 violentia.Audi,

211 4422 371 4475 sane,
400 4409 548 4477 quod
574 4425 801 4481 regnum
824 4412 1090 4467 caelorum
1117 4414 1333 4483 rapiant
1354 4414 1573 4469 violenti
1597 4415 1815 4482 (Matth.

211 4497 301 4553 ll.
332 4498 444 4565 12),
472 4500 623 4568 quod
655 4510 813 4557 arcta
846 4504 919 4558 sit
948 4513 1001 4559 et
1032 4515 1263 4574 angusta
1278 4507 1387 4570 via,
1422 4522 1543 4576 quae
1573 4508 1725 4561 ducit
1750 4508 1817 4562 ad

209 4590 381 4643 vitam
407 4588 631 4659 (Matth.
652 4590 828 4664 7.”).
846 4594 1079 4661 Quando
1104 4597 1272 4665 igitur
1296 4614 1391 4667 per
1419 4608 1623 4652 arctam
1649 4608 1703 4653 et
1729 4616 1822 4653 an~

208 4690 433 4751 gustant
460 4683 603 4735 viam
636 4684 969 4751 incedimus,
993 4703 1095 4743 nos
1111 4690 1274 4743 etiam
1297 4699 1510 4759 oportet
1543 4706 1643 4747 nos
1669 4690 1817 4760 ipsos

207 4781 502 4827 coarctare
555 4781 611 4828 et
646 4780 1030 4846 comprimere,
1080 4789 1139 4834 ut
1179 4790 1387 4835 arctam
1423 4791 1476 4837 et
1525 4791 1816 4852 angustam

207 4864 494 4919 conﬁcere
531 4865 671 4918 viam
704 4860 1004 4937 possimus.
1035 4870 1167 4924 Nam
1195 4874 1287 4942 qui
1320 4875 1564 4944 seipsum
1592 4874 1811 4938 dilatat,

204 4971 319 5009 non
360 4956 439 5009 ita
499 4955 662 5011 facile
704 4959 842 5013 viam
886 4970 1179 5031 angustam
1228 4977 1535 5035 percurret,
1576 4967 1671 5023 sed
1716 4969 1810 5041 qui

200 5048 460 5115 seipsum
492 5047 736 5111 cohibet,
780 5053 1124 5122 comprimit,
1164 5062 1219 5109 et
1259 5058 1608 5125 constringit.

296 5129 356 5184 2.
407 5131 692 5189 Νοιηὶηωη
741 5142 952 5194 mutatio
998 5145 1174 5212 quanti
1223 5147 1479 5214 facienda.
1536 5150 1823 5221 Scriptura:

198 5236 371 5274 sacra
416 5224 671 5291 quomodo
718 5227 963 5296 legeuda'.
1016 5263 1089 5274 ——-
1142 5234 1328 5305 Neque
1375 5241 1517 5293 enim
1564 5241 1632 5295 de
1663 5245 1821 5300 rebus

201 5310 515 5368 triviaiibus
541 5319 891 5385 quaestionem
916 5320 1177 5381 habemus
1200 5327 1382 5393 hodie;
1408 5332 1503 5386 sed
1530 5333 1596 5388 de
1623 5350 1679 5389 re
1700 5352 1819 5400 qua:

198 5417 284 5457 cae
298 5406 374 5473 pit
403 5407 617 5474 quidem
642 5409 892 5469 lirsterno
926 5417 1014 5472 die
1056 5423 1302 5491 proponi,
1329 5439 1433 5479 non
1456 5428 1817 5496 potuitautcm

203 5497 411 5550 solutio
439 5502 752 5568 qmeslionis
777 5505 996 5575 afferri,
1030 5522 1251 5582 promer
1289 5531 1475 5573 eorum
1521 5522 1820 5579 multitudi-

209 5600 360 5653 nem,
380 5603 502 5657 qua:
530 5590 735 5649 fuerant
766 5597 817 5651 in
838 5599 1069 5655 medium
1091 5605 1313 5674 prolata.
1348 5607 1484 5675 Quid
1505 5611 1630 5667 illud
1659 5630 1818 5684 porro

206 5677 331 5731 est?
364 5678 441 5733 De
471 5684 747 5741 nominum
768 5688 1105 5759 impositione
1119 5700 1347 5767 qumstio
1360 5711 1495 5767 erat,
1527 5722 1649 5775 qua:
1679 5708 1817 5763 Deus

206 5771 414 5828 uinctis
450 5773 731 5850 imposuit,
774 5780 881 5837 lies
904 5794 1080 5842 autem
1112 5788 1209 5844 ista
1235 5792 1407 5851 tenuis
1432 5771 1646 5857 videtur
1667 5814 1809 5871 esse,

1426 364 1515 420 DE
1557 356 1958 420 MUTATIONE
1998 352 2329 414 NOMINUM.
2371 355 2437 417 ll.

3457 359 3558 424 liii

1955 472 1998 525 si
2024 470 2144 541 quis
2172 470 2355 525 audiat
2386 488 2400 524 :
2430 470 2655 526 multum
2687 486 2816 527 vero
2850 473 3088 530 continet
3133 474 3442 532 thesaurum
3467 517 3483 545 ,
3516 482 3560 534 si

1953 567 2074 637 quis
2101 567 2387 639 diligenter
2414 567 2675 623 attendat.
2700 566 2835 624 Nam
2864 579 2918 625 et
2944 584 3164 625 auream
3193 581 3413 638 terram,
3440 588 3562 642 quas

1954 658 2008 712 in
2032 657 2232 713 fodinis
2264 658 2548 728 reperitur,
2580 659 2832 728 imperiti,
2865 669 2919 715 et
2947 660 3036 731 qui
3062 660 3391 732 negligenter
3413 664 3563 733 aspi.

1952 750 2129 817 ciunt,
2160 761 2359 807 terram
2384 751 2582 807 nudam
2603 752 2778 809 solum
2807 767 2930 809 esse
2959 762 3168 825 putant,
3209 770 3383 825 neque
3408 757 3567 825 quid.

1950 858 2112 913 quam
2161 844 2392 914 amplius
2437 844 2676 909 habere,
2725 860 2885 915 quam
2936 846 3097 901 aliam
3147 847 3439 917 quamvis:
3475 850 3565 918 qui

1957 950 2087 989 vero
2106 935 2237 990 artis
2264 936 2435 991 oculis
2463 935 2607 991 illam
2638 936 3003 1004 considerant,
3037 938 3190 993 istius
3222 950 3378 995 terra:
3410 938 3563 997 nobis

1951 1026 2159 1082 litatem
2210 1039 2510 1097 noverunt,
2554 1038 2611 1085 et
2646 1030 2775 1085 dum
2815 1031 2962 1086 illam
2996 1031 3048 1086 in
3080 1032 3259 1104 ignem
3308 1032 3563 1102 injectam

1952 1120 2212 1189 probant,
2261 1136 2478 1177 omnem
2507 1122 2650 1177 illius
2684 1123 3051 1193 prmstantiam
3093 1124 3437 1194 patefaciunt.
3473 1123 3565 1179 Sic

1953 1210 2205 1265 nimirum
2251 1211 2305 1266 in
2345 1212 2514 1267 sacris
2542 1209 2875 1283 Scripturis,
2922 1214 3012 1288 qui
3057 1214 3352 1275 oscitanter
3378 1214 3563 1272 literas

1952 1301 2171 1373 legunt,
2222 1305 2394 1360 nudas
2423 1321 2545 1361 esse
2574 1306 2758 1362 literas
2797 1307 3127 1363 arbitrantur
3147 1348 3162 1374 ,
3195 1323 3297 1364 nec
3330 1308 3564 1379 amplius

1952 1394 2242 1465 quidquam
2294 1397 2345 1451 in
2378 1413 2437 1454 se
2479 1398 2756 1455 continere
2795 1416 2953 1471 quam
3000 1410 3225 1458 caeteras
3258 1420 3271 1456 :
3315 1404 3405 1472 qui
3434 1420 3565 1461 vero

1953 1485 2076 1541 fidei
2102 1488 2277 1544 oculis
2305 1490 2421 1545 illas
2442 1492 2808 1559 considerant,
2838 1495 3293 1564 quemadmodum
3326 1497 3399 1551 illi
3428 1499 3561 1553 artis

1951 1579 2345 1647 instrumentis,
2377 1583 2593 1640 illarum
2622 1586 2993 1656 probationem
3018 1588 3125 1657 igni
3151 1571 3385 1659 Spiritus
3415 1604 3564 1644 com-

1952 1672 2247 1740 mittentes,
2278 1683 2447 1731 totum
2476 1677 2686 1732 illarum
2710 1694 2899 1734 aurum
2925 1680 3083 1741 facile
3113 1692 3356 1739 cernent.
3409 1680 3565 1746 Unde

1952 1762 2113 1833 igitur
2149 1767 2464 1835 qua-stionis
2508 1768 2719 1824 initium
2758 1778 2843 1825 est
2882 1770 3139 1827 ductum?
3194 1773 3379 1844 Neque
3419 1775 3563 1834 enim

1952 1864 2156 1913 temere
2202 1858 2255 1913 in
2303 1858 2442 1917 hanc
2485 1858 2929 1932 disceptationem
2975 1863 3297 1932 incidimus,
3345 1879 3413 1920 ne
3443 1867 3565 1935 quis

1950 1946 2344 2017 intempestiva:
2384 1966 2484 2006 nos
2522 1953 2849 2008 curiositatis
2875 1954 3200 2010 condemnet
3231 1974 3243 2010 :
3272 1956 3366 2010 sed
3391 1999 3404 2020 ,
3438 1970 3563 2017 cum

1951 2039 2246 2113 apostolica
2291 2042 2445 2097 vobis
2474 2052 2592 2097 acta
2624 2043 2962 2116 legerentur,
3010 2045 3161 2100 Pauli
3193 2048 3448 2115 praeclara
3480 2045 3563 2101 fa.

1948 2131 2133 2185 einora
2161 2146 2384 2187 narrare
2411 2134 2759 2208 eupiebamus
2781 2176 2796 2202 ,
2836 2136 3057 2210 jamque
3082 2136 3339 2215 historia:
3369 2138 3563 2207 attige-

1951 2235 2132 2275 ramus
2185 2221 2468 2281 exordium
2495 2265 2509 2291 ,
2560 2235 2624 2279 et
2655 2226 2738 2280 his
2764 2227 2942 2280 verbis
2977 2238 3296 2304 conceptum
3347 2228 3559 2288 initium

1950 2314 2274 2369 narrationis
2325 2317 2629 2373 invenimus
2665 2338 2677 2373 :
2712 2318 2906 2377 Saulus
2947 2332 3115 2375 autem
3146 2323 3315 2376 adhuc
3355 2324 3561 2392 spirans

1949 2405 2113 2458 minas
2143 2416 2189 2461 et
2208 2406 2397 2465 aedem
2426 2409 2478 2461 in
2509 2410 2787 2480 discipulos
2820 2412 3027 2465 Domini
3055 2414 3188 2482 (Act.
3223 2415 3277 2469 9.
3313 2414 3388 2484 l).
3416 2415 3562 2470 Con.

1951 2494 2100 2549 tinno
2148 2498 2381 2552 turbavit
2425 2515 2525 2554 nos
2573 2500 2874 2561 immutatio
2927 2505 3207 2561 nominis:
3257 2508 3560 2567 invenimus

1948 2586 2092 2640 enim
2121 2587 2175 2640 in
2200 2590 2447 2645 omnibus
2475 2591 2721 2660 epistolis
2742 2634 2755 2659 ,
2785 2604 2839 2648 et
2870 2596 2921 2653 in
2947 2597 3157 2651 illarum
3182 2600 3419 2659 exordils
3449 2614 3560 2664 non

1946 2676 2166 2733 Saulum
2192 2696 2337 2748 eum,
2368 2683 2463 2738 sed
2486 2685 2708 2740 Paulum
2729 2688 3006 2759 appellari,
3035 2699 3089 2745 ct
3115 2691 3217 2746 hoc
3241 2708 3346 2748 non
3380 2695 3433 2748 in
3455 2694 3559 2751 hoc

1947 2770 2094 2835 solo,
2130 2772 2223 2826 sed
2255 2782 2309 2827 et
2342 2773 2393 2826 in
2427 2776 2613 2831 multis
2640 2777 2759 2833 aliis
2790 2780 3071 2837 accidisse.
3121 2783 3253 2838 Nam
3283 2795 3337 2839 et
3367 2785 3558 2847 Petrus

1947 2862 2133 2917 Simon
2160 2864 2439 2921 dicebatur
2459 2908 2473 2934 ,
2500 2878 2555 2923 et
2581 2869 2673 2923 filii
2704 2870 2952 2927 Zebcdcci
2982 2873 3216 2931 Jacubus
3240 2889 3295 2933 et
3321 2878 3559 2942 Joannes

1947 2952 2067 3009 Filii
2113 2957 2330 3011 tonitrui
2360 2968 2567 3013 mutato
2609 2961 2807 3018 deinde
2853 2966 3075 3023 nomine
3104 2981 3228 3023 sunt
3260 2972 3434 3027 vocati
3466 2991 3478 3027 :
3505 2983 3559 3033 ct

1947 3044 2000 3098 in
2036 3045 2210 3100 Veteri
2242 3047 2591 3113 Testamento
2635 3052 2772 3113 lianc
2816 3058 3064 3119 eamdem
3107 3064 3558 3126 consuetudinem

1946 3136 1999 3191 in
2030 3138 2353 3209 quibusdam
2395 3141 2693 3199 obtinuisse
2719 3149 3104 3216 comperimus.
3148 3150 3277 3206 Nam
3305 3164 3360 3209 et
3388 3155 3558 3215 Abra.

1945 3226 2068 3280 bam
2097 3229 2244 3298 prius
2276 3231 2472 3285 Abram
2501 3235 2905 3303 appellabatur,
2949 3249 3002 3293 et
3031 3240 3192 3298 Sarra
3225 3244 3375 3315 prius
3401 3245 3554 3322 Sara,

1944 3318 2141 3375 deinde
2167 3320 2327 3376 Sarra
2351 3328 2625 3379 nominata
2646 3336 2730 3382 est
2747 3370 2760 3394 ,
2795 3338 2849 3384 et
2866 3329 3041 3398 .Jacob
3071 3344 3257 3403 postea
3283 3338 3445 3393 lsrael
3473 3318 3558 3396 est

1945 3422 2164 3467 vocatus
2192 3431 2204 3465 :
2237 3414 2529 3496 absurdum
2560 3417 2722 3488 igitur
2748 3423 2903 3477 nobis
2934 3433 3017 3485 est
3044 3426 3214 3481 visum
3236 3471 3251 3497 ,
3300 3433 3343 3485 si
3379 3441 3558 3490 tantus

1943 3517 1972 3554 a
2004 3503 2157 3559 nobis
2194 3494 2479 3561 thesaurus
2519 3511 2796 3565 nominum
2828 3524 3029 3571 temere
3072 3494 3457 3586 przeteriretur.
3501 3524 3557 3585 ld

1943 3609 2073 3648 vero
2116 3596 2168 3649 in
2210 3598 2539 3669 principibus
2566 3603 2729 3663 etiam
2760 3607 3110 3664 smcularibus
3150 3614 3370 3671 evenire
3406 3632 3557 3673 com-

1944 3686 2177 3755 perimus
2211 3706 2223 3742 :
2261 3690 2525 3759 siquidem
2575 3693 2651 3755 illi
2699 3696 2899 3766 duplex
2932 3716 3144 3772 quoque
3176 3721 3371 3767 nomen
3400 3724 3557 3765 assu-

1942 3786 2115 3830 munt.
2167 3776 2301 3834 Vide
2345 3792 2525 3837 autem
2563 3803 2575 3841 :
2605 3785 2892 3856 Successit,
2926 3795 3117 3862 inquit,
3147 3794 3311 3851 Felici
3333 3797 3554 3864 Porcius

1946 3864 2127 3920 Festus
2155 3868 2289 3937 (Act.
2316 3870 2405 3924 9.4.
2430 3870 2522 3943 27)
2555 3892 2566 3927 :
2598 3886 2652 3929 et
2681 3892 2886 3942 rursus,
2912 3880 3041 3935 Erat
3066 3887 3275 3956 quidam
3300 3905 3414 3943 cum
3442 3910 3554 3962 pro-

1942 3959 2168 4024 consule,
2212 3962 2298 4029 qul
2321 3964 2595 4018 vocabatur
2622 3965 2835 4037 Sergius
2865 3969 3064 4027 Paulus
3116 3975 3221 4044 (ιιι.
3253 3980 3337 4034 13.
3368 3982 3424 4054 7)
3443 3959 3464 4050 t,
3497 3996 3553 4049 et

1940 4049 2028 4117 qui
2060 4048 2260 4105 Judtcis
2301 4050 2573 4111 Christum
2609 4058 2864 4128 tradidit,
2913 4062 3140 4120 Pontius
3171 4067 3369 4129 Pilatus
3401 4048 3549 4128 dice?

1940 4141 2114 4197 batur.
2144 4142 2328 4215 Neque
2360 4163 2487 4201 vero
2517 4151 2859 4221 principibus
2883 4164 3120 4225 tantum,
3156 4161 3251 4219 sed
3282 4172 3337 4216 et
3364 4166 3552 4221 militi.

1938 4232 2039 4287 bus
2067 4249 2211 4305 smpe
2226 4236 2457 4307 duplicia
2480 4240 2697 4297 fuerunt
2726 4246 2965 4312 nomina,
2995 4258 3049 4303 et
3070 4250 3142 4311 illi
3171 4253 3259 4321 qui
3284 4256 3548 4323 privatam

1938 4325 2102 4381 vitam
2154 4329 2458 4399 elegerant,
2507 4334 2575 4389 ob
2615 4350 2832 4393 causam
2863 4344 3281 4400 ct-occasionem
3314 4349 3549 4420 aliquam

1936 4418 2205 4487 duplicem
2259 4423 2434 4478 sortiti
2492 4436 2620 4481 sunt
2672 4430 3111 4498 appellationem.
3165 4436 3272 4493 Sed
3324 4418 3551 4501 de‘illis

1936 4509 2153 4577 quidem
2184 4512 2339 4568 nobis
2376 4516 2507 4571 nihil
2550 4519 2795 4588 proderit
2824 4523 2870 4576 si
2913 4538 3218 4594 qumramus
3240 4572 3253 4594 ,
3305 4533 3447 4589 unde
3476 4536 3548 4596 ita

1937 4599 2135 4657 fuerint
2182 4606 2433 4675 appellati
2469 4627 2481 4662 :
2525 4626 2647 4671 cum
2690 4628 2818 4667 vero
2863 4614 3005 4671 Deus
3054 4633 3250 4675 nomen
3299 4624 3545 4696 impo'iit,

1935 4692 2081 4746 ωιιηί
2130 4694 2310 4752 studio
2360 4698 2777 4759 incumbentium
2828 4713 2950 4771 est,
3007 4718 3063 4765 ut
3110 4726 3328 4775 causam
3377 4692 3546 4797 repe;

1934 4798 2154 4840 I‘lillllllS.

2004 4875 2146 4931 Deus
2182 4880 2311 4934 nihil
2352 4885 2477 4955 facit
2512 4885 2725 4955 frustra.
2781 4888 2885 4944 Cur
2924 4890 3121 4949 Paulus
3156 4913 3338 4953 nomen
3378 4913 3547 4958 muta»

1931 4972 2073 5024 rcrit.
2103 5002 2174 5012 —
2200 4973 2383 5045 Neque
2400 4982 2547 5032 enim
2578 4990 2781 5037 temere
2809 4994 2897 5039 aut
2924 4987 3041 5043 sine
3061 5003 3219 5045 causa
3249 4993 3540 5066 quidquam

1931 5062 2013 5115 vel
2043 5061 2223 5120 facere
2253 5068 2395 5123 Deus
2418 5070 2502 5125 vel
2531 5071 2713 5129 dicere
2733 5079 3032 5148 consuevit,
3059 5081 3153 5137 sed
3181 5061 3539 5156 singula—cum

1932 5168 2015 5219 ea,
2047 5172 2168 5225 qua:
2209 5159 2309 5227 ipsi
2350 5163 2601 5217 convenit
2626 5205 2640 5229 ,
2683 5169 2969 5237 sapientia.
3020 5173 3127 5227 Cur
3153 5190 3283 5246 ergo
3324 5182 3538 5246 tandem

1930 5245 2122 5302 Saulus
2143 5248 2444 5318 dicebatur,
2479 5272 2599 5310 cum
2642 5273 3092 5333 persequeretur,
3122 5280 3173 5322 et
3197 5245 3392 5333 llaulus
3425 5294 3541 5329 inn.-

1932 5347 2039 5392 ιιιιο
2083 5342 2302 5397 nomine
2341 5345 2516 5401 dietus
2541 5360 2659 5416 est,
2702 5356 2918 5422 quando
2961 5360 3239 5415 credidit?
3284 5363 3538 5427 Nonnulli

1928 5432 2146 5499 dicant,
2181 5436 2397 5505 quando
2438 5441 2686 5498 turbabat
2713 5487 2727 5511 ,
2777 5450 3234 5521 tumultuabatur,
3265 5468 3320 5512 et
3348 5462 3541 5517 misce-

1929 5525 2017 5579 bat
2064 5531 2240 5583 omnia
2268 5572 2280 5594 ,
2332 5531 2737 5607 Ecclesiamqne
2765 5543 3069 5613 exagitabat
3093 5588 3106 5611 ,
3136 5549 3357 5611 Sanium
3386 5555 3537 5619 illurn

1927 5616 2092 5674 fuisse
2122 5620 2345 5687 dictum,
2380 5627 2525 5681 etab
2549 5626 2647 5684 hac
2679 5631 2791 5700 ipsa
2834 5634 3089 5695 Ecclesia:
3121 5645 3400 5701 vexatione
3434 5616 3535 5701 nos

1928 5726 2050 5765 men
2086 5727 2207 5769 esse
2230 5718 2475 5775 sortitum
2510 5740 2523 5776 :
2568 5732 2854 5795 postquam
2884 5740 3063 5786 autem
3090 5734 3158 5789 ab
3190 5736 3277 5791 illa
3308 5745 3539 5807 recessit

1934 5804 2167 5875 insania,
2224 5812 2514 5886 turbasque
2563 5817 2709 5875 ciere
2753 5835 2817 5877 ac
2864 5824 3063 5886 bellum
3107 5829 3308 5895 inferre
3349 5804 3533 5911 desiit,
