4212 6290
712 359 749 412 νί
768 357 829 410 :n

718 482 904 525 rursus
927 467 1175 531 i’aulum,
1207 479 1325 520 cum
1353 475 1570 531 pausam
1590 458 1826 526 fecisset,
1850 468 2054 513 mutato
2084 457 2299 513 nomine

1471 351 1528 405 S.
1566 347 1846 405 JUANNIS
1880 343 2354 402 Cllli'YSOSTOMI
2398 345 2715 403 ARCIIIEP.
2755 345 3295 404 CONSTANTINOP.

3888 348 3998 401 138

2416 456 2549 512 llinc
2577 460 2887 515 mutationis
2933 461 3162 516 nominis
3202 459 3409 515 initium
3436 469 3521 517 est
3551 460 3767 521 factum.
3795 464 3899 519 illo
3917 432 4013 530 ig}-

718 561 919 616 dictum
944 573 1103 619 esse:
1132 556 1223 613 sed
1251 542 1417 609 iutilis
1435 562 1494 608 et
1523 551 1655 607 falsa
1682 560 1766 606 est
1788 545 1901 605 haec
1926 551 2119 617 oratio,
2144 561 2303 627 atque
2410 556 2496 603 tur
2538 549 2889 618 defatigemur
2911 593 2928 621 ,
2976 552 3101 607 dum
3155 553 3417 609 rationem
3466 552 3605 610 hanc
3645 553 4010 624 impositionis

711 651 916 706 idcirco
940 665 971 705 a
1000 661 1085 704 me
1115 646 1317 717 prolata
1348 645 1401 699 in
1433 643 1665 699 medium
1692 682 1705 708 ,
1739 657 1806 697 ne
1836 640 1973 696 forte
2001 640 2156 696 nudis
2182 641 2300 710 qui-

711 744 940 799 busdam
970 755 1248 795 causarum
1295 736 1721 810 expositionibus
1749 735 1923 806 decipi
1957 751 2053 791 vos
2091 736 2296 790 sinatis.

715 835 949 889 Primum
976 831 1120 886 enim
1151 839 1400 900 parentes
1440 828 1543 884 hoc
1570 828 1646 882 illi
1676 841 1873 881 nomen
1904 826 2296 896 imposuerunt,

713 938 818 977 non
846 920 990 991 quod
1017 919 1292 991 prophetae
1320 917 1533 988 quidam
1566 925 1785 979 essent,
1814 923 1869 970 et
1895 914 2035 984 quod
2064 912 2297 967 futurum

670 1039 675 1043 -
708 1021 825 1067 erat
851 1010 1222 1081 praviderent.
1260 1007 1461 1063 Deinde
1493 1006 1535 1060 si
1563 1014 1844 1075 propterea
1870 1003 2062 1059 Saulus
2085 1002 2300 1058 diceba-

708 1113 812 1169 tur,
845 1099 1414 1172 quoniamEcclesiam
1435 1096 1742 1167 exagitabat
1765 1104 1819 1149 et
1847 1094 2073 1149 vexabat
2097 1134 2111 1155 ,
2139 1107 2297 1163 opor-

708 1193 854 1246 tebat
881 1207 1004 1246 eum
1030 1232 1045 1256 ,
1072 1204 1191 1244 cum
1220 1189 1495 1258 exagitare
1529 1185 1776 1240 desiisset
1811 1184 2135 1248 Ecclesiam,
2164 1198 2295 1237 con-

708 1282 857 1336 tinuo
910 1295 1103 1335 nomen
1155 1293 1366 1349 quoque
1416 1276 1690 1347 deponere
1740 1275 1902 1344 :jam
1959 1290 2088 1329 vero
2144 1274 2294 1328 illum

708 1374 954 1429 videmus
978 1412 995 1441 ,
1034 1386 1155 1427 cum
1185 1370 1368 1425 turbas
1395 1370 1541 1424 ciere
1568 1367 1825 1422 adversus
1852 1366 2147 1422 Ecclesium
2174 1379 2296 1419 ces-

707 1473 881 1529 saret,
920 1477 1115 1518 nomen
1145 1461 1344 1515 idcirco
1371 1474 1475 1515 non
1502 1459 1816 1528 deposuisse
1842 1500 1856 1523 ,
1905 1472 2093 1513 verum
2121 1456 2297 1512 adhuc

708 1556 926 1613 Saulum
952 1571 1071 1611 esse
1096 1554 1438 1627 appellatum.
1468 1550 1545 1608 Ne
1580 1567 1705 1608 vero
1728 1552 1927 1624 putetis
1954 1551 2067 1605 hinc
2096 1550 2297 1605 idcirco

707 1668 737 1705 a
768 1666 852 1705 me
878 1650 1020 1714 dici,
1059 1657 1116 1703 ut
1141 1662 1237 1702 vos
1266 1645 1684 1701 circumveniam
1707 1685 1722 1709 ,
1752 1661 1864 1699 rem
1896 1645 2063 1713 ipsam
2089 1643 2240 1699 vobis
2263 1657 2295 1697 a

706 1743 880 1815 capite
912 1741 1161 1796 narrabo.
1214 1738 1485 1810 Ejecerunt
1505 1779 1520 1802 ,
1551 1738 1721 1807 inquit
1744 1736 2037 1803 Scriptura,
2068 1733 2295 1803 Slepliao

707 1850 847 1898 nunt,
875 1840 921 1887 et
939 1829 1233 1901 Iaps’dabant
1249 1845 1381 1893 eum,
1402 1837 1451 1881 et
1476 1837 1618 1881 testes
1642 1827 1977 1898 deposuerunt
2006 1825 2297 1880 molimento

708 1940 799 1976 sua
822 1939 967 1978 secus
991 1922 1139 1991 pedrs
1159 1919 1509 1982 adolescentis,
1537 1917 1627 1986 qui
1646 1916 1915 1970 vocabatur
1937 1916 2129 1970 Saulus
2156 1914 2291 1984 (Act.

704 2018 757 2071 7.
793 2014 882 2087 5'7)
908 2032 922 2080 ;
950 2024 1004 2070 et
1030 2029 1245 2081 rursus,
1290 2011 1482 2068 Saulus
1508 2020 1673 2063 autem
1710 2018 1816 2063 erat
1846 2010 2158 2063 consentiens
2187 2008 2295 2061 neci

705 2106 815 2177 ejus
850 2104 1006 2175 (Ibid.
1034 2120 1081 2159 tt.
1112 2103 1238 2171 59);
1287 2112 1342 2157 ct
1385 2102 1532 2166 alibi,
1563 2100 1757 2155 Saulus
1799 2108 1966 2154 autem
2010 2099 2295 2152 deoaslabat

707 2196 989 2252 Ecclesium
1012 2236 1028 2261 ,
1061 2211 1148 2265 per
1178 2193 1353 2246 domos
1382 2194 1577 2247 intrans
1598 2232 1613 2257 ,
1642 2200 1689 2245 et
1718 2191 1919 2244 trahens
1942 2191 2071 2244 viros
2097 2206 2157 2243 ac
2182 2206 2296 2242 mu-

704 2290 849 2343 lieres
880 2287 1039 2361 (Ibid.
1065 2287 1115 2342 8.
1150 2285 1241 2357 3);
1268 2294 1321 2341 et
1343 2299 1524 2339 rursus
1544 2324 1561 2349 ,
1592 2282 1787 2340 Saulus
1806 2293 1973 2337 autem
1994 2283 2161 2336 adhuc
2188 2282 2294 2351 spi-

700 2396 824 2433 rans
851 2379 1015 2432 ntinas
1042 2394 1100 2431 ac
1122 2379 1309 2431 eadem
1335 2376 1386 2429 in
1426 2375 1703 2443 discipulos
1748 2373 1956 2432 Domini
1982 2372 2088 2444 (Ib.
2116 2373 2171 2428 9.
2198 2372 2289 2442 l);

705 2481 761 2527 et
783 2484 968 2526 rursus
988 2512 1004 2535 ,
1052 2469 1253 2524 Audiuit
1280 2482 1447 2521 vocem
1473 2468 1715 2519 dicentem
1737 2465 1830 2518 sibi
1854 2506 1868 2528 ,
1902 2463 2080 2529 Saule,
2112 2462 2287 2528 Saule,

708 2564 829 2635 quid
866 2580 945 2617 me
971 2561 1277 2633 persequeris
1307 2559 1466 2629 (Ibid.
1492 2559 1546 2613 9.
1579 2558 1682 2626 4)?
1732 2562 1911 2626 Itaque
1941 2556 2175 2626 oportuit
2225 2570 2293 2610 ex

706 2658 808 2712 hoc
836 2666 1074 2726 tempore
1103 2662 1159 2709 ut
1200 2652 1345 2707 Sauli
1386 2667 1580 2707 nomen
1627 2650 1884 2721 abjiceret
1909 2691 1924 2715 ,
1973 2647 2235 2718 siquidem
2261 2662 2291 2702 a

706 2746 1117 2817 persequutione
1154 2743 1473 2798 abstinebat.
1514 2741 1650 2795 Num
1699 2742 1857 2810 igitur
1880 2739 2162 2794 coiil'estim
2193 2739 2290 2791 ab-

704 2837 865 2908 iecit?
884 2836 1247 2907 Nequaquam,
1268 2833 1425 2901 idque
1443 2848 1508 2888 ex
1536 2833 1599 2885 iis
1624 2848 1741 2901 qua:
1763 2840 2073 2901 sequuntur,
2098 2829 2289 2899 liquet:

707 2926 1132 2989 animadvertite,
1164 2939 1371 2994 quaeso.
1405 2922 1640 2978 Surrexit
1668 2920 1857 2975 Saulus
1878 2920 1940 2973 de
1959 2930 2115 2986 terra,
2139 2936 2291 2985 aper-

706 3021 868 3090 tisque
887 3017 1044 3072 oculis
1083 3016 1211 3069 nihil
1243 3014 1433 3069 videbat
1460 3012 1563 3084 (Ib.
1593 3030 1640 3066 υ.
1664 3012 1758 3083 8);
1806 3023 1860 3067 et
1896 3026 2082 3067 rursus
2102 3052 2119 3078 ,
2148 3009 2293 3065 Dixit

704 3120 873 3165 autem
912 3107 1125 3162 Ananits
1155 3106 1403 3160 Dominus
1430 3120 1449 3161 :
1488 3103 1626 3158 Vade
1651 3104 1705 3158 in
1733 3104 1894 3157 vicum
1918 3143 1932 3167 ,
1963 3102 2050 3174 qui
2089 3112 2295 3155 vocatur

708 3202 925 3266 Rectus,
954 3210 1000 3255 et
1028 3200 1247 3253 inuenies
1264 3198 1319 3252 in
1340 3197 1489 3251 domo
1514 3195 1668 3250 Juda:
1702 3194 1924 3249 Saulum
1951 3194 2155 3247 nomine
2184 3190 2289 3263 (Ib.

709 3309 757 3347 ν.
787 3294 845 3346 ll
883 3291 940 3361 );
970 3301 1024 3345 et
1050 3304 1237 3345 rursus
1258 3329 1272 3352 ,
1311 3286 1545 3341 Introivit
1568 3285 1795 3339 Ananias
1815 3327 1831 3353 ,
1863 3294 1908 3339 et
1942 3283 2070 3338 dixit
2090 3325 2105 3347 ,
2135 3280 2295 3338 Saule

708 3385 900 3454 frater,
933 3382 1179 3436 Dominus
1214 3381 1346 3434 misit
1380 3395 1491 3445 me,
1517 3379 1610 3449 'qui
1644 3378 1879 3448 apparuit
1907 3374 1993 3429 tibi
2022 3375 2075 3428 in
2095 3375 2206 3439 via,
2239 3381 2293 3426 ut

709 3476 877 3529 videas
908 3470 1013 3543 (Ib.
1038 3489 1085 3527 υ.
1117 3472 1226 3541 l7).
1279 3470 1479 3525 Deinde
1518 3470 1678 3536 capit
1722 3466 2045 3537 praedicare,
2081 3474 2135 3520 et
2160 3480 2296 3520 con-

695 3566 961 3621 .l‘undcbat
983 3562 1195 3619 JUd‘JSOS
1213 3604 1227 3628 ,
1262 3577 1360 3616 nec
1389 3571 1563 3616 tamen
1590 3560 1659 3614 ita
1682 3574 1874 3613 nomen
1900 3558 2164 3627 deposuit,
2199 3556 2294 3611 sed

708 3656 882 3711 adhuc
925 3655 1117 3709 Saulus
1158 3652 1455 3710 dicebatur.
1502 3649 1653 3705 Notas
1684 3650 1865 3715 enim,
1908 3650 2113 3718 inquit,
2148 3651 2297 3719 facta

708 3754 823 3800 sunt
855 3743 1235 3801 Sauloinsidice
1254 3738 1555 3795 Judteorum
1587 3737 1693 3803 (Ib.
1739 3756 1786 3793 υ.
1813 3740 1929 3811 Ἡ).
1962 3737 2098 3794 Num
2138 3738 2295 3809 igitur

711 3838 793 3893 bis
822 3847 1024 3892 tantum
1053 3834 1104 3889 in
1134 3834 1306 3888 locis?
1354 3831 1729 3904 Nequaquam,
1759 3832 1887 3896 sed;
1916 3830 2078 3886 Facta
2114 3841 2185 3885 est
2214 3830 2296 3901 fa-

712 3949 837 3996 mes,
860 3931 1063 3999 inquit,
1093 3939 1139 3982 et
1167 3935 1537 3999 proposuerunt
1557 3924 1793 3996 discipuli
1816 3925 2010 3979 mittere
2035 3922 2297 3995 λίπωσιν-

714 4042 845 4078 mam
872 4024 1057 4076 sanctis
1078 4022 1131 4075 in
1150 4020 1497 4073 ministerium.
1521 4015 1771 4073 Riserunt
1791 4026 1958 4072 autem
1980 4034 2068 4087 per
2092 4032 2296 4074 manuni

712 4113 960 4169 Ramabte
985 4120 1028 4166 et
1062 4110 1209 4166 Sauli
1250 4107 1356 4177 (Ib.
1388 4109 1476 4163 ll.
1499 4107 1589 4162 29.
1619 4108 1731 4177 '50).
1756 4107 1896 4162 Ecce
1919 4108 2118 4161 sanctis
2145 4107 2299 4160 mini-

711 4214 881 4265 strat,
924 4214 978 4259 et
1018 4200 1193 4256 adhuc
1220 4198 1411 4255 Saulus
1441 4199 1673 4253 dicitur:
1716 4207 1770 4252 et
1800 4207 1983 4268 postea
2028 4198 2299 4268 ingressus

711 4310 796 4354 est
819 4294 1089 4353 Barnabas
1114 4292 1490 4357 Antiochiam,
1532 4300 1587 4345 et
1610 4289 1797 4343 videns
1824 4290 2046 4359 gratiam
2074 4287 2206 4355 Dei,
2247 4297 2301 4344 et

715 4406 960 4463 magnam
982 4388 1054 4443 ibi
1075 4402 1194 4442 esse
1220 4384 1635 4449 multitudinem,
1661 4381 1928 4451 profectus
1948 4392 2031 4437 est
2050 4382 2297 4442 Tarsum.

716 4496 771 4541 ut
794 4492 1061 4558 quaereret
1086 4480 1305 4538 Saulutn
1328 4476 1434 4547 (Ib.
1462 4476 1594 4532 22st
1612 4476 1766 4547 sqq.).
1791 4476 1926 4530 Ecce
1953 4476 2148 4535 multos
2172 4490 2301 4531 con-

714 4576 910 4637 vertit,
948 4582 1003 4628 et
1026 4571 1219 4629 Saulus
1245 4570 1471 4634 dicitur;
1515 4576 1571 4623 et
1610 4582 1796 4623 rursus
1818 4609 1832 4634 ,
1868 4566 2063 4634 Erant,
2105 4568 2295 4639 inquit,

712 4663 993 4719 Antiochiae
1029 4663 1081 4715 in
1122 4660 1347 4717 Ecclesia
1371 4702 1387 4727 ,
1432 4675 1544 4730 quis
1589 4658 1695 4713 illis
1734 4667 1880 4723 erat,
1926 4660 2221 4729 prop/cette,
2249 4667 2299 4712 et

715 4760 943 4812 doctores
964 4798 979 4821 ,
1014 4754 1235 4825 Symeon
1268 4753 1351 4824 qui
1389 4751 1659 4807 uocabatur
1683 4749 1865 4821 Niger,
1906 4759 1952 4803 et
1990 4749 2178 4806 Lucius
2208 4750 2297 4821 Cy-

717 4865 935 4913 maeus,
969 4856 1013 4901 el
1038 4848 1327 4911 Hanahen,
1354 4847 1439 4911 qui
1463 4854 1567 4898 erat
1602 4841 1822 4897 Herodis
1853 4842 2118 4896 tetrarcha:
2141 4841 2299 4895 colla-

717 4952 942 5006 ctaneus,
969 4948 1015 4992 et
1052 4935 1244 4992 Saulus
1271 4936 1376 5005 (Ib.
1412 4936 1496 4990 15.
1531 4934 1605 5004 l).
1638 4933 1778 4989 Ecce
1806 4943 1859 4989 ct
1904 4934 2091 4988 doctor
2130 4932 2297 4987 factus

715 5041 833 5087 erat
850 5040 905 5086 ct
929 5032 1207 5101 prOplieta,
1226 5036 1279 5082 et
1297 5025 1469 5081 adhuc
1485 5024 1678 5081 Saulus
1693 5025 1983 5081 dicebatur.
2006 5024 2070 5079 Et
2089 5037 2296 5087 rursus,

722 5121 1127 5177 Hinistrantibus
1148 5129 1315 5172 autem
1331 5116 1433 5171 illis
1462 5114 1699 5181 Domino,
1726 5124 1769 5168 et
1781 5114 2151 5184 jejunantibus,
2170 5114 2299 5167 dixit

721 5216 945 5285 Spiritus
964 5221 1165 5267 sanctus
1193 5226 1213 5265 .'
1241 5210 1513 5280 Segregate
1542 5208 1665 5261 mihi
1691 5205 1979 5261 Barnabam
2008 5216 2051 5260 et
2082 5205 2300 5260 Saulnm

721 5308 824 5381 (Ib.
852 5323 899 5360 υ.
930 5306 1010 5375 e).

789 5400 843 5453 3.
881 5397 1029 5451 Pauli
1076 5412 1255 5449 nomen
1303 5395 1386 5451 ubi
1439 5393 1655 5461 primum
1701 5391 1993 5447 occurrerit.
2039 5418 2111 5430 --
2160 5390 2299 5445 Ecce

713 5490 881 5546 etiam
919 5505 945 5540 a
991 5486 1188 5555 Spiritu
1228 5496 1415 5539 sancto
1458 5494 1803 5556 scgregatur,
1848 5484 2073 5539 necdum
2122 5492 2295 5538 tamen

714 5598 911 5635 nomen
940 5579 1192 5648 deponit,
1222 5577 1315 5632 sed
1340 5578 1549 5647 quando
1577 5578 1719 5632 venit
1752 5576 2018 5632 Salamina
2040 5617 2055 5641 ,
2087 5575 2297 5644 quando

720 5687 927 5741 magum
950 5670 1169 5736 invenit,
1202 5678 1323 5722 tunc
1352 5670 1426 5724 ait
1448 5669 1614 5724 Lucas
1631 5669 1695 5724 de
1727 5670 1815 5723 illo
1847 5687 1860 5722 :
1895 5668 2087 5723 Saulus
2108 5678 2295 5734 autem,

720 5765 800 5831 qui
821 5774 865 5815 et
896 5760 1090 5816 Paulus
1140 5761 1361 5829 repletus
1381 5761 1576 5831 Spiritu
1603 5772 1774 5816 sancto
1796 5761 1845 5813 di
1859 5761 1922 5817 rit
1946 5758 2052 5830 (Ib.
2104 5759 2184 5813 l3.
2215 5757 2289 5827 9).

2409 644 2683 695 nominum
2711 643 3021 712 quarrimus.
3068 643 3344 713 Siquidem
3374 644 3647 698 nominum
3670 643 3918 698 inventio
3952 659 4006 698 tn

2406 731 2753 786 saecularibus
2801 748 3013 803 quoque
3067 734 3295 804 negotiis
3346 734 3454 787 vim
3511 733 4004 789 nonomediocrem

2405 822 2627 875 obtinet.
2661 821 2792 876 Nam
2822 833 2876 879 et
2906 837 3278 893 saepenumero
3297 822 3463 878 emcit
3488 864 3504 890 ,
3537 832 3593 878 ut
3617 832 3738 893 post
3770 824 4004 879 multum

2407 921 2618 984 tempus
2664 915 2901 985 elapsum
2948 916 3192 971 homines
3234 930 3618 985 agnoscamus,
3660 926 3716 972 et
3745 917 4000 971 latentem

2396 1010 2773 1075 cognationem
2799 1007 3045 1077 patefacit
3070 1008 3303 1062 inventio
3332 1007 3635 1073 nominum,
3660 1019 3823 1079 atque
3848 1024 4005 1062 exor-

2405 1104 2486 1151 tas
2514 1097 2565 1151 in
2584 1096 2783 1166 judicio
2802 1098 3162 1153 dubitationes
3189 1098 3381 1163 solvit,
3410 1107 3465 1154 et
3498 1114 3701 1170 pugnas
3732 1100 3868 1154 tollit
3898 1140 3913 1163 ,
3950 1110 4005 1155 et

2403 1188 2598 1245 bellum
2641 1192 2932 1261 exstinguit
2967 1191 3203 1246 inventio
3246 1191 3520 1244 nominum
3541 1233 3557 1257 ,
3586 1206 3650 1245 ac
3674 1206 3818 1260 saepe
3856 1189 4007 1261 pacis

2404 1282 2647 1337 ineundae
2672 1284 3007 1338 occasionem
3039 1279 3371 1352 suppeditat.
3394 1281 3548 1350 Quod
3578 1282 3622 1335 si
3654 1282 4007 1337 secuiaribus

2403 1373 2456 1428 in
2502 1373 2730 1444 negotiis
2776 1374 3012 1429 inventio
3063 1374 3339 1429 nominum
3369 1382 3575 1428 tantum
3617 1375 3791 1440 valet,
3832 1373 4007 1429 multo

2403 1466 2571 1535 magis
2594 1466 2644 1519 in
2670 1465 3053 1534 spiritualibus.
3085 1465 3190 1521 Sed
3211 1466 3356 1535 prius
3385 1480 3608 1520 necesse
3633 1475 3736 1533 est,
3766 1474 3826 1521 ut
3854 1466 4004 1536 ipsas

2399 1558 2723 1627 quaestiones
2746 1568 2994 1612 accurate
3020 1556 3406 1611 discernamus.

2476 1644 2701 1701 Nomina
2734 1650 2999 1700 immutata
3027 1648 3081 1701 in
3117 1645 3285 1701 Veteri
3324 1645 3643 1702 Testamento
3659 1665 3681 1714 ;
3709 1648 3827 1703 duo
3862 1664 4006 1718 qua-

2399 1738 2584 1791 stiones
2612 1738 2678 1792 de
2704 1739 2966 1792 noniinum
3001 1738 3299 1792 mutatione.
3322 1765 3397 1783 --
3419 1736 3657 1792 Primum
3688 1753 3817 1809 ergo
3846 1754 4000 1809 quac—

2399 1829 2570 1892 ritur,
2601 1842 2701 1898 qua
2742 1827 2810 1883 de
2834 1842 2998 1883 causa
3039 1827 3356 1897 quibusdam
3396 1827 3597 1882 sanctis
3626 1828 3765 1883 Deus
3802 1843 4001 1883 nomen

2401 1918 2749 1988 imposuerit,
2784 1918 3099 1988 quibusdam
3139 1934 3247 1975 non
3276 1918 3609 1987 imposuerit,
3640 1917 3826 1989 Neque
3855 1920 4002 1974 enim

2400 2010 2647 2065 omnibus
2668 2011 2869 2065 sanctis
2890 2010 3102 2065 nomina
3124 2009 3379 2079 imposuit
3400 2010 3533 2078 ipse,
3559 2024 3730 2078 neque
3752 2008 3803 2062 in
3825 2007 3999 2074 Novo,

2400 2118 2572 2172 neque
2594 2103 2645 2156 in
2674 2102 2849 2156 Veteri
2873 2101 3247 2165 Testamento;
3278 2099 3530 2169 quodque
3550 2100 3604 2153 iu
3626 2098 3776 2153 Novo
3795 2096 3997 2155 factum

2398 2204 2500 2259 est,
2526 2192 2576 2248 id
2600 2194 2759 2248 etiam
2785 2194 2839 2248 in
2866 2192 3066 2257 Veteri,
3092 2203 3148 2246 ut
3176 2206 3339 2246 unum
3368 2191 3644 2259 utriusque
3664 2188 3997 2245 Testamenti

2402 2284 2682 2339 Dominum
2710 2297 2830 2339 esse
2853 2298 3169 2353 cognoscas.
3201 2281 3383 2351 Itaque
3411 2282 3464 2335 in
3491 2279 3641 2335 Novo
3668 2279 3885 2350 quidem
3916 2280 4003 2334 Si~

2398 2376 2542 2431 moui
2568 2374 2816 2431 Christus
2842 2374 2984 2429 Petri
3014 2388 3208 2429 nomen
3238 2371 3513 2445 imposuit,
3534 2379 3588 2425 et
3608 2370 3731 2426 (iliis
3751 2369 4004 2427 Zebedaai

2395 2467 2597 2523 Iacobo
2626 2476 2681 2522 et
2716 2465 2909 2521 Joanni
2941 2464 3202 2521 Filiorum
3233 2464 3485 2529 tonitrui,
3515 2462 3647 2518 solis
3674 2461 3788 2516 istis
3820 2479 3835 2515 :
3867 2460 4002 2517 reli-

2398 2574 2625 2630 quorum
2647 2567 2824 2613 autem
2852 2556 3237 2627 discipulorum
3264 2555 3488 2621 nemini,
3516 2554 3614 2610 sed
3636 2569 3761 2609 suas
3784 2554 3886 2609 illis
3907 2568 4003 2622 ap-

2400 2652 2715 2723 pellationes
2754 2650 3000 2720 reliquit,
3032 2666 3164 2723 quas
3212 2664 3241 2704 a
3288 2648 3549 2719 principio
3591 2657 3843 2719 parentes
3891 2648 4004 2708 illis

2397 2744 2790 2814 imposuerant;
2825 2745 2877 2797 in
2910 2725 3090 2798 Veteri
3121 2752 3302 2797 autem
3332 2742 3638 2796 Abrahamo
3670 2755 3865 2796 nomen
3896 2742 4003 2795 iitu-

2398 2836 2624 2890 mutavit
2653 2835 2795 2889 Deus
2822 2843 2878 2889 et
2903 2833 3068 2889 Jacob
3101 2851 3113 2886 :
3146 2847 3251 2887 non
3283 2834 3410 2889 item
3440 2832 3664 2901 Ioseph,
3696 2847 3869 2901 neque
3896 2830 4005 2888 Ss-

2397 2925 2560 2982 mueli
2584 2966 2600 2991 ,
2634 2940 2809 2995 neque
2838 2926 3020 2980 Davidi
3048 2967 3062 2989 ,
3092 2940 3266 2995 neque
3298 2924 3465 2983 Heliae
3489 2965 3505 2990 ,
3538 2939 3711 2994 neque
3763 2924 3997 2993 Elisieo,

2397 3032 2572 3088 neque
2592 3016 2804 3071 caeteris
2831 3015 3131 3086 prophetis,
3160 3016 3253 3069 sed
3282 3024 3337 3069 ut
3364 3016 3570 3084 priores
3593 3015 3664 3069 illi
3687 3015 4007 3085 appellatio-

2399 3126 2493 3167 nes
2525 3111 2838 3175 retinerent,
2868 3108 3127 3177 permisit.
3163 3108 3285 3163 llzec
3309 3107 3523 3189 quidem
3553 3108 3722 3177 prima
3748 3115 3833 3161 est
3852 3123 4005 3178 qum.—

2398 3202 2532 3267 stio,
2563 3215 2727 3272 quare
2767 3198 3085 3268 quibusdam
3112 3212 3181 3255 ex
3225 3199 3424 3252 sanctis
3464 3199 3740 3252 immutata
3772 3198 3877 3251 sint
3904 3213 4007 3252 no-

2399 3295 2565 3358 mina,
2603 3292 2921 3363 quibusdam
2959 3306 3063 3346 non
3109 3291 3234 3346 item
3265 3307 3278 3343 :
3308 3289 3539 3345 secunda
3565 3304 3694 3345 vero
3716 3299 3833 3359 post
3854 3289 4005 3348 illam

2399 3397 2501 3452 est,
2530 3404 2626 3440 cur
2648 3401 2711 3440 ex
2744 3385 2825 3439 liis
2855 3384 3173 3454 quibusdam
3202 3384 3257 3435 in
3285 3380 3457 3436 media
3484 3389 3645 3435 :etate
3674 3389 3872 3435 mutata
3893 3380 4007 3437 sint

2401 3478 2638 3542 nomina,
2662 3475 2980 3545 quibusdam
3011 3474 3077 3528 ab
3107 3474 3280 3539 initio,
3299 3483 3459 3548 atque
3488 3482 3611 3527 ante
3636 3480 3833 3528 ortum.
3866 3472 4003 3527 Nam

2401 3569 2561 3623 Petro
2588 3567 2802 3637 quidem
2833 3569 2887 3621 et
2912 3565 3115 3621 Jacobo
3139 3572 3193 3619 et
3220 3562 3409 3619 Joanni
3440 3564 3493 3617 in
3521 3563 3695 3618 media
3723 3572 3880 3617 aetate
3906 3578 4007 3617 no-

2401 3659 2541 3712 mina
2580 3657 2826 3713 Christus
2870 3655 3171 3710 immutavit
3214 3673 3228 3710 :
3266 3654 3455 3710 Joanni
3499 3663 3679 3709 autem
3711 3653 4003 3723 Baptistae.

2404 3751 2709 3822 priusquam
2742 3750 2903 3805 etiam
2926 3765 2992 3804 es
3022 3757 3172 3803 utero
3199 3747 3384 3802 matris
3414 3745 3671 3816 prodiret.
3704 3742 3851 3799 Venit
3870 3748 4009 3801 enim

2402 3842 2610 3910 angelus
2650 3836 2857 3892 Domini
2881 3879 2895 3901 ,
2923 3847 2970 3892 et
2998 3837 3125 3891 dixit
3154 3854 3173 3893 :
3207 3834 3287 3893 Ne
3319 3837 3518 3902 timeas,
3559 3834 3814 3893 lacuaria
3841 3854 3861 3891 :
3888 3852 4009 3891 ecce

2397 3948 2532 3987 uxor
2559 3940 2646 3985 tua
2676 3927 2902 3985 Elisabet
2940 3932 3101 4000 pariet
3136 3931 3299 3998 ﬁlium
3322 3970 3337 3994 ,
3366 3938 3417 3984 et
3446 3926 3649 3985 vocabis
3682 3945 3863 3983 nomen
3892 3932 4009 3999 ejus

2401 4021 2656 4081 locatum
2678 4018 2839 4094 (Luc.
2866 4023 2917 4076 l.
2950 4019 3069 4090 15).
3100 4020 3262 4076 Vides
3290 4019 3599 4091 impositum
3622 4021 3697 4074 illi
3722 4019 3887 4075 fuisse
3908 4036 4010 4075 no-

2404 4130 2548 4179 men,
2578 4126 2861 4183 antequam
2905 4112 3262 4173 nasceretur?
3292 4112 3405 4167 Hoc
3434 4121 3488 4168 et
3516 4113 3569 4167 in
3602 4110 3779 4167 Veteri
3809 4112 4010 4168 accidit

2405 4206 2766 4261 Testamento.
2792 4201 2861 4259 Ut
2886 4202 3033 4261 enim
3065 4202 3116 4257 in
3146 4202 3296 4258 Novo
3317 4202 3509 4257 Petrus
3534 4201 3751 4273 quidem
3771 4213 3823 4257 et
3843 4202 4010 4258 Jaco-

2405 4296 2504 4351 bus
2534 4304 2586 4349 et
2622 4294 2860 4349 Joannes
2888 4294 2942 4349 in
2974 4293 3114 4348 virili
3158 4301 3320 4353 artato
3366 4308 3563 4349 nomen
3608 4292 3753 4347 aliud
3780 4307 4011 4361 accer

2406 4396 2547 4452 runt,
2570 4397 2621 4441 et
2646 4385 2844 4456 duplici
2872 4388 3088 4443 nomine
3112 4396 3236 4441 sunt
3263 4386 3539 4456 appellati,
3561 4385 3800 4441 Joannes
3818 4395 4004 4440 autem

2406 4476 2639 4545 Baptista
2670 4492 2867 4531 nomen
2896 4478 3097 4547 accepit
3136 4486 3425 4547 antequam
3458 4482 3767 4531 nasceretur
3798 4495 3810 4529 :
3842 4476 3924 4532 sic
3951 4487 4014 4533 et

2406 4568 2458 4621 in
2492 4566 2668 4623 Veteri
2700 4570 3010 4624 Abraliamo
3036 4569 3250 4639 quidem
3280 4580 3335 4624 et
3360 4568 3527 4624 Jacob
3556 4570 3609 4623 itt
3641 4568 3813 4623 media
3846 4577 4013 4625 actate

2412 4677 2607 4717 nomen
2637 4671 2717 4718 cst
2750 4662 3087 4716 immutatum
3114 4678 3129 4725 ;
3164 4677 3289 4715 nam
3319 4662 3407 4716 ille
3433 4662 3649 4731 quidem
3680 4661 3877 4716 Abram
3904 4676 4009 4715 vo-

2411 4754 2663 4821 cabatur,
2704 4763 2759 4808 et
2801 4752 3066 4807 Abraham
3108 4762 3326 4807 vocatus
3369 4761 3453 4807 est
3488 4769 3501 4807 :
3534 4752 3622 4807 hic
3664 4766 3791 4807 vero
3836 4751 4012 4807 Iacob

2406 4846 2711 4908 vocabatur,
2742 4854 2796 4901 ct
2823 4845 2984 4900 lsrael
3012 4854 3357 4900 est-vocatus.
3391 4844 3538 4898 lsaac
3564 4852 3743 4898 autem
3768 4857 3885 4913 non
3908 4844 4012 4911 ita,

2406 4937 2501 4991 sed
2546 4949 2828 5006 antequam
2884 4946 3034 5004 partu
3085 4935 3375 5001 ederetur,
3418 4950 3615 4989 nomen
3664 4934 3896 5003 accepit;
3954 4944 4012 4989 et

2406 5030 2859 5101 quemadmodum
2892 5030 2998 5084 illic
3024 5028 3250 5099 angelus
3277 5027 3410 5082 dixit
3442 5044 3455 5080 :
3490 5025 3635 5081 Uxor
3664 5035 3752 5079 tua
3781 5026 3833 5078 in
3861 5034 4012 5085 utea

2406 5122 2668 5192 concipiet,
2700 5131 2747 5175 et
2778 5122 2939 5192 pariet
2965 5121 3150 5189 ﬁlium,
3180 5129 3229 5172 et
3261 5117 3459 5172 vocabis
3484 5133 3667 5172 nomen
3696 5118 3806 5187 ejus
3833 5114 4012 5171 Joan-

2407 5228 2560 5267 nem:
2591 5214 2661 5267 ita
2692 5212 2778 5265 hic
2804 5227 3019 5282 quoque
3049 5211 3191 5266 Deus
3230 5211 3298 5265 ad
3344 5209 3614 5265 Abraham
3653 5208 3787 5263 dixit
3816 5228 3827 5263 :
3860 5206 4012 5264 Uxor

2408 5314 2493 5357 tua
2526 5302 2685 5375 Sarra
2724 5304 2886 5372 pariet
2929 5303 3091 5370 ﬁlium
3116 5342 3131 5364 ,
3172 5310 3219 5355 et
3262 5299 3462 5355 vocabis
3506 5314 3687 5353 nomen
3716 5298 3829 5369 ejus
3850 5297 4009 5354 Isaac

2406 5396 2578 5465 (Cen.
2613 5396 2700 5451 l7.
2747 5395 2871 5465 l9).
2907 5394 3021 5451 Una
3066 5395 3228 5464 igitur
3258 5394 3374 5449 haec
3415 5392 3643 5464 quaestio
3685 5402 3807 5463 est,
3838 5408 4006 5458 quare

2408 5486 2678 5541 nonnullis
2701 5494 2958 5539 mutatum
2977 5485 3045 5539 sit
3062 5500 3279 5548 nomen,
3309 5483 3578 5539 nonnullis
3599 5496 3725 5535 vero
3746 5477 4004 5533 minime:

2406 5578 2570 5633 altera
2602 5592 2731 5631 vero
2766 5576 2834 5631 ab
2876 5576 2958 5631 illa
2981 5616 2995 5639 ,
3028 5591 3125 5629 cur
3163 5573 3377 5629 tandem
3419 5572 3689 5628 nonnullis
3744 5572 3924 5627 medio
3954 5588 4013 5626 tn

2403 5669 2830 5724 tetatisdecursn
2852 5708 2865 5733 ,
2898 5665 3169 5721 nonnullis
3198 5665 3359 5719 etiam
3401 5673 3681 5733 antequam
3713 5676 4011 5721 nasceren-

2405 5769 2527 5824 tur;
2557 5758 2717 5829 idque
2746 5760 2795 5811 in
2828 5765 3051 5827 utroque
3080 5756 3447 5812 Testamento.
3476 5752 3581 5821 Nos
3610 5760 3785 5806 autem
3816 5758 3882 5804 ad
3910 5763 4018 5821 po.
