  <div class='ocr_page' id='page_1' title='image "/cluster/home/n/w/nwhite01/storage/ocr_20150623/51/pst.000005712502/130.png"; bbox 0 0 4212 6290; ppageno 0'>
   <div class='ocr_carea' id='block_1_1' title="bbox 224 373 3530 447">
    <p class='ocr_par' dir='ltr' id='par_1_1' title="bbox 224 373 3530 447">
     <span class='ocr_line' id='line_1_1' title="bbox 224 373 3530 447; baseline 0.002 -14"><span class='ocrx_word' id='word_1_1' title='bbox 224 382 319 447; x_wconf 69' lang='grc' dir='ltr'><strong>μεθ</strong></span> <span class='ocrx_word' id='word_1_2' title='bbox 1291 377 1381 435; x_wconf 78' lang='lat' dir='ltr'><strong>or.</strong></span> <span class='ocrx_word' id='word_1_3' title='bbox 1420 373 1824 436; x_wconf 70' lang='lat' dir='ltr'><strong>MUTATIONE</strong></span> <span class='ocrx_word' id='word_1_4' title='bbox 1856 374 2184 434; x_wconf 69' lang='lat' dir='ltr'><strong>acumen.</strong></span> <span class='ocrx_word' id='word_1_5' title='bbox 2228 375 2299 433; x_wconf 83' lang='lat' dir='ltr'><strong>lt.</strong></span> <span class='ocrx_word' id='word_1_6' title='bbox 3431 382 3530 438; x_wconf 68' lang='lat' dir='ltr'><strong>tan</strong></span> 
     </span>
    </p>
   </div>
   <div class='ocr_carea' id='block_1_2' title="bbox 212 491 1813 567">
    <p class='ocr_par' dir='ltr' id='par_1_2' title="bbox 212 491 1813 567">
     <span class='ocr_line' id='line_1_2' title="bbox 212 491 1813 567; baseline -0.004 -18"><span class='ocrx_word' id='word_1_7' title='bbox 212 496 497 551; x_wconf 84' lang='lat' dir='ltr'><strong>steriorem</strong></span> <span class='ocrx_word' id='word_1_8' title='bbox 527 496 680 567; x_wconf 81' lang='lat' dir='ltr'><strong>prius</strong></span> <span class='ocrx_word' id='word_1_9' title='bbox 706 492 1113 567; x_wconf 74' lang='lat' dir='ltr'><strong>aggrediamur;</strong></span> <span class='ocrx_word' id='word_1_10' title='bbox 1147 493 1225 548; x_wconf 85' lang='lat' dir='ltr'><strong>sic</strong></span> <span class='ocrx_word' id='word_1_11' title='bbox 1254 493 1396 547; x_wconf 89' lang='lat' dir='ltr'><strong>enim</strong></span> <span class='ocrx_word' id='word_1_12' title='bbox 1430 491 1574 561; x_wconf 89' lang='lat' dir='ltr'><strong>prior</strong></span> <span class='ocrx_word' id='word_1_13' title='bbox 1602 504 1813 560; x_wconf 85' lang='lat' dir='ltr'><strong>quoque</strong></span> 
     </span>
    </p>
   </div>
   <div class='ocr_carea' id='block_1_3' title="bbox 212 583 1816 656">
    <p class='ocr_par' dir='ltr' id='par_1_3' title="bbox 212 583 1816 656">
     <span class='ocr_line' id='line_1_3' title="bbox 212 583 1816 656; baseline -0.004 -15"><span class='ocrx_word' id='word_1_14' title='bbox 212 587 498 650; x_wconf 80' lang='lat' dir='ltr'><strong>dilacldior</strong></span> <span class='ocrx_word' id='word_1_15' title='bbox 526 588 621 644; x_wconf 86' lang='lat' dir='ltr'><strong>fiet</strong></span> <span class='ocrx_word' id='word_1_16' title='bbox 649 605 663 642; x_wconf 90' lang='lat'><strong>:</strong></span> <span class='ocrx_word' id='word_1_17' title='bbox 692 600 891 656; x_wconf 86' lang='lat' dir='ltr'><strong>eosque</strong></span> <span class='ocrx_word' id='word_1_18' title='bbox 931 585 1021 655; x_wconf 86' lang='lat' dir='ltr'><strong>qui</strong></span> <span class='ocrx_word' id='word_1_19' title='bbox 1060 584 1128 639; x_wconf 88' lang='lat' dir='ltr'><strong>ab</strong></span> <span class='ocrx_word' id='word_1_20' title='bbox 1169 583 1323 639; x_wconf 87' lang='lat' dir='ltr'><strong>initio</strong></span> <span class='ocrx_word' id='word_1_21' title='bbox 1361 599 1554 638; x_wconf 83' lang='lat' dir='ltr'><strong>nomen</strong></span> <span class='ocrx_word' id='word_1_22' title='bbox 1586 594 1816 651; x_wconf 84' lang='lat' dir='ltr'><strong>accepe-</strong></span> 
     </span>
    </p>
   </div>
   <div class='ocr_carea' id='block_1_4' title="bbox 213 672 1814 748">
    <p class='ocr_par' dir='ltr' id='par_1_4' title="bbox 213 672 1814 748">
     <span class='ocr_line' id='line_1_4' title="bbox 213 672 1814 748; baseline -0.007 -14"><span class='ocrx_word' id='word_1_23' title='bbox 213 689 338 734; x_wconf 84' lang='lat' dir='ltr'><strong>runt</strong></span> <span class='ocrx_word' id='word_1_24' title='bbox 355 679 662 744; x_wconf 85' lang='lat' dir='ltr'><strong>videamus,</strong></span> <span class='ocrx_word' id='word_1_25' title='bbox 680 694 743 733; x_wconf 90' lang='lat' dir='ltr'><strong>ac</strong></span> <span class='ocrx_word' id='word_1_26' title='bbox 769 675 1094 748; x_wconf 78' lang='lat' dir='ltr'><strong>pedetentim</strong></span> <span class='ocrx_word' id='word_1_27' title='bbox 1113 675 1466 731; x_wconf 85' lang='lat' dir='ltr'><strong>ascendentes</strong></span> <span class='ocrx_word' id='word_1_28' title='bbox 1489 672 1555 727; x_wconf 87' lang='lat' dir='ltr'><strong>ad</strong></span> <span class='ocrx_word' id='word_1_29' title='bbox 1581 674 1814 744; x_wconf 88' lang='lat' dir='ltr'><strong>primum</strong></span> 
     </span>
    </p>
   </div>
   <div class='ocr_carea' id='block_1_5' title="bbox 215 761 1812 842">
    <p class='ocr_par' dir='ltr' id='par_1_5' title="bbox 215 761 1812 842">
     <span class='ocr_line' id='line_1_5' title="bbox 215 761 1812 842; baseline -0.005 -21"><span class='ocrx_word' id='word_1_30' title='bbox 215 769 489 825; x_wconf 87' lang='lat' dir='ltr'><strong>hominem</strong></span> <span class='ocrx_word' id='word_1_31' title='bbox 506 770 820 842; x_wconf 63' lang='lat' dir='ltr'><strong>veniamus,</strong></span> <span class='ocrx_word' id='word_1_32' title='bbox 842 767 927 823; x_wconf 91' lang='lat' dir='ltr'><strong>cui</strong></span> <span class='ocrx_word' id='word_1_33' title='bbox 954 782 985 821; x_wconf 88' lang='lat' dir='ltr'><strong>a</strong></span> <span class='ocrx_word' id='word_1_34' title='bbox 1015 768 1124 821; x_wconf 89' lang='lat' dir='ltr'><strong>Deo</strong></span> <span class='ocrx_word' id='word_1_35' title='bbox 1152 780 1347 821; x_wconf 91' lang='lat' dir='ltr'><strong>nomen</strong></span> <span class='ocrx_word' id='word_1_36' title='bbox 1372 772 1457 819; x_wconf 88' lang='lat' dir='ltr'><strong>est</strong></span> <span class='ocrx_word' id='word_1_37' title='bbox 1480 761 1812 832; x_wconf 90' lang='lat' dir='ltr'><strong>impositum,</strong></span> 
     </span>
    </p>
   </div>
   <div class='ocr_carea' id='block_1_6' title="bbox 202 854 1633 930">
    <p class='ocr_par' dir='ltr' id='par_1_6' title="bbox 202 854 1633 930">
     <span class='ocr_line' id='line_1_6' title="bbox 202 854 1633 930; baseline -0.007 -15"><span class='ocrx_word' id='word_1_38' title='bbox 202 872 256 915; x_wconf 90' lang='lat' dir='ltr'><strong>ut</strong></span> <span class='ocrx_word' id='word_1_39' title='bbox 294 860 365 916; x_wconf 89' lang='lat' dir='ltr'><strong>ab</strong></span> <span class='ocrx_word' id='word_1_40' title='bbox 396 860 519 930; x_wconf 87' lang='lat' dir='ltr'><strong>ipso</strong></span> <span class='ocrx_word' id='word_1_41' title='bbox 549 858 703 914; x_wconf 87' lang='lat' dir='ltr'><strong>initio</strong></span> <span class='ocrx_word' id='word_1_42' title='bbox 730 859 1089 929; x_wconf 69' lang='lat' dir='ltr'><strong>quaestionum</strong></span> <span class='ocrx_word' id='word_1_43' title='bbox 1119 856 1318 911; x_wconf 87' lang='lat' dir='ltr'><strong>solutio</strong></span> <span class='ocrx_word' id='word_1_44' title='bbox 1342 854 1633 909; x_wconf 77' lang='lat' dir='ltr'><strong>derivetur.</strong></span> 
     </span>
    </p>
   </div>
   <div class='ocr_carea' id='block_1_7' title="bbox 286 944 1817 1021">
    <p class='ocr_par' dir='ltr' id='par_1_7' title="bbox 286 944 1817 1021">
     <span class='ocr_line' id='line_1_7' title="bbox 286 944 1817 1021; baseline -0.005 -16"><span class='ocrx_word' id='word_1_45' title='bbox 286 950 447 1005; x_wconf 84' lang='lat' dir='ltr'><strong>Terra</strong></span> <span class='ocrx_word' id='word_1_46' title='bbox 471 952 614 1021; x_wconf 72' lang='lat' dir='ltr'><strong>virgo</strong></span> <span class='ocrx_word' id='word_1_47' title='bbox 642 949 805 1005; x_wconf 77' lang='lat' dir='ltr'><strong>Edent</strong></span> <span class='ocrx_word' id='word_1_48' title='bbox 824 994 840 1019; x_wconf 85' lang='lat'><strong>,</strong></span> <span class='ocrx_word' id='word_1_49' title='bbox 894 948 1118 1018; x_wconf 81' lang='lat' dir='ltr'><strong>Virginis</strong></span> <span class='ocrx_word' id='word_1_50' title='bbox 1152 947 1333 1002; x_wconf 79' lang='lat' dir='ltr'><strong>llatris</strong></span> <span class='ocrx_word' id='word_1_51' title='bbox 1362 948 1549 1017; x_wconf 76' lang='lat' dir='ltr'><strong>ﬁgura.</strong></span> <span class='ocrx_word' id='word_1_52' title='bbox 1581 975 1654 986; x_wconf 93' lang='lat'>—</span> <span class='ocrx_word' id='word_1_53' title='bbox 1685 944 1817 1012; x_wconf 84' lang='lat' dir='ltr'><strong>Quis</strong></span> 
     </span>
    </p>
   </div>
   <div class='ocr_carea' id='block_1_8' title="bbox 210 1037 1813 1113">
    <p class='ocr_par' dir='ltr' id='par_1_8' title="bbox 210 1037 1813 1113">
     <span class='ocr_line' id='line_1_8' title="bbox 210 1037 1813 1113; baseline -0.005 -14"><span class='ocrx_word' id='word_1_54' title='bbox 210 1058 342 1113; x_wconf 88' lang='lat' dir='ltr'><strong>ergo</strong></span> <span class='ocrx_word' id='word_1_55' title='bbox 374 1044 527 1112; x_wconf 90' lang='lat' dir='ltr'><strong>prius</strong></span> <span class='ocrx_word' id='word_1_56' title='bbox 561 1057 591 1095; x_wconf 90' lang='lat' dir='ltr'><strong>a</strong></span> <span class='ocrx_word' id='word_1_57' title='bbox 636 1043 747 1098; x_wconf 89' lang='lat' dir='ltr'><strong>Deo</strong></span> <span class='ocrx_word' id='word_1_58' title='bbox 788 1054 983 1096; x_wconf 86' lang='lat' dir='ltr'><strong>nomen</strong></span> <span class='ocrx_word' id='word_1_59' title='bbox 1024 1039 1271 1109; x_wconf 85' lang='lat' dir='ltr'><strong>accepit?</strong></span> <span class='ocrx_word' id='word_1_60' title='bbox 1312 1038 1443 1108; x_wconf 85' lang='lat' dir='ltr'><strong>Quis</strong></span> <span class='ocrx_word' id='word_1_61' title='bbox 1470 1053 1600 1092; x_wconf 88' lang='lat' dir='ltr'><strong>vero</strong></span> <span class='ocrx_word' id='word_1_62' title='bbox 1636 1037 1775 1091; x_wconf 88' lang='lat' dir='ltr'><strong>alius</strong></span> <span class='ocrx_word' id='word_1_63' title='bbox 1798 1077 1813 1101; x_wconf 91' lang='lat'><strong>,</strong></span> 
     </span>
    </p>
   </div>
   <div class='ocr_carea' id='block_1_9' title="bbox 210 1129 1817 1204">
    <p class='ocr_par' dir='ltr' id='par_1_9' title="bbox 210 1129 1817 1204">
     <span class='ocr_line' id='line_1_9' title="bbox 210 1129 1817 1204; baseline -0.005 -16"><span class='ocrx_word' id='word_1_64' title='bbox 210 1150 373 1203; x_wconf 89' lang='lat' dir='ltr'><strong>quam</strong></span> <span class='ocrx_word' id='word_1_65' title='bbox 397 1135 491 1204; x_wconf 91' lang='lat' dir='ltr'><strong>qui</strong></span> <span class='ocrx_word' id='word_1_66' title='bbox 516 1134 719 1204; x_wconf 90' lang='lat' dir='ltr'><strong>primus</strong></span> <span class='ocrx_word' id='word_1_67' title='bbox 742 1132 1003 1187; x_wconf 89' lang='lat' dir='ltr'><strong>formatus</strong></span> <span class='ocrx_word' id='word_1_68' title='bbox 1026 1132 1144 1187; x_wconf 83' lang='lat' dir='ltr'><strong>est?</strong></span> <span class='ocrx_word' id='word_1_69' title='bbox 1168 1130 1352 1202; x_wconf 82' lang='lat' dir='ltr'><strong>Neque</strong></span> <span class='ocrx_word' id='word_1_70' title='bbox 1378 1130 1521 1184; x_wconf 91' lang='lat' dir='ltr'><strong>enim</strong></span> <span class='ocrx_word' id='word_1_71' title='bbox 1546 1129 1683 1183; x_wconf 90' lang='lat' dir='ltr'><strong>alius</strong></span> <span class='ocrx_word' id='word_1_72' title='bbox 1701 1137 1817 1181; x_wconf 90' lang='lat' dir='ltr'><strong>erat</strong></span> 
     </span>
    </p>
   </div>
   <div class='ocr_carea' id='block_1_10' title="bbox 212 1218 1817 1293">
    <p class='ocr_par' dir='ltr' id='par_1_10' title="bbox 212 1218 1817 1293">
     <span class='ocr_line' id='line_1_10' title="bbox 212 1218 1817 1293; baseline -0.004 -16"><span class='ocrx_word' id='word_1_73' title='bbox 212 1224 403 1291; x_wconf 88' lang='lat' dir='ltr'><strong>homo,</strong></span> <span class='ocrx_word' id='word_1_74' title='bbox 450 1225 539 1279; x_wconf 92' lang='lat' dir='ltr'><strong>cui</strong></span> <span class='ocrx_word' id='word_1_75' title='bbox 610 1238 806 1279; x_wconf 87' lang='lat' dir='ltr'><strong>nomen</strong></span> <span class='ocrx_word' id='word_1_76' title='bbox 863 1233 1043 1293; x_wconf 85' lang='lat' dir='ltr'><strong>posset</strong></span> <span class='ocrx_word' id='word_1_77' title='bbox 1098 1222 1319 1293; x_wconf 88' lang='lat' dir='ltr'><strong>imponi.</strong></span> <span class='ocrx_word' id='word_1_78' title='bbox 1371 1220 1601 1288; x_wconf 78' lang='lat' dir='ltr'><strong>Qualem</strong></span> <span class='ocrx_word' id='word_1_79' title='bbox 1660 1218 1817 1288; x_wconf 88' lang='lat' dir='ltr'><strong>igitur</strong></span> 
     </span>
    </p>
   </div>
   <div class='ocr_carea' id='block_1_11' title="bbox 212 1311 1817 1386">
    <p class='ocr_par' dir='ltr' id='par_1_11' title="bbox 212 1311 1817 1386">
     <span class='ocr_line' id='line_1_11' title="bbox 212 1311 1817 1386; baseline -0.003 -18"><span class='ocrx_word' id='word_1_80' title='bbox 212 1318 632 1386; x_wconf 79' lang='lat' dir='ltr'><strong>appellationem</strong></span> <span class='ocrx_word' id='word_1_81' title='bbox 703 1316 952 1386; x_wconf 88' lang='lat' dir='ltr'><strong>accepit?</strong></span> <span class='ocrx_word' id='word_1_82' title='bbox 1014 1315 1184 1370; x_wconf 81' lang='lat' dir='ltr'><strong>Adam</strong></span> <span class='ocrx_word' id='word_1_83' title='bbox 1235 1330 1365 1369; x_wconf 90' lang='lat' dir='ltr'><strong>voce</strong></span> <span class='ocrx_word' id='word_1_84' title='bbox 1418 1311 1680 1369; x_wconf 87' lang='lat' dir='ltr'><strong>Hebraica</strong></span> <span class='ocrx_word' id='word_1_85' title='bbox 1731 1311 1817 1364; x_wconf 85' lang='lat' dir='ltr'><strong>di-</strong></span> 
     </span>
    </p>
   </div>
   <div class='ocr_carea' id='block_1_12' title="bbox 209 1404 1815 1477">
    <p class='ocr_par' dir='ltr' id='par_1_12' title="bbox 209 1404 1815 1477">
     <span class='ocr_line' id='line_1_12' title="bbox 209 1404 1815 1477; baseline 0.001 -18"><span class='ocrx_word' id='word_1_86' title='bbox 209 1418 329 1459; x_wconf 85' lang='lat' dir='ltr'><strong>ctus</strong></span> <span class='ocrx_word' id='word_1_87' title='bbox 374 1417 528 1463; x_wconf 76' lang='lat' dir='ltr'><strong>est~z</strong></span> <span class='ocrx_word' id='word_1_88' title='bbox 583 1422 756 1477; x_wconf 89' lang='lat' dir='ltr'><strong>neque</strong></span> <span class='ocrx_word' id='word_1_89' title='bbox 797 1407 942 1462; x_wconf 75' lang='lat' dir='ltr'><strong>enim</strong></span> <span class='ocrx_word' id='word_1_90' title='bbox 1000 1406 1247 1462; x_wconf 67' lang='lat' dir='ltr'><strong>Graecum</strong></span> <span class='ocrx_word' id='word_1_91' title='bbox 1304 1414 1387 1461; x_wconf 87' lang='lat' dir='ltr'><strong>est</strong></span> <span class='ocrx_word' id='word_1_92' title='bbox 1427 1420 1661 1467; x_wconf 90' lang='lat' dir='ltr'><strong>nomen,</strong></span> <span class='ocrx_word' id='word_1_93' title='bbox 1721 1404 1815 1460; x_wconf 86' lang='lat' dir='ltr'><strong>sed</strong></span> 
     </span>
    </p>
   </div>
   <div class='ocr_carea' id='block_1_13' title="bbox 210 1496 1814 1567">
    <p class='ocr_par' dir='ltr' id='par_1_13' title="bbox 210 1496 1814 1567">
     <span class='ocr_line' id='line_1_13' title="bbox 210 1496 1814 1567; baseline 0 -18"><span class='ocrx_word' id='word_1_94' title='bbox 210 1496 263 1549; x_wconf 89' lang='lat' dir='ltr'><strong>in</strong></span> <span class='ocrx_word' id='word_1_95' title='bbox 309 1496 559 1553; x_wconf 68' lang='lat' dir='ltr'><strong>Graecam</strong></span> <span class='ocrx_word' id='word_1_96' title='bbox 605 1498 837 1567; x_wconf 86' lang='lat' dir='ltr'><strong>linguam</strong></span> <span class='ocrx_word' id='word_1_97' title='bbox 880 1512 1093 1553; x_wconf 84' lang='lat' dir='ltr'><strong>versum</strong></span> <span class='ocrx_word' id='word_1_98' title='bbox 1154 1497 1283 1552; x_wconf 87' lang='lat' dir='ltr'><strong>nihil</strong></span> <span class='ocrx_word' id='word_1_99' title='bbox 1322 1497 1464 1551; x_wconf 81' lang='lat' dir='ltr'><strong>aliud</strong></span> <span class='ocrx_word' id='word_1_100' title='bbox 1509 1496 1814 1566; x_wconf 89' lang='lat' dir='ltr'><strong>significat,</strong></span> 
     </span>
    </p>
   </div>
   <div class='ocr_carea' id='block_1_14' title="bbox 210 1587 1815 1659">
    <p class='ocr_par' dir='ltr' id='par_1_14' title="bbox 210 1587 1815 1659">
     <span class='ocr_line' id='line_1_14' title="bbox 210 1587 1815 1659; baseline 0 -18"><span class='ocrx_word' id='word_1_101' title='bbox 210 1602 378 1656; x_wconf 84' lang='lat' dir='ltr'><strong>quam</strong></span> <span class='ocrx_word' id='word_1_102' title='bbox 423 1598 694 1644; x_wconf 87' lang='lat' dir='ltr'><strong>terrenum</strong></span> <span class='ocrx_word' id='word_1_103' title='bbox 739 1604 752 1641; x_wconf 91' lang='lat'>:</span> <span class='ocrx_word' id='word_1_104' title='bbox 793 1589 1053 1659; x_wconf 78' lang='lat' dir='ltr'><strong>siquidem</strong></span> <span class='ocrx_word' id='word_1_105' title='bbox 1097 1587 1265 1643; x_wconf 89' lang='lat' dir='ltr'><strong>Edem</strong></span> <span class='ocrx_word' id='word_1_106' title='bbox 1313 1599 1507 1643; x_wconf 88' lang='lat' dir='ltr'><strong>terram</strong></span> <span class='ocrx_word' id='word_1_107' title='bbox 1558 1587 1815 1657; x_wconf 85' lang='lat' dir='ltr'><strong>virginem</strong></span> 
     </span>
    </p>
   </div>
   <div class='ocr_carea' id='block_1_15' title="bbox 212 1676 1816 1749">
    <p class='ocr_par' dir='ltr' id='par_1_15' title="bbox 212 1676 1816 1749">
     <span class='ocr_line' id='line_1_15' title="bbox 212 1676 1816 1749; baseline -0.001 -17"><span class='ocrx_word' id='word_1_108' title='bbox 212 1678 573 1743; x_wconf 86' lang='lat' dir='ltr'><strong>sonat;talis</strong></span> <span class='ocrx_word' id='word_1_109' title='bbox 630 1694 791 1749; x_wconf 87' lang='lat' dir='ltr'><strong>porro</strong></span> <span class='ocrx_word' id='word_1_110' title='bbox 830 1679 925 1734; x_wconf 92' lang='lat' dir='ltr'><strong>fuit</strong></span> <span class='ocrx_word' id='word_1_111' title='bbox 981 1680 1130 1734; x_wconf 89' lang='lat' dir='ltr'><strong>locus</strong></span> <span class='ocrx_word' id='word_1_112' title='bbox 1189 1679 1314 1744; x_wconf 89' lang='lat' dir='ltr'><strong>ille,</strong></span> <span class='ocrx_word' id='word_1_113' title='bbox 1362 1678 1414 1732; x_wconf 88' lang='lat' dir='ltr'><strong>in</strong></span> <span class='ocrx_word' id='word_1_114' title='bbox 1466 1692 1572 1748; x_wconf 90' lang='lat' dir='ltr'><strong>quo</strong></span> <span class='ocrx_word' id='word_1_115' title='bbox 1602 1676 1816 1747; x_wconf 84' lang='lat' dir='ltr'><strong>paradi-</strong></span> 
     </span>
    </p>
   </div>
   <div class='ocr_carea' id='block_1_16' title="bbox 210 1766 1816 1838">
    <p class='ocr_par' dir='ltr' id='par_1_16' title="bbox 210 1766 1816 1838">
     <span class='ocr_line' id='line_1_16' title="bbox 210 1766 1816 1838; baseline -0.001 -17"><span class='ocrx_word' id='word_1_116' title='bbox 210 1782 331 1821; x_wconf 85' lang='lat' dir='ltr'><strong>sum</strong></span> <span class='ocrx_word' id='word_1_117' title='bbox 357 1767 503 1824; x_wconf 89' lang='lat' dir='ltr'><strong>Deus</strong></span> <span class='ocrx_word' id='word_1_118' title='bbox 539 1769 815 1838; x_wconf 78' lang='lat' dir='ltr'><strong>plantavit.</strong></span> <span class='ocrx_word' id='word_1_119' title='bbox 844 1768 1101 1823; x_wconf 83' lang='lat' dir='ltr'><strong>Plantavit</strong></span> <span class='ocrx_word' id='word_1_120' title='bbox 1124 1770 1257 1823; x_wconf 84' lang='lat' dir='ltr'><strong>enim</strong></span> <span class='ocrx_word' id='word_1_121' title='bbox 1289 1766 1449 1831; x_wconf 88' lang='lat' dir='ltr'><strong>Deus,</strong></span> <span class='ocrx_word' id='word_1_122' title='bbox 1480 1767 1648 1837; x_wconf 90' lang='lat' dir='ltr'><strong>inquit</strong></span> <span class='ocrx_word' id='word_1_123' title='bbox 1668 1766 1816 1821; x_wconf 83' lang='lat' dir='ltr'><strong>Scri-</strong></span> 
     </span>
    </p>
   </div>
   <div class='ocr_carea' id='block_1_17' title="bbox 210 1856 1815 1930">
    <p class='ocr_par' dir='ltr' id='par_1_17' title="bbox 210 1856 1815 1930">
     <span class='ocr_line' id='line_1_17' title="bbox 210 1856 1815 1930; baseline 0.001 -17"><span class='ocrx_word' id='word_1_124' title='bbox 210 1870 370 1930; x_wconf 80' lang='lat' dir='ltr'><strong>plura</strong></span> <span class='ocrx_word' id='word_1_125' title='bbox 397 1903 413 1927; x_wconf 90' lang='lat'><strong>,</strong></span> <span class='ocrx_word' id='word_1_126' title='bbox 448 1862 745 1929; x_wconf 80' lang='lat' dir='ltr'><strong>paradisum</strong></span> <span class='ocrx_word' id='word_1_127' title='bbox 771 1863 824 1914; x_wconf 90' lang='lat' dir='ltr'><strong>in</strong></span> <span class='ocrx_word' id='word_1_128' title='bbox 854 1860 1014 1915; x_wconf 82' lang='lat' dir='ltr'><strong>Edent</strong></span> <span class='ocrx_word' id='word_1_129' title='bbox 1040 1861 1108 1915; x_wconf 81' lang='lat' dir='ltr'><strong>ad</strong></span> <span class='ocrx_word' id='word_1_130' title='bbox 1136 1860 1393 1915; x_wconf 79' lang='lat' dir='ltr'><strong>Orientem</strong></span> <span class='ocrx_word' id='word_1_131' title='bbox 1426 1858 1591 1930; x_wconf 82' lang='lat' dir='ltr'><strong>(Gen.</strong></span> <span class='ocrx_word' id='word_1_132' title='bbox 1622 1860 1677 1914; x_wconf 75' lang='lat'><strong>2.</strong></span> <span class='ocrx_word' id='word_1_133' title='bbox 1704 1856 1774 1923; x_wconf 88' lang='lat'><strong>8)</strong></span> <span class='ocrx_word' id='word_1_134' title='bbox 1800 1875 1815 1924; x_wconf 91' lang='lat'><strong>;</strong></span> 
     </span>
    </p>
   </div>
   <div class='ocr_carea' id='block_1_18' title="bbox 157 1946 1819 2023">
    <p class='ocr_par' dir='ltr' id='par_1_18' title="bbox 157 1946 1819 2023">
     <span class='ocr_line' id='line_1_18' title="bbox 157 1946 1819 2023; baseline 0 -16"><span class='ocrx_word' id='word_1_135' title='bbox 157 1946 165 1953; x_wconf 84' lang='grc'><em>’</em></span> <span class='ocrx_word' id='word_1_136' title='bbox 210 1961 271 2007; x_wconf 87' lang='lat' dir='ltr'><strong>ut</strong></span> <span class='ocrx_word' id='word_1_137' title='bbox 310 1953 586 2023; x_wconf 83' lang='lat' dir='ltr'><strong>intelligas</strong></span> <span class='ocrx_word' id='word_1_138' title='bbox 628 1969 732 2008; x_wconf 90' lang='lat' dir='ltr'><strong>non</strong></span> <span class='ocrx_word' id='word_1_139' title='bbox 780 1953 1135 2008; x_wconf 90' lang='lat' dir='ltr'><strong>humanarum</strong></span> <span class='ocrx_word' id='word_1_140' title='bbox 1181 1968 1317 2023; x_wconf 91' lang='lat' dir='ltr'><strong>opus</strong></span> <span class='ocrx_word' id='word_1_141' title='bbox 1358 1968 1612 2008; x_wconf 87' lang='lat' dir='ltr'><strong>manuum</strong></span> <span class='ocrx_word' id='word_1_142' title='bbox 1653 1950 1819 2008; x_wconf 87' lang='lat' dir='ltr'><strong>fuisse</strong></span> 
     </span>
    </p>
   </div>
   <div class='ocr_carea' id='block_1_19' title="bbox 209 2045 1817 2117">
    <p class='ocr_par' dir='ltr' id='par_1_19' title="bbox 209 2045 1817 2117">
     <span class='ocr_line' id='line_1_19' title="bbox 209 2045 1817 2117; baseline 0 -18"><span class='ocrx_word' id='word_1_143' title='bbox 209 2045 526 2114; x_wconf 72' lang='lat' dir='ltr'><strong>paradisum</strong></span> <span class='ocrx_word' id='word_1_144' title='bbox 558 2064 572 2100; x_wconf 90' lang='lat'><strong>:</strong></span> <span class='ocrx_word' id='word_1_145' title='bbox 601 2046 863 2116; x_wconf 81' lang='lat' dir='ltr'><strong>siquidem</strong></span> <span class='ocrx_word' id='word_1_146' title='bbox 888 2055 1027 2102; x_wconf 88' lang='lat' dir='ltr'><strong>terra</strong></span> <span class='ocrx_word' id='word_1_147' title='bbox 1060 2046 1159 2101; x_wconf 86' lang='lat' dir='ltr'><strong>fuit</strong></span> <span class='ocrx_word' id='word_1_148' title='bbox 1184 2047 1354 2117; x_wconf 85' lang='lat' dir='ltr'><strong>virgo,</strong></span> <span class='ocrx_word' id='word_1_149' title='bbox 1378 2061 1497 2117; x_wconf 77' lang='lat' dir='ltr'><strong>qua:</strong></span> <span class='ocrx_word' id='word_1_150' title='bbox 1524 2060 1698 2115; x_wconf 89' lang='lat' dir='ltr'><strong>neque</strong></span> <span class='ocrx_word' id='word_1_151' title='bbox 1719 2060 1817 2099; x_wconf 89' lang='lat' dir='ltr'><strong>vo-</strong></span> 
     </span>
    </p>
   </div>
   <div class='ocr_carea' id='block_1_20' title="bbox 208 2138 1819 2210">
    <p class='ocr_par' dir='ltr' id='par_1_20' title="bbox 208 2138 1819 2210">
     <span class='ocr_line' id='line_1_20' title="bbox 208 2138 1819 2210; baseline 0.001 -18"><span class='ocrx_word' id='word_1_152' title='bbox 208 2152 418 2192; x_wconf 83' lang='lat' dir='ltr'><strong>merem</strong></span> <span class='ocrx_word' id='word_1_153' title='bbox 449 2148 677 2207; x_wconf 81' lang='lat' dir='ltr'><strong>experta</strong></span> <span class='ocrx_word' id='word_1_154' title='bbox 704 2147 859 2203; x_wconf 88' lang='lat' dir='ltr'><strong>erat,</strong></span> <span class='ocrx_word' id='word_1_155' title='bbox 887 2154 1060 2210; x_wconf 89' lang='lat' dir='ltr'><strong>neque</strong></span> <span class='ocrx_word' id='word_1_156' title='bbox 1085 2139 1237 2193; x_wconf 85' lang='lat' dir='ltr'><strong>sulco</strong></span> <span class='ocrx_word' id='word_1_157' title='bbox 1266 2150 1505 2205; x_wconf 80' lang='lat' dir='ltr'><strong>exarata,</strong></span> <span class='ocrx_word' id='word_1_158' title='bbox 1535 2138 1631 2195; x_wconf 91' lang='lat' dir='ltr'><strong>sed</strong></span> <span class='ocrx_word' id='word_1_159' title='bbox 1659 2139 1819 2194; x_wconf 87' lang='lat' dir='ltr'><strong>nullis</strong></span> 
     </span>
    </p>
   </div>
   <div class='ocr_carea' id='block_1_21' title="bbox 208 2226 1820 2299">
    <p class='ocr_par' dir='ltr' id='par_1_21' title="bbox 208 2226 1820 2299">
     <span class='ocr_line' id='line_1_21' title="bbox 208 2226 1820 2299; baseline 0.001 -18"><span class='ocrx_word' id='word_1_160' title='bbox 208 2226 577 2296; x_wconf 82' lang='lat' dir='ltr'><strong>agricolarum</strong></span> <span class='ocrx_word' id='word_1_161' title='bbox 626 2227 875 2283; x_wconf 88' lang='lat' dir='ltr'><strong>manibus</strong></span> <span class='ocrx_word' id='word_1_162' title='bbox 916 2229 1058 2283; x_wconf 88' lang='lat' dir='ltr'><strong>culta</strong></span> <span class='ocrx_word' id='word_1_163' title='bbox 1101 2229 1219 2285; x_wconf 89' lang='lat' dir='ltr'><strong>solo</strong></span> <span class='ocrx_word' id='word_1_164' title='bbox 1249 2232 1403 2299; x_wconf 88' lang='lat' dir='ltr'><strong>jussu</strong></span> <span class='ocrx_word' id='word_1_165' title='bbox 1448 2230 1655 2299; x_wconf 82' lang='lat' dir='ltr'><strong>plantas</strong></span> <span class='ocrx_word' id='word_1_166' title='bbox 1700 2229 1820 2283; x_wconf 87' lang='lat' dir='ltr'><strong>illas</strong></span> 
     </span>
    </p>
   </div>
   <div class='ocr_carea' id='block_1_22' title="bbox 209 2318 1819 2391">
    <p class='ocr_par' dir='ltr' id='par_1_22' title="bbox 209 2318 1819 2391">
     <span class='ocr_line' id='line_1_22' title="bbox 209 2318 1819 2391; baseline 0.002 -18"><span class='ocrx_word' id='word_1_167' title='bbox 209 2318 568 2389; x_wconf 82' lang='lat' dir='ltr'><strong>germinarat.</strong></span> <span class='ocrx_word' id='word_1_168' title='bbox 604 2320 891 2390; x_wconf 80' lang='lat' dir='ltr'><strong>Propterea</strong></span> <span class='ocrx_word' id='word_1_169' title='bbox 932 2320 1102 2376; x_wconf 88' lang='lat' dir='ltr'><strong>Edem</strong></span> <span class='ocrx_word' id='word_1_170' title='bbox 1135 2321 1278 2375; x_wconf 83' lang='lat' dir='ltr'><strong>illam</strong></span> <span class='ocrx_word' id='word_1_171' title='bbox 1320 2321 1649 2391; x_wconf 88' lang='lat' dir='ltr'><strong>appellavit,</strong></span> <span class='ocrx_word' id='word_1_172' title='bbox 1676 2321 1819 2391; x_wconf 90' lang='lat' dir='ltr'><strong>quod</strong></span> 
     </span>
    </p>
   </div>
   <div class='ocr_carea' id='block_1_23' title="bbox 212 2411 1821 2484">
    <p class='ocr_par' dir='ltr' id='par_1_23' title="bbox 212 2411 1821 2484">
     <span class='ocr_line' id='line_1_23' title="bbox 212 2411 1821 2484; baseline 0.003 -20"><span class='ocrx_word' id='word_1_173' title='bbox 212 2421 416 2464; x_wconf 86' lang='lat' dir='ltr'><strong>terram</strong></span> <span class='ocrx_word' id='word_1_174' title='bbox 448 2411 709 2482; x_wconf 82' lang='lat' dir='ltr'><strong>virginem</strong></span> <span class='ocrx_word' id='word_1_175' title='bbox 739 2412 1023 2482; x_wconf 77' lang='lat' dir='ltr'><strong>significat.</strong></span> <span class='ocrx_word' id='word_1_176' title='bbox 1055 2412 1181 2469; x_wconf 70' lang='lat' dir='ltr'><strong>ilmc</strong></span> <span class='ocrx_word' id='word_1_177' title='bbox 1208 2414 1358 2483; x_wconf 86' lang='lat' dir='ltr'><strong>virgo</strong></span> <span class='ocrx_word' id='word_1_178' title='bbox 1402 2413 1567 2483; x_wconf 80' lang='lat' dir='ltr'><strong>ﬁgura</strong></span> <span class='ocrx_word' id='word_1_179' title='bbox 1599 2414 1821 2484; x_wconf 84' lang='lat' dir='ltr'><strong>virginis</strong></span> 
     </span>
    </p>
   </div>
   <div class='ocr_carea' id='block_1_24' title="bbox 208 2501 1821 2571">
    <p class='ocr_par' dir='ltr' id='par_1_24' title="bbox 208 2501 1821 2571">
     <span class='ocr_line' id='line_1_24' title="bbox 208 2501 1821 2571; baseline 0.004 -17"><span class='ocrx_word' id='word_1_180' title='bbox 208 2501 354 2556; x_wconf 85' lang='lat' dir='ltr'><strong>illius</strong></span> <span class='ocrx_word' id='word_1_181' title='bbox 388 2501 509 2556; x_wconf 88' lang='lat' dir='ltr'><strong>fuit.</strong></span> <span class='ocrx_word' id='word_1_182' title='bbox 536 2502 668 2557; x_wconf 83' lang='lat' dir='ltr'><strong>Nam</strong></span> <span class='ocrx_word' id='word_1_183' title='bbox 699 2503 1152 2571; x_wconf 87' lang='lat' dir='ltr'><strong>quemadmodum</strong></span> <span class='ocrx_word' id='word_1_184' title='bbox 1189 2514 1328 2559; x_wconf 92' lang='lat' dir='ltr'><strong>terra</strong></span> <span class='ocrx_word' id='word_1_185' title='bbox 1362 2505 1460 2558; x_wconf 88' lang='lat' dir='ltr'><strong>ista</strong></span> <span class='ocrx_word' id='word_1_186' title='bbox 1490 2506 1636 2560; x_wconf 90' lang='lat' dir='ltr'><strong>nullo</strong></span> <span class='ocrx_word' id='word_1_187' title='bbox 1662 2520 1821 2561; x_wconf 78' lang='lat' dir='ltr'><strong>esce-</strong></span> 
     </span>
    </p>
   </div>
   <div class='ocr_carea' id='block_1_25' title="bbox 211 2591 1819 2663">
    <p class='ocr_par' dir='ltr' id='par_1_25' title="bbox 211 2591 1819 2663">
     <span class='ocr_line' id='line_1_25' title="bbox 211 2591 1819 2663; baseline 0.003 -19"><span class='ocrx_word' id='word_1_188' title='bbox 211 2598 301 2659; x_wconf 91' lang='lat' dir='ltr'><strong>pto</strong></span> <span class='ocrx_word' id='word_1_189' title='bbox 332 2592 547 2647; x_wconf 90' lang='lat' dir='ltr'><strong>semine</strong></span> <span class='ocrx_word' id='word_1_190' title='bbox 583 2591 887 2663; x_wconf 84' lang='lat' dir='ltr'><strong>paradisum</strong></span> <span class='ocrx_word' id='word_1_191' title='bbox 925 2593 1083 2648; x_wconf 90' lang='lat' dir='ltr'><strong>nobis</strong></span> <span class='ocrx_word' id='word_1_192' title='bbox 1120 2595 1438 2663; x_wconf 83' lang='lat' dir='ltr'><strong>germinavit</strong></span> <span class='ocrx_word' id='word_1_193' title='bbox 1474 2613 1488 2648; x_wconf 90' lang='lat'><strong>:</strong></span> <span class='ocrx_word' id='word_1_194' title='bbox 1530 2596 1609 2651; x_wconf 90' lang='lat' dir='ltr'><strong>sic</strong></span> <span class='ocrx_word' id='word_1_195' title='bbox 1635 2604 1689 2651; x_wconf 92' lang='lat' dir='ltr'><strong>et</strong></span> <span class='ocrx_word' id='word_1_196' title='bbox 1730 2596 1819 2650; x_wconf 88' lang='lat' dir='ltr'><strong>illa</strong></span> 
     </span>
    </p>
   </div>
   <div class='ocr_carea' id='block_1_26' title="bbox 209 2682 1815 2757">
    <p class='ocr_par' dir='ltr' id='par_1_26' title="bbox 209 2682 1815 2757">
     <span class='ocr_line' id='line_1_26' title="bbox 209 2682 1815 2757; baseline 0.002 -21"><span class='ocrx_word' id='word_1_197' title='bbox 209 2684 358 2738; x_wconf 87' lang='lat' dir='ltr'><strong>nullo</strong></span> <span class='ocrx_word' id='word_1_198' title='bbox 382 2684 483 2738; x_wconf 89' lang='lat' dir='ltr'><strong>viri</strong></span> <span class='ocrx_word' id='word_1_199' title='bbox 508 2684 715 2740; x_wconf 89' lang='lat' dir='ltr'><strong>semine</strong></span> <span class='ocrx_word' id='word_1_200' title='bbox 735 2692 986 2753; x_wconf 87' lang='lat' dir='ltr'><strong>suscepto</strong></span> <span class='ocrx_word' id='word_1_201' title='bbox 1006 2682 1277 2740; x_wconf 89' lang='lat' dir='ltr'><strong>Christum</strong></span> <span class='ocrx_word' id='word_1_202' title='bbox 1300 2686 1455 2741; x_wconf 89' lang='lat' dir='ltr'><strong>nobis</strong></span> <span class='ocrx_word' id='word_1_203' title='bbox 1475 2686 1815 2757; x_wconf 85' lang='lat' dir='ltr'><strong>germinavit.</strong></span> 
     </span>
    </p>
   </div>
   <div class='ocr_carea' id='block_1_27' title="bbox 210 2773 1819 2846">
    <p class='ocr_par' dir='ltr' id='par_1_27' title="bbox 210 2773 1819 2846">
     <span class='ocr_line' id='line_1_27' title="bbox 210 2773 1819 2846; baseline 0.001 -17"><span class='ocrx_word' id='word_1_204' title='bbox 210 2773 441 2842; x_wconf 81' lang='lat' dir='ltr'><strong>Quando</strong></span> <span class='ocrx_word' id='word_1_205' title='bbox 473 2775 635 2845; x_wconf 88' lang='lat' dir='ltr'><strong>igitur</strong></span> <span class='ocrx_word' id='word_1_206' title='bbox 657 2774 799 2829; x_wconf 86' lang='lat' dir='ltr'><strong>dicet</strong></span> <span class='ocrx_word' id='word_1_207' title='bbox 828 2774 920 2830; x_wconf 90' lang='lat' dir='ltr'><strong>tibi</strong></span> <span class='ocrx_word' id='word_1_208' title='bbox 948 2774 1166 2830; x_wconf 65' lang='lat' dir='ltr'><strong>Iudaeus</strong></span> <span class='ocrx_word' id='word_1_209' title='bbox 1186 2814 1200 2839; x_wconf 90' lang='lat'><strong>,</strong></span> <span class='ocrx_word' id='word_1_210' title='bbox 1232 2774 1514 2842; x_wconf 85' lang='lat' dir='ltr'><strong>Quomodo</strong></span> <span class='ocrx_word' id='word_1_211' title='bbox 1540 2776 1694 2846; x_wconf 82' lang='lat' dir='ltr'><strong>virgo</strong></span> <span class='ocrx_word' id='word_1_212' title='bbox 1723 2791 1819 2845; x_wconf 85' lang='lat' dir='ltr'><strong>pe-</strong></span> 
     </span>
    </p>
   </div>
   <div class='ocr_carea' id='block_1_28' title="bbox 210 2863 1819 2935">
    <p class='ocr_par' dir='ltr' id='par_1_28' title="bbox 210 2863 1819 2935">
     <span class='ocr_line' id='line_1_28' title="bbox 210 2863 1819 2935; baseline 0.001 -16"><span class='ocrx_word' id='word_1_213' title='bbox 210 2863 350 2932; x_wconf 87' lang='lat' dir='ltr'><strong>perit</strong></span> <span class='ocrx_word' id='word_1_214' title='bbox 364 2864 391 2916; x_wconf 82' lang='lat'><strong>?</strong></span> <span class='ocrx_word' id='word_1_215' title='bbox 414 2864 507 2919; x_wconf 90' lang='lat' dir='ltr'><strong>die</strong></span> <span class='ocrx_word' id='word_1_216' title='bbox 527 2873 583 2919; x_wconf 90' lang='lat' dir='ltr'><strong>tu</strong></span> <span class='ocrx_word' id='word_1_217' title='bbox 609 2865 685 2918; x_wconf 89' lang='lat' dir='ltr'><strong>illi</strong></span> <span class='ocrx_word' id='word_1_218' title='bbox 712 2882 724 2917; x_wconf 92' lang='lat'><strong>:</strong></span> <span class='ocrx_word' id='word_1_219' title='bbox 749 2863 1033 2931; x_wconf 86' lang='lat' dir='ltr'><strong>Quomodo</strong></span> <span class='ocrx_word' id='word_1_220' title='bbox 1055 2874 1194 2919; x_wconf 89' lang='lat' dir='ltr'><strong>terra</strong></span> <span class='ocrx_word' id='word_1_221' title='bbox 1218 2866 1367 2935; x_wconf 89' lang='lat' dir='ltr'><strong>virgo</strong></span> <span class='ocrx_word' id='word_1_222' title='bbox 1386 2866 1678 2935; x_wconf 88' lang='lat' dir='ltr'><strong>stupendas</strong></span> <span class='ocrx_word' id='word_1_223' title='bbox 1700 2865 1819 2921; x_wconf 86' lang='lat' dir='ltr'><strong>illas</strong></span> 
     </span>
    </p>
   </div>
   <div class='ocr_carea' id='block_1_29' title="bbox 207 2952 1817 3025">
    <p class='ocr_par' dir='ltr' id='par_1_29' title="bbox 207 2952 1817 3025">
     <span class='ocr_line' id='line_1_29' title="bbox 207 2952 1817 3025; baseline 0.001 -18"><span class='ocrx_word' id='word_1_224' title='bbox 207 2952 437 3009; x_wconf 78' lang='lat' dir='ltr'><strong>arbores</strong></span> <span class='ocrx_word' id='word_1_225' title='bbox 479 2955 832 3024; x_wconf 83' lang='lat' dir='ltr'><strong>germinavit?</strong></span> <span class='ocrx_word' id='word_1_226' title='bbox 861 2953 1134 3023; x_wconf 89' lang='lat' dir='ltr'><strong>Siquidem</strong></span> <span class='ocrx_word' id='word_1_227' title='bbox 1178 2954 1399 3010; x_wconf 70' lang='lat' dir='ltr'><strong>Hebrma</strong></span> <span class='ocrx_word' id='word_1_228' title='bbox 1433 2959 1616 3025; x_wconf 90' lang='lat' dir='ltr'><strong>lingua</strong></span> <span class='ocrx_word' id='word_1_229' title='bbox 1650 2955 1817 3009; x_wconf 87' lang='lat' dir='ltr'><strong>Edem</strong></span> 
     </span>
    </p>
   </div>
   <div class='ocr_carea' id='block_1_30' title="bbox 209 3043 1817 3115">
    <p class='ocr_par' dir='ltr' id='par_1_30' title="bbox 209 3043 1817 3115">
     <span class='ocr_line' id='line_1_30' title="bbox 209 3043 1817 3115; baseline -0.001 -17"><span class='ocrx_word' id='word_1_230' title='bbox 209 3044 413 3099; x_wconf 84' lang='lat' dir='ltr'><strong>dicitur</strong></span> <span class='ocrx_word' id='word_1_231' title='bbox 434 3052 577 3099; x_wconf 86' lang='lat' dir='ltr'><strong>terra</strong></span> <span class='ocrx_word' id='word_1_232' title='bbox 601 3044 748 3115; x_wconf 80' lang='lat' dir='ltr'><strong>virgo</strong></span> <span class='ocrx_word' id='word_1_233' title='bbox 777 3061 789 3097; x_wconf 92' lang='lat'>:</span> <span class='ocrx_word' id='word_1_234' title='bbox 819 3044 962 3113; x_wconf 90' lang='lat' dir='ltr'><strong>quod</strong></span> <span class='ocrx_word' id='word_1_235' title='bbox 988 3045 1032 3099; x_wconf 87' lang='lat' dir='ltr'><strong>si</strong></span> <span class='ocrx_word' id='word_1_236' title='bbox 1060 3045 1220 3099; x_wconf 86' lang='lat' dir='ltr'><strong>fidem</strong></span> <span class='ocrx_word' id='word_1_237' title='bbox 1249 3043 1445 3100; x_wconf 89' lang='lat' dir='ltr'><strong>habere</strong></span> <span class='ocrx_word' id='word_1_238' title='bbox 1466 3045 1587 3114; x_wconf 87' lang='lat' dir='ltr'><strong>quis</strong></span> <span class='ocrx_word' id='word_1_239' title='bbox 1606 3053 1817 3113; x_wconf 86' lang='lat' dir='ltr'><strong>renuat,</strong></span> 
     </span>
    </p>
   </div>
   <div class='ocr_carea' id='block_1_31' title="bbox 211 3135 1819 3206">
    <p class='ocr_par' dir='ltr' id='par_1_31' title="bbox 211 3135 1819 3206">
     <span class='ocr_line' id='line_1_31' title="bbox 211 3135 1819 3206; baseline 0.001 -15"><span class='ocrx_word' id='word_1_240' title='bbox 211 3135 457 3191; x_wconf 69' lang='lat' dir='ltr'><strong>Hebraea:</strong></span> <span class='ocrx_word' id='word_1_241' title='bbox 478 3136 674 3205; x_wconf 71' lang='lat' dir='ltr'><strong>lingua:</strong></span> <span class='ocrx_word' id='word_1_242' title='bbox 693 3137 894 3206; x_wconf 83' lang='lat' dir='ltr'><strong>peritos</strong></span> <span class='ocrx_word' id='word_1_243' title='bbox 920 3136 1235 3205; x_wconf 85' lang='lat' dir='ltr'><strong>interroget,</strong></span> <span class='ocrx_word' id='word_1_244' title='bbox 1259 3145 1314 3191; x_wconf 93' lang='lat' dir='ltr'><strong>et</strong></span> <span class='ocrx_word' id='word_1_245' title='bbox 1336 3135 1473 3191; x_wconf 89' lang='lat' dir='ltr'><strong>hanc</strong></span> <span class='ocrx_word' id='word_1_246' title='bbox 1494 3150 1673 3191; x_wconf 90' lang='lat' dir='ltr'><strong>veram</strong></span> <span class='ocrx_word' id='word_1_247' title='bbox 1698 3151 1819 3192; x_wconf 89' lang='lat' dir='ltr'><strong>esse</strong></span> 
     </span>
    </p>
   </div>
   <div class='ocr_carea' id='block_1_32' title="bbox 209 3224 1819 3297">
    <p class='ocr_par' dir='ltr' id='par_1_32' title="bbox 209 3224 1819 3297">
     <span class='ocr_line' id='line_1_32' title="bbox 209 3224 1819 3297; baseline 0.001 -17"><span class='ocrx_word' id='word_1_248' title='bbox 209 3226 451 3283; x_wconf 85' lang='lat' dir='ltr'><strong>nominis</strong></span> <span class='ocrx_word' id='word_1_249' title='bbox 473 3226 640 3281; x_wconf 69' lang='lat' dir='ltr'><strong>ﬁdem</strong></span> <span class='ocrx_word' id='word_1_250' title='bbox 672 3226 1165 3296; x_wconf 87' lang='lat' dir='ltr'><strong>interpretationem</strong></span> <span class='ocrx_word' id='word_1_251' title='bbox 1189 3226 1502 3297; x_wconf 89' lang='lat' dir='ltr'><strong>comperict.</strong></span> <span class='ocrx_word' id='word_1_252' title='bbox 1534 3224 1651 3280; x_wconf 84' lang='lat' dir='ltr'><strong>Non</strong></span> <span class='ocrx_word' id='word_1_253' title='bbox 1673 3227 1819 3282; x_wconf 90' lang='lat' dir='ltr'><strong>enim</strong></span> 
     </span>
    </p>
   </div>
   <div class='ocr_carea' id='block_1_33' title="bbox 210 3318 1817 3390">
    <p class='ocr_par' dir='ltr' id='par_1_33' title="bbox 210 3318 1817 3390">
     <span class='ocr_line' id='line_1_33' title="bbox 210 3318 1817 3390; baseline -0.001 -17"><span class='ocrx_word' id='word_1_254' title='bbox 210 3319 472 3390; x_wconf 88' lang='lat' dir='ltr'><strong>quoniam</strong></span> <span class='ocrx_word' id='word_1_255' title='bbox 494 3333 590 3374; x_wconf 87' lang='lat' dir='ltr'><strong>eos</strong></span> <span class='ocrx_word' id='word_1_256' title='bbox 609 3318 935 3388; x_wconf 88' lang='lat' dir='ltr'><strong>alloquimur</strong></span> <span class='ocrx_word' id='word_1_257' title='bbox 949 3318 1037 3389; x_wconf 92' lang='lat' dir='ltr'><strong>qui</strong></span> <span class='ocrx_word' id='word_1_258' title='bbox 1062 3318 1295 3389; x_wconf 90' lang='lat' dir='ltr'><strong>linguam</strong></span> <span class='ocrx_word' id='word_1_259' title='bbox 1318 3318 1461 3373; x_wconf 89' lang='lat' dir='ltr'><strong>illam</strong></span> <span class='ocrx_word' id='word_1_260' title='bbox 1482 3334 1591 3373; x_wconf 90' lang='lat' dir='ltr'><strong>non</strong></span> <span class='ocrx_word' id='word_1_261' title='bbox 1613 3326 1817 3385; x_wconf 88' lang='lat' dir='ltr'><strong>tenent,</strong></span> 
     </span>
    </p>
   </div>
   <div class='ocr_carea' id='block_1_34' title="bbox 209 3410 1815 3480">
    <p class='ocr_par' dir='ltr' id='par_1_34' title="bbox 209 3410 1815 3480">
     <span class='ocr_line' id='line_1_34' title="bbox 209 3410 1815 3480; baseline 0 -13"><span class='ocrx_word' id='word_1_262' title='bbox 209 3411 418 3467; x_wconf 72' lang='lat' dir='ltr'><strong>idcirw</strong></span> <span class='ocrx_word' id='word_1_263' title='bbox 434 3426 531 3465; x_wconf 88' lang='lat' dir='ltr'><strong>vos</strong></span> <span class='ocrx_word' id='word_1_264' title='bbox 553 3411 715 3467; x_wconf 83' lang='lat' dir='ltr'><strong>velim</strong></span> <span class='ocrx_word' id='word_1_265' title='bbox 736 3411 923 3466; x_wconf 72' lang='lat' dir='ltr'><strong>fallere</strong></span> <span class='ocrx_word' id='word_1_266' title='bbox 954 3426 968 3463; x_wconf 90' lang='lat'><strong>:</strong></span> <span class='ocrx_word' id='word_1_267' title='bbox 997 3410 1093 3466; x_wconf 89' lang='lat' dir='ltr'><strong>sed</strong></span> <span class='ocrx_word' id='word_1_268' title='bbox 1109 3412 1160 3465; x_wconf 92' lang='lat' dir='ltr'><strong>in</strong></span> <span class='ocrx_word' id='word_1_269' title='bbox 1176 3410 1227 3465; x_wconf 88' lang='lat' dir='ltr'><strong>id</strong></span> <span class='ocrx_word' id='word_1_270' title='bbox 1251 3426 1415 3465; x_wconf 92' lang='lat' dir='ltr'><strong>unum</strong></span> <span class='ocrx_word' id='word_1_271' title='bbox 1435 3411 1815 3480; x_wconf 88' lang='lat' dir='ltr'><strong>incumbimus,</strong></span> 
     </span>
    </p>
   </div>
   <div class='ocr_carea' id='block_1_35' title="bbox 210 3502 1819 3575">
    <p class='ocr_par' dir='ltr' id='par_1_35' title="bbox 210 3502 1819 3575">
     <span class='ocr_line' id='line_1_35' title="bbox 210 3502 1819 3575; baseline 0.002 -18"><span class='ocrx_word' id='word_1_272' title='bbox 210 3514 262 3557; x_wconf 86' lang='lat' dir='ltr'><strong>nt</strong></span> <span class='ocrx_word' id='word_1_273' title='bbox 287 3504 737 3575; x_wconf 78' lang='lat' dir='ltr'><strong>inexpugnabiles</strong></span> <span class='ocrx_word' id='word_1_274' title='bbox 758 3518 856 3557; x_wconf 86' lang='lat' dir='ltr'><strong>vos</strong></span> <span class='ocrx_word' id='word_1_275' title='bbox 878 3502 1190 3568; x_wconf 88' lang='lat' dir='ltr'><strong>reddamus,</strong></span> <span class='ocrx_word' id='word_1_276' title='bbox 1214 3514 1267 3558; x_wconf 89' lang='lat' dir='ltr'><strong>et</strong></span> <span class='ocrx_word' id='word_1_277' title='bbox 1291 3513 1559 3575; x_wconf 87' lang='lat' dir='ltr'><strong>tamquam</strong></span> <span class='ocrx_word' id='word_1_278' title='bbox 1583 3520 1819 3573; x_wconf 57' lang='lat' dir='ltr'><strong>praisen-</strong></span> 
     </span>
    </p>
   </div>
   <div class='ocr_carea' id='block_1_36' title="bbox 212 3597 1821 3669">
    <p class='ocr_par' dir='ltr' id='par_1_36' title="bbox 212 3597 1821 3669">
     <span class='ocr_line' id='line_1_36' title="bbox 212 3597 1821 3669; baseline 0.003 -20"><span class='ocrx_word' id='word_1_279' title='bbox 212 3597 357 3651; x_wconf 83' lang='lat' dir='ltr'><strong>tibus</strong></span> <span class='ocrx_word' id='word_1_280' title='bbox 386 3597 618 3651; x_wconf 88' lang='lat' dir='ltr'><strong>inimicis</strong></span> <span class='ocrx_word' id='word_1_281' title='bbox 644 3598 735 3667; x_wconf 91' lang='lat' dir='ltr'><strong>qui</strong></span> <span class='ocrx_word' id='word_1_282' title='bbox 768 3598 867 3651; x_wconf 87' lang='lat' dir='ltr'><strong>ista</strong></span> <span class='ocrx_word' id='word_1_283' title='bbox 896 3607 1181 3662; x_wconf 91' lang='lat' dir='ltr'><strong>noverunt,</strong></span> <span class='ocrx_word' id='word_1_284' title='bbox 1212 3597 1281 3651; x_wconf 91' lang='lat' dir='ltr'><strong>ita</strong></span> <span class='ocrx_word' id='word_1_285' title='bbox 1313 3608 1505 3653; x_wconf 84' lang='lat' dir='ltr'><strong>cuncta</strong></span> <span class='ocrx_word' id='word_1_286' title='bbox 1535 3598 1821 3669; x_wconf 83' lang='lat' dir='ltr'><strong>diligenter</strong></span> 
     </span>
    </p>
   </div>
   <div class='ocr_carea' id='block_1_37' title="bbox 211 3686 1821 3762">
    <p class='ocr_par' dir='ltr' id='par_1_37' title="bbox 211 3686 1821 3762">
     <span class='ocr_line' id='line_1_37' title="bbox 211 3686 1821 3762; baseline 0.004 -22"><span class='ocrx_word' id='word_1_287' title='bbox 211 3686 653 3757; x_wconf 81' lang='lat' dir='ltr'><strong>interpretamur.</strong></span> <span class='ocrx_word' id='word_1_288' title='bbox 682 3687 944 3756; x_wconf 84' lang='lat' dir='ltr'><strong>Quoniam</strong></span> <span class='ocrx_word' id='word_1_289' title='bbox 976 3689 1140 3758; x_wconf 85' lang='lat' dir='ltr'><strong>igitur</strong></span> <span class='ocrx_word' id='word_1_290' title='bbox 1164 3705 1228 3743; x_wconf 78' lang='lat' dir='ltr'><strong>ex</strong></span> <span class='ocrx_word' id='word_1_291' title='bbox 1256 3688 1419 3744; x_wconf 69' lang='lat' dir='ltr'><strong>[idem</strong></span> <span class='ocrx_word' id='word_1_292' title='bbox 1448 3697 1589 3746; x_wconf 85' lang='lat' dir='ltr'><strong>terra</strong></span> <span class='ocrx_word' id='word_1_293' title='bbox 1617 3691 1821 3762; x_wconf 87' lang='lat' dir='ltr'><strong>virgine</strong></span> 
     </span>
    </p>
   </div>
   <div class='ocr_carea' id='block_1_38' title="bbox 211 3776 1821 3850">
    <p class='ocr_par' dir='ltr' id='par_1_38' title="bbox 211 3776 1821 3850">
     <span class='ocr_line' id='line_1_38' title="bbox 211 3776 1821 3850; baseline 0.004 -20"><span class='ocrx_word' id='word_1_294' title='bbox 211 3776 475 3833; x_wconf 88' lang='lat' dir='ltr'><strong>formatus</strong></span> <span class='ocrx_word' id='word_1_295' title='bbox 502 3786 585 3833; x_wconf 89' lang='lat' dir='ltr'><strong>est</strong></span> <span class='ocrx_word' id='word_1_296' title='bbox 614 3778 776 3833; x_wconf 90' lang='lat' dir='ltr'><strong>homo</strong></span> <span class='ocrx_word' id='word_1_297' title='bbox 796 3819 813 3845; x_wconf 92' lang='lat'><strong>,</strong></span> <span class='ocrx_word' id='word_1_298' title='bbox 846 3780 1003 3834; x_wconf 89' lang='lat' dir='ltr'><strong>matri</strong></span> <span class='ocrx_word' id='word_1_299' title='bbox 1032 3780 1368 3850; x_wconf 84' lang='lat' dir='ltr'><strong>cognominis</strong></span> <span class='ocrx_word' id='word_1_300' title='bbox 1398 3780 1567 3835; x_wconf 84' lang='lat' dir='ltr'><strong>Adam</strong></span> <span class='ocrx_word' id='word_1_301' title='bbox 1599 3791 1821 3837; x_wconf 90' lang='lat' dir='ltr'><strong>vocatus</strong></span> 
     </span>
    </p>
   </div>
   <div class='ocr_carea' id='block_1_39' title="bbox 210 3870 1821 3942">
    <p class='ocr_par' dir='ltr' id='par_1_39' title="bbox 210 3870 1821 3942">
     <span class='ocr_line' id='line_1_39' title="bbox 210 3870 1821 3942; baseline 0.002 -18"><span class='ocrx_word' id='word_1_302' title='bbox 210 3880 313 3924; x_wconf 88' lang='lat' dir='ltr'><strong>est.</strong></span> <span class='ocrx_word' id='word_1_303' title='bbox 335 3870 412 3925; x_wconf 85' lang='lat' dir='ltr'><strong>Ita</strong></span> <span class='ocrx_word' id='word_1_304' title='bbox 438 3870 637 3925; x_wconf 89' lang='lat' dir='ltr'><strong>faciunt</strong></span> <span class='ocrx_word' id='word_1_305' title='bbox 662 3870 910 3927; x_wconf 85' lang='lat' dir='ltr'><strong>homines</strong></span> <span class='ocrx_word' id='word_1_306' title='bbox 935 3886 1171 3942; x_wconf 86' lang='lat' dir='ltr'><strong>quoque,</strong></span> <span class='ocrx_word' id='word_1_307' title='bbox 1196 3872 1395 3927; x_wconf 86' lang='lat' dir='ltr'><strong>liberos</strong></span> <span class='ocrx_word' id='word_1_308' title='bbox 1415 3873 1504 3942; x_wconf 89' lang='lat' dir='ltr'><strong>qui</strong></span> <span class='ocrx_word' id='word_1_309' title='bbox 1529 3882 1821 3927; x_wconf 87' lang='lat' dir='ltr'><strong>nascuntur</strong></span> 
     </span>
    </p>
   </div>
   <div class='ocr_carea' id='block_1_40' title="bbox 211 3962 1819 4033">
    <p class='ocr_par' dir='ltr' id='par_1_40' title="bbox 211 3962 1819 4033">
     <span class='ocr_line' id='line_1_40' title="bbox 211 3962 1819 4033; baseline 0.002 -16"><span class='ocrx_word' id='word_1_310' title='bbox 211 3976 358 4031; x_wconf 61' lang='lat' dir='ltr'><strong>sepe</strong></span> <span class='ocrx_word' id='word_1_311' title='bbox 398 3962 707 4017; x_wconf 88' lang='lat' dir='ltr'><strong>nominibus</strong></span> <span class='ocrx_word' id='word_1_312' title='bbox 746 3971 980 4018; x_wconf 88' lang='lat' dir='ltr'><strong>matrum</strong></span> <span class='ocrx_word' id='word_1_313' title='bbox 1022 3963 1333 4033; x_wconf 89' lang='lat' dir='ltr'><strong>appellant:</strong></span> <span class='ocrx_word' id='word_1_314' title='bbox 1367 3962 1441 4017; x_wconf 90' lang='lat' dir='ltr'><strong>ita</strong></span> <span class='ocrx_word' id='word_1_315' title='bbox 1488 3963 1628 4019; x_wconf 90' lang='lat' dir='ltr'><strong>Deus</strong></span> <span class='ocrx_word' id='word_1_316' title='bbox 1656 3965 1819 4020; x_wconf 87' lang='lat' dir='ltr'><strong>etiam</strong></span> 
     </span>
    </p>
   </div>
   <div class='ocr_carea' id='block_1_41' title="bbox 211 4052 1820 4119">
    <p class='ocr_par' dir='ltr' id='par_1_41' title="bbox 211 4052 1820 4119">
     <span class='ocr_line' id='line_1_41' title="bbox 211 4052 1820 4119; baseline 0.002 -13"><span class='ocrx_word' id='word_1_317' title='bbox 211 4052 505 4106; x_wconf 89' lang='lat' dir='ltr'><strong>formatum</strong></span> <span class='ocrx_word' id='word_1_318' title='bbox 527 4068 591 4106; x_wconf 81' lang='lat' dir='ltr'><strong>es</strong></span> <span class='ocrx_word' id='word_1_319' title='bbox 623 4062 760 4107; x_wconf 90' lang='lat' dir='ltr'><strong>terra</strong></span> <span class='ocrx_word' id='word_1_320' title='bbox 790 4053 1083 4119; x_wconf 89' lang='lat' dir='ltr'><strong>hominem,</strong></span> <span class='ocrx_word' id='word_1_321' title='bbox 1106 4053 1173 4109; x_wconf 89' lang='lat' dir='ltr'><strong>de</strong></span> <span class='ocrx_word' id='word_1_322' title='bbox 1194 4053 1413 4110; x_wconf 88' lang='lat' dir='ltr'><strong>nomine</strong></span> <span class='ocrx_word' id='word_1_323' title='bbox 1437 4054 1624 4109; x_wconf 86' lang='lat' dir='ltr'><strong>matris</strong></span> <span class='ocrx_word' id='word_1_324' title='bbox 1650 4054 1820 4109; x_wconf 85' lang='lat' dir='ltr'><strong>Adam</strong></span> 
     </span>
    </p>
   </div>
   <div class='ocr_carea' id='block_1_42' title="bbox 210 4142 1067 4207">
    <p class='ocr_par' dir='ltr' id='par_1_42' title="bbox 210 4142 1067 4207">
     <span class='ocr_line' id='line_1_42' title="bbox 210 4142 1067 4207; baseline 0.001 -11"><span class='ocrx_word' id='word_1_325' title='bbox 210 4144 368 4198; x_wconf 79' lang='lat' dir='ltr'><strong>dixit.</strong></span> <span class='ocrx_word' id='word_1_326' title='bbox 405 4142 497 4196; x_wconf 89' lang='lat' dir='ltr'><strong>Illa</strong></span> <span class='ocrx_word' id='word_1_327' title='bbox 521 4142 690 4197; x_wconf 83' lang='lat' dir='ltr'><strong>Edcm</strong></span> <span class='ocrx_word' id='word_1_328' title='bbox 711 4183 727 4207; x_wconf 88' lang='lat'><strong>,</strong></span> <span class='ocrx_word' id='word_1_329' title='bbox 759 4142 846 4198; x_wconf 89' lang='lat' dir='ltr'><strong>hie</strong></span> <span class='ocrx_word' id='word_1_330' title='bbox 874 4143 1067 4199; x_wconf 82' lang='lat' dir='ltr'><strong>Adam.</strong></span> 
     </span>
    </p>
   </div>
   <div class='ocr_carea' id='block_1_43' title="bbox 281 4234 1820 4305">
    <p class='ocr_par' dir='ltr' id='par_1_43' title="bbox 281 4234 1820 4305">
     <span class='ocr_line' id='line_1_43' title="bbox 281 4234 1820 4305; baseline 0.002 -15"><span class='ocrx_word' id='word_1_331' title='bbox 281 4236 339 4290; x_wconf 73' lang='lat'><strong>4.</strong></span> <span class='ocrx_word' id='word_1_332' title='bbox 373 4234 482 4289; x_wconf 87' lang='lat' dir='ltr'><strong>Sed</strong></span> <span class='ocrx_word' id='word_1_333' title='bbox 512 4250 633 4305; x_wconf 73' lang='lat' dir='ltr'><strong>qua:</strong></span> <span class='ocrx_word' id='word_1_334' title='bbox 659 4235 874 4291; x_wconf 88' lang='lat' dir='ltr'><strong>tandem</strong></span> <span class='ocrx_word' id='word_1_335' title='bbox 916 4236 1042 4292; x_wconf 90' lang='lat' dir='ltr'><strong>inde</strong></span> <span class='ocrx_word' id='word_1_336' title='bbox 1081 4236 1322 4293; x_wconf 87' lang='lat' dir='ltr'><strong>dimanat</strong></span> <span class='ocrx_word' id='word_1_337' title='bbox 1364 4238 1603 4293; x_wconf 89' lang='lat' dir='ltr'><strong>utilitas?</strong></span> <span class='ocrx_word' id='word_1_338' title='bbox 1635 4238 1820 4293; x_wconf 84' lang='lat' dir='ltr'><strong>Homi-</strong></span> 
     </span>
    </p>
   </div>
   <div class='ocr_carea' id='block_1_44' title="bbox 212 4327 1821 4409">
    <p class='ocr_par' dir='ltr' id='par_1_44' title="bbox 212 4327 1821 4409">
     <span class='ocr_line' id='line_1_44' title="bbox 212 4327 1821 4409; baseline 0.004 -27"><span class='ocrx_word' id='word_1_339' title='bbox 212 4342 311 4382; x_wconf 88' lang='lat' dir='ltr'><strong>nes</strong></span> <span class='ocrx_word' id='word_1_340' title='bbox 336 4327 485 4382; x_wconf 86' lang='lat' dir='ltr'><strong>enim</strong></span> <span class='ocrx_word' id='word_1_341' title='bbox 513 4328 728 4409; x_wconf 83' lang='lat' dir='ltr'><strong>nomine</strong></span> <span class='ocrx_word' id='word_1_342' title='bbox 756 4338 986 4384; x_wconf 89' lang='lat' dir='ltr'><strong>matrum</strong></span> <span class='ocrx_word' id='word_1_343' title='bbox 1010 4338 1209 4385; x_wconf 85' lang='lat' dir='ltr'><strong>vocant</strong></span> <span class='ocrx_word' id='word_1_344' title='bbox 1230 4370 1245 4392; x_wconf 87' lang='lat'><strong>.</strong></span> <span class='ocrx_word' id='word_1_345' title='bbox 1275 4330 1347 4386; x_wconf 92' lang='lat' dir='ltr'><strong>ob</strong></span> <span class='ocrx_word' id='word_1_346' title='bbox 1373 4329 1631 4386; x_wconf 92' lang='lat' dir='ltr'><strong>honorem</strong></span> <span class='ocrx_word' id='word_1_347' title='bbox 1661 4348 1821 4402; x_wconf 88' lang='lat' dir='ltr'><strong>quem</strong></span> 
     </span>
    </p>
   </div>
   <div class='ocr_carea' id='block_1_45' title="bbox 210 4417 1822 4490">
    <p class='ocr_par' dir='ltr' id='par_1_45' title="bbox 210 4417 1822 4490">
     <span class='ocr_line' id='line_1_45' title="bbox 210 4417 1822 4490; baseline 0.003 -17"><span class='ocrx_word' id='word_1_348' title='bbox 210 4417 469 4474; x_wconf 85' lang='lat' dir='ltr'><strong>deferunt</strong></span> <span class='ocrx_word' id='word_1_349' title='bbox 514 4419 811 4484; x_wconf 87' lang='lat' dir='ltr'><strong>matribus,</strong></span> <span class='ocrx_word' id='word_1_350' title='bbox 857 4435 976 4489; x_wconf 74' lang='lat' dir='ltr'><strong>qua:</strong></span> <span class='ocrx_word' id='word_1_351' title='bbox 1024 4430 1349 4490; x_wconf 87' lang='lat' dir='ltr'><strong>pepererunt</strong></span> <span class='ocrx_word' id='word_1_352' title='bbox 1396 4438 1409 4474; x_wconf 90' lang='lat'><strong>:</strong></span> <span class='ocrx_word' id='word_1_353' title='bbox 1457 4422 1599 4477; x_wconf 87' lang='lat' dir='ltr'><strong>Deus</strong></span> <span class='ocrx_word' id='word_1_354' title='bbox 1642 4433 1822 4478; x_wconf 85' lang='lat' dir='ltr'><strong>autem</strong></span> 
     </span>
    </p>
   </div>
   <div class='ocr_carea' id='block_1_46' title="bbox 210 4510 1824 4585">
    <p class='ocr_par' dir='ltr' id='par_1_46' title="bbox 210 4510 1824 4585">
     <span class='ocr_line' id='line_1_46' title="bbox 210 4510 1824 4585; baseline 0.005 -22"><span class='ocrx_word' id='word_1_355' title='bbox 210 4525 377 4580; x_wconf 89' lang='lat' dir='ltr'><strong>quam</strong></span> <span class='ocrx_word' id='word_1_356' title='bbox 402 4510 473 4564; x_wconf 91' lang='lat' dir='ltr'><strong>ob</strong></span> <span class='ocrx_word' id='word_1_357' title='bbox 498 4525 714 4565; x_wconf 87' lang='lat' dir='ltr'><strong>causam</strong></span> <span class='ocrx_word' id='word_1_358' title='bbox 747 4513 963 4567; x_wconf 90' lang='lat' dir='ltr'><strong>nomine</strong></span> <span class='ocrx_word' id='word_1_359' title='bbox 988 4514 1177 4567; x_wconf 88' lang='lat' dir='ltr'><strong>matris</strong></span> <span class='ocrx_word' id='word_1_360' title='bbox 1200 4515 1530 4583; x_wconf 82' lang='lat' dir='ltr'><strong>appellavit?</strong></span> <span class='ocrx_word' id='word_1_361' title='bbox 1558 4514 1686 4585; x_wconf 89' lang='lat' dir='ltr'><strong>quid</strong></span> <span class='ocrx_word' id='word_1_362' title='bbox 1710 4531 1824 4571; x_wconf 82' lang='lat' dir='ltr'><strong>ma-</strong></span> 
     </span>
    </p>
   </div>
   <div class='ocr_carea' id='block_1_47' title="bbox 210 4603 1824 4675">
    <p class='ocr_par' dir='ltr' id='par_1_47' title="bbox 210 4603 1824 4675">
     <span class='ocr_line' id='line_1_47' title="bbox 210 4603 1824 4675; baseline 0.006 -20"><span class='ocrx_word' id='word_1_363' title='bbox 210 4604 302 4671; x_wconf 82' lang='lat' dir='ltr'><strong>gni</strong></span> <span class='ocrx_word' id='word_1_364' title='bbox 326 4644 340 4667; x_wconf 89' lang='lat'><strong>,</strong></span> <span class='ocrx_word' id='word_1_365' title='bbox 376 4603 460 4657; x_wconf 90' lang='lat' dir='ltr'><strong>vel</strong></span> <span class='ocrx_word' id='word_1_366' title='bbox 489 4603 665 4673; x_wconf 75' lang='lat' dir='ltr'><strong>exigui</strong></span> <span class='ocrx_word' id='word_1_367' title='bbox 699 4603 801 4659; x_wconf 89' lang='lat' dir='ltr'><strong>hoc</strong></span> <span class='ocrx_word' id='word_1_368' title='bbox 829 4605 1037 4675; x_wconf 81' lang='lat' dir='ltr'><strong>agendo</strong></span> <span class='ocrx_word' id='word_1_369' title='bbox 1067 4605 1366 4674; x_wconf 81' lang='lat' dir='ltr'><strong>disposuit?</strong></span> <span class='ocrx_word' id='word_1_370' title='bbox 1395 4606 1536 4661; x_wconf 78' lang='lat' dir='ltr'><strong>Nihil</strong></span> <span class='ocrx_word' id='word_1_371' title='bbox 1567 4608 1711 4663; x_wconf 88' lang='lat' dir='ltr'><strong>enim</strong></span> <span class='ocrx_word' id='word_1_372' title='bbox 1745 4618 1824 4664; x_wconf 82' lang='lat' dir='ltr'><strong>te-</strong></span> 
     </span>
    </p>
   </div>
   <div class='ocr_carea' id='block_1_48' title="bbox 213 4696 1824 4761">
    <p class='ocr_par' dir='ltr' id='par_1_48' title="bbox 213 4696 1824 4761">
     <span class='ocr_line' id='line_1_48' title="bbox 213 4696 1824 4761; baseline 0.004 -13"><span class='ocrx_word' id='word_1_373' title='bbox 213 4710 369 4750; x_wconf 90' lang='lat' dir='ltr'><strong>mere</strong></span> <span class='ocrx_word' id='word_1_374' title='bbox 399 4704 493 4749; x_wconf 88' lang='lat' dir='ltr'><strong>aut</strong></span> <span class='ocrx_word' id='word_1_375' title='bbox 522 4696 639 4750; x_wconf 88' lang='lat' dir='ltr'><strong>sine</strong></span> <span class='ocrx_word' id='word_1_376' title='bbox 669 4706 829 4752; x_wconf 73' lang='lat' dir='ltr'><strong>causa</strong></span> <span class='ocrx_word' id='word_1_377' title='bbox 871 4697 1018 4761; x_wconf 92' lang='lat' dir='ltr'><strong>facit,</strong></span> <span class='ocrx_word' id='word_1_378' title='bbox 1051 4696 1144 4751; x_wconf 89' lang='lat' dir='ltr'><strong>sed</strong></span> <span class='ocrx_word' id='word_1_379' title='bbox 1175 4697 1339 4752; x_wconf 90' lang='lat' dir='ltr'><strong>multa</strong></span> <span class='ocrx_word' id='word_1_380' title='bbox 1369 4714 1492 4753; x_wconf 92' lang='lat' dir='ltr'><strong>cum</strong></span> <span class='ocrx_word' id='word_1_381' title='bbox 1526 4700 1731 4755; x_wconf 90' lang='lat' dir='ltr'><strong>ratione</strong></span> <span class='ocrx_word' id='word_1_382' title='bbox 1761 4715 1824 4755; x_wconf 88' lang='lat' dir='ltr'><strong>ac</strong></span> 
     </span>
    </p>
   </div>
   <div class='ocr_carea' id='block_1_49' title="bbox 212 4787 1823 4860">
    <p class='ocr_par' dir='ltr' id='par_1_49' title="bbox 212 4787 1823 4860">
     <span class='ocr_line' id='line_1_49' title="bbox 212 4787 1823 4860; baseline 0.005 -21"><span class='ocrx_word' id='word_1_383' title='bbox 212 4787 530 4856; x_wconf 85' lang='lat' dir='ltr'><strong>sapientia:</strong></span> <span class='ocrx_word' id='word_1_384' title='bbox 565 4789 761 4859; x_wconf 90' lang='lat' dir='ltr'><strong>quippe</strong></span> <span class='ocrx_word' id='word_1_385' title='bbox 806 4788 968 4860; x_wconf 87' lang='lat' dir='ltr'><strong>Cujus</strong></span> <span class='ocrx_word' id='word_1_386' title='bbox 1012 4790 1276 4859; x_wconf 71' lang='lat' dir='ltr'><strong>sapientia</strong></span> <span class='ocrx_word' id='word_1_387' title='bbox 1321 4808 1424 4846; x_wconf 89' lang='lat' dir='ltr'><strong>non</strong></span> <span class='ocrx_word' id='word_1_388' title='bbox 1472 4802 1542 4847; x_wconf 89' lang='lat' dir='ltr'><strong>est</strong></span> <span class='ocrx_word' id='word_1_389' title='bbox 1586 4809 1823 4847; x_wconf 85' lang='lat' dir='ltr'><strong>numerus</strong></span> 
     </span>
    </p>
   </div>
   <div class='ocr_carea' id='block_1_50' title="bbox 204 4879 678 4951">
    <p class='ocr_par' dir='ltr' id='par_1_50' title="bbox 204 4879 678 4951">
     <span class='ocr_line' id='line_1_50' title="bbox 204 4879 678 4951; baseline 0 -17"><span class='ocrx_word' id='word_1_390' title='bbox 204 4879 678 4951; x_wconf 68' lang='lat' dir='ltr'><strong>(Psal.146.5).</strong></span> 
     </span>
    </p>
   </div>
   <div class='ocr_carea' id='block_1_51' title="bbox 286 4972 1821 5043">
    <p class='ocr_par' dir='ltr' id='par_1_51' title="bbox 286 4972 1821 5043">
     <span class='ocr_line' id='line_1_51' title="bbox 286 4972 1821 5043; baseline 0.008 -18"><span class='ocrx_word' id='word_1_391' title='bbox 286 4974 460 5026; x_wconf 77' lang='lat' dir='ltr'><strong>Adam</strong></span> <span class='ocrx_word' id='word_1_392' title='bbox 481 4972 605 5043; x_wconf 81' lang='lat' dir='ltr'><strong>quid</strong></span> <span class='ocrx_word' id='word_1_393' title='bbox 619 4985 759 5029; x_wconf 87' lang='lat' dir='ltr'><strong>sonet</strong></span> <span class='ocrx_word' id='word_1_394' title='bbox 779 4990 797 5039; x_wconf 90' lang='grc'><em>;</em></span> <span class='ocrx_word' id='word_1_395' title='bbox 814 4977 907 5031; x_wconf 73' lang='lat' dir='ltr'><strong>cur</strong></span> <span class='ocrx_word' id='word_1_396' title='bbox 930 4994 961 5030; x_wconf 92' lang='lat' dir='ltr'><strong>a</strong></span> <span class='ocrx_word' id='word_1_397' title='bbox 993 4986 1125 5033; x_wconf 80' lang='lat' dir='ltr'><strong>terra</strong></span> <span class='ocrx_word' id='word_1_398' title='bbox 1144 4994 1325 5033; x_wconf 82' lang='lat' dir='ltr'><strong>nomen</strong></span> <span class='ocrx_word' id='word_1_399' title='bbox 1341 4978 1544 5033; x_wconf 79' lang='lat' dir='ltr'><strong>Adami.</strong></span> <span class='ocrx_word' id='word_1_400' title='bbox 1563 5010 1633 5021; x_wconf 89' lang='lat'><strong>-—</strong></span> <span class='ocrx_word' id='word_1_401' title='bbox 1653 4980 1821 5037; x_wconf 84' lang='lat' dir='ltr'><strong>Edent</strong></span> 
     </span>
    </p>
   </div>
   <div class='ocr_carea' id='block_1_52' title="bbox 215 5064 1819 5141">
    <p class='ocr_par' dir='ltr' id='par_1_52' title="bbox 215 5064 1819 5141">
     <span class='ocr_line' id='line_1_52' title="bbox 215 5064 1819 5141; baseline 0.006 -23"><span class='ocrx_word' id='word_1_402' title='bbox 215 5074 358 5119; x_wconf 72' lang='lat' dir='ltr'><strong>terra</strong></span> <span class='ocrx_word' id='word_1_403' title='bbox 382 5108 399 5130; x_wconf 87' lang='lat'><strong>,</strong></span> <span class='ocrx_word' id='word_1_404' title='bbox 433 5064 668 5119; x_wconf 73' lang='lat' dir='ltr'><strong>Adamus</strong></span> <span class='ocrx_word' id='word_1_405' title='bbox 697 5076 942 5122; x_wconf 89' lang='lat' dir='ltr'><strong>terrenus</strong></span> <span class='ocrx_word' id='word_1_406' title='bbox 963 5110 978 5132; x_wconf 93' lang='lat'><strong>,</strong></span> <span class='ocrx_word' id='word_1_407' title='bbox 1012 5069 1296 5137; x_wconf 86' lang='lat' dir='ltr'><strong>pulvercns</strong></span> <span class='ocrx_word' id='word_1_408' title='bbox 1318 5112 1331 5132; x_wconf 90' lang='lat'><strong>,</strong></span> <span class='ocrx_word' id='word_1_409' title='bbox 1362 5085 1393 5124; x_wconf 90' lang='lat' dir='ltr'><strong>c</strong></span> <span class='ocrx_word' id='word_1_410' title='bbox 1421 5079 1562 5125; x_wconf 89' lang='lat' dir='ltr'><strong>terra</strong></span> <span class='ocrx_word' id='word_1_411' title='bbox 1588 5072 1819 5141; x_wconf 88' lang='lat' dir='ltr'><strong>genitus.</strong></span> 
     </span>
    </p>
   </div>
   <div class='ocr_carea' id='block_1_53' title="bbox 217 5157 1825 5231">
    <p class='ocr_par' dir='ltr' id='par_1_53' title="bbox 217 5157 1825 5231">
     <span class='ocr_line' id='line_1_53' title="bbox 217 5157 1825 5231; baseline 0.007 -22"><span class='ocrx_word' id='word_1_412' title='bbox 217 5157 327 5211; x_wconf 76' lang='lat' dir='ltr'><strong>Cur</strong></span> <span class='ocrx_word' id='word_1_413' title='bbox 349 5158 515 5227; x_wconf 88' lang='lat' dir='ltr'><strong>igitur</strong></span> <span class='ocrx_word' id='word_1_414' title='bbox 540 5158 618 5213; x_wconf 91' lang='lat' dir='ltr'><strong>sic</strong></span> <span class='ocrx_word' id='word_1_415' title='bbox 647 5159 791 5213; x_wconf 90' lang='lat' dir='ltr'><strong>illum</strong></span> <span class='ocrx_word' id='word_1_416' title='bbox 822 5162 1144 5231; x_wconf 83' lang='lat' dir='ltr'><strong>appellavit?</strong></span> <span class='ocrx_word' id='word_1_417' title='bbox 1173 5162 1334 5217; x_wconf 88' lang='lat' dir='ltr'><strong>Suam</strong></span> <span class='ocrx_word' id='word_1_418' title='bbox 1365 5164 1615 5218; x_wconf 89' lang='lat' dir='ltr'><strong>nimirum</strong></span> <span class='ocrx_word' id='word_1_419' title='bbox 1646 5164 1721 5218; x_wconf 90' lang='lat' dir='ltr'><strong>illi</strong></span> <span class='ocrx_word' id='word_1_420' title='bbox 1748 5164 1825 5220; x_wconf 85' lang='lat' dir='ltr'><strong>vi-</strong></span> 
     </span>
    </p>
   </div>
   <div class='ocr_carea' id='block_1_54' title="bbox 218 5246 1823 5311">
    <p class='ocr_par' dir='ltr' id='par_1_54' title="bbox 218 5246 1823 5311">
     <span class='ocr_line' id='line_1_54' title="bbox 218 5246 1823 5311; baseline 0.008 -12"><span class='ocrx_word' id='word_1_421' title='bbox 218 5246 426 5302; x_wconf 80' lang='lat' dir='ltr'><strong>litatem</strong></span> <span class='ocrx_word' id='word_1_422' title='bbox 459 5250 756 5304; x_wconf 89' lang='lat' dir='ltr'><strong>naturalem</strong></span> <span class='ocrx_word' id='word_1_423' title='bbox 790 5250 891 5305; x_wconf 91' lang='lat' dir='ltr'><strong>hoc</strong></span> <span class='ocrx_word' id='word_1_424' title='bbox 921 5254 1139 5307; x_wconf 90' lang='lat' dir='ltr'><strong>nomine</strong></span> <span class='ocrx_word' id='word_1_425' title='bbox 1168 5254 1222 5307; x_wconf 93' lang='lat' dir='ltr'><strong>in</strong></span> <span class='ocrx_word' id='word_1_426' title='bbox 1253 5254 1565 5309; x_wconf 87' lang='lat' dir='ltr'><strong>memoriam</strong></span> <span class='ocrx_word' id='word_1_427' title='bbox 1597 5270 1823 5311; x_wconf 88' lang='lat' dir='ltr'><strong>revoca-</strong></span> 
     </span>
    </p>
   </div>
   <div class='ocr_carea' id='block_1_55' title="bbox 220 5341 1821 5413">
    <p class='ocr_par' dir='ltr' id='par_1_55' title="bbox 220 5341 1821 5413">
     <span class='ocr_line' id='line_1_55' title="bbox 220 5341 1821 5413; baseline 0.007 -23"><span class='ocrx_word' id='word_1_428' title='bbox 220 5342 312 5405; x_wconf 88' lang='lat' dir='ltr'><strong>vit,</strong></span> <span class='ocrx_word' id='word_1_429' title='bbox 332 5348 389 5395; x_wconf 92' lang='lat' dir='ltr'><strong>et</strong></span> <span class='ocrx_word' id='word_1_430' title='bbox 414 5350 685 5409; x_wconf 89' lang='lat' dir='ltr'><strong>tamquam</strong></span> <span class='ocrx_word' id='word_1_431' title='bbox 713 5341 765 5395; x_wconf 92' lang='lat' dir='ltr'><strong>iu</strong></span> <span class='ocrx_word' id='word_1_432' title='bbox 794 5358 937 5397; x_wconf 62' lang='lat' dir='ltr'><strong>aereo</strong></span> <span class='ocrx_word' id='word_1_433' title='bbox 960 5345 1117 5413; x_wconf 89' lang='lat' dir='ltr'><strong>cippo</strong></span> <span class='ocrx_word' id='word_1_434' title='bbox 1141 5344 1453 5400; x_wconf 76' lang='lat' dir='ltr'><strong>substantia:</strong></span> <span class='ocrx_word' id='word_1_435' title='bbox 1469 5345 1821 5403; x_wconf 80' lang='lat' dir='ltr'><strong>humilitatem</strong></span> 
     </span>
    </p>
   </div>
   <div class='ocr_carea' id='block_1_56' title="bbox 217 5433 1825 5506">
    <p class='ocr_par' dir='ltr' id='par_1_56' title="bbox 217 5433 1825 5506">
     <span class='ocr_line' id='line_1_56' title="bbox 217 5433 1825 5506; baseline 0.007 -23"><span class='ocrx_word' id='word_1_436' title='bbox 217 5433 488 5495; x_wconf 77' lang='lat' dir='ltr'><strong>exaravit,</strong></span> <span class='ocrx_word' id='word_1_437' title='bbox 519 5443 574 5485; x_wconf 91' lang='lat' dir='ltr'><strong>ut</strong></span> <span class='ocrx_word' id='word_1_438' title='bbox 603 5448 669 5488; x_wconf 77' lang='lat' dir='ltr'><strong>ex</strong></span> <span class='ocrx_word' id='word_1_439' title='bbox 700 5434 931 5489; x_wconf 83' lang='lat' dir='ltr'><strong>neminis</strong></span> <span class='ocrx_word' id='word_1_440' title='bbox 956 5436 1036 5490; x_wconf 88' lang='lat' dir='ltr'><strong>sui</strong></span> <span class='ocrx_word' id='word_1_441' title='bbox 1070 5436 1374 5506; x_wconf 86' lang='lat' dir='ltr'><strong>magisterio</strong></span> <span class='ocrx_word' id='word_1_442' title='bbox 1402 5436 1716 5493; x_wconf 80' lang='lat' dir='ltr'><strong>medestiam</strong></span> <span class='ocrx_word' id='word_1_443' title='bbox 1744 5439 1825 5494; x_wconf 55' lang='lat' dir='ltr'><strong>dic</strong></span> 
     </span>
    </p>
   </div>
   <div class='ocr_carea' id='block_1_57' title="bbox 218 5527 1823 5601">
    <p class='ocr_par' dir='ltr' id='par_1_57' title="bbox 218 5527 1823 5601">
     <span class='ocr_line' id='line_1_57' title="bbox 218 5527 1823 5601; baseline 0.004 -21"><span class='ocrx_word' id='word_1_444' title='bbox 218 5536 349 5589; x_wconf 81' lang='lat' dir='ltr'><strong>seat,</strong></span> <span class='ocrx_word' id='word_1_445' title='bbox 384 5542 561 5595; x_wconf 76' lang='lat' dir='ltr'><strong>neque</strong></span> <span class='ocrx_word' id='word_1_446' title='bbox 589 5527 845 5597; x_wconf 79' lang='lat' dir='ltr'><strong>majorem</strong></span> <span class='ocrx_word' id='word_1_447' title='bbox 872 5568 886 5593; x_wconf 92' lang='lat'><strong>,</strong></span> <span class='ocrx_word' id='word_1_448' title='bbox 915 5545 1073 5599; x_wconf 85' lang='lat' dir='ltr'><strong>quam</strong></span> <span class='ocrx_word' id='word_1_449' title='bbox 1100 5544 1197 5600; x_wconf 89' lang='lat' dir='ltr'><strong>par</strong></span> <span class='ocrx_word' id='word_1_450' title='bbox 1223 5530 1288 5585; x_wconf 89' lang='lat' dir='ltr'><strong>sit</strong></span> <span class='ocrx_word' id='word_1_451' title='bbox 1311 5570 1325 5595; x_wconf 90' lang='lat'><strong>,</strong></span> <span class='ocrx_word' id='word_1_452' title='bbox 1350 5529 1417 5586; x_wconf 88' lang='lat' dir='ltr'><strong>de</strong></span> <span class='ocrx_word' id='word_1_453' title='bbox 1442 5545 1534 5585; x_wconf 88' lang='lat' dir='ltr'><strong>sua</strong></span> <span class='ocrx_word' id='word_1_454' title='bbox 1566 5529 1823 5601; x_wconf 81' lang='lat' dir='ltr'><strong>dignitate</strong></span> 
     </span>
    </p>
   </div>
   <div class='ocr_carea' id='block_1_58' title="bbox 219 5608 1823 5689">
    <p class='ocr_par' dir='ltr' id='par_1_58' title="bbox 219 5608 1823 5689">
     <span class='ocr_line' id='line_1_58' title="bbox 219 5608 1823 5689; baseline 0.009 -24"><span class='ocrx_word' id='word_1_455' title='bbox 219 5608 529 5685; x_wconf 77' lang='lat' dir='ltr'><strong>opinionem</strong></span> <span class='ocrx_word' id='word_1_456' title='bbox 544 5618 828 5687; x_wconf 89' lang='lat' dir='ltr'><strong>concipiat.</strong></span> <span class='ocrx_word' id='word_1_457' title='bbox 862 5618 990 5674; x_wconf 82' lang='lat' dir='ltr'><strong>Nam</strong></span> <span class='ocrx_word' id='word_1_458' title='bbox 1019 5635 1117 5689; x_wconf 77' lang='lat' dir='ltr'><strong>nos</strong></span> <span class='ocrx_word' id='word_1_459' title='bbox 1139 5621 1353 5687; x_wconf 86' lang='lat' dir='ltr'><strong>quidem</strong></span> <span class='ocrx_word' id='word_1_460' title='bbox 1374 5632 1570 5681; x_wconf 83' lang='lat' dir='ltr'><strong>terram</strong></span> <span class='ocrx_word' id='word_1_461' title='bbox 1590 5638 1685 5676; x_wconf 89' lang='lat' dir='ltr'><strong>nos</strong></span> <span class='ocrx_word' id='word_1_462' title='bbox 1704 5639 1823 5679; x_wconf 90' lang='lat' dir='ltr'><strong>esse</strong></span> 
     </span>
    </p>
   </div>
   <div class='ocr_carea' id='block_1_59' title="bbox 220 5707 1822 5782">
    <p class='ocr_par' dir='ltr' id='par_1_59' title="bbox 220 5707 1822 5782">
     <span class='ocr_line' id='line_1_59' title="bbox 220 5707 1822 5782; baseline 0.006 -23"><span class='ocrx_word' id='word_1_463' title='bbox 220 5708 389 5778; x_wconf 82' lang='lat' dir='ltr'><strong>probe</strong></span> <span class='ocrx_word' id='word_1_464' title='bbox 419 5710 704 5771; x_wconf 80' lang='lat' dir='ltr'><strong>novimus,</strong></span> <span class='ocrx_word' id='word_1_465' title='bbox 739 5707 898 5779; x_wconf 88' lang='lat' dir='ltr'><strong>idque</strong></span> <span class='ocrx_word' id='word_1_466' title='bbox 938 5712 1091 5765; x_wconf 86' lang='lat' dir='ltr'><strong>nobis</strong></span> <span class='ocrx_word' id='word_1_467' title='bbox 1132 5713 1242 5777; x_wconf 85' lang='lat' dir='ltr'><strong>ipsa</strong></span> <span class='ocrx_word' id='word_1_468' title='bbox 1284 5728 1463 5767; x_wconf 88' lang='lat' dir='ltr'><strong>rerum</strong></span> <span class='ocrx_word' id='word_1_469' title='bbox 1494 5712 1822 5782; x_wconf 79' lang='lat' dir='ltr'><strong>experientia</strong></span> 
     </span>
    </p>
   </div>
   <div class='ocr_carea' id='block_1_60' title="bbox 218 5802 1816 5878">
    <p class='ocr_par' dir='ltr' id='par_1_60' title="bbox 218 5802 1816 5878">
     <span class='ocr_line' id='line_1_60' title="bbox 218 5802 1816 5878; baseline 0.003 -21"><span class='ocrx_word' id='word_1_470' title='bbox 218 5815 430 5873; x_wconf 71' lang='lat' dir='ltr'><strong>compa</strong></span> <span class='ocrx_word' id='word_1_471' title='bbox 444 5808 554 5859; x_wconf 83' lang='lat' dir='ltr'><strong>tum</strong></span> <span class='ocrx_word' id='word_1_472' title='bbox 586 5812 670 5859; x_wconf 87' lang='lat' dir='ltr'><strong>cst</strong></span> <span class='ocrx_word' id='word_1_473' title='bbox 703 5821 713 5855; x_wconf 91' lang='lat'><strong>:</strong></span> <span class='ocrx_word' id='word_1_474' title='bbox 746 5810 798 5857; x_wconf 83' lang='lat' dir='ltr'><strong>at</strong></span> <span class='ocrx_word' id='word_1_475' title='bbox 829 5802 913 5860; x_wconf 87' lang='lat' dir='ltr'><strong>ille</strong></span> <span class='ocrx_word' id='word_1_476' title='bbox 942 5805 1207 5861; x_wconf 84' lang='lat' dir='ltr'><strong>nemiuem</strong></span> <span class='ocrx_word' id='word_1_477' title='bbox 1240 5815 1362 5862; x_wconf 85' lang='lat' dir='ltr'><strong>autc</strong></span> <span class='ocrx_word' id='word_1_478' title='bbox 1392 5820 1449 5862; x_wconf 93' lang='lat' dir='ltr'><strong>sc</strong></span> <span class='ocrx_word' id='word_1_479' title='bbox 1475 5806 1697 5875; x_wconf 77' lang='lat' dir='ltr'><strong>viderat,</strong></span> <span class='ocrx_word' id='word_1_480' title='bbox 1729 5807 1816 5878; x_wconf 90' lang='lat' dir='ltr'><strong>qui</strong></span> 
     </span>
    </p>
   </div>
   <div class='ocr_carea' id='block_1_61' title="bbox 1928 487 3530 561">
    <p class='ocr_par' dir='ltr' id='par_1_61' title="bbox 1928 487 3530 561">
     <span class='ocr_line' id='line_1_61' title="bbox 1928 487 3530 561; baseline 0.004 -18"><span class='ocrx_word' id='word_1_481' title='bbox 1928 495 2159 544; x_wconf 87' lang='lat' dir='ltr'><strong>mortem</strong></span> <span class='ocrx_word' id='word_1_482' title='bbox 2203 487 2462 556; x_wconf 78' lang='lat' dir='ltr'><strong>abiisset,</strong></span> <span class='ocrx_word' id='word_1_483' title='bbox 2493 503 2667 560; x_wconf 88' lang='lat' dir='ltr'><strong>neque</strong></span> <span class='ocrx_word' id='word_1_484' title='bbox 2713 489 2764 545; x_wconf 90' lang='lat' dir='ltr'><strong>in</strong></span> <span class='ocrx_word' id='word_1_485' title='bbox 2807 490 3045 548; x_wconf 89' lang='lat' dir='ltr'><strong>cinerem</strong></span> <span class='ocrx_word' id='word_1_486' title='bbox 3092 490 3363 549; x_wconf 88' lang='lat' dir='ltr'><strong>redactum</strong></span> <span class='ocrx_word' id='word_1_487' title='bbox 3389 535 3404 558; x_wconf 88' lang='lat'><strong>,</strong></span> <span class='ocrx_word' id='word_1_488' title='bbox 3434 500 3530 561; x_wconf 82' lang='lat' dir='ltr'><strong>sed</strong></span> 
     </span>
    </p>
   </div>
   <div class='ocr_carea' id='block_1_62' title="bbox 1926 578 3538 656">
    <p class='ocr_par' dir='ltr' id='par_1_62' title="bbox 1926 578 3538 656">
     <span class='ocr_line' id='line_1_62' title="bbox 1926 578 3538 656; baseline 0.004 -22"><span class='ocrx_word' id='word_1_489' title='bbox 1926 578 2120 634; x_wconf 81' lang='lat' dir='ltr'><strong>eximia</strong></span> <span class='ocrx_word' id='word_1_490' title='bbox 2151 578 2392 648; x_wconf 89' lang='lat' dir='ltr'><strong>corporis</strong></span> <span class='ocrx_word' id='word_1_491' title='bbox 2425 579 2820 650; x_wconf 89' lang='lat' dir='ltr'><strong>pulchritudine</strong></span> <span class='ocrx_word' id='word_1_492' title='bbox 2863 580 3096 651; x_wconf 85' lang='lat' dir='ltr'><strong>pollebat</strong></span> <span class='ocrx_word' id='word_1_493' title='bbox 3116 624 3130 650; x_wconf 91' lang='lat'><strong>,</strong></span> <span class='ocrx_word' id='word_1_494' title='bbox 3173 593 3228 639; x_wconf 89' lang='lat' dir='ltr'><strong>et</strong></span> <span class='ocrx_word' id='word_1_495' title='bbox 3254 594 3538 656; x_wconf 84' lang='lat' dir='ltr'><strong>tamquam</strong></span> 
     </span>
    </p>
   </div>
   <div class='ocr_carea' id='block_1_63' title="bbox 1923 668 3526 740">
    <p class='ocr_par' dir='ltr' id='par_1_63' title="bbox 1923 668 3526 740">
     <span class='ocr_line' id='line_1_63' title="bbox 1923 668 3526 740; baseline 0.005 -19"><span class='ocrx_word' id='word_1_496' title='bbox 1923 675 2099 722; x_wconf 82' lang='lat' dir='ltr'><strong>statua</strong></span> <span class='ocrx_word' id='word_1_497' title='bbox 2124 668 2369 739; x_wconf 61' lang='lat' dir='ltr'><strong>quaedam</strong></span> <span class='ocrx_word' id='word_1_498' title='bbox 2408 684 2568 725; x_wconf 87' lang='lat' dir='ltr'><strong>aurea</strong></span> <span class='ocrx_word' id='word_1_499' title='bbox 2595 711 2610 734; x_wconf 91' lang='lat'><strong>,</strong></span> <span class='ocrx_word' id='word_1_500' title='bbox 2638 685 2758 740; x_wconf 77' lang='lat' dir='ltr'><strong>qua:</strong></span> <span class='ocrx_word' id='word_1_501' title='bbox 2788 686 2975 727; x_wconf 88' lang='lat' dir='ltr'><strong>recens</strong></span> <span class='ocrx_word' id='word_1_502' title='bbox 3000 687 3031 726; x_wconf 90' lang='lat' dir='ltr'><strong>e</strong></span> <span class='ocrx_word' id='word_1_503' title='bbox 3060 672 3371 729; x_wconf 85' lang='lat' dir='ltr'><strong>conflatoria</strong></span> <span class='ocrx_word' id='word_1_504' title='bbox 3416 673 3526 731; x_wconf 89' lang='lat' dir='ltr'><strong>for-</strong></span> 
     </span>
    </p>
   </div>
   <div class='ocr_carea' id='block_1_64' title="bbox 1927 757 3531 835">
    <p class='ocr_par' dir='ltr' id='par_1_64' title="bbox 1927 757 3531 835">
     <span class='ocr_line' id='line_1_64' title="bbox 1927 757 3531 835; baseline 0.006 -24"><span class='ocrx_word' id='word_1_505' title='bbox 1927 772 2061 812; x_wconf 85' lang='lat' dir='ltr'><strong>nace</strong></span> <span class='ocrx_word' id='word_1_506' title='bbox 2091 757 2377 829; x_wconf 81' lang='lat' dir='ltr'><strong>prodiisset</strong></span> <span class='ocrx_word' id='word_1_507' title='bbox 2401 799 2417 824; x_wconf 92' lang='lat'><strong>,</strong></span> <span class='ocrx_word' id='word_1_508' title='bbox 2450 760 2521 815; x_wconf 86' lang='lat' dir='ltr'><strong>ita</strong></span> <span class='ocrx_word' id='word_1_509' title='bbox 2566 760 2820 829; x_wconf 80' lang='lat' dir='ltr'><strong>fulgebat.</strong></span> <span class='ocrx_word' id='word_1_510' title='bbox 2853 761 2933 818; x_wconf 82' lang='lat' dir='ltr'><strong>Ne</strong></span> <span class='ocrx_word' id='word_1_511' title='bbox 2979 763 3138 833; x_wconf 83' lang='lat' dir='ltr'><strong>igitur</strong></span> <span class='ocrx_word' id='word_1_512' title='bbox 3166 772 3386 835; x_wconf 88' lang='lat' dir='ltr'><strong>propter</strong></span> <span class='ocrx_word' id='word_1_513' title='bbox 3414 766 3531 820; x_wconf 77' lang='lat' dir='ltr'><strong>esi-</strong></span> 
     </span>
    </p>
   </div>
   <div class='ocr_carea' id='block_1_65' title="bbox 1927 849 3533 928">
    <p class='ocr_par' dir='ltr' id='par_1_65' title="bbox 1927 849 3533 928">
     <span class='ocr_line' id='line_1_65' title="bbox 1927 849 3533 928; baseline 0.006 -24"><span class='ocrx_word' id='word_1_514' title='bbox 1927 849 2088 904; x_wconf 88' lang='lat' dir='ltr'><strong>miam</strong></span> <span class='ocrx_word' id='word_1_515' title='bbox 2120 851 2355 922; x_wconf 89' lang='lat' dir='ltr'><strong>speciem</strong></span> <span class='ocrx_word' id='word_1_516' title='bbox 2397 852 2647 922; x_wconf 87' lang='lat' dir='ltr'><strong>superbia</strong></span> <span class='ocrx_word' id='word_1_517' title='bbox 2678 852 2959 909; x_wconf 62' lang='lat' dir='ltr'><strong>efferretur</strong></span> <span class='ocrx_word' id='word_1_518' title='bbox 2983 897 2997 921; x_wconf 96' lang='lat'><strong>,</strong></span> <span class='ocrx_word' id='word_1_519' title='bbox 3029 855 3105 910; x_wconf 93' lang='lat' dir='ltr'><strong>illi</strong></span> <span class='ocrx_word' id='word_1_520' title='bbox 3139 872 3333 912; x_wconf 86' lang='lat' dir='ltr'><strong>nomen</strong></span> <span class='ocrx_word' id='word_1_521' title='bbox 3365 872 3533 928; x_wconf 84' lang='lat' dir='ltr'><strong>oppo-</strong></span> 
     </span>
    </p>
   </div>
   <div class='ocr_carea' id='block_1_66' title="bbox 1927 941 3530 1013">
    <p class='ocr_par' dir='ltr' id='par_1_66' title="bbox 1927 941 3530 1013">
     <span class='ocr_line' id='line_1_66' title="bbox 1927 941 3530 1013; baseline 0.005 -18"><span class='ocrx_word' id='word_1_522' title='bbox 1927 941 2074 1007; x_wconf 87' lang='lat' dir='ltr'><strong>suit,</strong></span> <span class='ocrx_word' id='word_1_523' title='bbox 2125 942 2278 1012; x_wconf 88' lang='lat' dir='ltr'><strong>cujus</strong></span> <span class='ocrx_word' id='word_1_524' title='bbox 2325 943 2635 1013; x_wconf 81' lang='lat' dir='ltr'><strong>maglsterio</strong></span> <span class='ocrx_word' id='word_1_525' title='bbox 2684 944 3013 1001; x_wconf 89' lang='lat' dir='ltr'><strong>sufficienter</strong></span> <span class='ocrx_word' id='word_1_526' title='bbox 3054 946 3123 1002; x_wconf 89' lang='lat' dir='ltr'><strong>ad</strong></span> <span class='ocrx_word' id='word_1_527' title='bbox 3174 948 3530 1004; x_wconf 89' lang='lat' dir='ltr'><strong>humilitatem</strong></span> 
     </span>
    </p>
   </div>
   <div class='ocr_carea' id='block_1_67' title="bbox 1929 1032 3530 1109">
    <p class='ocr_par' dir='ltr' id='par_1_67' title="bbox 1929 1032 3530 1109">
     <span class='ocr_line' id='line_1_67' title="bbox 1929 1032 3530 1109; baseline 0.005 -24"><span class='ocrx_word' id='word_1_528' title='bbox 1929 1032 2307 1088; x_wconf 86' lang='lat' dir='ltr'><strong>informaretur</strong></span> <span class='ocrx_word' id='word_1_529' title='bbox 2334 1051 2348 1085; x_wconf 91' lang='lat'><strong>:</strong></span> <span class='ocrx_word' id='word_1_530' title='bbox 2380 1033 2645 1090; x_wconf 75' lang='lat' dir='ltr'><strong>ac’cedens</strong></span> <span class='ocrx_word' id='word_1_531' title='bbox 2670 1036 2813 1090; x_wconf 90' lang='lat' dir='ltr'><strong>enim</strong></span> <span class='ocrx_word' id='word_1_532' title='bbox 2856 1036 3102 1092; x_wconf 87' lang='lat' dir='ltr'><strong>diabolus</strong></span> <span class='ocrx_word' id='word_1_533' title='bbox 3127 1038 3195 1093; x_wconf 85' lang='lat' dir='ltr'><strong>ad</strong></span> <span class='ocrx_word' id='word_1_534' title='bbox 3223 1038 3530 1109; x_wconf 86' lang='lat' dir='ltr'><strong>superbiam</strong></span> 
     </span>
    </p>
   </div>
   <div class='ocr_carea' id='block_1_68' title="bbox 1930 1123 3529 1198">
    <p class='ocr_par' dir='ltr' id='par_1_68' title="bbox 1930 1123 3529 1198">
     <span class='ocr_line' id='line_1_68' title="bbox 1930 1123 3529 1198; baseline 0.006 -23"><span class='ocrx_word' id='word_1_535' title='bbox 1930 1124 2107 1179; x_wconf 78' lang='lat' dir='ltr'><strong>verbis</strong></span> <span class='ocrx_word' id='word_1_536' title='bbox 2137 1123 2285 1179; x_wconf 92' lang='lat' dir='ltr'><strong>illum</strong></span> <span class='ocrx_word' id='word_1_537' title='bbox 2330 1126 2441 1180; x_wconf 88' lang='lat' dir='ltr'><strong>suis</strong></span> <span class='ocrx_word' id='word_1_538' title='bbox 2498 1125 2816 1181; x_wconf 86' lang='lat' dir='ltr'><strong>incitaturus</strong></span> <span class='ocrx_word' id='word_1_539' title='bbox 2861 1138 3015 1192; x_wconf 88' lang='lat' dir='ltr'><strong>erat,</strong></span> <span class='ocrx_word' id='word_1_540' title='bbox 3057 1143 3216 1198; x_wconf 77' lang='lat' dir='ltr'><strong>eique</strong></span> <span class='ocrx_word' id='word_1_541' title='bbox 3256 1128 3529 1191; x_wconf 90' lang='lat' dir='ltr'><strong>dicturus.</strong></span> 
     </span>
    </p>
   </div>
   <div class='ocr_carea' id='block_1_69' title="bbox 1929 1214 3533 1289">
    <p class='ocr_par' dir='ltr' id='par_1_69' title="bbox 1929 1214 3533 1289">
     <span class='ocr_line' id='line_1_69' title="bbox 1929 1214 3533 1289; baseline 0.004 -19"><span class='ocrx_word' id='word_1_542' title='bbox 1929 1214 2090 1270; x_wconf 83' lang='lat' dir='ltr'><strong>Eritis</strong></span> <span class='ocrx_word' id='word_1_543' title='bbox 2126 1216 2255 1271; x_wconf 80' lang='lat' dir='ltr'><strong>sicut</strong></span> <span class='ocrx_word' id='word_1_544' title='bbox 2280 1218 2353 1271; x_wconf 86' lang='lat' dir='ltr'><strong>dii</strong></span> <span class='ocrx_word' id='word_1_545' title='bbox 2382 1216 2538 1287; x_wconf 83' lang='lat' dir='ltr'><strong>(Gen.</strong></span> <span class='ocrx_word' id='word_1_546' title='bbox 2572 1217 2625 1270; x_wconf 79' lang='lat'><strong>3.</strong></span> <span class='ocrx_word' id='word_1_547' title='bbox 2658 1219 2744 1288; x_wconf 79' lang='lat'><strong>5).</strong></span> <span class='ocrx_word' id='word_1_548' title='bbox 2776 1218 2846 1275; x_wconf 88' lang='lat' dir='ltr'><strong>Ut</strong></span> <span class='ocrx_word' id='word_1_549' title='bbox 2876 1218 3036 1289; x_wconf 85' lang='lat' dir='ltr'><strong>igitur</strong></span> <span class='ocrx_word' id='word_1_550' title='bbox 3066 1217 3298 1276; x_wconf 85' lang='lat' dir='ltr'><strong>nominis</strong></span> <span class='ocrx_word' id='word_1_551' title='bbox 3338 1222 3533 1276; x_wconf 65' lang='lat' dir='ltr'><strong>suine-</strong></span> 
     </span>
    </p>
   </div>
   <div class='ocr_carea' id='block_1_70' title="bbox 1927 1307 3530 1378">
    <p class='ocr_par' dir='ltr' id='par_1_70' title="bbox 1927 1307 3530 1378">
     <span class='ocr_line' id='line_1_70' title="bbox 1927 1307 3530 1378; baseline 0.002 -17"><span class='ocrx_word' id='word_1_552' title='bbox 1927 1307 2261 1372; x_wconf 89' lang='lat' dir='ltr'><strong>cordaretur,</strong></span> <span class='ocrx_word' id='word_1_553' title='bbox 2288 1323 2317 1359; x_wconf 89' lang='lat' dir='ltr'><strong>a</strong></span> <span class='ocrx_word' id='word_1_554' title='bbox 2342 1324 2451 1378; x_wconf 89' lang='lat' dir='ltr'><strong>quo</strong></span> <span class='ocrx_word' id='word_1_555' title='bbox 2476 1317 2672 1363; x_wconf 88' lang='lat' dir='ltr'><strong>terram</strong></span> <span class='ocrx_word' id='word_1_556' title='bbox 2702 1324 2760 1364; x_wconf 88' lang='lat' dir='ltr'><strong>se</strong></span> <span class='ocrx_word' id='word_1_557' title='bbox 2786 1323 2907 1365; x_wconf 88' lang='lat' dir='ltr'><strong>esse</strong></span> <span class='ocrx_word' id='word_1_558' title='bbox 2933 1309 3245 1375; x_wconf 88' lang='lat' dir='ltr'><strong>docebatur,</strong></span> <span class='ocrx_word' id='word_1_559' title='bbox 3281 1326 3379 1366; x_wconf 84' lang='lat' dir='ltr'><strong>nec</strong></span> <span class='ocrx_word' id='word_1_560' title='bbox 3410 1328 3530 1365; x_wconf 85' lang='lat' dir='ltr'><strong>um-</strong></span> 
     </span>
    </p>
   </div>
   <div class='ocr_carea' id='block_1_71' title="bbox 1928 1398 3530 1469">
    <p class='ocr_par' dir='ltr' id='par_1_71' title="bbox 1928 1398 3530 1469">
     <span class='ocr_line' id='line_1_71' title="bbox 1928 1398 3530 1469; baseline 0.004 -18"><span class='ocrx_word' id='word_1_561' title='bbox 1928 1413 2087 1468; x_wconf 87' lang='lat' dir='ltr'><strong>quam</strong></span> <span class='ocrx_word' id='word_1_562' title='bbox 2118 1398 2377 1468; x_wconf 73' lang='lat' dir='ltr'><strong>thualem</strong></span> <span class='ocrx_word' id='word_1_563' title='bbox 2408 1415 2467 1453; x_wconf 84' lang='lat' dir='ltr'><strong>se</strong></span> <span class='ocrx_word' id='word_1_564' title='bbox 2510 1399 2619 1455; x_wconf 89' lang='lat' dir='ltr'><strong>Deo</strong></span> <span class='ocrx_word' id='word_1_565' title='bbox 2644 1398 2882 1455; x_wconf 83' lang='lat' dir='ltr'><strong>futurum</strong></span> <span class='ocrx_word' id='word_1_566' title='bbox 2912 1400 3183 1469; x_wconf 90' lang='lat' dir='ltr'><strong>opinionis</strong></span> <span class='ocrx_word' id='word_1_567' title='bbox 3212 1417 3399 1458; x_wconf 88' lang='lat' dir='ltr'><strong>errore</strong></span> <span class='ocrx_word' id='word_1_568' title='bbox 3429 1404 3530 1458; x_wconf 84' lang='lat' dir='ltr'><strong>sibi</strong></span> 
     </span>
    </p>
   </div>
   <div class='ocr_carea' id='block_1_72' title="bbox 1929 1488 3533 1562">
    <p class='ocr_par' dir='ltr' id='par_1_72' title="bbox 1929 1488 3533 1562">
     <span class='ocr_line' id='line_1_72' title="bbox 1929 1488 3533 1562; baseline 0.003 -19"><span class='ocrx_word' id='word_1_569' title='bbox 1929 1488 2175 1561; x_wconf 86' lang='lat' dir='ltr'><strong>fingeret,</strong></span> <span class='ocrx_word' id='word_1_570' title='bbox 2209 1499 2492 1559; x_wconf 85' lang='lat' dir='ltr'><strong>propterea</strong></span> <span class='ocrx_word' id='word_1_571' title='bbox 2519 1490 2907 1546; x_wconf 85' lang='lat' dir='ltr'><strong>conscientiam</strong></span> <span class='ocrx_word' id='word_1_572' title='bbox 2937 1491 3055 1560; x_wconf 90' lang='lat' dir='ltr'><strong>ejus</strong></span> <span class='ocrx_word' id='word_1_573' title='bbox 3084 1501 3443 1562; x_wconf 84' lang='lat' dir='ltr'><strong>praeoccupat,</strong></span> <span class='ocrx_word' id='word_1_574' title='bbox 3478 1505 3533 1549; x_wconf 86' lang='lat' dir='ltr'><strong>et</strong></span> 
     </span>
    </p>
   </div>
   <div class='ocr_carea' id='block_1_73' title="bbox 1930 1581 3533 1641">
    <p class='ocr_par' dir='ltr' id='par_1_73' title="bbox 1930 1581 3533 1641">
     <span class='ocr_line' id='line_1_73' title="bbox 1930 1581 3533 1641; baseline 0.002 -6"><span class='ocrx_word' id='word_1_575' title='bbox 1930 1581 2164 1636; x_wconf 90' lang='lat' dir='ltr'><strong>nominis</strong></span> <span class='ocrx_word' id='word_1_576' title='bbox 2192 1582 2433 1638; x_wconf 65' lang='lat' dir='ltr'><strong>subsidio</strong></span> <span class='ocrx_word' id='word_1_577' title='bbox 2469 1582 2754 1638; x_wconf 82' lang='lat' dir='ltr'><strong>sufﬁcienti</strong></span> <span class='ocrx_word' id='word_1_578' title='bbox 2794 1599 2919 1639; x_wconf 91' lang='lat' dir='ltr'><strong>eum</strong></span> <span class='ocrx_word' id='word_1_579' title='bbox 2964 1583 3225 1640; x_wconf 88' lang='lat' dir='ltr'><strong>adversus</strong></span> <span class='ocrx_word' id='word_1_580' title='bbox 3253 1585 3473 1641; x_wconf 87' lang='lat' dir='ltr'><strong>insidias</strong></span> <span class='ocrx_word' id='word_1_581' title='bbox 3500 1601 3533 1639; x_wconf 83' lang='lat' dir='ltr'><strong>a</strong></span> 
     </span>
    </p>
   </div>
   <div class='ocr_carea' id='block_1_74' title="bbox 1928 1670 3526 1745">
    <p class='ocr_par' dir='ltr' id='par_1_74' title="bbox 1928 1670 3526 1745">
     <span class='ocr_line' id='line_1_74' title="bbox 1928 1670 3526 1745; baseline 0.003 -20"><span class='ocrx_word' id='word_1_582' title='bbox 1928 1670 2192 1727; x_wconf 88' lang='lat' dir='ltr'><strong>scelerato</strong></span> <span class='ocrx_word' id='word_1_583' title='bbox 2216 1670 2461 1728; x_wconf 70' lang='lat' dir='ltr'><strong>daemone</strong></span> <span class='ocrx_word' id='word_1_584' title='bbox 2488 1673 2770 1729; x_wconf 87' lang='lat' dir='ltr'><strong>strncndas</strong></span> <span class='ocrx_word' id='word_1_585' title='bbox 2794 1674 3042 1730; x_wconf 89' lang='lat' dir='ltr'><strong>cautione</strong></span> <span class='ocrx_word' id='word_1_586' title='bbox 3061 1678 3366 1745; x_wconf 72' lang='lat' dir='ltr'><strong>prmmunit,</strong></span> <span class='ocrx_word' id='word_1_587' title='bbox 3399 1676 3526 1731; x_wconf 87' lang='lat' dir='ltr'><strong>dum</strong></span> 
     </span>
    </p>
   </div>
   <div class='ocr_carea' id='block_1_75' title="bbox 1928 1766 3537 1835">
    <p class='ocr_par' dir='ltr' id='par_1_75' title="bbox 1928 1766 3537 1835">
     <span class='ocr_line' id='line_1_75' title="bbox 1928 1766 3537 1835; baseline 0.003 -19"><span class='ocrx_word' id='word_1_588' title='bbox 1928 1771 1984 1817; x_wconf 89' lang='lat' dir='ltr'><strong>et</strong></span> <span class='ocrx_word' id='word_1_589' title='bbox 2023 1776 2136 1817; x_wconf 65' lang='lat' dir='ltr'><strong>suae</strong></span> <span class='ocrx_word' id='word_1_590' title='bbox 2171 1777 2294 1818; x_wconf 89' lang='lat' dir='ltr'><strong>cum</strong></span> <span class='ocrx_word' id='word_1_591' title='bbox 2354 1771 2495 1819; x_wconf 89' lang='lat' dir='ltr'><strong>terra</strong></span> <span class='ocrx_word' id='word_1_592' title='bbox 2544 1766 2877 1835; x_wconf 89' lang='lat' dir='ltr'><strong>cognationis</strong></span> <span class='ocrx_word' id='word_1_593' title='bbox 2930 1766 3078 1820; x_wconf 88' lang='lat' dir='ltr'><strong>illum</strong></span> <span class='ocrx_word' id='word_1_594' title='bbox 3130 1766 3424 1833; x_wconf 88' lang='lat' dir='ltr'><strong>admonet,</strong></span> <span class='ocrx_word' id='word_1_595' title='bbox 3479 1777 3537 1822; x_wconf 81' lang='lat' dir='ltr'><strong>et</strong></span> 
     </span>
    </p>
   </div>
   <div class='ocr_carea' id='block_1_76' title="bbox 1927 1854 3555 1929">
    <p class='ocr_par' dir='ltr' id='par_1_76' title="bbox 1927 1854 3555 1929">
     <span class='ocr_line' id='line_1_76' title="bbox 1927 1854 3555 1929; baseline 0.004 -22"><span class='ocrx_word' id='word_1_596' title='bbox 1927 1866 2144 1909; x_wconf 91' lang='lat' dir='ltr'><strong>omnem</strong></span> <span class='ocrx_word' id='word_1_597' title='bbox 2171 1854 2247 1910; x_wconf 80' lang='lat' dir='ltr'><strong>illi</strong></span> <span class='ocrx_word' id='word_1_598' title='bbox 2279 1864 2482 1912; x_wconf 75' lang='lat' dir='ltr'><strong>uatum</strong></span> <span class='ocrx_word' id='word_1_599' title='bbox 2504 1870 2615 1911; x_wconf 62' lang='lat' dir='ltr'><strong>suae</strong></span> <span class='ocrx_word' id='word_1_600' title='bbox 2636 1855 2968 1911; x_wconf 90' lang='lat' dir='ltr'><strong>nobilitatem</strong></span> <span class='ocrx_word' id='word_1_601' title='bbox 2990 1856 3248 1925; x_wconf 86' lang='lat' dir='ltr'><strong>declarat,</strong></span> <span class='ocrx_word' id='word_1_602' title='bbox 3278 1857 3381 1914; x_wconf 90' lang='lat' dir='ltr'><strong>hoc</strong></span> <span class='ocrx_word' id='word_1_603' title='bbox 3410 1868 3555 1929; x_wconf 86' lang='lat' dir='ltr'><strong>pro-&#39;</strong></span> 
     </span>
    </p>
   </div>
   <div class='ocr_carea' id='block_1_77' title="bbox 1929 1942 3537 2015">
    <p class='ocr_par' dir='ltr' id='par_1_77' title="bbox 1929 1942 3537 2015">
     <span class='ocr_line' id='line_1_77' title="bbox 1929 1942 3537 2015; baseline 0.004 -16"><span class='ocrx_word' id='word_1_604' title='bbox 1929 1942 2220 2013; x_wconf 85' lang='lat' dir='ltr'><strong>pemodum</strong></span> <span class='ocrx_word' id='word_1_605' title='bbox 2247 1946 2322 2001; x_wconf 91' lang='lat' dir='ltr'><strong>illi</strong></span> <span class='ocrx_word' id='word_1_606' title='bbox 2363 1946 2586 2002; x_wconf 88' lang='lat' dir='ltr'><strong>dicens:</strong></span> <span class='ocrx_word' id='word_1_607' title='bbox 2616 1947 2672 2004; x_wconf 91' lang='lat' dir='ltr'><strong>Si</strong></span> <span class='ocrx_word' id='word_1_608' title='bbox 2700 1947 2838 2004; x_wconf 88' lang='lat' dir='ltr'><strong>forte</strong></span> <span class='ocrx_word' id='word_1_609' title='bbox 2867 1944 3063 2005; x_wconf 79' lang='lat' dir='ltr'><strong>dixerit</strong></span> <span class='ocrx_word' id='word_1_610' title='bbox 3095 1948 3186 2005; x_wconf 89' lang='lat' dir='ltr'><strong>tibi</strong></span> <span class='ocrx_word' id='word_1_611' title='bbox 3212 1991 3226 2015; x_wconf 94' lang='lat'><strong>,</strong></span> <span class='ocrx_word' id='word_1_612' title='bbox 3261 1951 3368 2005; x_wconf 93' lang='lat' dir='ltr'><strong>eris</strong></span> <span class='ocrx_word' id='word_1_613' title='bbox 3396 1950 3537 2008; x_wconf 88' lang='lat' dir='ltr'><strong>sicut</strong></span> 
     </span>
    </p>
   </div>
   <div class='ocr_carea' id='block_1_78' title="bbox 1932 2037 3533 2110">
    <p class='ocr_par' dir='ltr' id='par_1_78' title="bbox 1932 2037 3533 2110">
     <span class='ocr_line' id='line_1_78' title="bbox 1932 2037 3533 2110; baseline 0.004 -18"><span class='ocrx_word' id='word_1_614' title='bbox 1932 2037 2106 2104; x_wconf 90' lang='lat' dir='ltr'><strong>Deus,</strong></span> <span class='ocrx_word' id='word_1_615' title='bbox 2162 2039 2399 2095; x_wconf 81' lang='lat' dir='ltr'><strong>nominis</strong></span> <span class='ocrx_word' id='word_1_616' title='bbox 2426 2041 2499 2095; x_wconf 92' lang='lat' dir='ltr'><strong>tui</strong></span> <span class='ocrx_word' id='word_1_617' title='bbox 2530 2041 2851 2110; x_wconf 88' lang='lat' dir='ltr'><strong>recordare,</strong></span> <span class='ocrx_word' id='word_1_618' title='bbox 2880 2050 2935 2097; x_wconf 90' lang='lat' dir='ltr'><strong>et</strong></span> <span class='ocrx_word' id='word_1_619' title='bbox 2964 2041 3251 2098; x_wconf 82' lang='lat' dir='ltr'><strong>sufficienti</strong></span> <span class='ocrx_word' id='word_1_620' title='bbox 3283 2044 3533 2099; x_wconf 60' lang='lat' dir='ltr'><strong>admoni-</strong></span> 
     </span>
    </p>
   </div>
   <div class='ocr_carea' id='block_1_79' title="bbox 1931 2128 3534 2196">
    <p class='ocr_par' dir='ltr' id='par_1_79' title="bbox 1931 2128 3534 2196">
     <span class='ocr_line' id='line_1_79' title="bbox 1931 2128 3534 2196; baseline 0.005 -12"><span class='ocrx_word' id='word_1_621' title='bbox 1931 2129 2075 2184; x_wconf 88' lang='lat' dir='ltr'><strong>tione</strong></span> <span class='ocrx_word' id='word_1_622' title='bbox 2100 2128 2402 2196; x_wconf 88' lang='lat' dir='ltr'><strong>instrueris,</strong></span> <span class='ocrx_word' id='word_1_623' title='bbox 2437 2141 2493 2186; x_wconf 93' lang='lat' dir='ltr'><strong>ut</strong></span> <span class='ocrx_word' id='word_1_624' title='bbox 2522 2147 2587 2187; x_wconf 90' lang='lat' dir='ltr'><strong>nc</strong></span> <span class='ocrx_word' id='word_1_625' title='bbox 2613 2133 2896 2187; x_wconf 86' lang='lat' dir='ltr'><strong>consilium</strong></span> <span class='ocrx_word' id='word_1_626' title='bbox 2925 2134 3197 2188; x_wconf 89' lang='lat' dir='ltr'><strong>admittas.</strong></span> <span class='ocrx_word' id='word_1_627' title='bbox 3224 2134 3534 2191; x_wconf 81' lang='lat' dir='ltr'><strong>Recordare</strong></span> 
     </span>
    </p>
   </div>
   <div class='ocr_carea' id='block_1_80' title="bbox 1930 2220 3534 2293">
    <p class='ocr_par' dir='ltr' id='par_1_80' title="bbox 1930 2220 3534 2293">
     <span class='ocr_line' id='line_1_80' title="bbox 1930 2220 3534 2293; baseline 0.005 -20"><span class='ocrx_word' id='word_1_628' title='bbox 1930 2220 2119 2275; x_wconf 86' lang='lat' dir='ltr'><strong>matris</strong></span> <span class='ocrx_word' id='word_1_629' title='bbox 2143 2261 2159 2283; x_wconf 90' lang='lat'><strong>,</strong></span> <span class='ocrx_word' id='word_1_630' title='bbox 2186 2228 2241 2277; x_wconf 90' lang='lat' dir='ltr'><strong>et</strong></span> <span class='ocrx_word' id='word_1_631' title='bbox 2279 2222 2614 2292; x_wconf 88' lang='lat' dir='ltr'><strong>cognationis</strong></span> <span class='ocrx_word' id='word_1_632' title='bbox 2634 2238 2865 2293; x_wconf 88' lang='lat' dir='ltr'><strong>agnosce</strong></span> <span class='ocrx_word' id='word_1_633' title='bbox 2892 2225 3149 2279; x_wconf 89' lang='lat' dir='ltr'><strong>vilitatem</strong></span> <span class='ocrx_word' id='word_1_634' title='bbox 3172 2267 3187 2288; x_wconf 89' lang='lat'><strong>,</strong></span> <span class='ocrx_word' id='word_1_635' title='bbox 3215 2242 3319 2280; x_wconf 84' lang='lat' dir='ltr'><strong>nou</strong></span> <span class='ocrx_word' id='word_1_636' title='bbox 3350 2236 3406 2281; x_wconf 95' lang='lat' dir='ltr'><strong>ut</strong></span> <span class='ocrx_word' id='word_1_637' title='bbox 3435 2227 3534 2282; x_wconf 89' lang='lat' dir='ltr'><strong>hu-</strong></span> 
     </span>
    </p>
   </div>
   <div class='ocr_carea' id='block_1_81' title="bbox 1930 2311 3536 2387">
    <p class='ocr_par' dir='ltr' id='par_1_81' title="bbox 1930 2311 3536 2387">
     <span class='ocr_line' id='line_1_81' title="bbox 1930 2311 3536 2387; baseline 0.006 -22"><span class='ocrx_word' id='word_1_638' title='bbox 1930 2311 2213 2368; x_wconf 88' lang='lat' dir='ltr'><strong>militatem</strong></span> <span class='ocrx_word' id='word_1_639' title='bbox 2239 2313 2416 2369; x_wconf 89' lang='lat' dir='ltr'><strong>discas</strong></span> <span class='ocrx_word' id='word_1_640' title='bbox 2442 2356 2457 2379; x_wconf 94' lang='lat'><strong>,</strong></span> <span class='ocrx_word' id='word_1_641' title='bbox 2504 2314 2599 2370; x_wconf 89' lang='lat' dir='ltr'><strong>sed</strong></span> <span class='ocrx_word' id='word_1_642' title='bbox 2638 2328 2713 2371; x_wconf 90' lang='lat' dir='ltr'><strong>ne</strong></span> <span class='ocrx_word' id='word_1_643' title='bbox 2732 2330 2984 2387; x_wconf 88' lang='lat' dir='ltr'><strong>umquam</strong></span> <span class='ocrx_word' id='word_1_644' title='bbox 3017 2316 3271 2385; x_wconf 84' lang='lat' dir='ltr'><strong>superbia</strong></span> <span class='ocrx_word' id='word_1_645' title='bbox 3304 2317 3536 2374; x_wconf 88' lang='lat' dir='ltr'><strong>intume-</strong></span> 
     </span>
    </p>
   </div>
   <div class='ocr_carea' id='block_1_82' title="bbox 1928 2401 3534 2476">
    <p class='ocr_par' dir='ltr' id='par_1_82' title="bbox 1928 2401 3534 2476">
     <span class='ocr_line' id='line_1_82' title="bbox 1928 2401 3534 2476; baseline 0.002 -17"><span class='ocrx_word' id='word_1_646' title='bbox 1928 2416 2070 2459; x_wconf 85' lang='lat' dir='ltr'><strong>scas.</strong></span> <span class='ocrx_word' id='word_1_647' title='bbox 2102 2401 2390 2473; x_wconf 88' lang='lat' dir='ltr'><strong>Propterea</strong></span> <span class='ocrx_word' id='word_1_648' title='bbox 2417 2404 2611 2460; x_wconf 82' lang='lat' dir='ltr'><strong>Paulus</strong></span> <span class='ocrx_word' id='word_1_649' title='bbox 2626 2420 2839 2476; x_wconf 90' lang='lat' dir='ltr'><strong>quoque</strong></span> <span class='ocrx_word' id='word_1_650' title='bbox 2864 2405 3078 2461; x_wconf 88' lang='lat' dir='ltr'><strong>diccbat</strong></span> <span class='ocrx_word' id='word_1_651' title='bbox 3107 2425 3119 2459; x_wconf 89' lang='lat'><strong>:</strong></span> <span class='ocrx_word' id='word_1_652' title='bbox 3156 2405 3363 2461; x_wconf 75' lang='lat' dir='ltr'><strong>Primus</strong></span> <span class='ocrx_word' id='word_1_653' title='bbox 3381 2408 3534 2463; x_wconf 81' lang='lat' dir='ltr'><strong>homo</strong></span> 
     </span>
    </p>
   </div>
   <div class='ocr_carea' id='block_1_83' title="bbox 1929 2495 3537 2570">
    <p class='ocr_par' dir='ltr' id='par_1_83' title="bbox 1929 2495 3537 2570">
     <span class='ocr_line' id='line_1_83' title="bbox 1929 2495 3537 2570; baseline 0.005 -22"><span class='ocrx_word' id='word_1_654' title='bbox 1929 2495 1994 2549; x_wconf 81' lang='lat' dir='ltr'><strong>de</strong></span> <span class='ocrx_word' id='word_1_655' title='bbox 2013 2504 2148 2550; x_wconf 86' lang='lat' dir='ltr'><strong>terra</strong></span> <span class='ocrx_word' id='word_1_656' title='bbox 2171 2505 2416 2552; x_wconf 75' lang='lat' dir='ltr'><strong>tet-reatu.</strong></span> <span class='ocrx_word' id='word_1_657' title='bbox 2446 2496 2583 2563; x_wconf 79' lang='lat' dir='ltr'><strong>Quid</strong></span> <span class='ocrx_word' id='word_1_658' title='bbox 2611 2497 2755 2552; x_wconf 90' lang='lat' dir='ltr'><strong>enim</strong></span> <span class='ocrx_word' id='word_1_659' title='bbox 2791 2496 2860 2551; x_wconf 90' lang='lat' dir='ltr'><strong>sit</strong></span> <span class='ocrx_word' id='word_1_660' title='bbox 2892 2497 3063 2552; x_wconf 77' lang='lat' dir='ltr'><strong>Adam</strong></span> <span class='ocrx_word' id='word_1_661' title='bbox 3092 2498 3248 2553; x_wconf 85' lang='lat' dir='ltr'><strong>nobis</strong></span> <span class='ocrx_word' id='word_1_662' title='bbox 3276 2501 3537 2570; x_wconf 84' lang='lat' dir='ltr'><strong>interpre-</strong></span> 
     </span>
    </p>
   </div>
   <div class='ocr_carea' id='block_1_84' title="bbox 1931 2586 3537 2653">
    <p class='ocr_par' dir='ltr' id='par_1_84' title="bbox 1931 2586 3537 2653">
     <span class='ocr_line' id='line_1_84' title="bbox 1931 2586 3537 2653; baseline 0.004 -13"><span class='ocrx_word' id='word_1_663' title='bbox 1931 2594 2051 2641; x_wconf 90' lang='lat' dir='ltr'><strong>tans</strong></span> <span class='ocrx_word' id='word_1_664' title='bbox 2077 2586 2255 2641; x_wconf 87' lang='lat' dir='ltr'><strong>aiebat</strong></span> <span class='ocrx_word' id='word_1_665' title='bbox 2302 2587 2431 2642; x_wconf 91' lang='lat' dir='ltr'><strong>illud</strong></span> <span class='ocrx_word' id='word_1_666' title='bbox 2462 2604 2477 2644; x_wconf 88' lang='lat'><strong>:</strong></span> <span class='ocrx_word' id='word_1_667' title='bbox 2510 2586 2587 2642; x_wconf 85' lang='lat' dir='ltr'><strong>De</strong></span> <span class='ocrx_word' id='word_1_668' title='bbox 2624 2597 2760 2643; x_wconf 81' lang='lat' dir='ltr'><strong>terra</strong></span> <span class='ocrx_word' id='word_1_669' title='bbox 2789 2596 3015 2643; x_wconf 87' lang='lat' dir='ltr'><strong>terrenus</strong></span> <span class='ocrx_word' id='word_1_670' title='bbox 3036 2632 3049 2653; x_wconf 90' lang='lat'><strong>,</strong></span> <span class='ocrx_word' id='word_1_671' title='bbox 3096 2592 3347 2644; x_wconf 83' lang='lat' dir='ltr'><strong>secundus</strong></span> <span class='ocrx_word' id='word_1_672' title='bbox 3384 2593 3537 2646; x_wconf 88' lang='lat' dir='ltr'><strong>homo</strong></span> 
     </span>
    </p>
   </div>
   <div class='ocr_carea' id='block_1_85' title="bbox 1928 2676 3538 2752">
    <p class='ocr_par' dir='ltr' id='par_1_85' title="bbox 1928 2676 3538 2752">
     <span class='ocr_line' id='line_1_85' title="bbox 1928 2676 3538 2752; baseline 0.004 -23"><span class='ocrx_word' id='word_1_673' title='bbox 1928 2677 2041 2749; x_wconf 85' lang='lat' dir='ltr'><strong>ipse</strong></span> <span class='ocrx_word' id='word_1_674' title='bbox 2068 2676 2319 2733; x_wconf 86' lang='lat' dir='ltr'><strong>Dominus</strong></span> <span class='ocrx_word' id='word_1_675' title='bbox 2352 2679 2415 2732; x_wconf 83' lang='lat' dir='ltr'><strong>de</strong></span> <span class='ocrx_word' id='word_1_676' title='bbox 2435 2680 2560 2733; x_wconf 76' lang='lat' dir='ltr'><strong>ctelo</strong></span> <span class='ocrx_word' id='word_1_677' title='bbox 2587 2679 2663 2752; x_wconf 84' lang='lat' dir='ltr'><strong>(l.</strong></span> <span class='ocrx_word' id='word_1_678' title='bbox 2695 2678 2817 2735; x_wconf 88' lang='lat' dir='ltr'><strong>Cor.</strong></span> <span class='ocrx_word' id='word_1_679' title='bbox 2854 2681 2938 2736; x_wconf 84' lang='lat' dir='ltr'><strong>l5.</strong></span> <span class='ocrx_word' id='word_1_680' title='bbox 2967 2681 3084 2748; x_wconf 72' lang='grc' dir='ltr'><strong>Π).</strong></span> <span class='ocrx_word' id='word_1_681' title='bbox 3136 2681 3243 2737; x_wconf 91' lang='lat' dir='ltr'><strong>Sed</strong></span> <span class='ocrx_word' id='word_1_682' title='bbox 3276 2681 3538 2744; x_wconf 69' lang='lat' dir='ltr'><strong>invadunt</strong></span> 
     </span>
    </p>
   </div>
   <div class='ocr_carea' id='block_1_86' title="bbox 1931 2766 3536 2834">
    <p class='ocr_par' dir='ltr' id='par_1_86' title="bbox 1931 2766 3536 2834">
     <span class='ocr_line' id='line_1_86' title="bbox 1931 2766 3536 2834; baseline 0.003 -12"><span class='ocrx_word' id='word_1_683' title='bbox 1931 2783 2029 2822; x_wconf 88' lang='lat' dir='ltr'><strong>nos</strong></span> <span class='ocrx_word' id='word_1_684' title='bbox 2058 2766 2294 2823; x_wconf 69' lang='lat' dir='ltr'><strong>bmretici</strong></span> <span class='ocrx_word' id='word_1_685' title='bbox 2316 2810 2331 2834; x_wconf 92' lang='lat'><strong>,</strong></span> <span class='ocrx_word' id='word_1_686' title='bbox 2370 2784 2433 2823; x_wconf 91' lang='lat' dir='ltr'><strong>ac</strong></span> <span class='ocrx_word' id='word_1_687' title='bbox 2459 2769 2646 2825; x_wconf 91' lang='lat' dir='ltr'><strong>dicunt</strong></span> <span class='ocrx_word' id='word_1_688' title='bbox 2682 2789 2695 2825; x_wconf 93' lang='lat'><strong>:</strong></span> <span class='ocrx_word' id='word_1_689' title='bbox 2724 2770 2862 2826; x_wconf 87' lang='lat' dir='ltr'><strong>Ecce</strong></span> <span class='ocrx_word' id='word_1_690' title='bbox 2903 2786 3121 2826; x_wconf 89' lang='lat' dir='ltr'><strong>carnem</strong></span> <span class='ocrx_word' id='word_1_691' title='bbox 3148 2770 3399 2827; x_wconf 90' lang='lat' dir='ltr'><strong>Christus</strong></span> <span class='ocrx_word' id='word_1_692' title='bbox 3428 2788 3536 2827; x_wconf 87' lang='lat' dir='ltr'><strong>non</strong></span> 
     </span>
    </p>
   </div>
   <div class='ocr_carea' id='block_1_87' title="bbox 1928 2858 3540 2928">
    <p class='ocr_par' dir='ltr' id='par_1_87' title="bbox 1928 2858 3540 2928">
     <span class='ocr_line' id='line_1_87' title="bbox 1928 2858 3540 2928; baseline 0.004 -16"><span class='ocrx_word' id='word_1_693' title='bbox 1928 2858 2253 2928; x_wconf 84' lang='lat' dir='ltr'><strong>assumpsit:</strong></span> <span class='ocrx_word' id='word_1_694' title='bbox 2279 2860 2352 2913; x_wconf 88' lang='lat' dir='ltr'><strong>ait</strong></span> <span class='ocrx_word' id='word_1_695' title='bbox 2377 2860 2521 2915; x_wconf 85' lang='lat' dir='ltr'><strong>enim</strong></span> <span class='ocrx_word' id='word_1_696' title='bbox 2550 2860 2770 2927; x_wconf 84' lang='lat' dir='ltr'><strong>Paulus,</strong></span> <span class='ocrx_word' id='word_1_697' title='bbox 2793 2861 3062 2918; x_wconf 81' lang='lat' dir='ltr'><strong>Secundus</strong></span> <span class='ocrx_word' id='word_1_698' title='bbox 3090 2863 3259 2927; x_wconf 74' lang='lat' dir='ltr'><strong>homo,</strong></span> <span class='ocrx_word' id='word_1_699' title='bbox 3286 2862 3540 2919; x_wconf 81' lang='lat' dir='ltr'><strong>Dominus</strong></span> 
     </span>
    </p>
   </div>
   <div class='ocr_carea' id='block_1_88' title="bbox 1930 2949 3538 3018">
    <p class='ocr_par' dir='ltr' id='par_1_88' title="bbox 1930 2949 3538 3018">
     <span class='ocr_line' id='line_1_88' title="bbox 1930 2949 3538 3018; baseline 0.006 -17"><span class='ocrx_word' id='word_1_700' title='bbox 1930 2949 1996 3002; x_wconf 87' lang='lat' dir='ltr'><strong>de</strong></span> <span class='ocrx_word' id='word_1_701' title='bbox 2025 2950 2168 3003; x_wconf 67' lang='lat' dir='ltr'><strong>celo.</strong></span> <span class='ocrx_word' id='word_1_702' title='bbox 2210 2950 2379 3005; x_wconf 82' lang='lat' dir='ltr'><strong>Audis</strong></span> <span class='ocrx_word' id='word_1_703' title='bbox 2417 2952 2672 3008; x_wconf 85' lang='lat' dir='ltr'><strong>secundus</strong></span> <span class='ocrx_word' id='word_1_704' title='bbox 2707 2953 2860 3008; x_wconf 77' lang='lat' dir='ltr'><strong>homo</strong></span> <span class='ocrx_word' id='word_1_705' title='bbox 2882 2995 2897 3018; x_wconf 92' lang='lat'><strong>,</strong></span> <span class='ocrx_word' id='word_1_706' title='bbox 2927 2962 2983 3008; x_wconf 91' lang='lat' dir='ltr'><strong>et</strong></span> <span class='ocrx_word' id='word_1_707' title='bbox 3010 2953 3147 3011; x_wconf 87' lang='lat' dir='ltr'><strong>dicis</strong></span> <span class='ocrx_word' id='word_1_708' title='bbox 3168 2971 3290 3010; x_wconf 90' lang='lat' dir='ltr'><strong>eum</strong></span> <span class='ocrx_word' id='word_1_709' title='bbox 3317 2971 3538 3015; x_wconf 71' lang='lat' dir='ltr'><strong>carnem</strong></span> 
     </span>
    </p>
   </div>
   <div class='ocr_carea' id='block_1_89' title="bbox 1928 3040 3538 3117">
    <p class='ocr_par' dir='ltr' id='par_1_89' title="bbox 1928 3040 3538 3117">
     <span class='ocr_line' id='line_1_89' title="bbox 1928 3040 3538 3117; baseline 0.007 -24"><span class='ocrx_word' id='word_1_710' title='bbox 1928 3054 2037 3093; x_wconf 90' lang='lat' dir='ltr'><strong>non</strong></span> <span class='ocrx_word' id='word_1_711' title='bbox 2066 3040 2465 3111; x_wconf 84' lang='lat' dir='ltr'><strong>assumpsisse?</strong></span> <span class='ocrx_word' id='word_1_712' title='bbox 2490 3041 2622 3109; x_wconf 87' lang='lat' dir='ltr'><strong>Quis</strong></span> <span class='ocrx_word' id='word_1_713' title='bbox 2667 3044 2826 3099; x_wconf 89' lang='lat' dir='ltr'><strong>talem</strong></span> <span class='ocrx_word' id='word_1_714' title='bbox 2858 3059 3111 3115; x_wconf 91' lang='lat' dir='ltr'><strong>umquam</strong></span> <span class='ocrx_word' id='word_1_715' title='bbox 3148 3045 3538 3117; x_wconf 84' lang='lat' dir='ltr'><strong>impudentiam</strong></span> 
     </span>
    </p>
   </div>
   <div class='ocr_carea' id='block_1_90' title="bbox 1929 3130 3536 3207">
    <p class='ocr_par' dir='ltr' id='par_1_90' title="bbox 1929 3130 3536 3207">
     <span class='ocr_line' id='line_1_90' title="bbox 1929 3130 3536 3207; baseline 0.006 -24"><span class='ocrx_word' id='word_1_716' title='bbox 1929 3130 2105 3185; x_wconf 84' lang='lat' dir='ltr'><strong>vidit?</strong></span> <span class='ocrx_word' id='word_1_717' title='bbox 2146 3132 2266 3201; x_wconf 88' lang='lat' dir='ltr'><strong>quis</strong></span> <span class='ocrx_word' id='word_1_718' title='bbox 2303 3131 2446 3188; x_wconf 87' lang='lat' dir='ltr'><strong>enim</strong></span> <span class='ocrx_word' id='word_1_719' title='bbox 2492 3133 2655 3188; x_wconf 92' lang='lat' dir='ltr'><strong>homo</strong></span> <span class='ocrx_word' id='word_1_720' title='bbox 2690 3149 2812 3189; x_wconf 88' lang='lat' dir='ltr'><strong>esse</strong></span> <span class='ocrx_word' id='word_1_721' title='bbox 2839 3145 3036 3207; x_wconf 90' lang='lat' dir='ltr'><strong>potest,</strong></span> <span class='ocrx_word' id='word_1_722' title='bbox 3066 3136 3154 3207; x_wconf 87' lang='lat' dir='ltr'><strong>qui</strong></span> <span class='ocrx_word' id='word_1_723' title='bbox 3178 3152 3394 3191; x_wconf 87' lang='lat' dir='ltr'><strong>carnem</strong></span> <span class='ocrx_word' id='word_1_724' title='bbox 3429 3154 3536 3192; x_wconf 91' lang='lat' dir='ltr'><strong>non</strong></span> 
     </span>
    </p>
   </div>
   <div class='ocr_carea' id='block_1_91' title="bbox 1930 3222 3539 3285">
    <p class='ocr_par' dir='ltr' id='par_1_91' title="bbox 1930 3222 3539 3285">
     <span class='ocr_line' id='line_1_91' title="bbox 1930 3222 3539 3285; baseline 0.004 -8"><span class='ocrx_word' id='word_1_725' title='bbox 1930 3222 2163 3280; x_wconf 82' lang='lat' dir='ltr'><strong>habeat?</strong></span> <span class='ocrx_word' id='word_1_726' title='bbox 2196 3224 2398 3281; x_wconf 88' lang='lat' dir='ltr'><strong>Idcirco</strong></span> <span class='ocrx_word' id='word_1_727' title='bbox 2440 3226 2584 3280; x_wconf 89' lang='lat' dir='ltr'><strong>enim</strong></span> <span class='ocrx_word' id='word_1_728' title='bbox 2629 3235 2683 3281; x_wconf 92' lang='lat' dir='ltr'><strong>et</strong></span> <span class='ocrx_word' id='word_1_729' title='bbox 2713 3224 2988 3283; x_wconf 87' lang='lat' dir='ltr'><strong>hominem</strong></span> <span class='ocrx_word' id='word_1_730' title='bbox 3022 3236 3078 3283; x_wconf 88' lang='lat' dir='ltr'><strong>et</strong></span> <span class='ocrx_word' id='word_1_731' title='bbox 3115 3228 3411 3285; x_wconf 88' lang='lat' dir='ltr'><strong>secundum</strong></span> <span class='ocrx_word' id='word_1_732' title='bbox 3442 3228 3539 3283; x_wconf 83' lang='lat' dir='ltr'><strong>ho-</strong></span> 
     </span>
    </p>
   </div>
   <div class='ocr_carea' id='block_1_92' title="bbox 1931 3316 3538 3386">
    <p class='ocr_par' dir='ltr' id='par_1_92' title="bbox 1931 3316 3538 3386">
     <span class='ocr_line' id='line_1_92' title="bbox 1931 3316 3538 3386; baseline 0.002 -17"><span class='ocrx_word' id='word_1_733' title='bbox 1931 3317 2132 3371; x_wconf 90' lang='lat' dir='ltr'><strong>minem</strong></span> <span class='ocrx_word' id='word_1_734' title='bbox 2161 3316 2472 3386; x_wconf 82' lang='lat' dir='ltr'><strong>appellavit,</strong></span> <span class='ocrx_word' id='word_1_735' title='bbox 2504 3326 2560 3371; x_wconf 89' lang='lat' dir='ltr'><strong>ut</strong></span> <span class='ocrx_word' id='word_1_736' title='bbox 2584 3333 2707 3372; x_wconf 93' lang='lat' dir='ltr'><strong>cum</strong></span> <span class='ocrx_word' id='word_1_737' title='bbox 2737 3333 2801 3372; x_wconf 79' lang='lat' dir='ltr'><strong>es</strong></span> <span class='ocrx_word' id='word_1_738' title='bbox 2837 3333 3085 3382; x_wconf 88' lang='lat' dir='ltr'><strong>numero,</strong></span> <span class='ocrx_word' id='word_1_739' title='bbox 3122 3329 3233 3373; x_wconf 91' lang='lat' dir='ltr'><strong>tum</strong></span> <span class='ocrx_word' id='word_1_740' title='bbox 3259 3335 3331 3374; x_wconf 79' lang='lat' dir='ltr'><strong>ex-</strong></span> <span class='ocrx_word' id='word_1_741' title='bbox 3350 3329 3538 3373; x_wconf 88' lang='lat' dir='ltr'><strong>natura</strong></span> 
     </span>
    </p>
   </div>
   <div class='ocr_carea' id='block_1_93' title="bbox 1930 3407 3539 3481">
    <p class='ocr_par' dir='ltr' id='par_1_93' title="bbox 1930 3407 3539 3481">
     <span class='ocr_line' id='line_1_93' title="bbox 1930 3407 3539 3481; baseline 0.001 -19"><span class='ocrx_word' id='word_1_742' title='bbox 1930 3410 2301 3479; x_wconf 87' lang='lat' dir='ltr'><strong>cognationem</strong></span> <span class='ocrx_word' id='word_1_743' title='bbox 2340 3410 2458 3477; x_wconf 88' lang='lat' dir='ltr'><strong>ejus</strong></span> <span class='ocrx_word' id='word_1_744' title='bbox 2493 3424 2775 3478; x_wconf 87' lang='lat' dir='ltr'><strong>agnoscas.</strong></span> <span class='ocrx_word' id='word_1_745' title='bbox 2818 3407 2952 3475; x_wconf 89' lang='lat' dir='ltr'><strong>Quis</strong></span> <span class='ocrx_word' id='word_1_746' title='bbox 2982 3408 3173 3481; x_wconf 89' lang='lat' dir='ltr'><strong>igitur,</strong></span> <span class='ocrx_word' id='word_1_747' title='bbox 3208 3410 3411 3481; x_wconf 88' lang='lat' dir='ltr'><strong>inquit,</strong></span> <span class='ocrx_word' id='word_1_748' title='bbox 3446 3425 3539 3464; x_wconf 81' lang='lat' dir='ltr'><strong>se-</strong></span> 
     </span>
    </p>
   </div>
   <div class='ocr_carea' id='block_1_94' title="bbox 1930 3498 3537 3559">
    <p class='ocr_par' dir='ltr' id='par_1_94' title="bbox 1930 3498 3537 3559">
     <span class='ocr_line' id='line_1_94' title="bbox 1930 3498 3537 3559; baseline 0.002 -4"><span class='ocrx_word' id='word_1_749' title='bbox 1930 3500 2135 3556; x_wconf 90' lang='lat' dir='ltr'><strong>cundus</strong></span> <span class='ocrx_word' id='word_1_750' title='bbox 2157 3509 2239 3556; x_wconf 89' lang='lat' dir='ltr'><strong>est</strong></span> <span class='ocrx_word' id='word_1_751' title='bbox 2263 3499 2468 3555; x_wconf 91' lang='lat' dir='ltr'><strong>homo?</strong></span> <span class='ocrx_word' id='word_1_752' title='bbox 2492 3498 2746 3555; x_wconf 87' lang='lat' dir='ltr'><strong>Dominus</strong></span> <span class='ocrx_word' id='word_1_753' title='bbox 2766 3501 2831 3556; x_wconf 87' lang='lat' dir='ltr'><strong>de</strong></span> <span class='ocrx_word' id='word_1_754' title='bbox 2854 3502 3000 3557; x_wconf 75' lang='lat' dir='ltr'><strong>cwlo.</strong></span> <span class='ocrx_word' id='word_1_755' title='bbox 3045 3504 3115 3557; x_wconf 84' lang='lat' dir='ltr'><strong>At</strong></span> <span class='ocrx_word' id='word_1_756' title='bbox 3134 3504 3278 3558; x_wconf 90' lang='lat' dir='ltr'><strong>enim</strong></span> <span class='ocrx_word' id='word_1_757' title='bbox 3308 3505 3537 3559; x_wconf 86' lang='lat' dir='ltr'><strong>scanda-</strong></span> 
     </span>
    </p>
   </div>
   <div class='ocr_carea' id='block_1_95' title="bbox 1933 3591 3538 3663">
    <p class='ocr_par' dir='ltr' id='par_1_95' title="bbox 1933 3591 3538 3663">
     <span class='ocr_line' id='line_1_95' title="bbox 1933 3591 3538 3663; baseline 0.004 -18"><span class='ocrx_word' id='word_1_758' title='bbox 1933 3591 2057 3646; x_wconf 82' lang='lat' dir='ltr'><strong>lizat</strong></span> <span class='ocrx_word' id='word_1_759' title='bbox 2080 3607 2166 3647; x_wconf 92' lang='lat' dir='ltr'><strong>me</strong></span> <span class='ocrx_word' id='word_1_760' title='bbox 2188 3591 2338 3647; x_wconf 89' lang='lat' dir='ltr'><strong>locus</strong></span> <span class='ocrx_word' id='word_1_761' title='bbox 2358 3633 2373 3657; x_wconf 94' lang='lat'><strong>,</strong></span> <span class='ocrx_word' id='word_1_762' title='bbox 2406 3592 2616 3663; x_wconf 89' lang='lat' dir='ltr'><strong>inquit,</strong></span> <span class='ocrx_word' id='word_1_763' title='bbox 2646 3602 2701 3648; x_wconf 90' lang='lat' dir='ltr'><strong>et</strong></span> <span class='ocrx_word' id='word_1_764' title='bbox 2724 3592 2866 3663; x_wconf 89' lang='lat' dir='ltr'><strong>quod</strong></span> <span class='ocrx_word' id='word_1_765' title='bbox 2894 3592 3102 3647; x_wconf 87' lang='lat' dir='ltr'><strong>dicatur</strong></span> <span class='ocrx_word' id='word_1_766' title='bbox 3132 3592 3196 3647; x_wconf 79' lang='lat' dir='ltr'><strong>de</strong></span> <span class='ocrx_word' id='word_1_767' title='bbox 3224 3596 3369 3649; x_wconf 60' lang='lat' dir='ltr'><strong>celo.</strong></span> <span class='ocrx_word' id='word_1_768' title='bbox 3402 3596 3538 3652; x_wconf 81' lang='lat' dir='ltr'><strong>Cum</strong></span> 
     </span>
    </p>
   </div>
   <div class='ocr_carea' id='block_1_96' title="bbox 1931 3685 3539 3757">
    <p class='ocr_par' dir='ltr' id='par_1_96' title="bbox 1931 3685 3539 3757">
     <span class='ocr_line' id='line_1_96' title="bbox 1931 3685 3539 3757; baseline 0.004 -18"><span class='ocrx_word' id='word_1_769' title='bbox 1931 3686 2085 3741; x_wconf 88' lang='lat' dir='ltr'><strong>audis</strong></span> <span class='ocrx_word' id='word_1_770' title='bbox 2109 3685 2339 3757; x_wconf 87' lang='lat' dir='ltr'><strong>primum</strong></span> <span class='ocrx_word' id='word_1_771' title='bbox 2370 3686 2641 3741; x_wconf 90' lang='lat' dir='ltr'><strong>hominem</strong></span> <span class='ocrx_word' id='word_1_772' title='bbox 2674 3685 2940 3741; x_wconf 81' lang='lat' dir='ltr'><strong>Adamum</strong></span> <span class='ocrx_word' id='word_1_773' title='bbox 2962 3702 3084 3742; x_wconf 88' lang='lat' dir='ltr'><strong>esse</strong></span> <span class='ocrx_word' id='word_1_774' title='bbox 3112 3687 3180 3744; x_wconf 91' lang='lat' dir='ltr'><strong>de</strong></span> <span class='ocrx_word' id='word_1_775' title='bbox 3205 3697 3343 3742; x_wconf 87' lang='lat' dir='ltr'><strong>terra</strong></span> <span class='ocrx_word' id='word_1_776' title='bbox 3368 3698 3539 3745; x_wconf 87' lang='lat' dir='ltr'><strong>terre-</strong></span> 
     </span>
    </p>
   </div>
   <div class='ocr_carea' id='block_1_97' title="bbox 1932 3777 3542 3848">
    <p class='ocr_par' dir='ltr' id='par_1_97' title="bbox 1932 3777 3542 3848">
     <span class='ocr_line' id='line_1_97' title="bbox 1932 3777 3542 3848; baseline 0.001 -17"><span class='ocrx_word' id='word_1_777' title='bbox 1932 3792 2095 3843; x_wconf 91' lang='lat' dir='ltr'><strong>num,</strong></span> <span class='ocrx_word' id='word_1_778' title='bbox 2150 3777 2407 3847; x_wconf 91' lang='lat' dir='ltr'><strong>numquid</strong></span> <span class='ocrx_word' id='word_1_779' title='bbox 2461 3791 2584 3832; x_wconf 87' lang='lat' dir='ltr'><strong>esse</strong></span> <span class='ocrx_word' id='word_1_780' title='bbox 2638 3785 2950 3833; x_wconf 88' lang='lat' dir='ltr'><strong>terrestrem</strong></span> <span class='ocrx_word' id='word_1_781' title='bbox 2996 3779 3172 3848; x_wconf 87' lang='lat' dir='ltr'><strong>ipsum</strong></span> <span class='ocrx_word' id='word_1_782' title='bbox 3212 3778 3542 3835; x_wconf 86' lang='lat' dir='ltr'><strong>arbitraris?</strong></span> 
     </span>
    </p>
   </div>
   <div class='ocr_carea' id='block_1_98' title="bbox 1932 3867 3538 3941">
    <p class='ocr_par' dir='ltr' id='par_1_98' title="bbox 1932 3867 3538 3941">
     <span class='ocr_line' id='line_1_98' title="bbox 1932 3867 3538 3941; baseline 0.002 -19"><span class='ocrx_word' id='word_1_783' title='bbox 1932 3867 2189 3939; x_wconf 90' lang='lat' dir='ltr'><strong>numquid</strong></span> <span class='ocrx_word' id='word_1_784' title='bbox 2238 3876 2509 3923; x_wconf 90' lang='lat' dir='ltr'><strong>terrenum</strong></span> <span class='ocrx_word' id='word_1_785' title='bbox 2559 3883 2681 3924; x_wconf 86' lang='lat' dir='ltr'><strong>esse</strong></span> <span class='ocrx_word' id='word_1_786' title='bbox 2729 3878 2933 3923; x_wconf 84' lang='lat' dir='ltr'><strong>tantum</strong></span> <span class='ocrx_word' id='word_1_787' title='bbox 2980 3868 3305 3939; x_wconf 79' lang='lat' dir='ltr'><strong>suSpicaris,</strong></span> <span class='ocrx_word' id='word_1_788' title='bbox 3361 3886 3538 3941; x_wconf 88' lang='lat' dir='ltr'><strong>neque</strong></span> 
     </span>
    </p>
   </div>
   <div class='ocr_carea' id='block_1_99' title="bbox 1932 3959 3533 4031">
    <p class='ocr_par' dir='ltr' id='par_1_99' title="bbox 1932 3959 3533 4031">
     <span class='ocr_line' id='line_1_99' title="bbox 1932 3959 3533 4031; baseline 0.001 -16"><span class='ocrx_word' id='word_1_789' title='bbox 1932 3962 2183 4016; x_wconf 87' lang='lat' dir='ltr'><strong>virtutem</strong></span> <span class='ocrx_word' id='word_1_790' title='bbox 2231 3961 2517 4031; x_wconf 85' lang='lat' dir='ltr'><strong>quamdam</strong></span> <span class='ocrx_word' id='word_1_791' title='bbox 2559 3962 2933 4031; x_wconf 91' lang='lat' dir='ltr'><strong>incorpoream</strong></span> <span class='ocrx_word' id='word_1_792' title='bbox 2989 3959 3222 4027; x_wconf 89' lang='lat' dir='ltr'><strong>habere,</strong></span> <span class='ocrx_word' id='word_1_793' title='bbox 3272 3961 3533 4027; x_wconf 88' lang='lat' dir='ltr'><strong>animam,</strong></span> 
     </span>
    </p>
   </div>
   <div class='ocr_carea' id='block_1_100' title="bbox 1933 4050 3542 4122">
    <p class='ocr_par' dir='ltr' id='par_1_100' title="bbox 1933 4050 3542 4122">
     <span class='ocr_line' id='line_1_100' title="bbox 1933 4050 3542 4122; baseline 0 -15"><span class='ocrx_word' id='word_1_794' title='bbox 1933 4051 2149 4121; x_wconf 87' lang='lat' dir='ltr'><strong>inquam</strong></span> <span class='ocrx_word' id='word_1_795' title='bbox 2174 4092 2189 4116; x_wconf 92' lang='lat'><strong>,</strong></span> <span class='ocrx_word' id='word_1_796' title='bbox 2239 4051 2462 4122; x_wconf 89' lang='lat' dir='ltr'><strong>ejusque</strong></span> <span class='ocrx_word' id='word_1_797' title='bbox 2510 4052 2801 4106; x_wconf 84' lang='lat' dir='ltr'><strong>naturam?</strong></span> <span class='ocrx_word' id='word_1_798' title='bbox 2848 4051 2915 4106; x_wconf 86' lang='lat' dir='ltr'><strong>Et</strong></span> <span class='ocrx_word' id='word_1_799' title='bbox 2950 4052 3069 4122; x_wconf 90' lang='lat' dir='ltr'><strong>quis</strong></span> <span class='ocrx_word' id='word_1_800' title='bbox 3109 4050 3213 4107; x_wconf 91' lang='lat' dir='ltr'><strong>hoc</strong></span> <span class='ocrx_word' id='word_1_801' title='bbox 3256 4052 3441 4107; x_wconf 79' lang='lat' dir='ltr'><strong>dicat?</strong></span> <span class='ocrx_word' id='word_1_802' title='bbox 3473 4053 3542 4109; x_wconf 84' lang='lat' dir='ltr'><strong>Ut</strong></span> 
     </span>
    </p>
   </div>
   <div class='ocr_carea' id='block_1_101' title="bbox 1932 4143 3537 4215">
    <p class='ocr_par' dir='ltr' id='par_1_101' title="bbox 1932 4143 3537 4215">
     <span class='ocr_line' id='line_1_101' title="bbox 1932 4143 3537 4215; baseline -0.002 -14"><span class='ocrx_word' id='word_1_803' title='bbox 1932 4144 2096 4215; x_wconf 88' lang='lat' dir='ltr'><strong>igitur</strong></span> <span class='ocrx_word' id='word_1_804' title='bbox 2131 4160 2251 4201; x_wconf 90' lang='lat' dir='ltr'><strong>cum</strong></span> <span class='ocrx_word' id='word_1_805' title='bbox 2295 4144 2364 4199; x_wconf 91' lang='lat' dir='ltr'><strong>de</strong></span> <span class='ocrx_word' id='word_1_806' title='bbox 2404 4143 2611 4199; x_wconf 83' lang='lat' dir='ltr'><strong>Adamo</strong></span> <span class='ocrx_word' id='word_1_807' title='bbox 2638 4146 2793 4200; x_wconf 88' lang='lat' dir='ltr'><strong>audis</strong></span> <span class='ocrx_word' id='word_1_808' title='bbox 2832 4153 3106 4201; x_wconf 90' lang='lat' dir='ltr'><strong>terrenum</strong></span> <span class='ocrx_word' id='word_1_809' title='bbox 3138 4145 3313 4214; x_wconf 90' lang='lat' dir='ltr'><strong>ipsum</strong></span> <span class='ocrx_word' id='word_1_810' title='bbox 3347 4144 3537 4211; x_wconf 84' lang='lat' dir='ltr'><strong>fuisse,</strong></span> 
     </span>
    </p>
   </div>
   <div class='ocr_carea' id='block_1_102' title="bbox 1934 4236 3539 4308">
    <p class='ocr_par' dir='ltr' id='par_1_102' title="bbox 1934 4236 3539 4308">
     <span class='ocr_line' id='line_1_102' title="bbox 1934 4236 3539 4308; baseline 0.001 -16"><span class='ocrx_word' id='word_1_811' title='bbox 1934 4252 2042 4292; x_wconf 93' lang='lat' dir='ltr'><strong>nou</strong></span> <span class='ocrx_word' id='word_1_812' title='bbox 2086 4236 2400 4293; x_wconf 91' lang='lat' dir='ltr'><strong>destitutum</strong></span> <span class='ocrx_word' id='word_1_813' title='bbox 2448 4238 2627 4292; x_wconf 89' lang='lat' dir='ltr'><strong>anima</strong></span> <span class='ocrx_word' id='word_1_814' title='bbox 2669 4237 2834 4294; x_wconf 87' lang='lat' dir='ltr'><strong>fuisse</strong></span> <span class='ocrx_word' id='word_1_815' title='bbox 2872 4252 3068 4307; x_wconf 88' lang='lat' dir='ltr'><strong>corpus</strong></span> <span class='ocrx_word' id='word_1_816' title='bbox 3097 4238 3386 4308; x_wconf 87' lang='lat' dir='ltr'><strong>suspicaris</strong></span> <span class='ocrx_word' id='word_1_817' title='bbox 3418 4255 3434 4293; x_wconf 87' lang='lat'><strong>:</strong></span> <span class='ocrx_word' id='word_1_818' title='bbox 3468 4240 3539 4295; x_wconf 78' lang='lat' dir='ltr'><strong>ita</strong></span> 
     </span>
    </p>
   </div>
   <div class='ocr_carea' id='block_1_103' title="bbox 1932 4327 3541 4394">
    <p class='ocr_par' dir='ltr' id='par_1_103' title="bbox 1932 4327 3541 4394">
     <span class='ocr_line' id='line_1_103' title="bbox 1932 4327 3541 4394; baseline 0.002 -12"><span class='ocrx_word' id='word_1_819' title='bbox 1932 4342 2056 4383; x_wconf 92' lang='lat' dir='ltr'><strong>cum</strong></span> <span class='ocrx_word' id='word_1_820' title='bbox 2085 4329 2239 4383; x_wconf 89' lang='lat' dir='ltr'><strong>audis</strong></span> <span class='ocrx_word' id='word_1_821' title='bbox 2261 4370 2277 4393; x_wconf 93' lang='lat'><strong>,</strong></span> <span class='ocrx_word' id='word_1_822' title='bbox 2308 4327 2555 4383; x_wconf 85' lang='lat' dir='ltr'><strong>Dominus</strong></span> <span class='ocrx_word' id='word_1_823' title='bbox 2577 4329 2641 4383; x_wconf 84' lang='lat' dir='ltr'><strong>de</strong></span> <span class='ocrx_word' id='word_1_824' title='bbox 2662 4330 2805 4394; x_wconf 70' lang='lat' dir='ltr'><strong>calo,</strong></span> <span class='ocrx_word' id='word_1_825' title='bbox 2852 4328 2959 4385; x_wconf 87' lang='lat' dir='ltr'><strong>noli</strong></span> <span class='ocrx_word' id='word_1_826' title='bbox 2988 4330 3412 4386; x_wconf 89' lang='lat' dir='ltr'><strong>incarnationem</strong></span> <span class='ocrx_word' id='word_1_827' title='bbox 3448 4347 3541 4387; x_wconf 84' lang='lat' dir='ltr'><strong>ue-</strong></span> 
     </span>
    </p>
   </div>
   <div class='ocr_carea' id='block_1_104' title="bbox 1933 4420 3536 4494">
    <p class='ocr_par' dir='ltr' id='par_1_104' title="bbox 1933 4420 3536 4494">
     <span class='ocr_line' id='line_1_104' title="bbox 1933 4420 3536 4494; baseline 0.002 -18"><span class='ocrx_word' id='word_1_828' title='bbox 1933 4436 2091 4492; x_wconf 86' lang='lat' dir='ltr'><strong>gare,</strong></span> <span class='ocrx_word' id='word_1_829' title='bbox 2130 4420 2275 4490; x_wconf 92' lang='lat' dir='ltr'><strong>quod</strong></span> <span class='ocrx_word' id='word_1_830' title='bbox 2302 4421 2619 4492; x_wconf 89' lang='lat' dir='ltr'><strong>adjiciatur,</strong></span> <span class='ocrx_word' id='word_1_831' title='bbox 2668 4421 2732 4475; x_wconf 85' lang='lat' dir='ltr'><strong>de</strong></span> <span class='ocrx_word' id='word_1_832' title='bbox 2757 4422 2910 4479; x_wconf 64' lang='lat' dir='ltr'><strong>cado.</strong></span> <span class='ocrx_word' id='word_1_833' title='bbox 2954 4422 3137 4493; x_wconf 85' lang='lat' dir='ltr'><strong>Itaque</strong></span> <span class='ocrx_word' id='word_1_834' title='bbox 3162 4423 3273 4493; x_wconf 90' lang='lat' dir='ltr'><strong>jam</strong></span> <span class='ocrx_word' id='word_1_835' title='bbox 3305 4424 3536 4494; x_wconf 80' lang='lat' dir='ltr'><strong>primum</strong></span> 
     </span>
    </p>
   </div>
   <div class='ocr_carea' id='block_1_105' title="bbox 1934 4511 3540 4569">
    <p class='ocr_par' dir='ltr' id='par_1_105' title="bbox 1934 4511 3540 4569">
     <span class='ocr_line' id='line_1_105' title="bbox 1934 4511 3540 4569; baseline 0.001 -2"><span class='ocrx_word' id='word_1_836' title='bbox 1934 4527 2129 4567; x_wconf 90' lang='lat' dir='ltr'><strong>nomen</strong></span> <span class='ocrx_word' id='word_1_837' title='bbox 2159 4511 2445 4567; x_wconf 83' lang='lat' dir='ltr'><strong>sufficienti</strong></span> <span class='ocrx_word' id='word_1_838' title='bbox 2470 4511 2787 4568; x_wconf 80' lang='lat' dir='ltr'><strong>defensione</strong></span> <span class='ocrx_word' id='word_1_839' title='bbox 2815 4513 3200 4568; x_wconf 88' lang='lat' dir='ltr'><strong>communitum</strong></span> <span class='ocrx_word' id='word_1_840' title='bbox 3229 4521 3313 4569; x_wconf 89' lang='lat' dir='ltr'><strong>est</strong></span> <span class='ocrx_word' id='word_1_841' title='bbox 3346 4531 3359 4568; x_wconf 92' lang='lat'>:</span> <span class='ocrx_word' id='word_1_842' title='bbox 3393 4515 3540 4569; x_wconf 83' lang='lat' dir='ltr'><strong>Ada-</strong></span> 
     </span>
    </p>
   </div>
   <div class='ocr_carea' id='block_1_106' title="bbox 1934 4603 3538 4671">
    <p class='ocr_par' dir='ltr' id='par_1_106' title="bbox 1934 4603 3538 4671">
     <span class='ocr_line' id='line_1_106' title="bbox 1934 4603 3538 4671; baseline 0.003 -15"><span class='ocrx_word' id='word_1_843' title='bbox 1934 4618 2056 4658; x_wconf 89' lang='lat' dir='ltr'><strong>mus</strong></span> <span class='ocrx_word' id='word_1_844' title='bbox 2084 4604 2229 4659; x_wconf 63' lang='lat' dir='ltr'><strong>enim</strong></span> <span class='ocrx_word' id='word_1_845' title='bbox 2278 4612 2501 4659; x_wconf 88' lang='lat' dir='ltr'><strong>vocatus</strong></span> <span class='ocrx_word' id='word_1_846' title='bbox 2548 4612 2633 4659; x_wconf 90' lang='lat' dir='ltr'><strong>est</strong></span> <span class='ocrx_word' id='word_1_847' title='bbox 2670 4603 2737 4659; x_wconf 90' lang='lat' dir='ltr'><strong>de</strong></span> <span class='ocrx_word' id='word_1_848' title='bbox 2781 4604 2999 4659; x_wconf 90' lang='lat' dir='ltr'><strong>nomine</strong></span> <span class='ocrx_word' id='word_1_849' title='bbox 3047 4604 3264 4671; x_wconf 89' lang='lat' dir='ltr'><strong>matris,</strong></span> <span class='ocrx_word' id='word_1_850' title='bbox 3298 4622 3364 4660; x_wconf 90' lang='lat' dir='ltr'><strong>ne</strong></span> <span class='ocrx_word' id='word_1_851' title='bbox 3398 4608 3538 4662; x_wconf 86' lang='lat' dir='ltr'><strong>ultra</strong></span> 
     </span>
    </p>
   </div>
   <div class='ocr_carea' id='block_1_107' title="bbox 1936 4697 3545 4768">
    <p class='ocr_par' dir='ltr' id='par_1_107' title="bbox 1936 4697 3545 4768">
     <span class='ocr_line' id='line_1_107' title="bbox 1936 4697 3545 4768; baseline 0.003 -18"><span class='ocrx_word' id='word_1_852' title='bbox 1936 4712 2097 4767; x_wconf 91' lang='lat' dir='ltr'><strong>quam</strong></span> <span class='ocrx_word' id='word_1_853' title='bbox 2144 4698 2285 4753; x_wconf 90' lang='lat' dir='ltr'><strong>vires</strong></span> <span class='ocrx_word' id='word_1_854' title='bbox 2315 4697 2434 4766; x_wconf 88' lang='lat' dir='ltr'><strong>ejus</strong></span> <span class='ocrx_word' id='word_1_855' title='bbox 2458 4698 2663 4762; x_wconf 89' lang='lat' dir='ltr'><strong>ferant,</strong></span> <span class='ocrx_word' id='word_1_856' title='bbox 2691 4697 2759 4753; x_wconf 91' lang='lat' dir='ltr'><strong>de</strong></span> <span class='ocrx_word' id='word_1_857' title='bbox 2790 4712 2850 4752; x_wconf 89' lang='lat' dir='ltr'><strong>se</strong></span> <span class='ocrx_word' id='word_1_858' title='bbox 2876 4697 3157 4768; x_wconf 86' lang='lat' dir='ltr'><strong>magnifice</strong></span> <span class='ocrx_word' id='word_1_859' title='bbox 3206 4700 3433 4765; x_wconf 88' lang='lat' dir='ltr'><strong>sentiat,</strong></span> <span class='ocrx_word' id='word_1_860' title='bbox 3487 4711 3545 4755; x_wconf 88' lang='lat' dir='ltr'><strong>et</strong></span> 
     </span>
    </p>
   </div>
   <div class='ocr_carea' id='block_1_108' title="bbox 1934 4788 3537 4861">
    <p class='ocr_par' dir='ltr' id='par_1_108' title="bbox 1934 4788 3537 4861">
     <span class='ocr_line' id='line_1_108' title="bbox 1934 4788 3537 4861; baseline 0.002 -18"><span class='ocrx_word' id='word_1_861' title='bbox 1934 4788 2131 4845; x_wconf 90' lang='lat' dir='ltr'><strong>diaboli</strong></span> <span class='ocrx_word' id='word_1_862' title='bbox 2167 4789 2441 4845; x_wconf 88' lang='lat' dir='ltr'><strong>fraudibus</strong></span> <span class='ocrx_word' id='word_1_863' title='bbox 2486 4789 2645 4844; x_wconf 88' lang='lat' dir='ltr'><strong>nullis</strong></span> <span class='ocrx_word' id='word_1_864' title='bbox 2691 4790 2859 4859; x_wconf 88' lang='lat' dir='ltr'><strong>possit</strong></span> <span class='ocrx_word' id='word_1_865' title='bbox 2888 4791 3204 4861; x_wconf 75' lang='lat' dir='ltr'><strong>expugnari.</strong></span> <span class='ocrx_word' id='word_1_866' title='bbox 3257 4791 3537 4861; x_wconf 87' lang='lat' dir='ltr'><strong>Siquidem</strong></span> 
     </span>
    </p>
   </div>
   <div class='ocr_carea' id='block_1_109' title="bbox 1935 4881 3534 4954">
    <p class='ocr_par' dir='ltr' id='par_1_109' title="bbox 1935 4881 3534 4954">
     <span class='ocr_line' id='line_1_109' title="bbox 1935 4881 3534 4954; baseline 0.002 -18"><span class='ocrx_word' id='word_1_867' title='bbox 1935 4882 2111 4938; x_wconf 89' lang='lat' dir='ltr'><strong>aiebat</strong></span> <span class='ocrx_word' id='word_1_868' title='bbox 2145 4898 2157 4935; x_wconf 92' lang='lat'><strong>:</strong></span> <span class='ocrx_word' id='word_1_869' title='bbox 2204 4881 2361 4936; x_wconf 84' lang='lat' dir='ltr'><strong>Erilis</strong></span> <span class='ocrx_word' id='word_1_870' title='bbox 2379 4883 2506 4936; x_wconf 86' lang='lat' dir='ltr'><strong>sicut</strong></span> <span class='ocrx_word' id='word_1_871' title='bbox 2527 4881 2620 4935; x_wconf 82' lang='lat' dir='ltr'><strong>dii.</strong></span> <span class='ocrx_word' id='word_1_872' title='bbox 2655 4883 2769 4953; x_wconf 83' lang='lat' dir='ltr'><strong>Age</strong></span> <span class='ocrx_word' id='word_1_873' title='bbox 2799 4898 2937 4937; x_wconf 91' lang='lat' dir='ltr'><strong>nunc</strong></span> <span class='ocrx_word' id='word_1_874' title='bbox 2953 4882 3093 4952; x_wconf 91' lang='lat' dir='ltr'><strong>quod</strong></span> <span class='ocrx_word' id='word_1_875' title='bbox 3127 4883 3392 4954; x_wconf 84' lang='lat' dir='ltr'><strong>reliquum</strong></span> <span class='ocrx_word' id='word_1_876' title='bbox 3416 4895 3499 4940; x_wconf 86' lang='lat' dir='ltr'><strong>est</strong></span> <span class='ocrx_word' id='word_1_877' title='bbox 3522 4928 3534 4949; x_wconf 84' lang='lat'><strong>,</strong></span> 
     </span>
    </p>
   </div>
   <div class='ocr_carea' id='block_1_110' title="bbox 1933 4975 3537 5050">
    <p class='ocr_par' dir='ltr' id='par_1_110' title="bbox 1933 4975 3537 5050">
     <span class='ocr_line' id='line_1_110' title="bbox 1933 4975 3537 5050; baseline 0.004 -19"><span class='ocrx_word' id='word_1_878' title='bbox 1933 4976 2000 5032; x_wconf 88' lang='lat' dir='ltr'><strong>ad</strong></span> <span class='ocrx_word' id='word_1_879' title='bbox 2027 4976 2253 5031; x_wconf 86' lang='lat' dir='ltr'><strong>alterum</strong></span> <span class='ocrx_word' id='word_1_880' title='bbox 2285 4975 2508 5046; x_wconf 89' lang='lat' dir='ltr'><strong>gradum</strong></span> <span class='ocrx_word' id='word_1_881' title='bbox 2537 4976 2795 5033; x_wconf 87' lang='lat' dir='ltr'><strong>facientes</strong></span> <span class='ocrx_word' id='word_1_882' title='bbox 2816 5019 2831 5043; x_wconf 87' lang='lat'><strong>,</strong></span> <span class='ocrx_word' id='word_1_883' title='bbox 2856 4978 2944 5047; x_wconf 88' lang='lat' dir='ltr'><strong>qui</strong></span> <span class='ocrx_word' id='word_1_884' title='bbox 2975 4987 3098 5033; x_wconf 88' lang='lat' dir='ltr'><strong>ante</strong></span> <span class='ocrx_word' id='word_1_885' title='bbox 3128 4989 3336 5047; x_wconf 83' lang='lat' dir='ltr'><strong>partum</strong></span> <span class='ocrx_word' id='word_1_886' title='bbox 3362 4980 3537 5050; x_wconf 85' lang='lat' dir='ltr'><strong>ipsum</strong></span> 
     </span>
    </p>
   </div>
   <div class='ocr_carea' id='block_1_111' title="bbox 1935 5054 3543 5139">
    <p class='ocr_par' dir='ltr' id='par_1_111' title="bbox 1935 5054 3543 5139">
     <span class='ocr_line' id='line_1_111' title="bbox 1935 5054 3543 5139; baseline 0.005 -20"><span class='ocrx_word' id='word_1_887' title='bbox 1935 5081 1963 5119; x_wconf 82' lang='lat' dir='ltr'><strong>a</strong></span> <span class='ocrx_word' id='word_1_888' title='bbox 2012 5068 2123 5123; x_wconf 89' lang='lat' dir='ltr'><strong>Deo</strong></span> <span class='ocrx_word' id='word_1_889' title='bbox 2151 5082 2345 5123; x_wconf 88' lang='lat' dir='ltr'><strong>nomen</strong></span> <span class='ocrx_word' id='word_1_890' title='bbox 2389 5082 2534 5137; x_wconf 57' lang='lat' dir='ltr'><strong>accep</strong></span> <span class='ocrx_word' id='word_1_891' title='bbox 2554 5067 2626 5133; x_wconf 91' lang='lat' dir='ltr'><strong>it,</strong></span> <span class='ocrx_word' id='word_1_892' title='bbox 2673 5054 2839 5123; x_wconf 27' lang='lat' dir='ltr'><strong>linem‘</strong></span> <span class='ocrx_word' id='word_1_893' title='bbox 2863 5068 3072 5124; x_wconf 89' lang='lat' dir='ltr'><strong>dicendi</strong></span> <span class='ocrx_word' id='word_1_894' title='bbox 3106 5069 3382 5125; x_wconf 86' lang='lat' dir='ltr'><strong>faciamus.</strong></span> <span class='ocrx_word' id='word_1_895' title='bbox 3411 5072 3543 5139; x_wconf 86' lang='lat' dir='ltr'><strong>Quis</strong></span> 
     </span>
    </p>
   </div>
   <div class='ocr_carea' id='block_1_112' title="bbox 1936 5158 3541 5232">
    <p class='ocr_par' dir='ltr' id='par_1_112' title="bbox 1936 5158 3541 5232">
     <span class='ocr_line' id='line_1_112' title="bbox 1936 5158 3541 5232; baseline 0.004 -19"><span class='ocrx_word' id='word_1_896' title='bbox 1936 5159 2095 5229; x_wconf 88' lang='lat' dir='ltr'><strong>igitur</strong></span> <span class='ocrx_word' id='word_1_897' title='bbox 2126 5167 2246 5229; x_wconf 89' lang='lat' dir='ltr'><strong>post</strong></span> <span class='ocrx_word' id='word_1_898' title='bbox 2288 5158 2552 5214; x_wconf 85' lang='lat' dir='ltr'><strong>Adamum</strong></span> <span class='ocrx_word' id='word_1_899' title='bbox 2582 5176 2610 5213; x_wconf 91' lang='lat' dir='ltr'><strong>a</strong></span> <span class='ocrx_word' id='word_1_900' title='bbox 2630 5158 2741 5213; x_wconf 89' lang='lat' dir='ltr'><strong>Deo</strong></span> <span class='ocrx_word' id='word_1_901' title='bbox 2770 5174 2964 5215; x_wconf 89' lang='lat' dir='ltr'><strong>nomen</strong></span> <span class='ocrx_word' id='word_1_902' title='bbox 2995 5160 3301 5232; x_wconf 85' lang='lat' dir='ltr'><strong>priusquam</strong></span> <span class='ocrx_word' id='word_1_903' title='bbox 3346 5177 3541 5219; x_wconf 87' lang='lat' dir='ltr'><strong>nasce-</strong></span> 
     </span>
    </p>
   </div>
   <div class='ocr_carea' id='block_1_113' title="bbox 1936 5249 3548 5323">
    <p class='ocr_par' dir='ltr' id='par_1_113' title="bbox 1936 5249 3548 5323">
     <span class='ocr_line' id='line_1_113' title="bbox 1936 5249 3548 5323; baseline 0.004 -18"><span class='ocrx_word' id='word_1_904' title='bbox 1936 5259 2085 5306; x_wconf 89' lang='lat' dir='ltr'><strong>retur</strong></span> <span class='ocrx_word' id='word_1_905' title='bbox 2114 5251 2359 5321; x_wconf 87' lang='lat' dir='ltr'><strong>aceepit?</strong></span> <span class='ocrx_word' id='word_1_906' title='bbox 2415 5252 2584 5307; x_wconf 88' lang='lat' dir='ltr'><strong>Isaac.</strong></span> <span class='ocrx_word' id='word_1_907' title='bbox 2634 5249 2768 5307; x_wconf 84' lang='lat' dir='ltr'><strong>Ecce</strong></span> <span class='ocrx_word' id='word_1_908' title='bbox 2805 5253 2985 5319; x_wconf 87' lang='lat' dir='ltr'><strong>enim,</strong></span> <span class='ocrx_word' id='word_1_909' title='bbox 3033 5253 3238 5323; x_wconf 89' lang='lat' dir='ltr'><strong>inquit,</strong></span> <span class='ocrx_word' id='word_1_910' title='bbox 3296 5272 3427 5310; x_wconf 73' lang='lat' dir='ltr'><strong>uxor</strong></span> <span class='ocrx_word' id='word_1_911' title='bbox 3457 5267 3548 5311; x_wconf 74' lang='lat' dir='ltr'><strong>tua</strong></span> 
     </span>
    </p>
   </div>
   <div class='ocr_carea' id='block_1_114' title="bbox 1938 5343 3544 5416">
    <p class='ocr_par' dir='ltr' id='par_1_114' title="bbox 1938 5343 3544 5416">
     <span class='ocr_line' id='line_1_114' title="bbox 1938 5343 3544 5416; baseline 0.004 -18"><span class='ocrx_word' id='word_1_912' title='bbox 1938 5343 2104 5399; x_wconf 88' lang='lat' dir='ltr'><strong>Sarra</strong></span> <span class='ocrx_word' id='word_1_913' title='bbox 2133 5344 2382 5415; x_wconf 85' lang='lat' dir='ltr'><strong>concipiet</strong></span> <span class='ocrx_word' id='word_1_914' title='bbox 2426 5346 2478 5398; x_wconf 87' lang='lat' dir='ltr'><strong>in</strong></span> <span class='ocrx_word' id='word_1_915' title='bbox 2506 5354 2679 5411; x_wconf 83' lang='lat' dir='ltr'><strong>utero,</strong></span> <span class='ocrx_word' id='word_1_916' title='bbox 2715 5355 2759 5398; x_wconf 89' lang='lat' dir='ltr'><strong>et</strong></span> <span class='ocrx_word' id='word_1_917' title='bbox 2783 5348 2944 5415; x_wconf 73' lang='lat' dir='ltr'><strong>pariet</strong></span> <span class='ocrx_word' id='word_1_918' title='bbox 3000 5348 3199 5416; x_wconf 84' lang='lat' dir='ltr'><strong>ﬁlium,</strong></span> <span class='ocrx_word' id='word_1_919' title='bbox 3246 5358 3293 5401; x_wconf 88' lang='lat' dir='ltr'><strong>et</strong></span> <span class='ocrx_word' id='word_1_920' title='bbox 3342 5352 3544 5404; x_wconf 78' lang='lat' dir='ltr'><strong>vocabis</strong></span> 
     </span>
    </p>
   </div>
   <div class='ocr_carea' id='block_1_115' title="bbox 1937 5435 3541 5511">
    <p class='ocr_par' dir='ltr' id='par_1_115' title="bbox 1937 5435 3541 5511">
     <span class='ocr_line' id='line_1_115' title="bbox 1937 5435 3541 5511; baseline 0.003 -20"><span class='ocrx_word' id='word_1_921' title='bbox 1937 5453 2118 5492; x_wconf 83' lang='lat' dir='ltr'><strong>nomen</strong></span> <span class='ocrx_word' id='word_1_922' title='bbox 2154 5441 2266 5509; x_wconf 85' lang='lat' dir='ltr'><strong>ejus</strong></span> <span class='ocrx_word' id='word_1_923' title='bbox 2294 5435 2446 5491; x_wconf 86' lang='lat' dir='ltr'><strong>Isaac</strong></span> <span class='ocrx_word' id='word_1_924' title='bbox 2474 5436 2625 5508; x_wconf 82' lang='lat' dir='ltr'><strong>(Gen.</strong></span> <span class='ocrx_word' id='word_1_925' title='bbox 2662 5439 2749 5493; x_wconf 80' lang='grc'><strong>17.</strong></span> <span class='ocrx_word' id='word_1_926' title='bbox 2771 5437 2883 5509; x_wconf 74' lang='lat' dir='ltr'><strong>i9).</strong></span> <span class='ocrx_word' id='word_1_927' title='bbox 2911 5438 3037 5493; x_wconf 87' lang='lat' dir='ltr'><strong>Cum</strong></span> <span class='ocrx_word' id='word_1_928' title='bbox 3068 5448 3236 5494; x_wconf 79' lang='lat' dir='ltr'><strong>autem</strong></span> <span class='ocrx_word' id='word_1_929' title='bbox 3269 5444 3541 5511; x_wconf 82' lang='lat' dir='ltr'><strong>peperisset</strong></span> 
     </span>
    </p>
   </div>
   <div class='ocr_carea' id='block_1_116' title="bbox 1936 5528 3541 5605">
    <p class='ocr_par' dir='ltr' id='par_1_116' title="bbox 1936 5528 3541 5605">
     <span class='ocr_line' id='line_1_116' title="bbox 1936 5528 3541 5605; baseline 0.003 -20"><span class='ocrx_word' id='word_1_930' title='bbox 1936 5550 2049 5585; x_wconf 81' lang='lat' dir='ltr'><strong>eum</strong></span> <span class='ocrx_word' id='word_1_931' title='bbox 2072 5577 2083 5591; x_wconf 83' lang='lat'><em>.</em></span> <span class='ocrx_word' id='word_1_932' title='bbox 2127 5532 2317 5586; x_wconf 76' lang='lat' dir='ltr'><strong>vocavit</strong></span> <span class='ocrx_word' id='word_1_933' title='bbox 2350 5549 2529 5586; x_wconf 78' lang='lat' dir='ltr'><strong>nomen</strong></span> <span class='ocrx_word' id='word_1_934' title='bbox 2568 5532 2677 5603; x_wconf 84' lang='lat' dir='ltr'><strong>ejus</strong></span> <span class='ocrx_word' id='word_1_935' title='bbox 2720 5528 2871 5585; x_wconf 85' lang='lat' dir='ltr'><strong>Isaac</strong></span> <span class='ocrx_word' id='word_1_936' title='bbox 2891 5574 2905 5599; x_wconf 90' lang='lat'><strong>,</strong></span> <span class='ocrx_word' id='word_1_937' title='bbox 2956 5533 3131 5587; x_wconf 81' lang='lat' dir='ltr'><strong>dicens</strong></span> <span class='ocrx_word' id='word_1_938' title='bbox 3163 5550 3181 5587; x_wconf 91' lang='lat'><strong><em>:</em></strong></span> <span class='ocrx_word' id='word_1_939' title='bbox 3211 5534 3391 5589; x_wconf 80' lang='lat' dir='ltr'><strong>Risum</strong></span> <span class='ocrx_word' id='word_1_940' title='bbox 3422 5538 3541 5605; x_wconf 79' lang='lat' dir='ltr'><strong>fecit</strong></span> 
     </span>
    </p>
   </div>
   <div class='ocr_carea' id='block_1_117' title="bbox 1936 5621 3542 5696">
    <p class='ocr_par' dir='ltr' id='par_1_117' title="bbox 1936 5621 3542 5696">
     <span class='ocr_line' id='line_1_117' title="bbox 1936 5621 3542 5696; baseline 0.004 -19"><span class='ocrx_word' id='word_1_941' title='bbox 1936 5624 2061 5677; x_wconf 83' lang='lat' dir='ltr'><strong>mihi</strong></span> <span class='ocrx_word' id='word_1_942' title='bbox 2084 5622 2219 5677; x_wconf 82' lang='lat' dir='ltr'><strong>Deus</strong></span> <span class='ocrx_word' id='word_1_943' title='bbox 2241 5622 2344 5691; x_wconf 85' lang='lat' dir='ltr'><strong>(lb.</strong></span> <span class='ocrx_word' id='word_1_944' title='bbox 2365 5623 2516 5678; x_wconf 65' lang='grc'><strong>215.</strong></span> <span class='ocrx_word' id='word_1_945' title='bbox 2540 5621 2615 5696; x_wconf 88' lang='lat'><strong>6).</strong></span> <span class='ocrx_word' id='word_1_946' title='bbox 2637 5623 2812 5691; x_wconf 88' lang='lat' dir='ltr'><strong>Quare</strong></span> <span class='ocrx_word' id='word_1_947' title='bbox 2830 5640 2958 5679; x_wconf 87' lang='lat' dir='ltr'><strong>vero</strong></span> <span class='ocrx_word' id='word_1_948' title='bbox 2972 5626 2994 5678; x_wconf 67' lang='grc' dir='ltr'><strong>’ἶ</strong></span> <span class='ocrx_word' id='word_1_949' title='bbox 3022 5625 3148 5692; x_wconf 80' lang='lat' dir='ltr'><strong>Quis</strong></span> <span class='ocrx_word' id='word_1_950' title='bbox 3171 5626 3321 5691; x_wconf 81' lang='lat' dir='ltr'><strong>enim,</strong></span> <span class='ocrx_word' id='word_1_951' title='bbox 3350 5627 3542 5696; x_wconf 87' lang='lat' dir='ltr'><strong>inquit,</strong></span> 
     </span>
    </p>
   </div>
   <div class='ocr_carea' id='block_1_118' title="bbox 1936 5716 3537 5787">
    <p class='ocr_par' dir='ltr' id='par_1_118' title="bbox 1936 5716 3537 5787">
     <span class='ocr_line' id='line_1_118' title="bbox 1936 5716 3537 5787; baseline 0.004 -21"><span class='ocrx_word' id='word_1_952' title='bbox 1936 5716 2255 5769; x_wconf 83' lang='lat' dir='ltr'><strong>annuntiabit</strong></span> <span class='ocrx_word' id='word_1_953' title='bbox 2296 5716 2582 5785; x_wconf 79' lang='lat' dir='ltr'><strong>Abraham,</strong></span> <span class='ocrx_word' id='word_1_954' title='bbox 2619 5716 2757 5786; x_wconf 85' lang='lat' dir='ltr'><strong>quod</strong></span> <span class='ocrx_word' id='word_1_955' title='bbox 2796 5716 2958 5772; x_wconf 87' lang='lat' dir='ltr'><strong>Sarra</strong></span> <span class='ocrx_word' id='word_1_956' title='bbox 2984 5718 3149 5783; x_wconf 81' lang='lat' dir='ltr'><strong>ﬁlium</strong></span> <span class='ocrx_word' id='word_1_957' title='bbox 3198 5717 3345 5770; x_wconf 77' lang='lat' dir='ltr'><strong>faetet</strong></span> <span class='ocrx_word' id='word_1_958' title='bbox 3374 5719 3537 5787; x_wconf 78' lang='lat' dir='ltr'><strong>(Ibid.</strong></span> 
     </span>
    </p>
   </div>
   <div class='ocr_carea' id='block_1_119' title="bbox 1942 5806 3542 5880">
    <p class='ocr_par' dir='ltr' id='par_1_119' title="bbox 1942 5806 3542 5880">
     <span class='ocr_line' id='line_1_119' title="bbox 1942 5806 3542 5880; baseline 0.006 -21"><span class='ocrx_word' id='word_1_959' title='bbox 1942 5822 1985 5861; x_wconf 71' lang='grc' dir='ltr'><strong>ιν.</strong></span> <span class='ocrx_word' id='word_1_960' title='bbox 2016 5808 2108 5879; x_wconf 68' lang='lat'><strong>7)?</strong></span> <span class='ocrx_word' id='word_1_961' title='bbox 2141 5807 2233 5863; x_wconf 88' lang='lat' dir='ltr'><strong>llic</strong></span> <span class='ocrx_word' id='word_1_962' title='bbox 2274 5806 2402 5863; x_wconf 88' lang='lat' dir='ltr'><strong>mihi</strong></span> <span class='ocrx_word' id='word_1_963' title='bbox 2455 5807 2740 5880; x_wconf 83' lang='lat' dir='ltr'><strong>diligenter</strong></span> <span class='ocrx_word' id='word_1_964' title='bbox 2786 5807 3045 5867; x_wconf 78' lang='lat' dir='ltr'><strong>attendite</strong></span> <span class='ocrx_word' id='word_1_965' title='bbox 3070 5851 3083 5877; x_wconf 92' lang='lat'><strong>,</strong></span> <span class='ocrx_word' id='word_1_966' title='bbox 3118 5816 3173 5863; x_wconf 92' lang='lat' dir='ltr'><strong>ut</strong></span> <span class='ocrx_word' id='word_1_967' title='bbox 3213 5810 3542 5868; x_wconf 82' lang='lat' dir='ltr'><strong>miraculum</strong></span> 
     </span>
    </p>
   </div>
  </div>
