4212 6290
694 348 784 421 lat

683 475 930 532 videatis.
962 475 1086 534 Non
1108 477 1280 542 dixit,
1303 473 1446 544 quod
1495 472 1796 544 pepererit,
1828 469 1925 526 sed
1949 462 2092 541 quod
2124 469 2274 523 Iactet

685 557 984 641 puerulum.
1009 567 1148 648 (Nam
1177 584 1256 622 ne-
1267 567 1405 624 forte
1427 567 1548 637 quis
1567 565 1964 648 supposititium
1995 560 2275 633 puerulum

1431 353 1488 418 s.
1516 351 1796 417 JOANNIS
1822 339 2298 414 ettnvsosrout
2337 355 2661 414 ARCHIEP.
2689 339 3224 416 consumimur.

3871 354 3972 422 IS!

2383 468 2488 524 stIo
2516 485 2531 521 :
2563 467 2699 524 dixit
2723 468 2791 526 de
2817 471 2972 527 nobis
2990 513 3004 536 ,
3030 471 3176 542 quod
3197 469 3322 528 Non
3346 488 3410 529 ea:
3435 475 3789 546 κηρύκεια,
3819 494 3986 548 neque

2383 561 2447 612 ea:
2471 559 2725 616 voluntate
2762 562 2931 615 carnis
2958 561 3131 618 simus
3158 562 3340 634 (Joan.
3375 565 3427 618 I.
3457 566 3569 637 £3).
3614 565 3736 635 Quo
3759 568 3978 623 tandem

682 645 1045 726 existiniarei,
1091 659 1306 729 genuini
1357 667 1540 728 partus
1596 656 1754 712 [idem
1808 646 2071 709 faciebam
2126 651 2279 706 Iactis
2383 643 2581 715 pacto?
2627 648 2812 720 Neque
2843 649 2990 706 Isaac
3014 666 3082 706 ex
3118 655 3466 724 sanguinibns
3502 655 3651 712 fuit:
3703 657 3982 714 Desierant

685 749 900 808 fontes:
931 753 1109 821 itaque
1137 748 1204 806 ex
1245 745 1615 806 recordatione
1653 747 1885 802 nominis
1911 746 2024 815 ipse
2064 756 2276 812 quoque

682 842 751 908 de
775 840 1004 904 mirabili
1039 835 1389 911 generatione
1417 839 1546 894 satis
1575 852 1842 909 superque
1890 833 2273 892 instruebatur.

679 923 970 1002 Propterea
998 929 1130 986 dicit
1163 949 1178 986 :
1206 930 1392 986 Risum
1417 931 1532 1002 fecit
1558 929 1682 983 mihi
1705 926 1874 992 Deus,
1905 924 2156 998 quOniam
2190 927 2276 979 vi-

680 1017 807 1077 dere
831 1031 947 1076 erat
969 1021 1258 1077 mulierem
1286 1016 1562 1077 senectute
1589 1016 1924 1084 confectam,
1953 1031 2073 1086 quae
2097 1016 2150 1070 in
2179 1029 2274 1070 ea-

681 1113 810 1167 nitie
859 1113 1094 1183 longaeva
1139 1113 1423 1168 lactentem
1469 1109 1749 1181 puerulum
1777 1109 2060 1164 educabat.
2089 1108 2274 1163 Atille

679 1205 820 1258 risus
851 1200 1079 1273 gratiam
1123 1201 1356 1256 divinam
1385 1205 1435 1256 in
1485 1211 1798 1256 memoriam
1845 1199 2168 1264 revocabat,
2220 1207 2275 1253 ct

679 1294 922 1349 lactentis
971 1289 1257 1349 nutricatio
1310 1291 1552 1347 miraculi
1599 1289 1727 1346 editi
1769 1290 1929 1346 Iidem
1983 1290 2213 1346 faciebat
2255 1307 2268 1344 :

681 1399 853 1449 neque
880 1386 1024 1438 enim
1051 1394 1258 1439 natura:
1303 1397 1440 1453 opus
1481 1383 1609 1438 illud
1638 1390 1794 1445 erat,
1841 1381 1934 1436 sed
1976 1390 2144 1435 tutum
2176 1379 2274 1435 fuit

678 1474 858 1543 gratiae
911 1473 1231 1546 prmelarum
1292 1470 1499 1528 facinus
1553 1473 1917 1528 tribuendum.
1979 1471 2270 1540 Pr0pterea

676 1559 870 1618 Paulus
911 1576 1125 1634 quoque
1165 1564 1321 1628 dicit,
1373 1563 1668 1619 Secundum
1728 1561 1880 1617 Isaac
1926 1563 2273 1633 prontissionis

673 1653 771 1722 filii
825 1659 1000 1709 sumus
1048 1654 1192 1728 (Gal.
1237 1656 1291 1710 4.
1333 1655 1451 1724 28).
1502 1649 1633 1710 Nam
1667 1653 2116 1723 quemadmodum
2163 1654 2273 1711 iIIic‘

673 1744 996 1813 onerabatur
1024 1747 1194 1814 gratia
1226 1763 1240 1799 :
1276 1747 1346 1799 ita
1377 1745 1464 1800 hic
1492 1761 1702 1815 quoque
1726 1743 1924 1814 prodiit
1952 1744 2042 1799 ille
2064 1752 2130 1800 ex
2151 1754 2270 1800 ute-

674 1851 734 1888 ro
757 1837 868 1905 jam
907 1835 1100 1906 frigido
1141 1847 1197 1891 et
1245 1836 1422 1891 elieto.
1471 1836 1776 1890 AScendisti
1820 1845 1876 1890 tu
1904 1844 1970 1891 ex
2003 1836 2155 1906 aquis
2180 1850 2273 1905 ge-

673 1926 795 1980 lidis
824 1945 838 1981 :
867 1927 1006 1996 quod
1035 1927 1196 1995 igitur
1219 1927 1294 1981 illi
1337 1926 1436 1982 fuit
1475 1937 1690 1994 uterus,
1718 1925 1811 1981 tibi
1856 1927 2126 1982 lavaérdm
2173 1927 2271 1988 fuit

670 2033 952 2088 aquarum.
1003 2017 1164 2072 Vides
1211 2028 1396 2087 partus
1421 2017 1836 2087 cognationem?
1883 2017 2034 2072 vides
2083 2016 2270 2087 gratia:

679 2105 1066 2161 concordiam?
1095 2106 1245 2160 vides
1272 2106 1468 2175 ubique
1511 2114 1757 2160 naturam
1803 2106 1956 2159 otiari
1975 2147 1989 2169 ,
2015 2114 2071 2160 et
2098 2113 2269 2160 totum

670 2196 766 2252 Dei
802 2199 1052 2253 virtutem
1083 2197 1334 2267 operari?
1374 2196 1576 2252 Idcirco
1624 2195 1920 2251 Secundum
1966 2195 2119 2250 Isaac
2146 2212 2268 2263 pro-

668 2289 925 2342 missionis
954 2298 1127 2342 sttmt‘ts
1167 2287 1283 2357 ﬁlii.
1307 2288 1376 2341 At
1403 2286 1547 2341 enim
1586 2295 1693 2340 una
1722 2283 1890 2341 restat
1913 2283 2089 2340 adhuc
2115 2293 2263 2355 φω-

718 2456 918 2467 ...ο-

2378 739 2515 792 enim
2542 737 2720 794 Same
2737 741 2849 808 ﬁeri
2867 737 3131 797 muliebria
3155 743 3266 815 ejus
3287 730 3444 816 (ea...
3473 747 3559 804 ts.
3582 748 3644 805 tt
3656 750 3697 820 ).
3725 750 3978 807 Obturati

2379 837 2534 882 erant
2553 828 2704 883 laetis
2727 829 2902 886 fontes
2920 873 2938 900 ,
2967 834 3174 889 sublata
3201 844 3316 891 erat
3337 840 3700 908 generationis
3721 841 3976 910 materia,

2379 915 2582 972 inutilis
2628 928 2832 976 natura:
2875 925 2993 976 erat
3035 924 3288 993 officina,
3334 936 3552 998 tumque
3601 931 3818 987 virtutis
3860 943 3980 988 sua

2380 1009 2521 1066 Deus
2546 1011 2822 1081 specimen
2868 1015 3056 1071 edidit.
3089 1017 3230 1074 Ecce
3280 1021 3654 1090 appellationis
3695 1023 3846 1080 Isaac
3873 1027 3976 1079 do-

2378 1101 2604 1157 ctrinatn
2651 1104 2911 1162 habemus
2955 1109 3276 1167 absolutam.
3319 1113 3507 1170 Restat
3553 1118 3730 1181 enim,
3780 1126 3863 1177 ut.
3905 1111 3977 1184 ad

2377 1194 2646 1249 Abraham
2665 1237 2682 1264 ,
2703 1207 2760 1252 et
2786 1198 2852 1253 ad
2881 1199 3022 1256 ﬁlios
3040 1201 3286 1258 Zebedaei
3306 1205 3633 1275 Petrumque
3651 1204 3934 1264 veniamus
3959 1228 3974 1263 :

2377 1282 2471 1338 sed
2501 1290 2572 1339 ne
2593 1287 2746 1342 vobis
2774 1297 2971 1345 nostra:
3014 1292 3276 1348 orationis
3311 1291 3588 1364 prolix’ita's
3614 1297 3830 1354 tedium
3881 1315 3970 1371 pr

2375 1376 2534 1443 riat,
2571 1376 2639 1431 ad
2707 1380 2931 1436 alterum
2985 1397 3290 1440 sermonem
3362 1386 3466 1443 ἰδίει
3519 1387 3868 1461 diﬂ'eremus,
3918 1404 3976 1452 et

2377 1467 2462 1522 hic
2529 1468 2691 1525 linem
2761 1471 2970 1528 dicendi
3044 1474 3299 1532 facientes
3370 1494 3468 1534 vos
3534 1479 3974 1554 cohortabimur,

2373 1560 2462 1628 qui
2504 1562 2798 1617 secundum
2841 1564 2988 1620 Isaac
3040 1567 3148 1621 uati
3197 1569 3359 1635 estis,
3392 1575 3452 1624 ut
3508 1575 3979 1640 mansuetudinem

2373 1648 2437 1703 ac
2494 1650 2814 1708 modestiam
2860 1654 3010 1711 Isaac
3071 1655 3390 1728 imitemini,
3441 1676 3764 1735 omnemque
3812 1669 3974 1726 aliam

2373 1741 2490 1810 ejus
2528 1743 2951 1816 philosophiam;
3007 1757 3064 1804 ut
3115 1753 3365 1820 precibus
3412 1753 3541 1825 juéti
3572 1756 3716 1814 illius
3769 1769 3828 1816 et
3876 1760 3975 1818 bo-

2372 1846 2490 1888 rum
2550 1838 2839 1906 praesulem
2877 1843 3119 1898 omnium
3163 1844 3372 1914 adjuti,
3409 1848 3476 1903 ad
3511 1851 3688 1906 sinum
3741 1853 3974 1912 Abraha:

2373 1924 2551 1980 ciincti
2580 1930 2862 1995 pervenire
2886 1934 3155 2001 possimus
3174 1977 3190 2004 ,
3218 1939 3384 2009 gratia
3413 1947 3468 1994 et
3495 1940 3822 2012 benignitate
3865 1945 3976 2002 Do-

2373 2014 2504 2069 mini
2549 2019 2718 2073 nostri
2772 2019 2898 2077 Jesu
2961 2021 3196 2089 Christi,
3255 2043 3352 2097 per
3391 2038 3551 2099 quem
3597 2040 3652 2086 et
3690 2048 3812 2088 cum
3863 2050 3978 2106 quo

2372 2106 2749 2182 Patrigloria,
2792 2113 2983 2181 honor,
3027 2119 3348 2190 imperium,
3393 2125 3660 2196 simulque
3684 2138 3875 2185 sancto
3917 2131 3977 2188 et
4067 2184 4069 2186 .

2372 2197 2583 2255 vivifico
2611 2199 2856 2272 Spiritui,
2891 2214 3035 2264 nunc
3056 2217 3111 2265 et
3139 2221 3372 2284 semper,
3402 2224 3456 2270 et
3478 2215 3532 2271 In
3561 2218 3756 2275 saecula
3795 2231 3978 2278 saeu-

2371 2288 2568 2346 Iorum.
2593 2293 2785 2351 Amen.

693 2649 779 2698 AD
808 2654 924 2701 EOS
954 2657 1064 2709 QUI
1107 2654 1295 2703 IPSUM
1338 2656 1935 2708 REPREHENDERANT
1977 2664 2057 2709 OB
2094 2643 2550 2709 PROOEMIORUII
2587 2665 3089 2720 Ριιοιιιιτλτκκ,
3118 2664 3293 2718 QUOD
3339 2661 3523 2708 UTILE
3567 2659 3664 2709 SIT
3697 2665 3945 2710 REPRI‘

773 2752 1128 2798 IIBNSIONES
1157 2758 1340 2809 EQUO
1382 2760 1574 2804 ANNIO
1606 2760 1854 2807 PEllRE:
1889 2765 1966 2808 ET
1995 2765 2121 2809 CUR
2150 2765 2356 2808 ωυιο
2389 2765 2510 2806 NON
2544 2765 2772 2808 STATIM
2802 2763 3012 2818 ATQUE
3047 2762 3346 2808 CREDIDIT
3377 2765 3594 2809 NOMEN
3632 2765 3955 2808 MUTATUI.

773 2856 925 2910 EST,
982 2857 1267 2911 ITEMQUE
1323 2858 1497 2913 QUOD
1541 2865 1667 2907 NON
1725 2866 1809 2908 EX
1865 2865 2321 2923 NECESSITATB,
2385 2867 2501 2910 SED
2560 2868 2646 2910 Εἰ
2698 2868 2921 2911 ιιειζιυ
2975 2867 3353 2911 γοιυπτλτε
3405 2867 3608 2910 FACTA
3660 2867 3759 2910 SIT
3809 2863 3954 2910 ω

693 2935 709 2949 ’
772 2947 1079 3014 annuo,
1126 2959 1205 3002 ET
1248 2957 1309 3004 1a
1359 2961 1600 3008 meum
1649 2965 1830 3008 ILLUD
1867 2967 1879 3007 :
1926 2967 2144 3023 smne,
2191 2965 2407 3022 suum,
2436 2965 2602 3018 QUID
2642 2965 2732 3010 me
2776 2966 3205 3020 nunsuounnts
3251 2947 3424 3029 (Act.
3468 2950 3527 3010 9.
3574 2947 3650 3029 It)
3681 2951 3711 3008 ?

725 3268 776 3320 I.
803 3265 1025 3330 Quinam
1044 3281 1154 3319 vere
1172 3267 1325 3317 amici
1333 3263 1903 3333 .—Repreheuderuiit
1929 3279 2027 3320 nos
2051 3263 2252 3322 amico-

653 3372 771 3412 rum
817 3354 1065 3426 quidam,
1095 3354 1235 3424 quod
1268 3353 1558 3423 prolixiora
1588 3367 1894 3407 sermonum
1926 3354 2073 3409 initia
2105 3353 2248 3411 lace-

652 3460 873 3501 remus:
921 3460 988 3498 an
1013 3445 1132 3513 jure
1174 3444 1258 3498 vel
1301 3444 1491 3512 injuria
1520 3443 1982 3511 reprehenderint,
2014 3453 2139 3501 tunc
2166 3447 2248 3502 in-

655 3539 923 3608 telligetis.
950 3551 1069 3590 cum
1100 3534 1279 3590 audita
1307 3534 1616 3590 defensione
1647 3544 1851 3598 ucstra,
1884 3539 2036 3606 quasi
2067 3539 2119 3594 in
2153 3555 2247 3609 pu-

650 3631 787 3685 blico
835 3628 1081 3685 tribunali
1125 3633 1443 3681 sententiam
1489 3625 1689 3680 feretis.
1739 3627 1851 3696 Ego
1895 3631 2248 3700 vero,prius_

647 3733 805 3790 quam
837 3720 889 3774 id
932 3719 1228 3783 ostendam,
1258 3719 1328 3773 ob
1361 3717 1834 3786 reprehensionem
1865 3719 2065 3788 gratias
2113 3719 2241 3788 ipsis

651 3811 827 3867 refero
859 3829 870 3863 :
911 3825 1035 3865 nam
1061 3827 1126 3865 ex
1154 3811 1257 3865 mei
1286 3825 1411 3864 cura
1437 3818 1596 3879 atque
1624 3809 1820 3876 studio,
1865 3826 1969 3864 non
2009 3827 2072 3865 ex
2101 3814 2242 3869 malo

648 3906 828 3958 animo
853 3902 942 3957 iIIa
983 3900 1338 3972 proficiscitur
1363 3921 1376 3956 :
1406 3902 1635 3955 amicum
1665 3886 1810 3967 vero,
1837 3917 1940 3957 non
1967 3919 2088 3956 cum
2129 3905 2240 3958 Iau-

648 3995 740 4047 ilat
765 3994 947 4059 modo,
969 3994 1062 4048 sed
1088 3994 1248 4046 etiam
1270 4009 1390 4047 cum
1418 3994 1764 4062 reprehendit
1782 4003 1838 4050 et
1857 3997 2092 4064 corrigit,
2114 4002 2239 4052 tunc

651 4101 736 4139 me
757 4098 935 4138 amare
956 4083 1203 4137 dixerim.
1230 4080 1504 4153 Siquidem
1529 4084 1744 4138 laudare
1765 4087 1964 4151 omnia,
1992 4096 2098 4138 tum
2119 4102 2237 4156 quae

647 4178 804 4242 bene,
835 4185 944 4231 tum
989 4192 1110 4245 quae
1154 4176 1293 4230 male
1323 4191 1382 4231 sc
1428 4175 1644 4241 habent,
1681 4176 1732 4230 id
1781 4191 1885 4230 non
1936 4179 2112 4242 amici,
2142 4177 2236 4232 sed

648 4274 848 4328 fallacis
871 4289 934 4328 ac
958 4273 1214 4328 derisoris
1255 4283 1336 4328 est
1364 4285 1377 4326 :
1409 4281 1465 4326 at
1493 4265 1712 4327 laudare
1738 4272 1782 4327 si
1827 4273 1954 4344 quid
2004 4274 2150 4339 boni,
2178 4289 2240 4330 ac

647 4363 1041 4434 reprehendere
1089 4366 1132 4417 si
1181 4362 1308 4437 quid
1359 4363 1559 4433 peccati
1619 4363 1948 4431 admittatur,
2009 4366 2060 4420 id
2112 4382 2240 4422 vero

645 4453 875 4510 amantis
916 4461 971 4508 et
1012 4469 1194 4508 curam
1239 4453 1480 4509 habentis
1534 4464 1633 4509 est.
1689 4457 1860 4526 Atque
1913 4466 1969 4511 ut
2022 4458 2240 4514 discatis

645 4546 785 4617 quod
812 4545 1272 4601 indiseriminatim
1301 4546 1479 4600 omnia
1499 4545 1718 4600 laudare
1739 4549 1793 4601 et
1811 4548 2106 4615 celebrare,
2130 4566 2236 4605 non

539 4658 549 4667 ι
645 4641 715 4694 sit
758 4640 938 4704 amici,
972 4638 1065 4692 sed
1093 4637 1412 4708 decipientis
1445 4651 1458 4690 :
1499 4635 1700 4705 Papule
1738 4654 1896 4701 nicas.
1930 4641 2116 4709 inquit.
2149 4649 2237 4712 qui

644 4747 730 4784 vos
753 4731 920 4782 beatos
947 4729 1142 4783 dicunt.
1177 4727 1276 4796 ipsi
1302 4743 1386 4782 vos
1417 4727 1694 4798 decipiunt,
1725 4738 1771 4783 et
1799 4731 2023 4783 semitam
2053 4732 2237 4800 pedum

645 4831 919 4873 vestrorum
947 4815 1215 4873 exturbant
1254 4815 1404 4889 (Isai.
1434 4818 1486 4873 5.
1523 4818 1637 4890 12).
1668 4818 1826 4875 Certe
1866 4821 2137 4876 inimicum
2170 4841 2237 4879 ue

646 4911 952 4964 laudantem
978 4909 1193 4979 quidem
1232 4909 1490 4975 admitto;
1531 4912 1760 4966 amicum
1794 4927 1922 4966 vero
1950 4915 2112 4968 etiam
2155 4930 2238 4970 re-

648 5001 1064 5072 prehendentem
1095 5001 1393 5069 amplexor.
1428 5001 1520 5070 Ille
1544 5001 1644 5056 etsi
1669 5017 1755 5057 me
1776 5001 2134 5068 deoSculetur,
2158 5005 2239 5059 in-

647 5094 828 5150 suavis
854 5103 970 5158 est;
1001 5093 1089 5147 hic
1131 5094 1233 5148 etsi
1278 5094 1544 5157 vulneret,
1588 5093 1869 5149 amabilis:
1910 5095 2052 5150 illius
2077 5107 2236 5150 oscu-

651 5183 760 5239 lum
793 5185 1094 5253 suSpicione
1122 5185 1336 5254 plenum
1357 5193 1458 5247 est,
1481 5184 1637 5253 hujus
1663 5186 1853 5241 vulnus
1879 5188 2099 5243 curandi
2128 5189 2234 5243 vim

648 5267 826 5331 habet.
860 5273 1145 5346 Propterea
1170 5276 1298 5330 dicit
1320 5275 1532 5345 quidam
1557 5296 1568 5330 :
1597 5275 1858 5331 Fideliora
1886 5289 2003 5333 sunt
2027 5281 2236 5334 vulnera

646 5370 818 5435 amici,
863 5385 1014 5437 quam
1058 5380 1338 5437 spontaneo
1381 5371 1554 5423 oscula
1599 5370 1790 5424 inimici
1818 5369 1996 5440 (Prov.
2028 5372 2117 5427 27.
2153 5373 2232 5444 6).

646 5458 784 5528 Quid
829 5459 1003 5514 dicis?
1041 5460 1271 5515 Vulnera
1325 5463 1523 5516 osculis
1578 5463 1829 5527 meliora,
1888 5462 2096 5534 inquit:
2130 5479 2233 5519 non

647 5553 818 5610 enim’
847 5551 916 5607 ad
958 5563 1200 5607 naturam
1225 5570 1410 5616 eorum
1441 5571 1560 5625 qua:
1588 5557 1744 5623 ﬁunt,
1777 5557 1871 5612 sed
1900 5557 1963 5612 ad
1993 5558 2234 5614 all'cctio-

709 5647 725 5676 ι
761 5651 874 5711 ttae
909 5645 980 5711 sic
1013 5645 1141 5695 forte
1164 5644 1342 5711 melius
1363 5646 1591 5711 legantur
1630 5663 1644 5698 :
1683 5651 1807 5710 Quid
1849 5649 2015 5702 dicis?
2037 5652 2235 5704 vulnera

650 5708 825 5761 osculis
844 5710 1054 5766 ηιειξονη
1075 5713 1100 5764 ?
1128 5706 1288 5767 etiam,
1313 5706 1467 5771 inquit
1505 5722 1522 5759 :
1559 5723 1650 5760 non
1680 5706 1828 5771 enim,
1856 5718 1977 5772 ctc.,
2017 5727 2127 5765 nam
2153 5717 2231 5767 hic

633 5765 808 5835 tropus
826 5778 953 5840 apud
969 5765 1358 5841 Chrysostbmtmt
1379 5765 1616 5834 irequcns
1639 5778 1733 5824 eat.

2288 3160 2342 3171 ...-

2358 3283 2701 3375 nent-eorum
2729 3287 2818 3355 qui
2850 3287 3050 3344 faciunt
3074 3295 3311 3350 attendo.
3344 3297 3433 3352 Vis
3453 3296 3662 3359 discere
3683 3309 3966 3375 quomoda

2356 3365 2599 3426 fideliora
2642 3373 2750 3429 sint
2787 3378 3008 3434 vulnera
3033 3384 3214 3454 amici,
3243 3400 3402 3456 quam
3448 3365 3742 3462 spontanea
3770 3365 3956 3458 oscula

2354 3462 2592 3520 inimici?
2626 3467 2908 3527 Dominum
2934 3475 3208 3532 osculatus
3237 3485 3319 3534 cat
3347 3480 3546 3547 ludas;
3575 3486 3669 3541 sed
3705 3490 3954 3558 osculum

2351 3562 2468 3612 erat
2497 3559 2799 3625 proditione
2842 3564 3094 3633 plenum;
3126 3584 3186 3622 os
3215 3585 3446 3639 veneno,
3493 3575 3671 3647 lingua
3712 3585 3955 3652 nequitia

2351 3648 2658 3740 rapiebatur
2697 3652 2906 3726 (Matth.
2953 3656 3043 3710 26.
3095 3659 3211 3731 49).
3260 3661 3631 3723 Fornicarium
3661 3648 3816 3740 apud
3836 3673 3954 3729 Co-

2349 3737 2577 3795 rinthios
2601 3743 2898 3802 vulneravit
2927 3747 3161 3817 Paulus;
3192 3753 3288 3808 sed
3322 3755 3396 3809 illi
3435 3757 3660 3814 salutem
3686 3737 3953 3820 concilia-

2348 3829 2442 3883 vit.
2474 3831 2773 3902 Quomodo,
2808 3837 3039 3908 inquies,
3070 3843 3409 3901 vulneravit?
3435 3847 3648 3906 Satanae
3691 3854 3951 3914 tradens:

2347 3919 2576 3989 Tradite,
2601 3925 2790 3994 inquit,
2819 3928 3116 3999 hujusmddi
3138 3944 3330 3991 satana
3357 3937 3410 3992 in
3454 3939 3710 3996 interitum
3751 3950 3949 4005 carnis.

2348 4012 2429 4110 ad
2459 4015 2628 4086 quid?
2652 4016 2721 4072 Ut
2758 4020 2966 4091 spiritus
3000 4025 3168 4078 salvus
3188 4026 3249 4080 sit
3279 4029 3330 4082 in
3358 4029 3440 4083 die
3463 4029 3674 4087 Domini
3694 4035 3820 4090 Jestt
3853 4039 3950 4110 (ί.

2346 4103 2464 4157 σον.
2496 4107 2548 4161 5.
2579 4107 2613 4161 5
2636 4107 2678 4178 ).
2716 4109 2957 4165 Vidistin’
2991 4115 3217 4172 vulnera
3257 4119 3485 4176 salutis?
3529 4124 3763 4181 vidistin‘
3788 4103 3945 4186 ost...

2347 4192 2454 4248 lum
2482 4196 2782 4265 proditione
2814 4202 3121 4270 repletum?
3156 4207 3247 4261 Sic
3287 4206 3552 4265 Fideliora
3575 4225 3694 4268 sunt
3731 4218 3951 4274 vulnera

2345 4289 2512 4353 amici,
2553 4306 2703 4356 quam
2751 4304 3031 4364 spontaneo
3082 4301 3258 4354 oscula
3304 4302 3517 4358 inimici.
3551 4306 3609 4361 ld
3650 4323 3754 4363 non
3801 4312 3948 4380 apud

2347 4378 2593 4436 homines
2626 4392 2852 4454 tantum,
2885 4389 2980 4442 sed
3008 4391 3168 4445 etiam
3196 4394 3338 4462 apud
3386 4397 3552 4451 Deum
3583 4410 3636 4453 et
3657 4404 3796 4470 apud
3822 4378 3948 4462 dia-

2347 4469 2527 4525 bolum
2577 4476 2942 4544 exquiramus.
2985 4480 3078 4536 Ille
3130 4485 3358 4552 amicus,
3399 4486 3485 4541 hic
3536 4469 3783 4546 inimicus
3824 4504 3946 4563 est;

2348 4561 2439 4616 ille
2477 4575 2718 4624 servator
2747 4577 2802 4622 et
2845 4581 3079 4637 curator,
3111 4573 3196 4628 hic
3245 4570 3618 4635 fraudulentus
3664 4593 3720 4637 et
3765 4561 3947 4642 iuimi;

2344 4670 2458 4712 cus.
2505 4660 2602 4716 Hic
2645 4662 2928 4734 aliquando
2972 4668 3241 4722 osculatus
3293 4679 3405 4734 est,
3463 4674 3551 4728 ille
3601 4676 3948 4736 vulneravit?

2343 4751 2622 4816 Quomodo
2677 4756 2762 4809 hic
2806 4757 3075 4812 osculatus
3129 4769 3250 4825 est,
3301 4761 3391 4815 ille
3438 4764 3774 4822 vulneravit?
3844 4770 3949 4827 Hic

2343 4844 2496 4911 dixit,
2534 4844 2690 4898 Erilis
2711 4847 2844 4899 sicut
2875 4847 2991 4914 dii;
3035 4849 3124 4904 ille
3153 4861 3300 4916 Vero,
3329 4851 3484 4907 Terra
3509 4872 3579 4919 es,
3604 4867 3650 4910 et
3671 4857 3726 4911 in
3755 4871 3946 4916 terram
4050 4881 4054 4884 ‘

2342 4937 2600 4991 reverteris
2641 4937 2791 5010 (Gen.
2826 4939 2878 4993 5.
2912 4941 2964 4995 5.
3001 4950 3048 4994 et
3083 4940 3210 5013 I9).
3245 4941 3376 5006 Uter
3404 4946 3574 5015 magis
3615 4947 3830 5018 profuit,
3872 4967 3944 5008 an

2344 5027 2450 5096 hic,
2479 5030 2568 5100 qui
2600 5031 2752 5094 dixit,
2787 5031 2946 5086 Erilis
2973 5033 3233 5091 sicnt'dii:
3273 5049 3341 5089 an
3371 5037 3459 5092 ille
3487 5038 3576 5107 qui
3599 5039 3749 5105 dixit,
3783 5041 3946 5098 Terra

2342 5135 2416 5186 es,
2445 5130 2492 5173 et
2529 5122 2581 5173 in
2610 5130 2796 5174 terram
2834 5125 3094 5176 reverteris
3116 5124 3142 5175 7
3185 5123 3282 5178 llic
3311 5136 3537 5182 mortem
3569 5129 3944 5192 interminatus

2344 5221 2446 5274 est,
2475 5213 2562 5268 ille
2585 5214 3039 5270 immortalitatem
3071 5216 3347 5285 promisit;
3377 5220 3470 5274 sed
3506 5224 3596 5290 qui
3622 5225 3944 5282 immortali-

2347 5313 2507 5360 tatem
2556 5307 2822 5376 promisit,
2874 5324 2938 5361 ex
2989 5310 3237 5378 paradiso
3285 5314 3624 5370 eaturbavit:
3669 5321 3760 5388 qui
3813 5336 3946 5376 vero

2344 5409 2570 5458 mortem
2599 5400 2977 5456 interminatus
3020 5412 3121 5469 est,
3155 5405 3206 5457 in
3247 5405 3437 5459 caelum
3497 5407 3716 5465 invexit.
3752 5410 3942 5468 Vidcn’

2343 5492 2610 5554 quomodo
2630 5491 2894 5549 Fideliora
2914 5505 3030 5550 sunt
3061 5495 3272 5551 vulnera
3297 5500 3470 5565 amici,
3488 5517 3641 5570 quant
3662 5515 3945 5572 spontaneo

2344 5586 2516 5640 oscula
2540 5585 2773 5641 inimici?
2805 5586 2929 5643 Ideo
2950 5598 3236 5658 antequam
3260 5590 3310 5644 id
3339 5589 3797 5664 demoustrarem,
3817 5612 3939 5668 gra-

2345 5677 2472 5730 tiam
2506 5676 2663 5732 retuli
2693 5677 2780 5745 iis,
2809 5679 2900 5750 qui
2927 5695 3013 5735 me
3042 5691 3292 5752 arguunt.
3319 5682 3398 5738 IIIi
3426 5698 3656 5758 namque
3682 5686 3795 5742 sive
3817 5688 3943 5758 jure

2343 5769 2456 5826 sive
2482 5768 2673 5841 injuria
2700 5780 2944 5844 arguant,
2974 5789 3080 5830 non
3109 5776 3489 5844 caprobraudi,
3517 5777 3612 5835 sed
3637 5779 3939 5852 corrigendi
