4212 6290
250 393 353 458 133

252 516 436 569 animo
476 510 527 565 id
554 514 748 579 agunt;
795 502 994 557 inimici
1032 514 1185 560 vero,
1223 494 1433 552 etiamsi
1460 493 1583 558 jure
1609 500 1853 562 arguant,

255 618 361 661 non
405 597 748 671 corrigendi,
794 594 888 652 sed
934 588 1223 647 infamandi
1268 587 1449 642 animo
1492 592 1743 654 arguunt.
1795 580 1857 634 lli

248 696 411 763 igitur
441 693 570 749 dimi
605 688 845 753 laudant,
880 684 930 740 id
956 681 1175 738 student
1204 688 1257 732 ιιι
1285 675 1561 732 meliorem
1587 672 1857 735 efficiant;

245 787 322 842 illi
366 801 535 851 vero,
580 777 792 835 etiamsi
834 775 1084 840 laudent,
1126 768 1474 825 nihilominus
1513 763 1859 834 supplantare

313 886 531 931 nantur.

313 893 531 931 nantur.

242 893 310 934 eo
327 963 807 1035 Reprehensiommt
836 956 1052 1011 utilitas.
1069 983 1141 994 -—
1160 950 1428 1007 Caeterum
1455 958 1671 1016 quoque
1698 941 1858 1035 modo

244 1030 603 1126 reprehensio
648 1048 885 1114 accidat,
947 1057 1198 1114 magnum
1242 1048 1392 1094 certe
1434 1038 1633 1091 bonum
1683 1039 1769 1089 est
1795 1030 1858 1126 ‘si

240 1122 367 1217 quis
391 1142 845 1215 reprehensiones
865 1136 1376 1201 criminationesque
1397 1129 1467 1183 ita
1496 1126 1636 1182 ferre
1664 1122 1855 1217 possit,

243 1215 299 1291 ut
349 1253 463 1292 non
493 1240 863 1304 exasperetur.
901 1230 1003 1297 Qui
1045 1224 1189 1282 enim
1219 1224 1328 1278 odit
1361 1220 1755 1290 increpationes,
1784 1215 1860 1269 ait

243 1330 549 1399 Scriptura,
581 1325 827 1394 insipiens
856 1330 930 1377 est
964 1318 1147 1392 (Prov.
1184 1315 1275 1371 ιε.
1310 1315 1385 1384 1).
1418 1312 1534 1367 Νοιι
1556 1310 1690 1364 dixit
1723 1307 1858 1361 tales

244 1419 333 1475 vel
380 1419 517 1473 tales
563 1415 979 1485 increpationes,
1030 1408 1127 1464 sed
1176 1414 1385 1461 tantum
1436 1400 1853 1471 increpationes.

242 1511 381 1566 Nam
426 1509 474 1564 si
497 1508 621 1578 jure
666 1513 857 1576 arguat
902 1503 1131 1563 amicus,
1182 1505 1463 1569 peccatum
1513 1491 1759 1562 corrige;
1809 1487 1853 1542 si

244 1603 458 1672 absque
501 1600 734 1661 ratione,
778 1593 935 1649 lauda
968 1592 1322 1654 voluntatem,
1362 1599 1584 1655 scopum
1612 1582 1856 1672 ejusgap-

242 1670 441 1762 proba,
476 1688 729 1743 amicitiae
759 1683 989 1755 gratiam
1019 1680 1280 1735 conﬁtere
1309 1693 1323 1731 :
1350 1691 1416 1730 ex
1444 1687 1638 1743 magno
1658 1670 1857 1741 quippe

241 1798 436 1838 amore
464 1778 736 1837 accusatio
762 1773 1137 1846 proliciscitur.
1172 1770 1249 1825 Ne
1288 1765 1707 1825 stomaebemur,
1730 1776 1854 1816 cum

240 1874 540 1945 arguimur.
574 1869 632 1924 ld
660 1867 953 1923 admodum
981 1864 1111 1918 utile
1154 1870 1239 1915 est
1284 1861 1408 1913 vitae
1457 1865 1678 1918 uostrm,
1708 1854 1753 1908 si
1787 1851 1857 1906 ab

240 1966 503 2022 omnibus
533 1962 645 2027 ﬁat,
675 1961 721 2015 si
752 1968 804 2015 et
852 1966 1136 2029 peccantes
1165 1966 1477 2023 arguamus,
1519 1958 1571 2003 et
1600 1947 1732 2001 dum
1778 1945 1857 1999 la-

241 2060 429 2114 bimur
458 2056 527 2111 ab
566 2055 687 2108 aliis
737 2051 887 2121 argui
940 2051 1172 2105 libenter
1214 2045 1491 2101 feramus:
1522 2042 1575 2095 in
1621 2036 1856 2110 peccatis

238 2149 393 2205 enim
427 2146 569 2201 idem
613 2150 741 2199 sunt
772 2138 1243 2211 reprehensiones,
1271 2132 1413 2205 quod
1463 2133 1515 2186 in
1544 2127 1856 2183 vulneribus

240 2236 525 2301 remedia;
556 2230 1007 2306 quemadmodum
1040 2228 1201 2299 igitur
1227 2225 1421 2281 stultus
1448 2233 1527 2278 est
1558 2222 1649 2291 qui
1690 2219 1852 2291 phar-

239 2345 399 2387 maca
453 2326 748 2399 rejicit,ita
788 2335 843 2380 et
886 2324 1105 2377 insanus
1154 2319 1219 2385 is,
1266 2317 1355 2389 qui
1406 2312 1856 2386 reprehensiones

239 2436 355 2477 non
407 2415 870 2474 admittitNerum
912 2412 1065 2467 multi
1115 2424 1259 2477 stupe
1288 2412 1698 2476 eanperantur,
1740 2400 1854 2454 luce

238 2512 390 2585 apud
432 2526 493 2566 se
514 2510 814 2579 cogitantes
841 2514 896 2562 et
922 2505 1166 2559 dicentes
1195 2521 1209 2557 :
1239 2500 1513 2583 Hunccine
1554 2497 1721 2552 feram
1752 2506 1853 2562 ego

238 2605 464 2675 sapiens
492 2612 545 2658 et
588 2596 870 2671 prudens?
913 2596 1223 2666 ignorantes
1257 2606 1378 2647 esse
1421 2587 1550 2644 illud
1594 2595 1853 2643 extremae

238 2697 536 2753 dementia:
560 2700 958 2763 argumentum.
996 2686 1240 2742 Videbam
1271 2684 1438 2750 enim,
1469 2681 1661 2751 inquit,
1692 2676 1855 2733 Itami-

238 2804 383 2853 nem,
411 2786 500 2855 qui
529 2784 626 2838 sibi
651 2781 910 2837 videbatur
953 2779 1248 2848 sapiens,et
1292 2776 1539 2845 majorem
1580 2770 1669 2825 illo
1713 2783 1855 2836 spent

238 2881 397 2935 habet
436 2878 680 2947 insipiens
728 2874 911 2946 (Prov.
951 2872 1043 2927 96.
1085 2871 1197 2941 12).
1252 2872 1549 2939 Eapropter
1577 2875 1631 2921 et
1660 2863 1855 2920 Paulus

237 2970 378 3027 dicit
405 2987 421 3024 :
457 2966 542 3022 Ne
564 2969 676 3022 sitis
704 2966 973 3035 prudentes
999 2963 1141 3033 apud
1177 2962 1507 3030 vosmetipsos
1551 2957 1729 3027 (Rom.
1763 2954 1853 3009 12.

244 3062 364 3132 16).
393 3060 546 3114 Licet
568 3058 712 3113 enim
745 3057 938 3109 mirum
968 3055 1017 3108 in
1050 3052 1268 3107 modum
1299 3051 1369 3105 sit
1408 3052 1624 3121 sapiens
1644 3057 1697 3104 et
1728 3063 1859 3122 per-

241 3151 453 3220 spicas,
484 3156 720 3202 attamen
761 3146 923 3198 homo
944 3160 1003 3199 es
1032 3151 1087 3198 et
1110 3141 1336 3198 consilio
1367 3156 1502 3210 opus
1534 3141 1719 3196 habes.
1749 3142 1856 3196 So-

244 3243 351 3295 lius
384 3238 529 3294 enim
570 3238 662 3291 Dei
691 3244 774 3290 est
804 3235 1002 3288 nullius
1030 3234 1292 3302 indigere,
1320 3241 1375 3286 et
1413 3233 1562 3287 nullo
1590 3248 1728 3302 opus
1757 3232 1853 3287 ha-

243 3334 379 3389 bere
409 3330 739 3387 consiliario.
770 3327 896 3382 Ideo
930 3327 997 3381 de
1030 3327 1121 3379 illo
1142 3326 1258 3379 solo
1288 3325 1485 3379 dicitur
1511 3341 1523 3377 :
1558 3324 1683 3391 Quis
1722 3326 1855 3379 enim

242 3425 384 3479 novit
401 3438 603 3477 sensum
623 3420 850 3486 Domini,
865 3428 950 3472 aut
967 3417 1076 3486 quis
1091 3416 1412 3471 consiliarius
1426 3418 1536 3484 eius
1555 3417 1650 3487 fuit
1676 3415 1851 3490 (flent.

245 3517 333 3570 11.
367 3514 503 3583 34)?
541 3514 609 3565 At
639 3525 738 3564 nos
770 3509 1017 3563 homines
1044 3516 1537 3577 quantumcumque
1557 3508 1851 3575 sapientes,

244 3604 523 3660 tuultoties
567 3611 747 3655 tamen
791 3614 979 3655 sumus
1025 3597 1448 3668 reprehensmne
1494 3596 1664 3667 digni,
1695 3608 1856 3667 atque

246 3699 375 3753 hinc
400 3705 622 3767 apparet
644 3704 848 3748 natura:
876 3701 1073 3746 nostra:
1104 3691 1410 3745 infirmitas.
1442 3688 1563 3742 Non
1586 3690 1719 3742 enim
1747 3706 1856 3742 om.

245 3789 336 3842 nia
360 3804 471 3842 esse
514 3794 723 3854 possunt
750 3785 803 3837 in
830 3782 1118 3837 hominibus
1157 3779 1350 3849 (Eccli.
1384 3781 1466 3834 l7.
1499 3778 1615 3849 29),
1663 3780 1853 3850 inquit.

244 3878 471 3945 Quare?
496 3876 634 3945 Quia
664 3875 806 3929 ﬁlius
833 3874 1065 3928 hominis
1094 3888 1199 3927 non
1232 3882 1316 3926 est
1347 3871 1682 3925 immortalis.
1714 3871 1853 3938 Quid

248 3970 483 4026 lucidius
510 3969 665 4023 sole?
698 3969 949 4021 Attamen
978 3976 1033 4020 et
1064 3965 1154 4020 ille
1182 3963 1385 4019 deﬁcit.
1414 3964 1564 4020 Sicut
1592 3979 1721 4033 ergo
1752 3963 1854 4018 ful-

246 4062 430 4130 gidam
471 4060 613 4113 illam
648 4059 820 4113 lucem
846 4066 903 4112 et
928 4056 1301 4126 splendentem
1345 4056 1555 4109 radium
1597 4071 1851 4125 superve-

250 4156 468 4208 nientes
498 4151 738 4206 tenebrae
776 4151 1078 4219 obtegunt:
1112 4149 1182 4203 ita
1211 4159 1265 4203 et
1308 4148 1711 4218 intelligentiam
1763 4164 1865 4205 no~

250 4255 444 4310 stram,
478 4244 629 4313 quasi
676 4244 729 4296 in
775 4242 1001 4296 meridie
1050 4239 1343 4311 fulgentem
1392 4250 1446 4295 et
1494 4241 1829 4309 perspicuam

252 4333 711 4389 inconsiderantia
752 4332 1019 4400 obrepens
1063 4347 1209 4401 smpe
1258 4333 1598 4386 tenebrosam
1646 4333 1823 4387 reddit

252 4425 560 4493 acciditque
600 4432 661 4478 ut
705 4424 925 4493 sapiens
950 4420 1272 4491 quandoque
1327 4437 1432 4475 non
1489 4421 1666 4477 videat
1716 4423 1860 4491 quod

253 4523 492 4585 oportet,
524 4522 577 4568 et
604 4515 649 4568 is
683 4514 774 4583 qui
810 4513 980 4567 multo
1012 4512 1085 4566 illi
1120 4512 1340 4566 inﬁrior
1369 4520 1452 4565 est
1489 4512 1699 4566 acutius
1729 4511 1859 4566 illud

254 4608 569 4680 perspiciat.
601 4609 774 4675 Atque
826 4606 897 4659 ita
945 4620 1032 4659 res
1063 4621 1121 4660 se
1151 4606 1331 4671 habet,
1364 4614 1421 4659 ut
1448 4621 1620 4675 neque
1646 4608 1862 4677 sapiens

256 4715 318 4755 se
346 4698 594 4763 extollat,
639 4712 814 4765 neque
849 4696 1070 4751 inferior
1118 4697 1211 4750 illo
1253 4712 1375 4753 sese
1416 4697 1673 4751 miserum
1719 4713 1861 4766 pra:-

255 4792 422 4846 dicet.
472 4790 720 4860 Magnum
773 4789 975 4843 bonum
1020 4796 1143 4850 est,
1190 4788 1638 4857 reprehensiones
1682 4788 1858 4843 ferre:

259 4897 516 4952 magnum
544 4884 669 4935 item
703 4880 900 4934 bonum
932 4894 1090 4947 posse
1116 4879 1550 4947 reprehendere;
1596 4894 1718 4933 nam
1760 4879 1862 4934 hoc

255 4974 326 5027 ad
378 4987 565 5025 curam
599 4971 829 5040 proximi
875 4972 1105 5024 maxime
1150 4970 1401 5039 pertinet.
1452 4970 1603 5024 Nunc
1644 4986 1773 5026 vero
1816 4973 1860 5025 si

260 5064 542 5117 videamus
564 5061 837 5115 hominem
868 5061 1097 5114 tunicam
1115 5060 1356 5115 .solutam
1379 5071 1434 5114 et
1460 5077 1524 5139 ea
1554 5070 1863 5117 transverso

262 5156 593 5220 habentem,
648 5164 741 5208 aut
794 5154 938 5209 aliud
994 5154 1365 5208 indumentum
1413 5155 1551 5208 male
1608 5157 1858 5223 positum,

262 5262 552 5300 monemus
585 5256 640 5298 et
672 5244 1055 5307 emcndamus;
1106 5246 1150 5297 si
1200 5261 1329 5298 vero
1379 5245 1653 5300 \ideamus
1702 5246 1863 5300 vitam

262 5338 379 5406 ejus
410 5338 749 5403 dissolutam,
785 5351 852 5391 ne
897 5336 1118 5390 verbum
1149 5337 1364 5406 quidem
1415 5334 1756 5405 proferimus.
1808 5336 1863 5391 Si

264 5433 545 5487 videamus
567 5434 728 5485 vitam
753 5431 869 5501 ejus
900 5430 1227 5489 indecorant,
1255 5430 1587 5498 pr:clorimus
1610 5448 1621 5483 :
1654 5431 1863 5485 lanietsi

263 5542 324 5579 ea
365 5540 489 5595 qua:
517 5522 583 5575 ad
609 5533 782 5578 vestes
824 5524 1086 5592 pertinent
1126 5565 1140 5586 ,
1172 5524 1332 5575 risum
1373 5533 1612 5586 tantum,
1653 5539 1713 5577 ea
1736 5540 1865 5577 vero

264 5631 384 5679 qum
426 5614 494 5668 ad
536 5617 813 5677 animam,
849 5614 1140 5682 periculum
1178 5624 1226 5665 et
1274 5614 1587 5682 Sllmvilt‘llllll
1638 5615 1864 5681 pariant.

264 5709 395 5761 (Lun‘
429 5708 579 5760 vides
606 5706 824 5760 fratrem
870 5721 965 5775 per
1007 5706 1294 5773 praecipitia
1342 5706 1483 5767 ferri,
1520 5706 1584 5758 de
1627 5706 1731 5758 \ita
1762 5722 1865 5759 non

261 5812 570 5867 curantem,
603 5813 703 5855 nec
735 5814 820 5863 eo,
862 5814 969 5867 quo
1001 5814 1133 5867 opus
1163 5807 1265 5863 est,
1292 5808 1640 5866 spectantem,
1691 5814 1867 5853 nounc

895 381 985 441 DE
1016 377 1358 439 FERENDIS
1393 367 1834 434 REPREHENS.
1875 366 1964 430 ΕΤ
2008 366 2100 429 DE
2138 363 2400 430 lllTA'i'.
2443 361 2780 427 NOMINUH.
2826 364 2919 423 111.

3477 366 3580 424 liii

1973 504 2192 544 manum
2237 488 2507 559 porrigis?
2537 502 2714 543 nenae
2739 502 2768 539 a
2797 484 2951 555 lapsu
2997 483 3197 555 erigis?
3248 498 3429 541 nonne
3481 500 3569 541 re-

1969 580 2262 649 prehendis
2286 590 2342 635 et
2370 578 2594 648 arguis?
2623 594 2691 633 an
2721 578 2886 649 pluris
2912 575 3043 632 facis
3064 592 3171 631 non
3203 578 3569 648 importunum

1967 669 2136 725 videri
2168 669 2251 724 vel
2273 668 2569 735 oﬂ‘eudere,
2600 684 2763 738 quam
2802 668 2921 737 eius
2939 668 3166 723 salutem
3192 669 3421 723 curare?
3466 668 3571 723 Ee-

1965 776 2124 830 quam
2159 760 2434 816 habiturus
2459 774 2521 815 es
2546 761 2683 830 apud
2714 760 2881 815 Deum
2919 760 3172 815 veniant?
3199 776 3359 830 quam
3386 759 3572 815 defen-

1965 853 2213 907 sionem?
2244 851 2359 907 Non
2405 853 2603 907 audisti
2652 852 2780 923 quid
2810 852 3011 908 Judazis
3055 852 3198 908 Deus
3229 854 3571 924 prmceperit,

1966 952 2023 998 ut
2054 959 2122 998 ne
2164 942 2396 998 errantia
2444 944 2781 997 inimicorum
2824 948 3065 1013 jumenta
3109 942 3472 1013 despicerent,
3527 955 3579 997 et

1965 1033 2113 1104 lapsa
2136 1050 2205 1090 ne
2234 1034 2574 1105 pratterirent
2601 1033 2801 1104 (Exod.
2826 1034 2918 1089 23.
2946 1035 3001 1089 4.
3029 1034 3084 1090 5.
3108 1045 3158 1089 et
3179 1034 3331 1089 Deut.
3360 1036 3451 1090 2-2.
3477 1037 3530 1107 l)
3554 1040 3576 1088 γ

1964 1123 2112 1179 itane
2137 1124 2307 1179 Judmi
2352 1125 2571 1195 quidem
2598 1125 2857 1196 jubentur
2888 1127 3041 1181 bruta
3068 1127 3405 1181 inimicorum
3438 1144 3566 1183 suo-

1968 1233 2088 1271 rum
2122 1232 2227 1271 ιιοιι
2256 1217 2555 1287 despicere,
2576 1233 2675 1274 nos
2702 1235 2830 1274 vero
2854 1219 3075 1274 fratrum
3102 1220 3311 1275 animas
3332 1210 3573 1290 quotidie

1963 1309 2333 1379 supplantatas
2354 1308 2750 1379 despiciemus?
2781 1309 3064 1378 Quomodo
3094 1311 3145 1364 id
3179 1327 3284 1364 ιιοιι
3312 1321 3571 1366 extrema:

1962 1400 2296 1456 crudelitatis
2341 1410 2396 1456 et
2425 1400 2583 1455 ferini
2614 1401 2777 1457 animi
2826 1400 3005 1467 fuerit,
3038 1417 3144 1455 non
3176 1410 3381 1457 tantum
3426 1419 3571 1458 cura:

1966 1491 2273 1547 hominibus
2319 1492 2654 1562 impendere,
2690 1503 2949 1563 quantum
3000 1494 3075 1548 illi
3114 1496 3411 1563 jumentis?
3458 1496 3573 1551 lloe

1962 1584 2144 1637 omnia
2174 1584 2461 1649 subvertit,
2493 1584 2595 1640 hoc
2628 1585 2792 1639 vitam
2824 1594 3063 1640 nostram
3094 1588 3393 1653 confundit,
3425 1589 3567 1658 quod

1962 1689 2063 1728 nec
2104 1676 2423 1745 reprehensi
2469 1690 2733 1746 generose
2783 1678 3038 1742 feramus,
3084 1693 3260 1748 neque
3304 1679 3441 1733 alios
3488 1697 3571 1736 re-

1962 1763 2302 1834 prehendere
2328 1765 2557 1820 velimus
2594 1783 2608 1819 :
2655 1765 2778 1820 ideo
2806 1766 2951 1821 enim
2979 1767 3189 1822 molesti
3212 1783 3418 1831 sumus,
3444 1784 3568 1824 cum

1961 1854 2257 1924 arguimus,
2291 1856 2413 1925 quia
2455 1870 2862 1925 exasperamur,
2894 1870 3016 1911 cum
3048 1859 3343 1927 arguimur.
3387 1859 3571 1914 Enim-

1961 1959 2092 1999 vero
2117 1945 2161 1999 si
2185 1948 2347 2000 sciret
2375 1944 2540 2000 frater
2566 1956 2710 2012 tuus,
2729 1960 2787 2000 se
2812 1947 2908 2001 abs
2938 1957 2989 2002 te
3020 1946 3295 2008 laudatum
3330 1950 3414 2013 iri,
3439 1950 3482 2005 si
3518 1962 3571 2005 te

1960 2044 2229 2104 argueret,
2247 2035 2610 2105 reprehensus
2622 2045 2674 2091 et
2697 2038 2811 2105 ipse
2838 2052 3017 2106 parem
3038 2039 3567 2107 rependeretvieem.

2032 2124 2087 2178 2.
2137 2125 2223 2180 \‘is
2250 2126 2392 2181 scire
2432 2135 2516 2191 te,
2549 2127 2760 2180 etiamsi
2806 2127 3097 2182 admodum
3130 2129 3365 2198 prudens
3394 2146 3566 2195 esses.

1960 2216 2171 2272 etiamsi
2197 2218 2491 2289 perfectus,
2510 2218 2722 2273 etiamsi
2745 2218 2810 2273 ad
2834 2234 3104 2274 summum
3129 2202 3337 2275 virtutis
3358 2224 3570 2291 apicem

1964 2309 2323 2378 pervenisses,
2354 2324 2491 2381 opus
2524 2319 2700 2365 tamen
2732 2310 3038 2365 habiturum
3077 2327 3198 2367 esse
3233 2315 3567 2379 consiliario,

1961 2409 2098 2455 eteo
2115 2403 2205 2470 qui
2233 2412 2283 2457 te
2308 2412 2558 2472 argueret
2586 2419 2651 2458 ae
2678 2403 3141 2472 reprehenderet?
3168 2407 3306 2460 Audi
3334 2418 3567 2464 veterem

1962 2492 2262 2548 historiam.
2305 2482 2448 2548 Nihil
2478 2494 2645 2565 Moysi
2680 2511 2775 2564 par
2814 2504 2930 2551 erat
2966 2514 2981 2551 :
3027 2497 3315 2566 siquidem,
3355 2498 3568 2553 Mitissi-

1963 2604 2076 2641 mus
2104 2596 2232 2653 erat,
2267 2588 2436 2657 inquit
2471 2589 2767 2660 Scriptura,
2797 2591 3022 2645 onmiunt
3068 2592 3331 2646 hominum
3378 2594 3567 2665 (Num.

1964 2678 2049 2733 12.
2084 2678 2162 2751 5),
2212 2670 2598 2748 θεονιιιιιίειιε,
2650 2690 2873 2737 externa
2928 2682 3263 2753 philosophia
3311 2686 3567 2754 itnbnlus,

1959 2770 2339 2841 spiritualique
2364 2774 2715 2843 intelligentia
2749 2776 2957 2844 plenus.
2994 2774 3244 2833 Eruditus
3273 2781 3416 2834 enim
3438 2790 3567 2845 erat,

1962 2862 2155 2932 inquit,
2185 2861 2392 2935 Moyses
2431 2867 2573 2918 omni
2613 2867 2863 2935 sapientia
2912 2867 3282 2939 .Egyptiortmt
3324 2873 3464 2940 (Act.
3513 2874 3568 2929 7.

1959 2953 2077 3024 22).
2108 2954 2272 3009 Vides
2312 2956 2657 3026 amnigenam
2698 2958 3097 3014 eruditionem?
3143 2960 3365 3030 Eratque
3391 2974 3568 3033 potens

1960 3062 2192 3100 sermone
2219 3054 2263 3098 et
2291 3047 2491 3100 virtute.
2524 3047 2720 3101 Verum
2751 3048 2873 3102 audi
2906 3050 3047 3104 aliud
3076 3067 3290 3121 quoque
3322 3056 3567 3109 testium-

1962 3137 2129 3192 nium.
2160 3138 2293 3192 Cum
2325 3138 2527 3204 multis,
2568 3139 2761 3209 inquit,
2796 3144 3071 3211 prophetis
3103 3156 3450 3202 conversatus
3487 3160 3570 3205 est

1964 3227 2142 3296 Deus;
2170 3232 2263 3284 sed
2293 3248 2414 3286 cum
2444 3233 2591 3288 nullo
2628 3235 2704 3289 sic
2735 3247 3082 3292 conversatus
3107 3250 3190 3293 est
3223 3259 3237 3295 :
3283 3258 3405 3296 nam
3444 3260 3568 3299 eum

1960 3324 2079 3378 aliis
2110 3338 2205 3392 per
2232 3324 2512 3391 :cnigmata
2537 3335 2590 3379 et
2618 3328 2848 3389 somnia,
2878 3344 2997 3382 cum
3042 3330 3224 3402 Moyse
3266 3349 3395 3387 Vl'rt)
3427 3334 3567 3390 facie

1961 3412 2029 3466 ad
2070 3412 2486 3490 faciemv(Dcut.
2517 3416 2608 3470 54.
2661 3416 2772 3487 10).
2802 3416 2954 3483 Quod
3006 3421 3098 3475 illo
3143 3423 3314 3491 majus
3359 3426 3570 3481 virtutis

1962 3503 2081 3572 ejus
2134 3504 2389 3558 indicium
2445 3508 2708 3575 requiras,
2762 3510 2976 3577 quando
3022 3526 3263 3567 omnum
3315 3516 3571 3571 Dominus

1962 3611 2179 3651 servum
2203 3597 2353 3665 quasi
2376 3599 2609 3653 amicum
2632 3601 2964 3671 alloquitur?
3002 3603 3127 3657 Erat
3158 3606 3335 3676 itaque
3357 3611 3571 3678 sapiens

1965 3696 2070 3741 tam
2126 3691 2430 3759 peregrina,
2478 3707 2637 3760 quam
2692 3693 2984 3750 domestica
3032 3697 3403 3763 institutione;
3455 3716 3571 3757 erat

1963 3787 2156 3847 potens
2201 3795 2454 3835 sermone
2484 3793 2538 3835 et
2568 3796 2754 3850 opere,
2788 3784 3089 3853 imperabat
3139 3788 3235 3857 ipsi
3283 3803 3569 3859 creatum,

1962 3868 2087 3939 quia
2132 3869 2337 3923 amicus
2368 3881 2484 3924 erat
2514 3870 2723 3925 Domini
2776 3886 3080 3939 creaturae;
3133 3878 3317 3934 eduxit
3363 3892 3569 3938 tantum

1965 3960 2219 4029 populum
2275 3976 2342 4015 ex
2396 3960 2665 4033 Egypto;
2711 3980 2860 4020 mare
2908 3966 3122 4031 divisit,
3173 3981 3332 4038 atque
3377 3987 3569 4029 iterum

1964 4052 2241 4119 conjunxit
2294 4071 2306 4105 :
2369 4054 2657 4124 ridereque
2704 4067 2821 4110 erat
2867 4062 3193 4129 stupendum
3251 4068 3567 4122 nnraeulum

1966 4141 2160 4213 (Exod.
2191 4143 2281 4197 55.
2318 4141 2428 4216 11).
2461 4144 2611 4199 Tunc
2654 4148 2798 4201 enim
2833 4150 3062 4216 primum
3110 4153 3191 4207 sol
3222 4153 3355 4208 vidit
3397 4174 3563 4223 mare,

1967 4249 2074 4286 non
2102 4234 2297 4300 navnli,
2322 4234 2416 4289 sed
2446 4236 2680 4304 pedestri
2726 4238 2922 4293 itinere
2949 4242 3162 4295 transiri
3194 4260 3207 4296 :
3240 4246 3570 4318 pelagusque

1968 4340 2075 4379 non
2104 4326 2270 4381 remis
2298 4336 2352 4381 et
2396 4328 2639 4397 navigiis,
2673 4328 2766 4383 sed
2808 4346 3071 4399 equorum
3121 4335 3344 4401 pedibus
3397 4349 3571 4395 trans-

1967 4416 2170 4471 fretari.
2204 4420 2455 4471 Attamen
2494 4418 2581 4473 ille
2609 4422 2845 4487 sapiens,
2883 4420 2970 4475 ille
3001 4431 3191 4489 potens
3230 4440 3483 4483 sermone
3520 4443 3574 4485 ct

1967 4522 2152 4577 Opere,
2181 4509 2385 4562 amicus
2435 4509 2551 4575 Dei,
2598 4511 2687 4580 qui
2729 4522 2989 4567 creaturtn
3021 4514 3339 4585 imperabat,
3387 4532 3442 4575 et
3496 4532 3574 4579 iul

1969 4598 2227 4652 miracula
2256 4599 2517 4662 ediderat,
2550 4617 2655 4655 non
2685 4602 3064 4658 animadvertit
3088 4622 3225 4673 rem,
3256 4626 3413 4679 quam
3447 4615 3565 4683 ple-

1970 4692 2123 4759 rique
2169 4692 2480 4746 mortalium
2510 4692 2667 4747 facile
2717 4696 3079 4764 perspiciunt;
3122 4700 3218 4753 sed
3250 4716 3403 4757 socer
3451 4705 3570 4774 ejus

1970 4784 2231 4839 barbarus
2261 4796 2314 4839 ct
2360 4787 2620 4840 obscurus
2650 4788 2812 4841 homo
2864 4789 2913 4843 id
2972 4791 3369 4861 animadvertit,
3416 4806 3472 4852 et
3516 4799 3568 4855 in

1971 4876 2205 4931 medium
2257 4878 2478 4946 protulit
2531 4880 2602 4946 id,
2654 4881 2797 4951 quod
2844 4884 2931 4938 ille
2990 4902 3095 4940 non
3144 4893 3565 4961 excogitaverat.

1969 4968 2105 5036 Quid
2137 4970 2295 5039 igitur
2317 4964 2445 5025 illud
2474 4974 2595 5027 est?
2623 4976 2838 5043 Audite,
2872 4988 2927 5032 ut
2965 4964 3184 5037 discalis
3214 5002 3571 5059 unumquem-

1969 5077 2075 5130 que
2104 5062 2408 5117 cohsiliario
2440 5065 2700 5135 indigere,
2730 5070 2939 5123 etiamsi
2993 5072 3155 5143 Moysi
3188 5077 3419 5132 conferri
3455 5097 3576 5149 pos-

1971 5158 2038 5207 sit
2076 5172 2089 5207 :
2140 5158 2409 5225 multaque
2434 5157 2747 5229 plerumque
2779 5178 2919 5222 esse.
2952 5180 3071 5234 qua:
3104 5170 3280 5238 magni
3305 5181 3358 5225 et
3398 5175 3570 5230 admi-

1973 5245 2168 5299 rabilcs
2219 5250 2316 5301 viri
2366 5251 2631 5318 ignorant,
2667 5268 2785 5322 qum
2839 5256 3036 5310 nullius
3068 5262 3222 5326 pretii
3266 5263 3574 5324 hominibus

1975 5348 2097 5391 uota
2154 5350 2296 5392 sunt.
2355 5342 2489 5394 Cum
2542 5345 2684 5397 enim
2738 5346 2948 5416 Moyses
2998 5364 3251 5418 egressus
3300 5366 3443 5411 esset
3507 5377 3572 5414 ex

1976 5430 2233 5501 A‘Zgypto,
2270 5436 2318 5485 in
2348 5432 2667 5504 desertuque
2696 5448 2898 5507 ageret,
2933 5440 3113 5494 aderat
3150 5448 3395 5501 universa
3426 5451 3577 5519 plebs

1974 5521 2039 5573 ad
2069 5533 2320 5577 sexcenta
2361 5524 2635 5580 hominum
2670 5529 2857 5593 millia,
2881 5534 3227 5601 omniumque
3261 5538 3379 5592 lites
3408 5541 3575 5597 disce-

1976 5617 2347 5683 ptationesque
2370 5617 2456 5671 ille
2488 5619 2731 5672 solvebat
2762 5619 2955 5687 (fired.
2996 5624 3104 5695 18).
3138 5628 3288 5692 Quod
3319 5630 3405 5683 ubi
3449 5634 3579 5689 vidit

1978 5720 2129 5757 socer
2168 5705 2283 5773 ejus
2320 5706 2529 5770 Jothor,
2567 5710 2727 5762 homo
2783 5712 3085 5781 imperitus,
3116 5720 3204 5785 qui
3262 5720 3314 5772 in
3359 5721 3578 5777 deserto

1987 5799 2146 5853 \ilant
2191 5810 2393 5869 egerat,
2429 5816 2526 5857 nec
2560 5802 2733 5873 legum
2782 5805 3086 5876 pOilllLL‘quc
3133 5814 3579 5872 consuetudinem
