4212 6290
582 298 681 356 lSS

556 419 736 470 -ottam
764 413 1045 481 habuerat,
1075 419 1139 480 et,
1151 410 1219 468 Id
1250 410 1362 467 hac
1399 410 1452 465 in
1481 407 1752 478 impietate
1788 413 2021 473 vivebat,
2051 419 2159 475 quo

574 506 702 577 quid
752 508 957 564 certius
1002 501 1320 573 insipientia:
1380 507 1794 571 argumentum!
1840 494 1979 552 Nihil
2016 495 2162 550 enim

577 600 866 671 gentilibus
902 598 986 653 est
1030 594 1382 664 insipientius.
1419 590 1799 648 Verumtamen
1845 586 1934 644 ille
1973 587 2163 641 barba-

583 709 694 754 rus,
728 690 948 759 impius,
996 685 1277 754 insipiens,
1307 682 1495 737 videns
1545 682 1779 754 Moyscm
1832 694 1941 733 non
1983 686 2165 746 utpar

581 793 692 836 erat
733 795 915 849 agerc,
959 778 1133 847 ipsum
1184 760 1563 846 reprehendit,
1612 771 1905 842 sapientem
1948 770 2162 849 inquam

581 873 751 937 illum,
776 848 1126 940 prudentem,
1162 868 1251 922 Dei
1282 866 1534 921 amicum.
1573 858 1818 933 Dixitque
1850 861 1963 916 illi:
1998 848 2168 926 Quare

579 964 655 1018 illi
697 972 833 1017 stant
879 976 1052 1015 coram
1095 970 1143 1013 te
1186 958 1383 1029 (Exod.
1418 957 1505 1012 l8.
1541 955 1671 1024 l4)?
1714 963 1917 1009 etcum
1949 966 2164 1006 causam

578 1056 873 1114 didicisset.
903 1053 1019 1107 ait:
1052 1050 1171 1106 Non
1200 1060 1332 1103 recte
1368 1059 1423 1101 tu
1470 1049 1597 1115 fucis
1640 1044 1746 1118 (Ib.
1782 1055 1831 1099 υ.
1864 1041 1976 1116 l7).
2024 1043 2169 1122 Uen-

580 1148 758 1201 silium
790 1160 911 1200 cum
943 1141 1305 1210 increpatione
1330 1138 1675 1207 eonjunctum
1702 1152 1717 1199 ;
1769 1144 1943 1203 neque
1989 1144 2167 1186 tamen

582 1238 673 1294 ille
700 1236 1003 1306 indignatus
1024 1243 1126 1296 est,
1150 1231 1245 1287 sed
1274 1230 1537 1301 patienter
1564 1228 1681 1289 tulit
1708 1227 1789 1281 vir
1818 1225 1905 1279 ille
1931 1225 2171 1292 sapiens,

583 1329 816 1400 prudens
835 1334 891 1382 et
920 1324 1012 1381 Dei
1038 1324 1262 1389 amicus,
1300 1321 1391 1392 qui
1437 1328 1515 1375 tot
1558 1317 1889 1391 myriadibus
1918 1323 2167 1385 przcerat.

585 1423 768 1493 Neque
794 1423 939 1476 enim
992 1431 1215 1488 parvutn
1265 1414 1369 1470 hoc
1393 1424 1497 1478 est,
1525 1427 1555 1466 a
1604 1410 1835 1465 barbaro
1861 1420 1917 1464 et
1962 1406 2171 1477 privato

585 1514 799 1571 homine
830 1511 1055 1568 erudiri.
1077 1507 1259 1577 Neque
1278 1506 1420 1562 edita
1460 1504 1734 1569 miracula,
1765 1514 1937 1572 neque
1962 1499 2171 1569 imperil

584 1604 895 1678 magnitudo
925 1604 1162 1657 animum
1188 1602 1307 1668 ejt'ts
1331 1593 1664 1653 extollebant
1699 1612 1713 1647 :
1756 1606 1931 1662 neque
1975 1591 2175 1645 rubore

584 1695 1011 1758 suffundebatur,
1042 1691 1183 1764 Quod
1227 1688 1581 1760 praesentibus
1609 1685 1836 1743 subditis
1875 1682 2178 1752 corripere-

582 1800 705 1855 tur;
738 1787 832 1857 sed
859 1784 1103 1855 cegitaus
1129 1797 1210 1848 se,
1240 1781 1342 1835 etsi
1374 1780 1523 1849 signa
1552 1792 1739 1847 magna
1767 1774 2047 1839 edidisset,
2078 1774 2177 1825 hu-

586 1893 757 1935 mana:
787 1887 963 1930 tamen
972 1872 1307 1961 |participem
1339 1884 1460 1923 esse
1481 1876 1709 1934 naturas,
1728 1865 1812 1920 cui
1842 1863 2008 1918 multa
2034 1874 2177 1930 sa'pe

586 1972 765 2042 ignota
805 1974 952 2032 sunt,
974 1954 1105 2021 cum
1150 1963 1411 2018 modestia
1441 1961 1724 2016 consilium
1768 1958 1997 2027 accepit.
2030 1954 2177 2010 Multi

586 2069 803 2123 contra,
849 2070 918 2113 ne
964 2056 1142 2110 alieno
1190 2053 1475 2108 videantur
1529 2050 1756 2105 consilio
1803 2060 1991 2119 egere,
2037 2060 2179 2115 sa-pe

586 2150 790 2207 malttnt
838 2150 1067 2204 utilitate
1106 2145 1313 2202 consilii
1358 2159 1565 2203 carere.
1593 2158 1750 2213 quam
1796 2150 2043 2208 suscepta
2085 2138 2179 2191 ad-

588 2243 881 2298 monitione
931 2250 1207 2309 peccatum
1252 2235 1585 2292 emendare:
1618 2235 1727 2288 imo
1778 2231 1986 2286 tnalunt
2030 2229 2180 2299 igno-

591 2341 733 2398 rare,
762 2344 920 2401 quam
948 2328 1180 2391 discere,
1210 2326 1509 2382 nescientes
1558 2339 1663 2378 non
1694 2337 1814 2377 esse
1861 2320 2064 2374 crimen
2094 2318 2179 2372 di-

590 2438 762 2490 scere,
788 2422 882 2477 sed
912 2421 1087 2492 potius
1115 2420 1401 2490 ignorare;
1454 2431 1562 2471 non
1605 2414 1810 2477 doceri,
1855 2412 1951 2467 sed
1996 2412 2049 2465 in
2100 2410 2181 2463 in-

590 2517 742 2583 scitia
779 2514 1009 2583 degere;
1050 2526 1156 2565 non
1184 2511 1353 2580 argui,
1381 2508 1474 2564 sed
1506 2522 1724 2576 peccare
1772 2506 1887 2560 sine
1931 2503 2183 2559 emenda—

593 2610 759 2662 tione.
790 2604 995 2659 Accidit
1022 2603 1164 2656 enim
1192 2602 1350 2657 etiam
1381 2599 1517 2670 apud
1562 2598 1877 2652 vilissimum
1911 2594 2182 2650 hominem

592 2696 793 2770 aliquid
821 2697 946 2751 boni
976 2693 1324 2764 deprehendi,
1352 2691 1496 2762 quod
1536 2691 1588 2745 in
1615 2690 1857 2758 sapiente
1887 2702 2185 2759 magnoque

597 2796 714 2850 viro
741 2794 1055 2862 plerumque
1084 2806 1188 2845 non
1231 2790 1521 2858 reperitur.
1554 2786 1706 2853 Quod
1737 2800 1857 2840 cum
1884 2782 2182 2853 perpende-

604 2898 685 2944 rct
716 2886 947 2958 Moyses,
979 2885 1126 2938 illum
1161 2881 1531 2936 consulentem
1561 2892 1714 2947 inquo
1754 2875 1953 2931 audivit
1980 2876 2181 2939 animo,

597 2992 650 3033 et
677 2979 947 3035 dicentem
981 2993 995 3030 :
1046 2973 1153 3028 Fac
1189 2973 1275 3027 tibi
1314 2972 1645 3037 millenarios,
1678 2968 2007 3031 centenarias,
2034 2967 2185 3036 quin-

595 3070 951 3142 quagenarias,
974 3076 1020 3121 et
1050 3066 1374 3129 decuriones;
1412 3073 1457 3117 et
1485 3080 1563 3116 res
1594 3063 1847 3133 grauiores
1875 3060 1942 3113 ad
1977 3069 2024 3113 te
2053 3062 2188 3127 refe-

599 3171 736 3225 rant,
767 3160 975 3213 leviores
1014 3166 1181 3209 autem
1212 3155 1308 3223 ipsi
1348 3154 1543 3208 solt-ant
1584 3149 1774 3222 (Exod.
1813 3150 1897 3205 l8.
1938 3148 2027 3203 il.
2070 3147 2186 3219 Ἠ).

602 3252 695 3305 llis
721 3248 915 3303 auditis
937 3247 1024 3302 ille
1063 3260 1167 3300 non
1196 3244 1429 3308 erubuit,
1463 3257 1570 3297 non
1602 3240 1913 3311 pudefactus
1951 3250 2055 3302 εει,
2081 3252 2187 3292 non

592 3352 683 3397 ist
711 3341 975 3405 reveritus
1004 3338 1288 3393 subditos:
1333 3352 1437 3391 non
1466 3334 1602 3389 dixit
1636 3334 1771 3387 intra
1806 3347 1906 3387 se:
1950 3330 2034 3386 Me
2061 3345 2192 3385 con-

603 3448 840 3490 temnent
862 3432 1084 3493 subditi,
1113 3432 1157 3485 si
1184 3430 1290 3485 dnx
1315 3445 1437 3482 cum
1469 3428 1567 3482 siin
1597 3427 1664 3481 ab
1688 3428 1794 3481 alio
1832 3423 1955 3494 quid
1988 3422 2191 3477 facien-

602 3522 725 3581 dum
771 3526 841 3579 sit
885 3524 1120 3578 didicero
1168 3539 1181 3575 :
1234 3521 1327 3575 scd
1366 3519 1777 3588 obtemperavit,
1816 3526 1871 3571 et
1908 3515 2191 3570 consilium

606 3626 861 3686 sequutus
888 3626 993 3679 est,
1040 3628 1213 3682 neque
1255 3621 1570 3681 praesentes,
1599 3624 1772 3679 neque
1822 3616 1942 3677 post
1990 3606 2193 3660 futuros

603 3710 855 3773 etttbuit;
906 3709 1011 3761 imo
1043 3715 1310 3774 tamquam
1342 3704 1725 3778 collem-status
1756 3700 1855 3755 hac
1875 3699 2047 3754 soceri
2075 3714 2195 3753 eor-

609 3800 869 3870 reptione,
904 3813 1009 3851 non
1058 3796 1218 3850 modo
1268 3795 1515 3849 homines
1567 3788 1703 3847 illos'
1729 3792 1818 3860 qui
1850 3800 1976 3845 tunc
2017 3798 2192 3856 erant,

607 3892 698 3948 rcd
734 3891 893 3945 etiam
928 3904 1020 3943 eos
1040 3888 1127 3959 qui
1155 3886 1221 3941 ad
1253 3886 1567 3940 hodiernum
1599 3897 1765 3954 usque
1790 3883 1928 3937 diem
1956 3880 2192 3945 fuerunt,

606 3997 660 4041 et
687 3984 777 4055 qni
822 3985 874 4038 in
904 3992 1015 4036 toto
1060 3983 1189 4035 orbe
1230 3979 1391 4033 futuri
1421 3988 1545 4032 sunt
1572 3992 1739 4045 usque
1781 3976 1844 4029 ad
1871 3975 2068 4030 Christi
2098 3973 2195 4027 ad-

609 4092 850 4144 ventum,
886 4077 1052 4130 literis
1079 4076 1278 4138 docuit,
1304 4082 1358 4126 et
1386 4087 1447 4125 se
1478 4086 1581 4125 non
1624 4070 1863 4140 potniSse
1888 4066 2014 4137 quid
2060 4066 2199 4120 facto

610 4187 745 4241 opus
768 4178 911 4222 esset
940 4166 1141 4229 videre,
1164 4174 1217 4217 et
1241 4165 1413 4217 soceri
1443 4162 1863 4217 admonitionem
1894 4158 2196 4226 amplexum

609 4277 749 4317 esse.
776 4258 885 4312 Nos
918 4273 1048 4311 vero
1089 4256 1133 4309 si
1168 4254 1247 4307 vel
1284 4270 1445 4308 unum
1476 4253 1750 4305 videamus
1775 4251 2043 4304 hominem
2072 4249 2197 4302 dum

611 4350 962 4405 emendamur
981 4357 1035 4401 et
1059 4346 1399 4413 corripimur,
1431 4344 1831 4405 conturbamur,
1867 4340 2200 4409 obstupesci-

612 4456 750 4505 nms,
779 4448 830 4494 et
868 4438 937 4494 de
975 4440 1079 4491 vita
1124 4452 1220 4490 nos
1250 4435 1511 4491 excidisse
1556 4444 1818 4504 ptttamns.
1852 4434 1919 4487 At
1964 4433 2051 4487 ille
2092 4448 2195 4486 non

612 4532 775 4595 item;
820 4527 911 4583 sed
939 4544 1059 4582 cum
1103 4528 1311 4582 videret
1338 4534 1416 4581 tot
1448 4526 1609 4579 millia
1656 4525 1926 4579 heminam
1961 4539 2197 4593 praesen-

614 4624 779 4687 tinm;
832 4623 939 4675 imo
970 4630 1047 4674 tot
1094 4618 1257 4672 millia
1308 4617 1607 4683 hominum,
1651 4617 1737 4686 qui
1773 4624 1898 4670 tunc
1944 4626 2115 4677 erant,
2146 4624 2201 4670 et

613 4718 700 4785 qui
744 4724 856 4782 post
890 4713 1099 4767 fuerunt
1134 4727 1227 4781 per
1256 4719 1421 4763 totum
1450 4710 1633 4763 orbem
1678 4724 1845 4777 usque
1870 4707 1935 4760 ad
1963 4723 2200 4777 ργωεριι-

617 4820 723 4863 tem
772 4806 935 4867 diem,
965 4821 1069 4858 non
1121 4803 1365 4866 erubuit;
1418 4802 1511 4855 sed
1557 4802 1804 4853 omnilms
1832 4800 2069 4869 quotidie
2110 4814 2203 4867 per

614 4903 795 4957 literas
824 4899 1099 4953 denuntiat
1138 4912 1197 4951 ea
1242 4910 1487 4949 socerum
1521 4892 1740 4953 vidisse,
1774 4908 1893 4961 quae
1937 4892 2049 4961 ipse
2096 4905 2200 4945 non

618 4990 1087 5046 animadverterat.
1110 4986 1218 5040 Cur
1246 4986 1345 5040 hoc
1372 4984 1514 5049 fecit,
1534 4994 1587 5037 et
1608 5000 1701 5038 cur
1725 5000 1836 5037 rem
1867 4986 2006 5036 illam
2033 4984 2204 5038 literis

616 5082 874 5137 tradidit?
918 5080 989 5135 Ut
1018 5080 1172 5135 nobis
1202 5087 1387 5133 auctor
1414 5086 1576 5140 esset,
1612 5092 1677 5130 ne
1705 5077 1867 5129 altum
1908 5076 2198 5144 sapiamus,

617 5174 859 5244 quamvis
892 5171 1128 5225 omnium
1152 5169 1531 5239 sapientissimi
1564 5169 1751 5229 simus,
1777 5182 1946 5235 neque
1974 5167 2201 5220 aliorum

616 5266 833 5319 musdia
857 5274 1284 5325 contemnamus,
1304 5262 1509 5316 etiamsi
1541 5260 1779 5313 omnium
1811 5259 2049 5313 vilissimi
2076 5261 2202 5313 sint.

618 5357 822 5428 Siquid
862 5358 1051 5424 aliquis
1081 5355 1245 5425 probe
1286 5353 1550 5416 consulat,
1579 5351 1677 5405 etsi
1728 5350 1956 5405 famulus
1996 5351 2084 5416 sit,
2114 5356 2207 5403 ad-

617 5450 969 5507 monitionem
1013 5450 1227 5518 accipe;
1274 5448 1315 5501 si
1367 5446 1493 5515 qttid
1536 5444 1892 5513 perniciosum
1941 5444 2203 5512 quispiam

622 5545 702 5600 vel
731 5538 782 5598 in
818 5544 1048 5597 maxima
1075 5541 1329 5610 dignitate
1360 5539 1561 5608 positus
1587 5536 1851 5603 consulat,
1885 5539 2202 5591 sententiam

614 5635 868 5707 repudies
901 5653 914 5691 :
964 5650 1068 5688 non
1104 5635 1244 5686 enim
1271 5632 1496 5701 qualitas
1527 5646 1877 5701 personarum
1923 5632 2207 5685 consulen—

622 5728 777 5793 tium,
798 5729 891 5781 sed
915 5727 1123 5782 consilii
1157 5735 1340 5780 natura
1379 5723 1666 5794 spectanda
1697 5738 1910 5793 semper
1940 5734 2037 5781 est.
2077 5727 2203 5782 Illud

1284 293 1343 355 8.
1382 291 1661 375 JOANNlS
1696 282 2176 349 CllRYSOSTOHl
2218 285 2539 344 ARCHIEP.
2579 278 3119 349 CONSTANTINOP.

2272 404 2431 477 igitur
2452 406 2663 479 Moyses
2689 407 2815 464 fecit
2838 419 2894 463 ut
2921 425 3021 464 nos
3047 408 3267 467 doceret
3293 425 3398 467 non
3437 414 3865 474 erubescendum

2269 509 2390 551 esse
2417 512 2538 551 cum
2581 498 2971 569 redarguimur,
3004 500 3214 556 etiamsi
3246 501 3402 560 nobis
3441 505 3729 561 universus
3770 522 3867 576 po-

2270 584 2425 654 pulus
2455 586 2688 642 adesset.
2727 589 2861 644 Illud
2888 590 3031 645 enim
3059 606 3188 647 vere
3216 591 3335 648 laus
3358 601 3570 649 estnon
3600 596 3856 665 vulgaris.

2269 689 2643 747 supremaque
2686 678 3041 750 philosophia:
3080 682 3441 750 prateonium,
3481 686 3868 754 reprehensio-

2270 783 2394 824 nem
2421 784 2681 841 generose
2707 769 2873 827 ferre.
2903 772 3018 827 Non
3048 773 3189 829 enim
3232 775 3303 829 ita
3342 774 3537 830 Jothor
3567 790 3709 838 nunc
3748 776 3870 830 lau-

2271 858 2463 916 damus
2513 867 2569 917 et
2613 860 2963 929 admiramur,
2997 864 3139 933 quod
3190 864 3407 936 Moysen
3456 867 3778 929 correxerit,
3816 874 3875 920 nt

2270 962 2515 1007 sanctum
2564 952 2737 1019 illum,
2769 953 2912 1023 quod
2962 961 3039 1007 tot
3077 956 3428 1022 praesentibus
3471 956 3722 1026 redargui
3763 970 3871 1010 non

2272 1049 2568 1113 erubuerit,
2598 1057 2653 1104 et
2701 1064 2815 1104 rem
2852 1059 3058 1121 gestam
3107 1050 3383 1105 memoriae
3433 1051 3734 1117 tradiderit,
3788 1052 3874 1106 his

2272 1140 2524 1195 omnibus
2555 1140 2949 1210 philosophiam
3001 1156 3153 1197 suam
3199 1141 3513 1209 ostendens,
3558 1142 3876 1199 declaan

2271 1247 2378 1303 que
2404 1243 2735 1305 quantopere
2780 1234 2996 1288 inanem
3044 1234 3323 1290 hominum
3369 1234 3593 1305 gloriam
3622 1246 3875 1292 contem-

2275 1335 2449 1380 neret.

2347 1418 2399 1472 5.
2434 1416 2538 1471 Cur
2572 1416 2956 1488 Chrysoqu
3004 1416 3157 1489 longa
3201 1418 3443 1488 promotis
3488 1418 3681 1473 ederet.
3707 1448 3782 1459 —
3808 1419 3881 1473 At

2280 1516 2379 1562 nos
2405 1507 2533 1562 dum
2558 1506 2625 1562 de
2652 1508 3036 1577 prudentiorum
3071 1510 3374 1577 prolixitate
3405 1524 3504 1565 nos
3530 1524 3878 1575 excusamns,

2279 1612 2468 1653 rursus
2495 1599 2666 1667 majus
2691 1600 3011 1669 proemium
3046 1598 3305 1663 fecimus;
3334 1617 3518 1655 verum
3544 1616 3650 1656 non
3675 1610 3883 1657 temere

2280 1703 2453 1758 neque
2474 1690 2589 1751 sine
2612 1704 2769 1743 causa
2787 1707 2799 1742 :
2819 1704 2939 1743 nam
2957 1690 3026 1743 de
3044 1690 3203 1744 rebus
3219 1691 3467 1745 maximis
3483 1692 3885 1763 admodumun

2280 1783 2599 1837 necessariis
2634 1796 2731 1836 vos
2769 1782 3126 1851 alloquimur,
3176 1794 3231 1838 ut
3260 1782 3473 1839 fortiter
3499 1786 3729 1839 feramus
3758 1798 3884 1840 cum

2280 1876 2583 1946 arguimur;
2624 1883 2680 1930 et
2726 1883 2782 1929 ut
2823 1874 3072 1931 alacriter
3107 1890 3393 1947 arguamus
3420 1877 3888 1948 cerripiamusque

2281 1984 2376 2023 eos
2402 1968 2492 2037 qui
2518 1975 2767 2040 peccant.
2798 1966 2994 2024 Veram
3021 1968 3132 2037 jam
3174 1982 3398 2022 necesse
3425 1978 3511 2023 est
3547 1978 3605 2023 ut
3640 1968 3709 2024 de
3754 1983 3886 2038 pro-

2283 2059 2491 2115 lixitate
2540 2074 2638 2115 nos
2675 2057 3056 2122 defendamus,
3098 2058 3551 2129 Ostendamusqne
3589 2074 3686 2113 cur
3724 2058 3888 2125 longa

2283 2151 2541 2206 faciamus
2588 2151 2869 2221 prooemia.
2916 2149 3024 2205 Cur
3072 2166 3201 2219 ergo
3246 2150 3297 2205 id
3348 2148 3611 2205 facimus?
3656 2150 3888 2205 't'antam

2285 2243 2676 2297 multitudinem
2706 2242 3033 2313 alloquimur
3055 2282 3071 2309 ,
3117 2243 3262 2296 viros
3289 2242 3378 2313 qui
3412 2257 3608 2297 uxores
3658 2242 3886 2304 habent,

2284 2334 2372 2403 qui
2402 2333 2650 2387 domibus
2682 2345 2943 2401 praesunt,-
2967 2332 3162 2388 diurno
3190 2347 3356 2403 opere
3383 2334 3545 2386 vitam
3580 2344 3800 2401 parant,
3836 2351 3889 2387 tn

2286 2423 2636 2477 smcttlaribus
2661 2424 2885 2493 negotiis
2915 2433 3095 2494 agunt.
3139 2423 3324 2493 Neque
3367 2424 3495 2479 illud
3536 2433 3739 2478 tantum
3770 2440 3891 2479 mo-

2289 2514 2482 2568 lestum
2525 2523 2644 2580 est,
2689 2516 2829 2583 quod
2873 2524 3131 2583 perpetuo
3174 2524 3542 2585 occupentur,
3597 2516 3693 2571 sed
3744 2517 3894 2586 quod

2290 2606 2453 2660 semel
2482 2606 2533 2658 in
2563 2604 2900 2659 hebdomada
2935 2606 3078 2673 ipsos
3122 2604 3207 2658 hic
3249 2606 3603 2675 excipiamus,
3635 2607 3703 2663 Ut
3732 2608 3896 2678 igitur

2290 2698 2559 2752 intellectu
2591 2697 2758 2752 facilia
2787 2697 3071 2753 reddanms
3097 2713 3158 2752 ea
3188 2714 3308 2769 quze
3332 2699 3585 2765 dicimus,
3614 2702 3897 2770 prommiis

2288 2789 2570 2843 clariorem
2611 2790 2865 2845 exhibere
2909 2789 3209 2845 doctrinam
3264 2790 3562 2845 studemus.
3616 2791 3707 2845 llle
3747 2792 3899 2847 enim

2289 2881 2373 2933 cui
2402 2879 2530 2934 nihil
2563 2880 2703 2936 aliud
2732 2889 2816 2937 est
2843 2882 3065 2951 negotii,
3088 2896 3245 2951 quam
3277 2890 3335 2933 ut
3365 2896 3578 2951 semper
3601 2881 3901 2952 Seripturis

2288 2981 2463 3037 Vaeet,
2495 2986 2601 3025 non
2631 2981 2752 3041 eget
2782 2972 3073 3040 prooemiis,
3100 2985 3204 3025 non
3232 2982 3487 3041 apparatu
3510 2973 3719 3026 :statim
3749 2976 3901 3027 enim

2294 3062 2475 3114 audito
2495 3062 2737 3128 doctore,
2762 3061 3027 3116 dictorum
3059 3075 3274 3114 sensum
3298 3062 3522 3130 percipit
3546 3081 3561 3116 :
3586 3063 3631 3115 is
3653 3078 3782 3116 vero
3806 3064 3901 3133 qui

2296 3153 2522 3205 ttiaxima
2558 3153 2812 3221 temporis
2844 3162 2995 3221 parte
3023 3151 3369 3206 sarcularibus
3395 3154 3622 3221 negotiis
3650 3154 3903 3212 addictus

2293 3252 2415 3305 est,
2456 3251 2512 3297 et
2556 3245 2727 3298 rarius
2772 3243 3027 3312 brevique
3060 3252 3301 3311 tempore
3333 3241 3420 3297 hic
3448 3254 3758 3313 comparet.
3800 3246 3906 3301 nisi

2297 3336 2554 3404 prooemia
2584 3335 2954 3403 majoremque
2976 3342 3289 3402 apparatum
3316 3335 3518 3398 audiat,
3544 3351 3663 3404 qua:
3690 3340 3908 3389 serino-

2298 3442 2419 3481 nem
2452 3442 2665 3495 semper
2697 3428 2994 3495 pra-cedant
3027 3437 3079 3479 et
3126 3426 3226 3495 ipsi
3258 3426 3397 3480 viam
3444 3440 3665 3495 parent,
3698 3428 3911 3497 absque

2300 3522 2448 3577 luero
2473 3521 2719 3576 discedit.
2751 3521 2931 3590 Neque
2978 3520 3092 3574 haec
3136 3536 3238 3574 una
3278 3520 3436 3574 nobis
3469 3534 3627 3574 causa
3660 3530 3743 3575 est
3782 3537 3912 3588 pro-

2303 3613 2523 3667 lixitatis
2548 3614 2952 3681 prommiorum,
2971 3611 3068 3667 sed
3094 3620 3149 3666 et
3172 3611 3274 3665 alia
3298 3628 3402 3665 non
3430 3614 3624 3666 minor.
3653 3613 3728 3665 lix
3754 3622 3907 3665 tanta

2300 3708 2496 3774 quippe
2524 3704 2861 3758 umltitudinc
2889 3704 2974 3755 alii
3000 3701 3283 3769 accedunt,
3312 3703 3400 3756 alii
3431 3718 3577 3772 smpe
3606 3718 3712 3756 non
3741 3718 3907 3756 acce-

2300 3798 2452 3851 dunt.
2486 3797 2719 3851 Necesse
2753 3796 2930 3865 itaque
2968 3806 3051 3851 est
3092 3810 3188 3849 eos
3231 3796 3321 3865 qni
3365 3795 3627 3849 accedunt
3654 3795 3911 3850 laudibus

2303 3904 2528 3954 ornare,
2582 3903 2676 3942 cos
2707 3902 2834 3941 vero
2882 3888 2970 3956 qui
3019 3886 3215 3942 absunt
3255 3888 3690 3957 reprehendere:
3723 3898 3785 3941 ut
3830 3888 3908 3941 illi

2311 3981 2555 4035 laudibus
2617 3981 2965 4035 studiosiores
3024 3982 3286 4046 evadant,
3348 3982 3400 4036 hi
3451 3982 3909 4049 increpationibus

2306 4072 2582 4143 segnitiem
2637 4079 2854 4140 ponant.
2899 4072 3017 4125 Alia
3067 4086 3280 4142 quoque
3329 4072 3483 4125 adest
3522 4072 3908 4139 prommiomm

2310 4165 2619 4219 necessitas.
2667 4162 3058 4233 Argumentum
3106 4178 3251 4233 sa'pe
3281 4163 3540 4232 prolixius
3573 4172 3867 4218 tractamus
3891 4202 3906 4229 ,

2306 4257 2447 4347 quod
2476 4272 2582 4311 non
2612 4271 2718 4309 uno
2744 4257 2831 4310 die
2868 4271 3151 4323 possumus
3183 4256 3247 4309 ad
3284 4258 3442 4309 linem
3475 4254 3742 4309 deducere
3764 4297 3777 4320 ,
3811 4255 3908 4310 sed

2306 4346 2624 4403 etsecunda
2655 4359 2707 4402 et
2751 4350 2903 4402 tertia
2944 4358 2999 4402 et
3041 4356 3228 4418 quarta
3278 4361 3421 4416 διιεμο
3466 4361 3603 4415 Opus
3630 4356 3715 4401 cst
3752 4346 3910 4401 nobis

2309 4442 2672 4511 expositione,
2710 4441 2774 4495 ad
2818 4457 2977 4495 unam
3020 4441 3371 4509 eamdemque
3400 4440 3514 4492 rém
3552 4439 3906 4493 tractandam.

2311 4533 2623 4588 Necessario
2660 4532 2822 4602 igitur
2865 4532 3100 4588 secunda
3146 4532 3233 4585 die
3265 4530 3459 4599 prioris
3501 4529 3762 4584 doctrinm
3790 4530 3912 4584 finis

2310 4640 2390 4681 cSt
2433 4626 2791 4695 repetendus,
2837 4637 2895 4679 ut
2936 4627 3006 4679 ita
3045 4625 3163 4677 linis
3192 4639 3313 4677 cum
3346 4622 3601 4691 principio
3630 4622 3911 4677 colunreus

2310 4718 2589 4774 clariorem
2620 4719 2847 4773 auditori
2880 4718 3245 4772 narrationem
3277 4715 3463 4769 reddat
3495 4757 3510 4778 ,
3566 4731 3631 4769 ue
3662 4718 3777 4769 sine
3809 4717 3911 4769 ulla

2311 4811 2450 4864 serie
2477 4813 2643 4880 posita
2676 4814 2850 4865 oratio
2890 4808 3169 4864 obscurior
3199 4807 3406 4861 evadat.
3458 4806 3526 4860 Ut
3564 4822 3699 4859 vero
3734 4807 3915 4859 disvas

2312 4906 2605 4960 orationem
2639 4905 2901 4973 prommio
2946 4911 3217 4957 carentem
3259 4901 3541 4955 auemine
3583 4899 3913 4953 intellectum

2315 4995 2412 5058 iri,
2445 5011 2571 5049 cccc
2607 4996 2717 5063 jam
2764 4996 2879 5047 sine
2912 4993 3183 5060 promotus
3214 4989 3567 5059 expcrimcmi
3598 5003 3759 5041 causa
3787 5004 3914 5041 ora-

2316 5089 2510 5141 tionem
2552 5086 2756 5140 ordior.
2801 5084 3094 5154 Respiciens
3134 5092 3300 5135 autem
3342 5080 3496 5134 Iesus
3542 5079 3670 5133 dixit
3700 5077 3824 5133 :Tu
3861 5095 3916 5133 cs

2316 5178 2495 5233 Simon
2526 5179 2665 5247 ﬁlius
2698 5177 2857 5242 Jona,
2888 5186 2939 5229 tu
2971 5176 3220 5229 vocaberis
3247 5173 3467 5243 Cephas,
3495 5170 3633 5241 quod
3656 5181 3727 5225 est
3758 5172 3914 5224 inter-

2316 5278 2565 5337 pretatum
2604 5267 2788 5321 Petrus
2829 5268 3006 5335 (Joan.
3058 5270 3108 5319 l.
3140 5263 3256 5338 49).
3304 5263 3495 5319 Videte
3534 5278 3663 5316 num
3709 5262 3914 5316 dictum

2315 5362 2446 5418 illud
2480 5362 2819 5431 intelligatis?
2844 5377 2909 5415 an
2936 5361 3117 5415 sciatis
3138 5358 3603 5427 consequentiam,
3636 5363 3691 5411 et
3715 5371 3817 5425 qua
3846 5356 3915 5410 de

2315 5469 2473 5508 causa
2505 5454 2619 5509 haec
2646 5454 2785 5509 dicta
2818 5455 2958 5507 sint?
2989 5453 3107 5519 quia
3141 5466 3335 5520 nempe
3364 5450 3481 5503 sine
3508 5448 3771 5517 prooemio
3799 5445 3915 5501 lure

2317 5546 2533 5617 protuli,
2565 5546 2781 5616 perinde
2804 5562 2866 5601 ae
2886 5545 2930 5599 si
2951 5546 3070 5615 quis
3092 5543 3363 5597 hominem
3389 5539 3623 5611 undique
3640 5539 3912 5593 obtectum

2317 5637 2368 5691 in
2395 5638 2659 5691 theatrum
2684 5636 2931 5691 adducat.
2963 5638 3072 5704 Age
3097 5648 3227 5703 ergo
3255 5633 3425 5702 ipsum
3450 5633 3785 5702 delegamus,
3804 5646 3914 5698 iam

2317 5728 2442 5784 dato
2474 5730 2753 5798 prommio.
2807 5730 2881 5784 Dc
2928 5728 3091 5782 Paulo
3131 5734 3307 5782 antem
3351 5740 3532 5780 sermo
3562 5722 3717 5779 nobis
3747 5734 3917 5787 nuper
