4212 6290
292 306 394 366 157

290 428 439 479 erat.
476 420 695 490 quando
720 418 787 474 de
828 419 1132 476 nomiuilms
1157 415 1589 481 disserebamus,
1620 413 1901 492 qua-reba-

289 526 521 580 musque
557 527 654 565 cur
696 509 983 579 aliquando
1022 510 1258 574 Saulus,
1310 518 1493 576 postea
1538 519 1668 559 vero
1711 504 1906 559 Paulus

295 612 524 656 vocatus
554 602 734 655 fuerit.
770 600 895 655 Inde
936 615 1062 654 vero
1096 598 1323 669 digressi
1354 611 1540 661 sumus
1569 595 1637 649 ad
1669 605 1902 647 veterem

296 690 603 757 historiam,
617 707 912 762 omnesque
928 694 1014 760 qui
1037 690 1354 761 cognomina
1375 690 1671 744 habuerant
1689 688 1868 742 exarui
1882 716 1901 727 -

292 785 561 838 navimus.
609 782 819 837 Deinde
858 782 1130 837 Simonem
1162 780 1705 835 commemoravimus
1725 818 1739 842 ,
1772 794 1899 833 nec-

290 889 400 927 non
428 873 704 927 Christum
738 873 835 943 ipsi
864 872 1154 937 dicentem,
1189 870 1262 923 Tu
1290 887 1340 923 es
1365 870 1546 926 Simon
1572 870 1711 937 ﬁlius
1739 868 1898 932 Jona,

287 972 342 1017 tu
390 963 653 1017 vocaberis
699 963 921 1032 Cephas,
961 964 1099 1032 quod
1142 971 1213 1015 est
1258 962 1638 1030 interpretatum
1689 958 1898 1014 Petrus.

295 1053 490 1107 \‘iden’
519 1069 626 1124 quo
653 1064 810 1123 pacto
836 1052 888 1107 id
919 1052 1059 1127 quod
1090 1051 1404 1105 difficultate
1429 1051 1645 1127 plenum
1676 1049 1897 1104 videba-

287 1155 398 1213 tur,
422 1160 568 1201 nunc
588 1146 763 1198 notius
778 1144 1043 1198 evaserit?
1059 1141 1519 1210 Quemadmodum
1537 1140 1679 1195 enim
1702 1154 1900 1209 corpus

285 1239 465 1305 capite
485 1278 503 1304 ,
540 1238 698 1291 arbor
724 1237 935 1302 radice,
975 1247 1027 1290 et
1055 1235 1250 1289 ﬂumen
1297 1235 1443 1289 fonte
1473 1232 1706 1301 indiget,
1736 1234 1813 1287 sic
1841 1241 1897 1287 et

286 1332 464 1383 oratio
495 1328 777 1397 protentio.
809 1328 987 1397 Itaque
1010 1343 1131 1382 cum
1163 1342 1257 1379 vos
1290 1328 1339 1380 in
1380 1326 1476 1379 vim
1520 1326 1729 1379 initium
1761 1340 1895 1378 con-

286 1420 661 1482 stituerimus,
708 1428 761 1473 et
805 1419 1244 1486 consequentiam
1304 1416 1736 1481 ostenderimus,
1782 1416 1893 1486 ja'u

286 1511 531 1565 historiae
560 1511 879 1581 prommium
908 1520 1209 1581 tangamus.

360 1601 468 1656 Cur
500 1601 669 1655 Paulo
700 1619 882 1657 nomen
913 1603 975 1656 sit
1006 1613 1272 1656 ululatum.
1317 1601 1420 1657 Cur
1451 1620 1550 1657 non
1580 1606 1751 1657 statim
1782 1612 1896 1673 post

284 1696 665 1751 conversionem
693 1706 938 1749 mutatum
961 1696 1006 1749 ei
1033 1712 1217 1749 nomen
1238 1698 1410 1765 fuerit.
1426 1725 1496 1735 --
1514 1693 1708 1750 Saulus
1727 1705 1896 1749 autem

281 1790 458 1842 adhuc
488 1790 693 1857 spirans
719 1789 971 1841 minarum
998 1798 1043 1841 et
1070 1788 1222 1842 rwtlis
1256 1790 1309 1841 in
1352 1788 1631 1857 discipulos
1682 1784 1895 1838 Domini

282 1882 429 1953 (Art.
467 1881 523 1937 9.
566 1881 639 1952 l).
674 1880 729 1935 In
747 1881 1001 1949 Epistolis
1031 1880 1227 1935 Paulus
1257 1890 1513 1934 vocatur:
1536 1894 1634 1933 cur
1662 1894 1792 1949 ergo
1818 1878 1891 1933 illi

282 1991 485 2030 nomen
513 1975 739 2029 mutavit
764 1973 997 2044 Spiritus
1023 1974 1276 2028 sanctus?
1301 1969 1765 2040 Quemadmodum
1794 1970 1894 2025 he-

281 2083 400 2133 rus,
443 2076 625 2135 empto
646 2081 805 2119 servo
825 2105 840 2129 ,
870 2073 927 2119 ut
958 2065 1030 2118 illi
1064 2064 1286 2119 herilem
1317 2072 1631 2134 potestatem
1661 2063 1891 2131 indicet,

280 2160 402 2225 ejus
428 2174 624 2213 nomen
659 2166 828 2212 mutat
849 2176 868 2212 .-
896 2158 964 2211 ita
991 2166 1045 2212 et
1075 2156 1306 2226 Spiritus
1338 2165 1557 2211 sanctus
1590 2166 1716 2211 tunc
1743 2154 1888 2210 fecit.

282 2249 363 2304 Ex
397 2250 703 2317 captivitate
738 2264 971 2318 namque
1000 2248 1222 2303 Paulum
1262 2256 1541 2316 acceperat
1564 2291 1577 2313 ,
1622 2256 1677 2301 et
1721 2262 1893 2315 nuper

283 2344 374 2396 ille
410 2353 527 2395 erat
572 2341 661 2395 tali
711 2341 948 2394 dominio
997 2340 1287 2409 subjectus.
1347 2338 1471 2393 ideo
1520 2339 1647 2407 ejus,
1692 2356 1888 2393 nomen

283 2434 511 2487 mutavit
537 2474 551 2495 ,
598 2442 655 2486 ut
688 2432 811 2485 inde
856 2432 941 2486 ille
968 2432 1260 2486 dominium
1289 2431 1572 2485 edisceret.
1602 2430 1889 2485 Nominunl

280 2525 481 2595 quippe
525 2523 796 2593 impositio
824 2521 1047 2576 dominii
1078 2533 1159 2577 est
1189 2531 1564 2591 argumentum
1590 2522 1764 2591 :quod
1800 2537 1893 2591 pa-

282 2616 388 2668 lam
418 2624 501 2668 est
549 2629 614 2667 ex
663 2614 728 2667 iis
758 2628 875 2682 qua:
920 2613 1159 2682 quotidie
1204 2620 1504 2682 geruntur,
1553 2612 1890 2666 manifestius

278 2716 460 2758 autem
493 2703 597 2758 erit
638 2718 704 2758 ex
746 2704 848 2766 iis,
889 2718 1009 2771 quae
1040 2703 1091 2756 in
1134 2702 1340 2757 Adamo
1385 2703 1509 2756 fecit
1552 2702 1711 2757 Deus.
1753 2701 1887 2756 Cum

278 2796 442 2849 vellet
486 2795 630 2849 enim
673 2795 818 2847 illum
858 2793 1093 2855 docere,
1143 2793 1283 2862 quod
1316 2794 1429 2861 ipse
1472 2807 1616 2848 esset
1644 2796 1884 2847 omnium

278 2886 530 2956 princeps
558 2895 613 2939 et
654 2885 904 2938 dominus
924 2924 939 2950 ,
973 2882 1198 2938 adduxit
1232 2884 1298 2936 ad
1327 2900 1449 2938 eum
1476 2885 1655 2938 omnia
1681 2885 1887 2938 anima-

278 2978 378 3041 lia,
415 2973 485 3031 Ut
507 2976 697 3029 videret
722 2976 842 3045 quid
872 2986 1069 3028 vocaret
1098 2991 1156 3027 ea
1180 2973 1330 3043 (Gen.
1359 2976 1415 3027 2.
1450 2975 1563 3040 l9),
1594 2974 1886 3031 ostendens

282 3070 559 3123 nominum
592 3068 991 3138 itnpositionem
1022 3067 1319 3122 dominium
1358 3066 1699 3123 confirmare.
1730 3070 1882 3136 Quod

276 3162 318 3213 si
350 3161 528 3215 velitis
549 3161 618 3213 ita
650 3174 863 3229 quoque
891 3159 1030 3229 apud
1059 3158 1307 3212 homines
1332 3160 1530 3213 factum
1559 3159 1723 3215 fuisse
1750 3176 1882 3215 con-

276 3252 518 3318 spicere,
552 3250 887 3319 discereque,
919 3251 969 3303 in
999 3265 1149 3304 more
1180 3250 1306 3304 olim
1339 3250 1652 3321 plerumque
1680 3251 1881 3319 fuisse,

279 3351 336 3395 ut
368 3343 542 3396 servis
584 3342 637 3395 in
669 3339 1036 3410 captivitatem
1069 3341 1313 3395 abductis
1350 3342 1566 3396 nomina
1604 3352 1879 3397 mutaren-

277 3444 364 3487 tur
383 3476 397 3500 ,
426 3432 609 3487 audite
633 3433 759 3503 quid
788 3431 974 3487 fecerit
1002 3448 1096 3487 rex
1131 3433 1567 3501 Babyloniorum.
1597 3432 1728 3487 Nam
1757 3450 1878 3489 cum

277 3525 575 3593 accepisset
617 3539 682 3578 ex
729 3524 1037 3592 captivitate
1069 3525 1367 3589 Ananiam,
1418 3525 1668 3579 Azariam
1696 3534 1751 3579 et
1781 3524 1877 3577 lili-

274 3617 475 3671 saelem
502 3658 516 3681 ,
562 3631 667 3670 non
696 3616 913 3684 reliquit
943 3618 1023 3670 eis
1050 3616 1229 3684 priora
1262 3615 1479 3669 nomina
1501 3658 1516 3682 ,
1545 3615 1641 3670 sed
1669 3616 1879 3669 vocavit

271 3723 388 3772 eos,
406 3706 627 3773 Sedrac,
642 3707 805 3761 Misac
818 3715 873 3761 et
889 3706 1421 3777 Abdenago(Daniel.
1445 3707 1494 3761 ί.
1515 3707 1566 3760 6.
1586 3706 1661 3778 7).
1680 3706 1876 3761 Verum

272 3814 518 3869 quaenam
531 3812 689 3852 causa
704 3797 909 3851 fuitcur
926 3812 1029 3851 non
1046 3798 1227 3851 statim
1246 3796 1388 3851 Sauli
1410 3812 1603 3852 nomen
1624 3805 1875 3859 mutaret,

273 3891 365 3946 sed
394 3899 519 3961 post
546 3890 772 3945 multum
798 3889 1092 3958 temporis?
1114 3890 1249 3957 Quia
1285 3890 1329 3942 si
1365 3889 1544 3943 statim
1576 3898 1698 3959 post
1727 3889 1877 3943 Pauli

272 3980 685 4036 conversionem
713 3980 880 4049 ipsius
908 3994 1102 4034 nomen
1127 3988 1404 4043 mutasset,
1428 3981 1709 4035 conversio
1730 3981 1878 4035 Pauli

274 4071 338 4127 ad
372 4071 533 4126 fidem
584 4087 690 4125 non
725 4069 912 4126 fuisset
952 4070 1255 4126 manifesta.
1310 4072 1507 4126 Verum
1540 4072 1683 4142 quod
1717 4073 1769 4125 in
1803 4074 1877 4126 fa-

274 4164 432 4219 mulis
475 4178 574 4218 usu
625 4163 810 4218 venire
855 4163 1038 4231 solet,
1081 4163 1170 4233 qui
1214 4164 1257 4217 si
1306 4166 1485 4217 statim
1532 4172 1652 4233 post
1699 4162 1875 4235 fugam

272 4255 485 4308 nomina
533 4262 771 4320 mutent,
812 4253 1012 4308 occulti
1060 4262 1309 4318 manent,
1356 4253 1588 4323 idipsum
1622 4254 1673 4307 in
1713 4255 1876 4308 Paulo

272 4345 612 4414 contigisset;
644 4345 688 4399 si
718 4358 844 4399 mox
870 4386 886 4410 ,
918 4354 976 4399 ut
1004 4344 1209 4399 relictis
1236 4344 1436 4400 Judmis
1467 4345 1535 4399 ad
1567 4359 1668 4399 nos
1698 4347 1873 4411 venit,

271 4451 470 4491 nomen
501 4436 852 4501 mutavisset,
896 4451 1058 4491 nemo
1099 4436 1346 4491 scivisset
1388 4452 1510 4492 eum
1559 4437 1647 4506 qui
1696 4453 1878 4506 perse-

269 4537 469 4598 quutor
497 4535 635 4594 erat,
669 4540 791 4582 esse
816 4528 1199 4597 evangelistam
1219 4569 1235 4595 ,
1268 4537 1321 4582 et
1347 4527 1646 4597 apostolum
1675 4527 1874 4582 factum

222 4616 235 4625 ⁷⁷
269 4610 407 4675 esse.
443 4618 580 4675 Illud
605 4619 749 4674 enim
778 4618 995 4674 Judazos
1026 4618 1343 4686 eohibebat,
1388 4619 1530 4689 quod
1568 4635 1727 4689 quem
1773 4620 1875 4674 do-

267 4724 473 4766 ctorem
507 4726 675 4782 penes
702 4726 762 4765 se
789 4709 1090 4765 habuerant
1112 4751 1127 4771 ,
1154 4719 1284 4765 tunc
1313 4710 1679 4765 adversarium
1712 4727 1875 4780 expc-

270 4804 527 4857 rirentur.
570 4801 649 4858 Ne
686 4803 865 4872 itaque
895 4802 1070 4857 subita
1103 4802 1335 4856 nominis
1364 4803 1590 4856 mutatio
1616 4804 1874 4873 propositi

270 4893 626 4949 mutationem
672 4894 982 4964 obtegeret,
1036 4894 1205 4948 multo
1257 4892 1407 4948 illum
1460 4903 1704 4963 tempore
1752 4910 1873 4949 cum

270 4986 438 5057 priori
461 4984 679 5041 nomine
701 4986 918 5057 reliquit
935 5005 947 5040 :
964 4995 1021 5040 ut
1037 4996 1320 5056 postquam
1346 5000 1536 5041 omnes
1561 4986 1875 5043 didicissent

267 5094 389 5132 cum
415 5077 590 5148 ipsum
621 5090 759 5143 esse,
793 5077 889 5146 qui
916 5077 1209 5132 Ecclesiam
1240 5086 1396 5131 antea
1429 5079 1871 5147 persequebatur,

270 5180 396 5226 tunc
449 5185 507 5226 re
548 5170 799 5225 omnibus
836 5178 1146 5239 comperta,
1196 5186 1392 5224 nomen
1442 5179 1758 5226 mutaretur.
1812 5173 1876 5227 Et

268 5263 411 5333 quod
444 5264 556 5333 ipsa
589 5279 714 5318 vera
742 5263 813 5316 sit
841 5277 1033 5324 causa.
1061 5262 1184 5316 audi
1212 5262 1385 5331 ipsum
1418 5261 1684 5317 dicentem
1708 5281 1719 5315 :
1751 5261 1875 5317 Veni

268 5358 320 5409 in
361 5366 532 5425 partes
570 5354 742 5426 Syria:
767 5364 813 5408 et
840 5352 1031 5410 Cilicia:
1054 5368 1328 5420 :eramque
1360 5355 1563 5422 ignotus
1605 5354 1739 5424 facie
1771 5353 1873 5407 Er-

270 5448 437 5502 rlesiis
464 5446 700 5512 Juda'w,
739 5462 852 5517 qua:
892 5447 945 5500 in
992 5443 1272 5500 Paltcstina
1316 5456 1433 5499 sunt
1498 5446 1641 5519 (Gal.
1679 5447 1725 5500 1.
1754 5446 1871 5517 21).

272 5539 421 5609 Quod
453 5541 496 5593 si
529 5538 788 5594 Ecclesiis
834 5536 1167 5603 Palasstinm,
1219 5538 1308 5592 ubi
1353 5538 1615 5606 degebat,
1664 5538 1874 5607 ignotus

273 5647 409 5701 erat,
437 5637 605 5691 multo
628 5636 797 5704 magis
822 5634 961 5689 aliis.
996 5634 1174 5699 Eram,
1210 5633 1413 5703 inquit,
1461 5634 1662 5703 ignotus
1706 5635 1872 5705 fitcie,

278 5742 327 5785 at
353 5748 455 5787 non
485 5729 724 5787 nomine.
754 5727 933 5798 Quare
959 5728 1171 5800 ignotus
1196 5737 1309 5782 erat
1335 5725 1505 5782 facie?
1533 5724 1703 5782 Nemo
1728 5728 1869 5783 enim

941 304 1029 360 DE
1071 302 1412 360 FERENDIS
1446 298 1884 358 REPREIIENS.
1929 298 2017 354 ET
2060 298 2147 354 DE
2188 298 2451 357 ΜΠΤΑΤ.
2493 297 2829 362 NOMINUM.
2878 305 2965 362 Nl.

3516 310 3621 369 138

2015 428 2081 466 ex
2129 413 2374 469 fidelibus
2404 416 2485 469 νει
2531 419 3015 495 respicereipsum
3059 420 3325 486 audebat,
3370 434 3491 479 cum
3522 443 3622 482 nos

2012 516 2555 572 Oppugnaretztanta
2598 509 2780 573 ezede,
2831 520 2980 565 tanto
3019 511 3198 568 furore
3244 515 3436 583 plenus
3483 529 3618 573 erat.

2011 594 2374 660 Quamobrem
2428 612 2617 651 omnes
2668 600 3013 667 resiliebant,
3070 619 3263 659 omnes
3306 603 3579 677 fugiebant

2010 686 2179 741 sicubi
2210 688 2591 744 adventantem
2628 691 2889 757 viderent,
2924 709 3099 765 neque
3129 698 3302 767 ipsum
3334 700 3417 754 vel
3444 704 3621 770 respi-

2008 789 2135 830 cere
2180 778 2451 832 audebant
2486 796 2500 833 :
2534 780 2605 833 ita
2655 797 2851 852 nempe
2895 782 3153 840 efferatus
3196 798 3382 843 contra
3434 790 3620 847 ﬁdeles

2011 874 2158 929 erat;
2194 868 2244 920 id
2276 885 2439 922 utnon
2469 872 2754 926 audiebant
2776 913 2788 935 ,
2820 888 2944 928 eum
2972 876 3061 946 qui
3088 877 3217 931 olim
3248 885 3392 949 Ipsos
3433 897 3619 950 persc-

2009 957 2294 1024 quebatur,
2328 976 2468 1015 nunc
2500 963 2793 1031 praedicare
2820 964 3003 1032 fidem,
3028 984 3188 1037 quant
3217 971 3343 1025 olim
3370 974 3620 1031 devasta-

2010 1045 2118 1100 bat.
2151 1047 2416 1114 Quoniam
2467 1051 2626 1121 igitur
2670 1053 2738 1108 de
2778 1054 2914 1111 facie
2953 1058 3125 1126 ipsum
3166 1074 3274 1115 non
3324 1077 3617 1131 noverant,

2006 1136 2103 1190 sed
2129 1152 2195 1191 ex
2223 1139 2407 1194 auditu
2439 1152 2676 1210 Lautum,
2708 1146 2751 1198 si
2784 1161 2980 1203 nomen
3011 1149 3191 1203 statim
3221 1160 3512 1223 mutasset,
3549 1173 3620 1212 ne

2007 1230 2040 1284 ii
2068 1232 2302 1301 quidem,
2331 1236 2420 1303 qui
2448 1237 2754 1297 audierant.
2779 1242 3156 1309 cognovissent
3178 1261 3325 1313 etim,
3346 1248 3434 1316 qui
3455 1247 3615 1304 fidem

2007 1324 2446 1390 persequebatur,
2478 1342 2619 1383 nunc
2641 1330 2973 1399 evangelium
3001 1334 3313 1401 pricdicare.
3349 1337 3615 1405 Quoniam

2003 1414 2146 1466 enim
2180 1417 2327 1484 prius
2359 1428 2617 1473 noverant
2647 1419 2819 1489 ipsum
2848 1424 3027 1478 vocari
3058 1423 3277 1481 Saulum
3304 1470 3319 1492 ,
3360 1430 3405 1484 si
3428 1433 3613 1486 statim

2004 1514 2213 1561 mutato
2254 1510 2478 1565 nomine
2526 1511 2723 1566 Paulus
2766 1513 2943 1569 dictus
2977 1516 3200 1583 fuisset,
3246 1520 3443 1577 deinde
3487 1540 3620 1582 vero

2002 1597 2219 1666 quidam
2248 1600 2377 1669 ipsis
2402 1606 2790 1672 renuntiasset,
2821 1608 3043 1663 Paulutn
3072 1610 3160 1680 qui
3194 1616 3620 1685 persequebatur

2004 1689 2341 1759 Eeclesiam,
2388 1695 2500 1763 jam
2549 1699 2885 1767 evangelium
2919 1702 3243 1771 pra-dicare,
3274 1707 3616 1776 ignei-asserit

2001 1796 2068 1835 an
2100 1782 2239 1837 idem
2274 1785 2389 1854 ipse
2421 1797 2598 1853 esset,
2631 1790 2753 1858 quia
2787 1791 2875 1845 ille
2906 1807 3010 1846 non
3044 1792 3269 1859 Paulus,
3295 1797 3389 1851 sed
3420 1798 3615 1855 Saulus

2002 1872 2313 1928 vocabatur.
2349 1874 2474 1930 Ideo
2503 1878 2649 1931 illum
2681 1879 2848 1933 multo
2877 1889 3121 1951 tempore
3150 1900 3271 1938 eum
3315 1888 3479 1956 priori
3514 1904 3614 1943 no.

2001 1964 2145 2019 tuiuc
2175 1965 2405 2036 reliquit,
2435 1979 2490 2023 ut
2516 1971 2767 2025 oumibus
2792 1983 2937 2028 esset
2960 1974 3207 2032 fidelibus
3234 1988 3415 2048 notus,
3443 1982 3610 2038 etiam

2000 2054 2085 2119 iis,
2118 2058 2208 2125 qui
2238 2059 2424 2127 procul
2448 2069 2621 2126 erant,
2653 2069 2837 2117 etnon
2870 2063 3043 2133 ipsum
3072 2066 3338 2123 viderant.

2070 2148 2123 2201 4.
2143 2148 2252 2203 Cur
2267 2167 2394 2221 ergo
2418 2155 2732 2208 nonstatim
2753 2154 2871 2224 ejus
2890 2173 3083 2213 nomen
3101 2169 3361 2217 mutatum
3385 2164 3474 2229 sit,
3497 2164 3607 2235 jam

1997 2239 2128 2292 satis
2158 2238 2583 2297 demonstratum
2612 2254 2715 2298 est.
2749 2245 2939 2314 Operm
2968 2249 3195 2317 pretium
3215 2251 3327 2320 jam
3364 2253 3519 2311 fuerit
3554 2266 3612 2313 ut

1998 2328 2208 2418 initium
2239 2335 2505 2388 sermonis
2535 2346 2861 2404 repetamus.
2889 2336 3085 2395 Saulus
3110 2352 3279 2397 autem
3304 2346 3477 2400 adhuc
3497 2350 3605 2418 spi-

1997 2428 2118 2467 rans
2138 2415 2391 2470 minarum
2410 2427 2455 2471 et
2485 2419 2638 2472 aedis
2664 2421 2715 2474 in
2743 2421 3021 2492 discipulos
3052 2424 3257 2481 Domini
3274 2430 3410 2497 (Act.
3444 2430 3498 2485 9.
3523 2415 3603 2505 ἰ).

1997 2504 2135 2570 Quid
2163 2507 2262 2560 sibi
2295 2510 2405 2561 vult
2431 2509 2594 2575 illud,
2638 2511 2851 2565 adhuc?
2879 2513 3015 2581 Quid
3049 2528 3205 2571 antea
3248 2517 3395 2587 fecit,
3442 2532 3497 2577 ut
3527 2504 3610 2577 di-

1995 2596 2350 2659 cat,adlmc?
2400 2599 2533 2654 Nam
2580 2601 2731 2667 illttd,
2781 2604 2969 2668 adhuc,
3019 2606 3086 2660 de
3120 2607 3336 2665 homine
3385 2612 3599 2675 dicitur.

1994 2686 2084 2756 qui
2114 2698 2273 2744 antea
2328 2692 2495 2745 multa
2544 2695 2682 2747 mala
2722 2694 2933 2750 fecerit.
2961 2697 3097 2766 Quid
3128 2715 3259 2771 ergo
3298 2702 3456 2758 fecit?
3493 2706 3607 2762 loto

1993 2780 2119 2848 quid
2142 2819 2158 2844 ,
2186 2797 2389 2850 qnmso,
2425 2799 2531 2838 non
2562 2787 2685 2840 mali
2716 2788 2879 2842 fecit?
2905 2788 3176 2860 Sanguine
3202 2795 3427 2864 replevit
3453 2796 3605 2853 Jero-

1993 2871 2219 2942 solyma,
2243 2872 2429 2927 fideles
2457 2875 2754 2943 interfecit,
2796 2878 3091 2935 Ecclesiam
3114 2882 3447 2953 devastabat,
3474 2903 3606 2958 apo-

1991 2965 2160 3017 stolos
2191 2966 2629 3035 persequebatur.
2662 2969 2995 3040 Stephanum
3035 2975 3261 3036 occidit;
3296 2993 3403 3032 non
3449 2983 3605 3049 viris,

1994 3071 2100 3109 non
2151 3057 2466 3112 mulieribus
2500 3061 2771 3128 parcebat.
2822 3064 2961 3118 Audi
3002 3064 3325 3137 discipulum
3358 3091 3371 3124 :
3406 3072 3601 3129 Saulus

1990 3159 2157 3201 autem
2186 3151 2474 3205 derastultat
2522 3151 2824 3217 Ecclesium,
2866 3156 2917 3208 in
2942 3158 3119 3212 dumos
3147 3161 3457 3229 ingrediens,
3484 3176 3595 3218 trn-

1992 3241 2113 3295 hens
2144 3242 2277 3294 viros
2304 3252 2349 3295 et
2380 3243 2612 3296 mulieres
2642 3244 2776 3313 (Act.
2802 3245 2854 3298 8.
2886 3245 2968 3316 5).
2996 3246 3112 3301 Non
3159 3250 3234 3302 illi
3266 3252 3439 3306 forum
3466 3256 3599 3310 satis

1987 3344 2137 3399 erat,
2168 3333 2262 3387 scd
2292 3335 2342 3387 in
2372 3334 2561 3388 domos
2594 3334 2859 3389 iusiliebat
2894 3356 2906 3388 :
2944 3338 3011 3391 In
3049 3340 3227 3393 domos
3273 3342 3595 3413 ingrediens,

1988 3425 2084 3478 ait.
2117 3423 2300 3493 Neque
2326 3423 2489 3490 dixit,
2542 3423 2775 3489 ducens,
2824 3426 2907 3481 vel
2938 3429 3173 3485 avellens
3206 3431 3346 3486 viros
3373 3448 3436 3487 ac
3476 3450 3599 3488 mu-

1991 3515 2183 3580 lieres;
2216 3514 2309 3569 sed
2335 3557 2349 3580 ,
2400 3515 2627 3569 Tro/iens
2667 3519 2799 3571 viros
2833 3535 2893 3571 ac
2934 3521 3208 3575 mulieres:
3232 3537 3295 3576 ac
3320 3524 3363 3577 si
3392 3525 3457 3579 de
3486 3525 3596 3581 fera

1989 3608 2301 3678 loqueretur
2328 3626 2341 3661 :
2394 3607 2620 3662 Tro/iens
2651 3610 2783 3663 viros
2814 3626 2875 3663 ac
2902 3612 3137 3667 mulieres
3155 3630 3174 3678 ;
3200 3629 3304 3667 non
3338 3616 3483 3671 viros
3505 3633 3596 3673 so-

1988 3701 2097 3755 lum
2117 3743 2135 3768 ,
2164 3701 2258 3755 sed
2285 3701 2446 3755 etiam
2474 3701 2751 3757 mulieres.
2782 3700 2969 3772 Neque
3012 3714 3255 3759 naturam
3302 3709 3593 3764 revereba-

1989 3804 2093 3859 tnr,
2128 3809 2300 3864 neque
2326 3809 2487 3847 sexus
2509 3794 2888 3858 miserebatur,
2923 3810 3099 3864 neque
3128 3796 3199 3849 ob
3225 3798 3591 3854 infirmitatem

1989 3884 2346 3954 frangebatur.
2383 3884 2513 3937 cho
2556 3898 2821 3953 namque,
2871 3900 2976 3938 non
3023 3884 3203 3940 furore
3231 3898 3445 3957 titulus,
3491 3890 3592 3945 hoc

1987 3977 2195 4045 agebat.
2227 3974 2351 4029 Ideo
2372 3974 2540 4029 .ludtei
2569 3974 2673 4028 hoc
2699 3975 2871 4045 ipsum
2898 3974 3152 4030 facientes
3170 4015 3190 4043 ,
3217 3979 3595 4037 criminatione

1986 4065 2161 4135 digni,
2197 4065 2282 4119 hic
2308 4074 2493 4118 contra
2527 4064 2579 4118 id
2596 4047 2768 4135 agens
2789 4106 2805 4131 ,
2838 4066 2990 4119 venia
3017 4064 3212 4136 dignus
3241 4076 3341 4121 est.
3378 4070 3589 4127 Etenim

1987 4158 2107 4213 illos
2136 4159 2311 4227 palam
2344 4167 2462 4212 crat
2484 4156 2704 4213 honoris
2733 4168 2786 4211 et
2817 4158 2990 4211 inanis
3016 4160 3158 4228 apud
3189 4160 3381 4232 vulgus
3406 4165 3594 4234 gloria:

1985 4264 2145 4305 causa
2188 4249 2316 4304 illud
2358 4265 2553 4319 agere;
2607 4247 2697 4303 hic
2739 4264 2869 4303 vero
2898 4264 3088 4314 secus,
3141 4252 3237 4306 sed
3297 4254 3416 4307 zelo
3467 4271 3594 4327 erga

1989 4344 2153 4398 Deum
2205 4352 2513 4411 permotus,
2571 4344 2670 4397 etsi
2740 4357 2851 4396 non
2924 4343 3219 4398 secundum
3285 4347 3590 4406 scientiam.

1986 4434 2348 4504 Quamobrem
2398 4434 2510 4501 illi,
2542 4434 2746 4489 relictis
2770 4435 3118 4504 mulieribus,
3144 4437 3289 4492 viros
3313 4440 3595 4512 impugna-

1986 4528 2133 4593 bant,
2174 4527 2297 4597 quia
2326 4529 2376 4581 in
2409 4527 2531 4580 illus
2560 4527 2787 4596 gloriam
2827 4541 2979 4583 suam
3007 4530 3264 4585 transisse
3293 4532 3544 4589 videbant
3575 4552 3591 4589 :

1987 4621 2073 4674 hic
2102 4630 2278 4674 autem
2304 4661 2320 4681 .
2372 4626 2558 4688 utpote
2583 4618 2699 4673 zelo
2739 4620 3084 4687 stimulante,
3136 4621 3418 4679 universos
3456 4626 3590 4681 ado-

1988 4710 2247 4766 riebatur.
2278 4711 2402 4763 llaec
2429 4723 2612 4764 secum
2644 4710 2823 4763 omnia
2857 4720 3114 4780 reputans
3144 4710 3341 4781 Lucas,
3373 4716 3591 4773 videns.

1984 4820 2091 4874 quc
2120 4804 2268 4858 illum
2324 4802 2560 4857 nondum
2594 4818 2716 4858 esse
2746 4803 2996 4857 satiatum
3024 4846 3039 4870 ,
3068 4803 3282 4860 dicebat
3325 4824 3339 4860 :
3397 4806 3596 4864 Saulus

1986 4904 2154 4948 autem
2205 4894 2373 4947 adhuc
2400 4893 2604 4961 spirans
2634 4894 2889 4949 minarum
2935 4906 2982 4947 et
3024 4895 3179 4950 cedis
3230 4896 3281 4949 in
3311 4897 3598 4968 discipulos

1988 4984 2216 5039 Domini.
2270 4984 2385 5038 Non
2417 4984 2628 5038 satiavit
2656 5000 2777 5037 eum
2807 4984 2984 5039 cmdes
3013 4984 3305 5055 Stephani,
3337 5002 3444 5043 non
3476 4991 3591 5059 ejus

1987 5077 2222 5147 explevit
2247 5076 2485 5131 animum
2541 5076 2885 5146 persequutio
2916 5076 3206 5145 Ecclesim;
3238 5080 3333 5134 sed
3361 5082 3593 5138 ulterius

1986 5172 2359 5241 procedebat:
2409 5186 2582 5239 neque
2632 5170 2844 5225 furendi
2900 5169 3060 5224 finem
3121 5173 3396 5230 faciebat:
3443 5178 3591 5231 zelus

1985 5264 2181 5334 quippe
2208 5272 2342 5317 erat.
2390 5260 2496 5317 Sed
2549 5276 2720 5329 nuper
2769 5277 3017 5317 reversus
3045 5278 3073 5316 a
3116 5264 3266 5319 caule
3293 5265 3591 5336 Stephani,

1986 5358 2257 5428 apostolos
2303 5357 2758 5427 persequebatur;
2818 5355 3158 5427 idipsumque
3212 5357 3474 5427 faciebat,
3530 5378 3595 5417 ac

1986 5448 2029 5502 si
2084 5448 2205 5518 quis
2260 5447 2416 5516 lupus
2467 5447 2698 5501 smviens
2752 5447 2803 5501 in
2866 5446 3010 5501 ovile
3074 5446 3383 5518 ingressus,
3440 5460 3595 5520 rapto

1985 5557 2122 5611 agno
2147 5584 2160 5607 ,
2191 5556 2395 5612 oreque
2425 5541 2696 5611 diseerpto
2716 5584 2730 5605 ,
2760 5556 2825 5595 ex
2880 5542 2980 5596 hoc
3022 5550 3176 5611 raptu
3208 5542 3437 5599 ferocior
3462 5560 3591 5597 eva-

1984 5631 2157 5687 deret.
2223 5632 2296 5687 lta
2350 5642 2404 5687 et
2433 5632 2628 5687 Paulus
2686 5632 3052 5701 apostolorum
3089 5633 3313 5686 chorum
3363 5633 3590 5696 invasit.

1986 5724 2215 5797 indeque
2248 5726 2419 5795 rapuit
2447 5739 2640 5795 agnum
2670 5723 2865 5779 Christi
2899 5722 3249 5793 Stephanum,
3275 5735 3448 5795 coque
3476 5726 3591 5781 diu»
