4212 6290
626 273 727 326 I759

622 398 846 455 cerpto,
894 383 995 438 hac
1022 380 1180 450 caede
1206 374 1435 433 ferocior
1484 376 1670 430 evasit.
1705 375 1994 455 Propterea
2048 373 2210 438 dicit,

621 477 809 539 adhuc.
842 472 1095 543 Quamvis
1120 469 1271 538 cujus
1295 468 1529 521 animum
1562 480 1666 519 non
1690 464 2003 535 explevisset
2036 461 2214 518 caedes

623 567 1153 639 hujusmodi?qnetn
1204 576 1311 616 non
1363 559 1625 629 placasset
1660 554 2010 610 mansuetudo
2058 554 2211 623 ejus,

622 663 713 734 qui
744 659 1121 721 occidebatur;
1154 655 1421 723 verbaque
1450 652 1600 721 ejus,
1630 650 1719 721 qui
1752 649 2014 719 lapidibus
2050 649 2213 702 obru-

620 760 708 806 tus
730 765 827 827 pro
848 746 1208 817 lapidantibus
1237 744 1317 799 sic
1359 740 1713 821 precabatur;
1741 738 1953 792 Domine
1972 779 1986 802 ,
2021 737 2211 806 inquit,

618 859 686 903 ne
712 841 1040 907 statuas‘illis'
1059 840 1153 892 hoc
1182 846 1446 908 peccatum
1470 833 1601 905 (Act.
1634 834 1685 887 7.
1720 830 1852 900 59)?
1879 830 2003 884 Ideo
2034 844 2217 899 perse—

620 945 817 1005 qquor
843 931 1014 988 faetus
1039 940 1121 985 est
1136 928 1483 998 evangelista.
1509 925 1638 980 Nam
1665 924 1843 981 statim
1871 930 1991 993 post
2012 921 2212 976 caedem

625 1026 711 1081 hic
740 1030 1033 1081 conversus
1058 1029 1166 1084 est,
1201 1019 1340 1072 illius
1370 1032 1554 1075 vocem
1582 1016 1783 1070 audivit
1809 1014 1968 1069 Deus.
2004 1013 2213 1066 Etertim

627 1116 815 1187 dignus
841 1122 956 1167 erat
996 1110 1299 1181 Stephanus
1324 1107 1417 1178 qui
1448 1106 1722 1161 audiretur
1746 1113 1857 1159 tum
1886 1112 2104 1174 prepter
2133 1101 2215 1163 fu:

622 1222 793 1263 turam
822 1204 969 1267 Pauli
996 1201 1247 1258 virtutem
1268 1241 1283 1267 ,
1316 1210 1425 1254 tum
1456 1206 1675 1268 propter
1704 1197 1971 1267 propriam
1998 1194 2215 1258 confes,-

621 1302 827 1357 sioncln
862 1316 876 1353 :
909 1297 1158 1363 Domine,
1186 1310 1249 1348 ne
1274 1302 1472 1347 statuas
1512 1291 1625 1349 illis
1649 1291 1744 1344 hoc
1791 1300 2069 1357 peccatum.
2104 1291 2211 1343 Atto

621 1391 771 1447 diant
827 1390 917 1459 qui
969 1388 1214 1443 inimicos
1260 1384 1487 1446 habent,
1519 1384 1607 1453 qui
1642 1381 1832 1451 injuria
1884 1379 2210 1445 afficiuntur.

626 1488 736 1542 Etsi
778 1484 921 1540 enim
976 1490 1227 1541 sexcenta
1271 1478 1454 1550 gravia
1497 1474 1749 1548 patiaris.
1798 1472 2033 1537 nondum
2082 1471 2214 1541 lapi.

623 1582 781 1637 datus
823 1593 920 1648 es,
961 1572 1407 1647 quemadmodum
1435 1569 1761 1639 Stephanus.
1820 1567 1883 1622 Et
1912 1566 2035 1621 vide
2079 1564 2207 1636 quid

623 1673 821 1728 factum
861 1671 949 1724 sit.
999 1667 1386 1724 Ohstrnebatur
1446 1663 1563 1718 fons
1604 1665 1794 1717 unicus
1838 1660 2126 1731 Stephani,
2162 1666 2217 1713 et

620 1760 961 1833 aperiebatur
987 1759 1144 1823 alius,
1176 1772 1243 1823 ex
1272 1770 1378 1824 quo
1409 1755 1687 1808 innumera
1718 1750 2004 1807 manabant
2034 1748 2213 1808 fluuii-3

622 1871 715 1912 na.
745 1855 1031 1924 Postquam
1071 1850 1214 1906 enim
1258 1848 1404 1904 siluit
1444 1862 1507 1901 os
1551 1844 1844 1916 Stephani,
1871 1858 1996 1899 mox
2036 1841 2215 1896 sonuit

622 1945 748 2000 tuba
776 1944 948 2009 Pauli.
982 1942 1073 1996 Sic
1098 1952 1386 2011 numquam
1431 1936 1574 1991 Deus
1612 1932 1938 2001 derelinquit
1960 1945 2127 2000 usque
2158 1929 2211 1984 in

624 2038 786 2094 finem
835 2034 903 2090 ad
931 2049 991 2089 se
1033 2040 1347 2096 currentes,
1403 2027 1499 2083 sed
1552 2024 1692 2080 dona
1728 2024 1931 2095 praebet
1972 2022 2172 2089 majora
2196 2062 2210 2085 ,

622 2142 782 2198 quam
806 2125 873 2180 ab
900 2122 1129 2191 inimicis
1154 2119 1483 2175 auferantur.
1520 2114 1636 2169 Non
1664 2114 1805 2168 enim
1846 2110 1923 2166 illi
1958 2110 2119 2167 talem
2149 2110 2215 2163 ab

624 2219 863 2275 exacitu
909 2215 1183 2285 ejecerunt
1216 2210 1474 2273 militem,
1515 2206 1724 2277 qualem
1779 2204 1833 2269 in
1880 2201 1994 2271 ejus
2038 2200 2213 2255 locum

624 2308 833 2367 induxit
856 2306 1124 2361 Christus.
1157 2301 1350 2357 Saulus
1366 2308 1535 2351 autem
1561 2295 1750 2349 adhuc.
1781 2290 1938 2347 Aliud
1962 2289 2214 2361 quiddam

624 2399 885 2472 signiﬁcat
916 2396 1044 2453 illud
1063 2437 1080 2463 ,
1103 2394 1270 2448 adhuc
1289 2410 1307 2446 :
1337 2389 1617 2453 videlicet,
1642 2386 1791 2442 illum
1819 2383 1993 2438 adhuc
2024 2381 2213 2435 furen-

625 2504 756 2560 tem,
780 2491 953 2547 adhuc
983 2488 1352 2557 ferocientem,
1371 2482 1546 2538 adhuc
1568 2481 1619 2535 vi
1650 2478 1846 2534 furoris
1867 2482 2213 2540 commotum,

625 2583 802 2639 adhuc
830 2580 975 2637 caule
1027 2578 1320 2641 ferventem
1348 2574 1563 2629 attraxit
1609 2570 1873 2626 Christus.
1906 2566 2024 2623 Non
2075 2566 2217 2621 enim

626 2674 954 2745 exSpectavit
982 2671 1156 2733 donec
1184 2675 1423 2724 cessaret
1463 2662 1722 2734 a‘gritndo
1742 2703 1758 2729 ,
1790 2661 2221 2730 exstingueretur

628 2767 867 2829 morbus,
896 2762 1329 2831 mansuetiorque
1356 2759 1511 2821 fieret
1541 2755 1625 2817 ille
1655 2755 1734 2809 sic
1759 2753 2032 2813 efferatus.
2059 2758 2113 2806 et
2142 2750 2220 2805 sic

628 2859 775 2914 illum
814 2854 1107 2911 attraheret
1140 2869 1153 2907 :
1183 2864 1365 2906 verum
1388 2848 1439 2903 iu
1466 2848 1581 2917 ipsa
1614 2846 1811 2900 furoris
1838 2845 1887 2898 vi
1916 2844 2089 2913 ipsum
2125 2854 2219 2902 ce,-

630 2950 729 3019 pit,
758 2957 816 3002 ut
846 2944 1153 3001 ostenderet
1189 2941 1483 3012 potentiam
1529 2950 1711 3001 suam,
1764 2934 1905 3004 quod
1943 2934 1998 2988 in
2045 2932 2222 2993 medio

632 3043 849 3107 furore,
882 3043 1141 3097 aestuante
1194 3034 1409 3097 animo,
1462 3035 1900 3100 persequutorcm
1932 3025 2119 3081 vicerit
2161 3032 2217 3079 et

632 3130 924 3201 subegerit.
957 3126 1166 3183 Etenim
1195 3124 1459 3179 medicum
1479 3128 1605 3175 tunc
1634 3119 1983 3185 admiramur,
2011 3114 2225 3187 quando

634 3223 823 3281 febrim
850 3219 1261 3275 invalesceutem
1305 3224 1359 3271 et
1385 3213 1677 3269 ferventem
1697 3213 1748 3265 in
1772 3225 1984 3266 summo
2016 3211 2225 3265 fervore

632 3314 971 3385 exstinguere
995 3321 1046 3367 et
1068 3310 1280 3381 penitus
1305 3307 1491 3362 sedare
1524 3313 1701 3376 potest
1728 3321 1740 3357 :
1773 3302 1915 3374 quod
1944 3311 1999 3358 et
2019 3307 2069 3357 ln
2089 3302 2225 3357 Pan-

632 3406 688 3461 lo
721 3403 925 3459 factum
947 3410 1047 3457 est.
1078 3401 1257 3470 lnipsa
1288 3398 1485 3469 quippe
1513 3393 1742 3449 ﬂamma:
1764 3391 2098 3448 vehementia
2122 3407 2226 3445 vox

635 3496 869 3561 Domini,
896 3510 994 3550 ceu
1021 3506 1112 3548 ros
1139 3504 1372 3559 superne
1407 3501 1658 3551 manans,
1712 3486 1884 3554 ipsum
1914 3483 2103 3538 morbo
2130 3497 2226 3553 pe-

635 3590 779 3645 nitus
800 3584 1065 3642 liberavit.
1093 3582 1286 3637 Saulus
1315 3590 1483 3633 autem
1534 3576 1705 3630 adhuc
1726 3577 1930 3645 spirans
1975 3576 2226 3627 minarum

637 3690 685 3735 et
740 3678 894 3734 cadis
941 3678 993 3731 in
1045 3674 1325 3744 discipulos
1390 3671 1631 3735 Domini,
1678 3667 1878 3724 dimisit
1930 3666 2225 3721 multitudi-

638 3785 784 3833 nem,
812 3776 868 3824 et
892 3765 1084 3821 deinde
1130 3765 1183 3817 in
1212 3763 1478 3832 principes
1508 3759 1763 3828 impetum
1788 3756 1931 3812 fecit.
1960 3755 2229 3824 Quemad-

632 3861 853 3936 modum
875 3859 1023 3924 enim
1048 3856 1117 3926 is,
1148 3855 1238 3925 qui
1267 3856 1515 3909 arborem
1540 3852 1653 3906 vult
1682 3852 2018 3928 exscindere,
2047 3850 2230 3903 dimi-ga-

633 3954 713 4017 sis
737 3951 903 4007 ramis
924 3993 937 4017 ,
972 3948 1207 4003 radicem
1236 3954 1384 4015 secat
1410 3963 1422 3996 :
1448 3945 1526 3998 sic
1556 3953 1609 3997 et
1637 3944 1726 4016 ille
1749 3942 2040 4011 discipulos
2066 3942 2230 4008 ador-

631 4055 726 4102 ωδ
750 4052 852 4108 est,
875 4042 1015 4113 quod
1045 4040 1278 4097 radicem
1304 4035 1701 4105 praedicationis
1722 4049 1965 4090 resecare
1988 4044 2225 4103 cuperet.

712 4136 967 4204 Hartyres
996 4132 1227 4205 palmites
1250 4146 1312 4184 ea:
1336 4128 1535 4183 Christo
1567 4144 1654 4181 ceu
1679 4127 1852 4191 radice
1893 4128 2223 4198 pullulantes.

634 4224 991 4296 Lorwersionis
1026 4219 1178 4285 Pauli
1205 4219 1403 4274 modus.
1430 4248 1501 4282 -έ
1528 4218 1723 4275 Verum
1747 4235 1852 4273 non
1891 4228 2043 4273 erant
2069 4219 2232 4273 disci~

640 4318 749 4390 puli
771 4316 925 4389 radix
954 4313 1375 4385 praedicationis,
1399 4311 1493 4366 sed
1527 4310 1908 4379 discipulorum
1947 4310 2226 4366 Dominus.

634 4407 998 4480 Quamobrem
1029 4403 1239 4459 dicebat
1276 4403 1365 4457 ille
1395 4418 1408 4454 :
1443 4400 1555 4473 Ego
1577 4418 1689 4455 sum
1717 4401 1862 4465 vitis,
1890 4418 1976 4456 vos
1998 4402 2229 4471 palmites

642 4498 822 4570 (Joan.
853 4497 939 4553 l5.
973 4495 1052 4567 5).
1087 4494 1181 4548 Illa
1210 4508 1337 4549 vero
1380 4493 1526 4547 radix
1565 4491 1987 4565 inexpugnabilis
2013 4500 2115 4547 est.
2148 4490 2228 4546 ιιι.

636 4592 785 4665 ,τίκ-(το
808 4597 1007 4659 quanto
1030 4586 1210 4657 plures
1236 4586 1551 4653 resecabant
1582 4586 1826 4653 palmites
1843 4625 1858 4650 ,
1884 4594 2027 4637 tanto
2049 4584 2228 4658 plures

640 4693 696 4739 et
729 4684 958 4751 majores
1002 4681 1190 4734 iterum
1240 4676 1587 4745 pullulabant.
1642 4676 1900 4743 Exsectus
1944 4677 2121 4746 itaque
2147 4684 2229 4731 est

639 4773 982 4843 Stephanus,
1035 4779 1089 4824 et
1142 4769 1416 4838 pullulavit
1454 4766 1665 4832 Paulus,
1712 4783 1774 4821 ac
1825 4778 2086 4838 quotquot
2134 4783 2229 4837 per

641 4867 861 4929 Paulum
885 4864 1245 4919 crediderunt.
1279 4861 1498 4915 Factum
1526 4870 1596 4915 est
1622 4872 1791 4914 autem
1811 4904 1825 4927 ,
1859 4863 2063 4931 inquit,
2115 4878 2229 4915 cum

640 4958 1066 5031 appropinquaret
1091 4953 1365 5018 Damasco,
1389 4953 1550 5006 subito
1566 4953 1897 5020 circumfulsit
1919 4970 2031 5007 eum
2061 4953 2148 5006 lna:
2168 4953 2231 5007 de

641 5050 800 5105 cazlo:
827 5058 871 5102 et
893 5047 1077 5101 cadens
1103 5047 1155 5099 in
1187 5057 1402 5111 terram,
1427 5045 1615 5099 audivit
1634 5061 1801 5097 vocem
1823 5046 2063 5099 dicentem
2090 5045 2183 5098 sibi
2210 5061 2229 5101 .°

642 5142 823 5207 Saufe,
845 5139 1024 5205 Saufe,
1043 5138 1164 5209 quid
1180 5154 1258 5191 me
1276 5137 1583 5207 persequeris
1615 5139 1749 5206 (Act.
1782 5136 1835 5191 9.
1870 5139 1920 5192 5.
1950 5138 2030 5207 6)?
2053 5138 2230 5206 Quare

640 5248 749 5287 non
766 5248 864 5286 vox
886 5232 1029 5301 prius
1045 5230 1204 5285 allata
1219 5238 1319 5294 est,
1337 5229 1432 5289 sed
1448 5231 1532 5283 lux
1552 5230 1697 5297 prius
1713 5230 2059 5284 circumfulsit
2071 5246 2192 5285 eum
2208 5232 2231 5285 Ἰ

643 5324 712 5380 Ut
733 5326 911 5395 quiete
938 5337 1121 5376 vocem
1142 5321 1368 5375 audiret.
1394 5319 1655 5387 Quoniam
1686 5323 1827 5374 enim
1858 5321 1899 5375 is
1928 5322 2014 5392 qui
2050 5326 2230 5387 animo

644 5408 924 5483 furoreque
974 5412 1158 5483 plenus
1214 5413 1445 5482 aliquam
1504 5427 1615 5466 rem
1678 5411 1938 5481 perficere
1986 5422 2227 5480 conatur,

642 5507 847 5563 etiamsi
897 5504 1163 5560 innumeri
1201 5513 1426 5567 vocent,
1477 5519 1581 5559 non
1628 5518 1689 5569 se
1736 5506 2041 5573 convertit,
2087 5515 2231 5565 totus

642 5600 789 5670 operi
818 5600 1055 5654 intentus
1090 5615 1103 5651 :
1139 5610 1207 5654 ne
1238 5596 1467 5666 idipsum
1496 5598 1545 5651 in
1576 5596 1738 5651 Paulo
1768 5598 2065 5663 accideret,
2100 5613 2232 5653 neve

644 5692 737 5752 ille
763 5701 1031 5759 gestarum
1076 5704 1253 5744 rerum
1287 5686 1462 5745 furore
1491 5688 1671 5750 ebrius
1695 5702 1878 5749 vocem
1911 5705 2016 5751 non
2049 5688 2235 5745 adver-

1379 263 1436 318 S.
1477 259 1756 318 JOANNIS
1778 257 2257 317 CHRYSOSTOSH
2299 259 2620 320 ARCHIEP.
2659 261 3197 319 CUNSTANTINOP.

3816 264 3925 330 HQ

2326 383 2499 441 teret,
2530 386 2623 431 aut
2650 391 2754 432 non
2780 378 3009 443 audiret,
3038 378 3219 433 animo
3240 377 3356 449 ejus
3389 386 3500 433 toto
3528 377 3599 433 ad
3638 378 3928 435 devastan-

2319 465 2448 522 dum
2474 467 2679 523 intento
2711 471 3033 525 :excmcatis
3058 477 3183 524 ante
3212 483 3308 539 per
3327 470 3501 526 lucem
3526 469 3700 525 oculis
3719 510 3734 534 ,
3767 469 3930 524 seda—

2322 564 2483 625 toque
2510 557 2691 612 animo
2710 580 2733 621 ,·
2778 560 3041 614 exstincta
3072 560 3218 614 omni
3259 559 3455 617 mentis
3480 558 3930 633 perturbatione,

2322 646 2567 717 factaque
2610 649 2812 721 ingenti
2843 651 3006 707 animi
3034 650 3454 721 tranquillitate,
3489 666 3678 707 vocem
3703 641 3927 728 emisit,

2322 747 2379 791 ut
2407 737 2611 807 deiecta
2644 740 2791 794 omni
2837 742 3175 813 arrogantia.
3212 741 3392 798 sobria
3437 751 3621 797 mente
3647 740 3809 797 dictis
3837 748 3929 798 at-

2324 830 2589 886 tenderet.
2648 830 2838 899 Sanle,
2898 835 3096 901 Saule,
3138 834 3261 905 quid
3290 850 3371 888 me
3414 835 3731 904 persequeris
3782 832 3926 905 (Act.

2322 918 2377 973 9.
2410 921 2508 991 4)?
2532 920 2704 977 Verba
2734 938 2840 978 non
2873 932 2978 978 tam
3013 926 3284 995 arguentis
3306 966 3321 990 ,
3352 940 3513 995 quam
3542 939 3663 982 sese
3688 941 3928 997 purgan—

2321 1013 2392 1066 tis
2420 1021 2563 1068 sunt.
2597 1014 2731 1080 Quid
2762 1032 2840 1079 me
2884 1019 3237 1087 persequeris?
3289 1017 3356 1087 lu‘
3379 1032 3486 1088 quo
3514 1026 3607 1071 aut
3635 1032 3807 1087 paryo
3834 1028 3930 1073 aut.

2322 1116 2516 1175 magno
2540 1119 2794 1171 accusare
2824 1121 2910 1162 me
2936 1109 3127 1176 potes?
3151 1108 3203 1166 in
3233 1123 3338 1177 quo
3368 1122 3398 1162 a
3430 1123 3517 1164 me
3538 1108 3700 1177 lusus
3732 1109 3877 1163 fuisti
3902 1112 3931 1163 ῒ

2321 1210 2387 1251 an
2418 1198 2564 1267 quod
2604 1209 2844 1254 mortuos
2875 1210 3082 1256 vestros
3109 1201 3519 1256 suscitaverim?
3547 1218 3614 1256 an
3660 1202 3806 1272 quod
3842 1203 3925 1258 le-

2320 1301 2512 1360 prosos
2544 1289 2953 1358 mupdaverim?
2981 1291 3122 1360 quod
3148 1290 3423 1358 daemones
3452 1290 3570 1362 fuga
3581 1293 3748 1347 verim
3765 1291 3791 1345 Τ
3817 1290 3927 1362 Sed

2322 1377 2443 1433 ideo
2467 1377 2692 1433 adorare
2736 1394 2857 1445 me,
2900 1394 3006 1433 non
3038 1381 3284 1451 persequi
3308 1382 3565 1451 Oportuit.
3601 1381 3667 1439 Ut
3686 1396 3819 1437 vero
3843 1381 3929 1436 di—

2320 1482 2438 1531 scas
2460 1468 2612 1535 illud,
2644 1468 2780 1536 Quid
2810 1486 2887 1524 me
2916 1471 3267 1549 persequeris?
3289 1486 3410 1527 sese
3437 1473 3716 1543 purgantis
3745 1472 3927 1543 potius

2320 1575 2443 1619 esse
2470 1578 2484 1613 :
2514 1561 2638 1616 audi
2665 1557 2936 1632 quomodo
2955 1563 3116 1619 Pater
3139 1565 3257 1635 ejus
3281 1565 3470 1620 iisdem
3503 1567 3681 1620 verbis
3703 1565 3928 1639 Judreos

2321 1652 2641 1723 alloquatur.
2686 1654 3149 1723 Quemadmodum
3198 1657 3344 1712 enim
3391 1655 3481 1711 hic
3507 1656 3675 1732 dicit,
3721 1656 3921 1721 Saule.

2323 1742 2504 1813 Saulis.
2533 1746 2654 1810 Quid
2679 1762 2757 1801 me
2779 1748 3127 1819 persequeris?
3155 1748 3234 1803 sic
3256 1757 3311 1803 et
3335 1748 3427 1803 ille
3443 1747 3646 1805 Iudaeis
3666 1748 3877 1813 dicebat
3906 1765 3920 1795 τ

2324 1832 2529 1905 Popule
2551 1854 2688 1892 meus
2708 1880 2723 1905 ,
2753 1838 2875 1915 quid
2904 1839 3003 1907 feci
3051 1840 3138 1893 tibi
3162 1856 3181 1904 ,'
3206 1849 3294 1895 aut
3333 1840 3385 1895 in
3417 1856 3516 1912 quo
3554 1840 3850 1896 contristati
3877 1850 3927 1898 ts

2323 1924 2510 1996 (Mich.
2534 1925 2588 1980 ϐ.
2620 1928 2714 1999 3)?
2734 1928 2912 1997 Saule,
2947 1929 3127 1996 Saule,
3154 1932 3277 2002 quid
3304 1948 3382 1986 me
3406 1933 3759 2004 persequeris?
3786 1932 3925 1991 Ecce

2320 2018 2543 2089 supinus
2562 2017 2732 2088 jaces.
2773 2035 2900 2077 ecce
2942 2022 3058 2077 sine
3101 2034 3290 2079 eatena
3325 2024 3573 2095 alligatus
3607 2041 3689 2081 es.
3717 2025 3923 2093 Quem-

2320 2105 2609 2175 admodum
2653 2109 2809 2181 igitur
2834 2112 2877 2164 si
2914 2111 3080 2175 herus
3117 2127 3334 2168 servum
3372 2130 3516 2184 sazpe
3561 2116 3922 2186 transfugam.

2323 2198 2595 2267 multaque
2620 2211 2899 2270 operatum
2923 2202 3058 2263 mala
3078 2245 3092 2267 ,
3120 2204 3569 2275 comprehensum
3601 2214 3657 2261 et
3681 2207 3921 2275 vinclum

2321 2290 2400 2347 sic
2424 2292 2743 2362 alloquetur,
2771 2293 2910 2358 Ouid
2940 2296 3020 2361 vis
3043 2295 3137 2351 tibi
3168 2295 3358 2351 faciam
3379 2296 3404 2350 τ
3423 2312 3551 2355 ecce
3572 2299 3683 2366 jam
3713 2297 3782 2353 ad
3806 2314 3925 2353 ma-

2325 2396 2426 2440 nus
2445 2384 2635 2439 venisti
2667 2402 2679 2437 :
2720 2385 2791 2445 ita
2820 2394 2876 2438 et
2911 2386 3157 2441 Christus
3197 2386 3421 2443 Paulum
3447 2400 3757 2460 correptum
3801 2405 3927 2461 pro-

2324 2486 2680 2548 stratumque,
2724 2488 3043 2537 trementem
3085 2483 3272 2538 videns
3301 2499 3363 2539 ac
3391 2481 3771 2557 formidantem
3791 2529 3808 2554 ,
3841 2488 3926 2543 ni-

2325 2566 2507 2637 hilque
2544 2572 2721 2624 lacere
2746 2572 3037 2638 valentem,
3063 2574 3140 2628 sic
3165 2574 3457 2649 alloquitur
3484 2594 3498 2631 :
3533 2574 3716 2640 Saufe,
3742 2577 3923 2644 Sanle,

2321 2659 2449 2729 quid
2496 2675 2574 2713 me
2617 2664 2969 2732 persequeris?
3026 2662 3293 2732 Quorsum
3353 2666 3440 2723 ille
3486 2665 3637 2721 furor
3692 2668 3930 2724 evadet?

2324 2757 2582 2821 quorSum
2637 2753 2889 2808 insania?
2947 2768 3204 2824 quorsum
3258 2756 3406 2819 zelus
3469 2758 3930 2829 intempestivus!

2326 2856 2585 2911 quorsum
2621 2843 2831 2898 vincula
2874 2854 2927 2900 et
2966 2845 3351 2909 circuitiones‘t
3388 2863 3644 2918 quorsum
3670 2849 3933 2921 etl‘eratus

2327 2932 2417 2997 ille
2440 2933 2689 2999 animus?
2712 2934 2831 2999 Jam
2863 2936 3153 2997 immobilis
3183 2940 3313 3000 eris.
3347 2954 3579 3010 eumque
3618 2957 3781 3013 quem
3811 2958 3935 3015 per-

2329 3027 2604 3097 sequeris,
2638 3043 2707 3083 ne
2731 3028 2930 3087 videre
2957 3029 3173 3100 quidem
3217 3032 3463 3101 poteris:
3493 3044 3545 3088 et
3567 3034 3655 3103 qui
3704 3034 3934 3094 festinus

2332 3117 2565 3187 undique
2592 3120 3055 3176 circumcursabas
3077 3163 3093 3188 ,
3129 3136 3272 3177 nunc
3321 3123 3548 3178 ducente
3577 3140 3713 3194 opus
3742 3108 3932 3196 babes.

2333 3207 2455 3262 Ideo
2503 3223 2731 3279 namque
2774 3226 2915 3266 nunc
2968 3211 3099 3267 dicit
3144 3213 3231 3277 ei,
3283 3213 3419 3280 Quid
3448 3231 3527 3268 me
3576 3210 3938 3288 persequeris?

2330 3310 2389 3354 ut
2409 3300 2641 3371 disceret
2661 3302 2820 3357 etiam
2848 3302 3172 3375 prmcedeuti
3200 3305 3574 3379 temporeipso
3602 3306 3938 3363 concedente

2332 3392 2512 3447 omnia
2541 3393 2677 3449 facta
2696 3408 2850 3460 esse;
2882 3409 3056 3465 neque
3076 3395 3162 3450 illa
3187 3396 3511 3452 infirmitatis
3537 3400 3698 3455 fuisse
3718 3441 3733 3464 ,
3761 3416 3940 3471 neque

2334 3482 2471 3551 bmc,
2496 3501 2615 3555 qua!
2632 3486 2743 3555 jam
2773 3487 2980 3550 fierent,
3011 3486 3344 3544 crudelitatis
3391 3504 3551 3555 esse;
3580 3490 3676 3546 sed
3707 3492 3794 3547 illa
3824 3495 3939 3549 cle-

2333 3578 2567 3642 mentim,
2596 3575 2711 3632 haec
2732 3577 3101 3648 providentiae.
3124 3578 3259 3646 Quid
3290 3581 3447 3650 igitur
3463 3581 3679 3653 Paulus,
3709 3583 3837 3652 Quis
3860 3601 3936 3653 es,

2336 3665 2550 3739 Domine
2586 3668 2721 3735 (Act.
2754 3669 2807 3723 9.
2834 3669 2927 3739 5)?
2959 3668 3116 3724 Novit
3142 3669 3436 3725 dominium
3483 3687 3549 3727 ex
3583 3677 3940 3731 concessione

2336 3757 2424 3811 illa
2445 3800 2459 3821 ,
2493 3759 2740 3823 virtutem
2772 3774 2838 3814 ex
2891 3760 3131 3816 cscciutte
3161 3763 3411 3831 praesenti
3445 3781 3458 3817 :
3489 3763 3706 3820 demum
3747 3778 3941 3835 poten—

2336 3851 2461 3903 tiam
2507 3848 2807 3905 confitetur.
2862 3851 2989 3925 Quis
3017 3870 3091 3918 es,
3132 3851 3387 3917 Domine?
3431 3853 3679 3914 Yidistin‘
3726 3866 3937 3928 gratum

2334 3942 2617 3996 animum?
2656 3930 2887 3997 vidistin"
2918 3954 3154 4000 mentem
3194 3946 3441 4002 libertate
3493 3947 3750 4018 plenam?
3792 3951 3934 4006 vidi-

2336 4036 2458 4088 Stin’
2478 4037 2863 4097 conscientiam
2887 4039 3190 4093 sinceram?
3212 4040 3328 4095 Non
3362 4043 3650 4099 reluctatus
3674 4054 3758 4100 est
3781 4087 3796 4113 ,
3830 4063 3937 4101 non

2333 4128 2637 4195 contendit:
2664 4127 2758 4183 sed
2790 4132 2968 4183 statim
3003 4131 3284 4186 Dominum
3315 4131 3549 4203 agnovit.
3582 4134 3699 4191 Non
3741 4152 3941 4207 quem:

2335 4218 2621 4274 admodum
2648 4220 2852 4293 Judaei,
2879 4238 3001 4277 cum
3048 4223 3295 4280 viderent
3346 4238 3588 4283 mortuos
3623 4230 3934 4298 suscitatus,

2334 4324 2506 4375 czrcos
2537 4311 2707 4365 visum
2724 4313 3076 4393 recipientes,
3113 4316 3358 4385 leprosos
3388 4319 3706 4387 mundatus,
3736 4321 3934 4379 nedum

2334 4402 2400 4455 ad
2425 4411 2695 4473 tantarum
2714 4420 2895 4471 rerum
2924 4408 3169 4476 opificem
3189 4421 3558 4478 occurrerent,
3582 4414 3931 4472 seductorem

2337 4498 2496 4551 etiam
2544 4497 2691 4551 illum
2739 4500 3039 4563 vocabant,
3091 4515 3359 4571 omneque
3409 4502 3720 4559 insidiarum
3770 4523 3937 4577 genus

2337 4588 2668 4657 apparabant
2699 4603 2717 4644 '.
2748 4605 2851 4645 non
2883 4591 2961 4648 sic
2985 4592 3165 4661 utique
3206 4593 3422 4659 Paulus,
3451 4596 3546 4649 sed
3573 4598 3752 4659 statim
3806 4614 3937 4657 con-

2336 4673 2523 4745 versus
2565 4689 2667 4745 est.
2718 4682 2854 4749 Quid
2905 4683 3067 4758 igitur
3110 4684 3392 4739 Christus?
3420 4684 3532 4757 Ego
3577 4704 3688 4743 sum
3744 4687 3935 4760 Iesus,

2335 4791 2480 4841 quem
2509 4785 2559 4827 tn
2593 4778 2901 4846 persequeris
2930 4775 3141 4849 (llud).
3174 4778 3283 4832 Cur
3313 4794 3419 4833 non
3449 4780 3604 4849 dixit,
3659 4780 3774 4852 Ego
3815 4788 3939 4850 sum

2336 4865 2514 4933 Jesus,
2536 4867 2626 4936 qui
2657 4870 2948 4931 resnrrexi,
2979 4882 3079 4937 ego
3122 4883 3238 4921 sum
3271 4867 3450 4936 Iesus,
3476 4870 3568 4939 qui
3598 4858 3601 4861 9
3630 4870 3685 4925 in
3712 4872 3937 4939 dextera

2339 4957 2429 5011 Dei
2464 4958 2626 5012 sedeo
2646 4999 2661 5025 ,
2694 4957 2811 5021 sed,
2844 4956 2955 5028 Ego
2982 4974 3095 5013 sum
3121 4958 3295 5025 Iesus,
3333 4977 3480 5028 quem
3506 4970 3559 5015 tu
3590 4968 3942 5035 persequeris!

2337 5047 2407 5104 Ut
2436 5049 2550 5118 ejus
2583 5059 2817 5103 mentem
2872 5050 3226 5119 perceljeret,
3279 5060 3336 5103 ut
3363 5050 3479 5122 ejus
3517 5052 3750 5108 animam
3791 5070 3941 5117 com-

2338 5138 2614 5212 pungerc't.
2644 5142 2781 5197 Audi
2812 5143 2990 5213 itaque
3019 5143 3238 5198 Paulum
3264 5154 3384 5214 post
3411 5146 3635 5199 multum
3656 5149 3937 5218 temporis,

2336 5244 2457 5302 post
2514 5235 2789 5287 innumera
2848 5235 3102 5304 prwclare
3149 5248 3320 5306 gesta,
3365 5237 3467 5291 hoc
3504 5237 3935 5300 lamentantem:

2339 5322 2451 5403 Ego
2470 5327 2625 5389 enim,
2654 5324 2842 5393 inquit,
2872 5341 2983 5379 sum
3027 5327 3267 5380 minimus
3296 5307 3641 5397 apostolorum
3662 5371 3679 5396 ,
3838 5350 3937 5387 non

2336 5400 2451 5470 sum
2477 5418 2660 5486 dignus
2686 5419 2854 5483 vocari
2873 5418 3165 5497 apostolus,
3193 5420 3310 5490 quia
3340 5432 3667 5490 persequutus
3689 5400 3802 5477 sum
3837 5423 3936 5480 Ec.

2339 5508 2542 5559 clesiam
2568 5510 2643 5576 (l.
2666 5508 2783 5562 Cor.
2806 5510 2892 5566 15.
2920 5509 3003 5579 9).
3027 5511 3084 5565 Si
3114 5514 3241 5567 ve‘ro
3262 5522 3379 5583 post
3406 5523 3659 5568 sexcenta
3686 5516 3937 5585 prazclare

2339 5608 2516 5666 gesta,
2562 5609 2682 5669 post
2714 5611 2917 5656 tantum
2967 5603 3207 5673 elapsum
3250 5616 3491 5673 tempus,
3547 5605 3648 5662 hoc
3694 5608 3934 5682 lugebat,

2344 5701 2535 5760 quanta
2564 5692 2850 5757 verisimile
2876 5701 2959 5750 est
2980 5694 3151 5766 ipsum
3174 5711 3297 5751 esse
3323 5711 3539 5771 passum
3560 5698 3653 5754 illo
3674 5708 3936 5775 tempore,
