4212 6290
143 398 235 465 ιη
839 396 931 453 DE
968 392 1312 454 FERENDIS
1348 386 1762 453 assumens

1870 384 1921 447 π
1962 387 2052 450 DE
2080 390 2340 455 MUTAT.
2380 392 2718 459 ΝΟΜΙΝωΙ.
2755 396 2846 456 ιη.

141 526 264 570 cum
285 509 498 568 nullum
520 521 664 582 opus
692 509 892 568 bonum
936 524 1103 582 penes
1130 524 1194 569 se
1218 507 1481 577 haberet,
1508 515 1566 565 et
1593 505 1755 563 illatae

145 604 583 678 mntionis
609 603 716 661 sibi
737 603 983 661 conscius
1015 608 1197 672 esset,
1226 600 1355 658 dum
1384 600 1534 657 illam
1568 612 1757 656 vocem

141 695 389 753 audiret?

207 788 270 865 ετ
314 785 579 843 Probatur
617 785 847 843 Paulum
884 786 1040 843 libere
1064 786 1355 853 messim,
1385 801 1490 840 non
1535 788 1758 841 meets!-

137 888 364 937 tato.—
394 877 597 935 Verum
640 879 923 950 insurgunt
949 886 1140 934 contra
1186 892 1288 933 nos
1328 875 1549 949 quidam
1598 893 1613 931 :
1658 890 1757 930 vos

138 978 323 1026 autem
351 984 423 1027 ne
447 967 838 1041 detatigemini,
863 978 1155 1041 appetente
1178 969 1307 1025 licet
1332 981 1557 1039 vespera
1585 983 1601 1023 :
1630 981 1757 1023 nam

139 1072 241 1129 pro
281 1058 456 1117 Paulo
495 1058 788 1131 loquimur,
829 1075 929 1131 pro
954 1059 1158 1127 Paulo,
1190 1058 1285 1132 qui
1323 1074 1421 1131 per
1465 1057 1759 1114 triennium

143 1160 310 1207 nocte
332 1149 531 1222 dieque
558 1150 851 1223 discipulos
870 1150 1079 1208 docuit.
1108 1150 1396 1229 lnsurgunt
1439 1151 1622 1222 itaque
1643 1149 1758 1222 jam

140 1239 436 1296 adversum
463 1256 564 1299 nos
604 1241 805 1315 aliqui,
850 1250 908 1298 et
934 1242 1126 1299 dicunt
1172 1260 1187 1296 :
1226 1242 1432 1314 Ecquid
1472 1242 1669 1298 mirum
1709 1240 1759 1297 si

142 1329 344 1388 Paulus
372 1331 700 1389 accesserit?
722 1347 844 1390 cum
889 1333 1038 1390 Deus
1063 1349 1251 1391 vocem
1281 1334 1427 1390 illam
1475 1333 1630 1405 quasi
1669 1332 1757 1389 tu-

139 1438 270 1479 acu
295 1421 371 1479 ad
390 1423 589 1481 collum
614 1424 735 1496 ejus
754 1426 1030 1496 iniecerit,
1061 1436 1118 1482 et
1161 1426 1242 1483 sic
1267 1426 1418 1481 illum
1444 1424 1514 1481 ad
1540 1439 1602 1481 se
1643 1433 1757 1481 tra-

143 1513 306 1570 xerit.
340 1512 598 1571 Animum
624 1514 910 1587 diligenter
946 1516 1219 1573 adhibete.
1261 1517 1476 1573 Etenim
1507 1516 1625 1573 tunc
1672 1530 1763 1573 ar-

140 1606 352 1678 gutatio
374 1607 533 1663 nobis
547 1608 852 1665 communis
876 1618 960 1665 est
978 1624 1104 1665 cum
1130 1608 1414 1682 gentilibus
1440 1618 1497 1666 et
1520 1624 1644 1665 eum
1664 1608 1761 1665 Ju-

144 1696 297 1768 (ἰωὴ,
339 1700 434 1771 qui
463 1700 854 1757 incredulitatis
876 1715 991 1757 sua:
1018 1710 1387 1774 tegumentum
1413 1701 1468 1758 id
1501 1717 1624 1760 esse
1649 1718 1755 1775 pu-

146 1801 298 1860 tant,
331 1793 383 1848 si
408 1792 585 1849 virum
605 1793 812 1867 justum
843 1795 1124 1861 incusant,
1159 1794 1330 1867 ignari
1370 1810 1430 1850 se
1469 1794 1760 1866 dupliciter

143 1900 395 1956 peccare,
416 1895 476 1942 et
491 1886 635 1958 quod
649 1901 894 1944 errorem
912 1902 1068 1943 suum
1090 1902 1199 1943 non
1216 1886 1513 1958 deponant,
1533 1895 1589 1944 et
1614 1885 1759 1959 quod

140 1987 395 2036 sanctum
408 1979 501 2036 Dei
512 1979 776 2050 ejusmodi
788 1979 1254 2036 criminationibus
1272 1979 1758 2051 impetant.Verum

144 2085 245 2126 nos
260 2071 358 2126 Dei
373 2071 546 2142 gratia
566 2070 703 2139 t'ulti,
717 2072 834 2143 ejus
847 2071 1218 2129 defensionem
1234 2074 1610 2145 suscipiemus.
1629 2075 1762 2141 Quae

146 2163 310 2233 igitur
323 2164 603 2221 accusatio
628 2164 754 2221 est?
785 2164 869 2233 \‘i,
888 2165 1157 2236 inquiunt,
1181 2165 1327 2221 illum
1349 2166 1571 2221 attraxit
1592 2166 1756 2222 Deus.

143 2254 260 2322 Qua
289 2255 386 2323 vi,
407 2256 483 2311 mi
510 2255 710 2313 homo?
729 2256 979 2327 Supeme
1007 2257 1223 2313 vocavit
1250 2273 1397 2314 eum.
1424 2257 1617 2314 Credis
1639 2272 1759 2312 om-

146 2347 277 2401 nino
322 2345 472 2416 quod
499 2362 625 2402 eum
656 2362 888 2419 superne
915 2348 1232 2404 vocaverit?
1277 2348 1435 2421 Atqui
1469 2358 1521 2404 te
1546 2364 1762 2419 quoque

146 2438 314 2495 hodie
341 2448 503 2494 vocat
526 2454 623 2510 per
650 2440 794 2495 illam
836 2455 1060 2505 vocem,
1103 2450 1159 2497 et
1186 2450 1241 2496 tu
1285 2457 1393 2497 non
1423 2442 1761 2513 obsequeris.

153 2527 344 2585 Viden'
366 2544 475 2585 non
515 2529 684 2586 fuisse
709 2531 838 2587 illud
866 2531 1248 2588 necessitatis?
1276 2532 1411 2588 Nam
1438 2534 1482 2588 si
1524 2531 1765 2589 necessi-

148 2620 273 2674 tatis
302 2619 531 2689 t'uisset,
559 2636 698 2693 opus
745 2632 863 2679 erat
892 2632 1030 2680 utet
1063 2634 1121 2679 tu
1146 2624 1418 2681 obedires.
1446 2626 1601 2695 Quod
1629 2626 1674 2681 si
1706 2634 1761 2681 tu

148 2725 256 2765 non
283 2711 546 2780 obedias,
570 2714 749 2785 palam
772 2724 855 2770 est
876 2729 1003 2772 eum
1028 2730 1093 2772 ex
1125 2716 1404 2773 voluntate
1435 2717 1758 2775 obedivisse.

152 2800 218 2856 Et
246 2810 307 2857 ut
335 2800 560 2860 discatis
585 2803 927 2861 vocationem
964 2806 1191 2863 multum
1234 2808 1301 2863 ad
1343 2808 1495 2864 Pauli
1532 2810 1761 2867 salutem

148 2891 484 2961 contulisse,
543 2895 997 2966 quemadmodum
1035 2907 1093 2952 et
1120 2897 1187 2952 ad
1230 2898 1462 2953 aliorum
1516 2899 1757 2954 omnium

151 2983 434 3039 hominum
452 3025 469 3053 ,
492 3000 596 3041 nec
621 2997 805 3043 tamen
824 2988 974 3043 illum
1005 2988 1162 3044 bonis
1187 2990 1440 3059 operibus
1460 3033 1475 3058 ,
1504 3000 1559 3047 et
1587 2990 1762 3046 laudi-

150 3076 271 3142 bus,
306 3092 429 3147 quae
462 3077 654 3134 merito
682 3079 975 3136 voluntatis
1008 3081 1381 3152 acquiruntur,
1415 3098 1646 3139 vacuum
1673 3099 1762 3140 re-

151 3166 408 3238 liquisse.
434 3184 612 3241 neque
642 3171 870 3227 liberum
911 3172 1033 3243 ejus
1060 3173 1345 3229 arbitrium
1376 3175 1761 3243 labefactassc,

149 3258 246 3314 sed
272 3258 533 3317 libentem
562 3276 685 3317 cum
716 3262 934 3333 proprio
958 3263 1119 3319 bona:
1161 3265 1451 3320 voluntatis
1491 3274 1641 3322 motu
1674 3280 1766 3323 ac—

152 3351 388 3407 cessisse
421 3370 435 3404 :
464 3353 574 3408 alio
602 3355 853 3425 exemplo
878 3355 933 3410 id
961 3356 1180 3427 planum
1214 3356 1429 3413 faciam.
1460 3360 1767 3416 Audierant

148 3442 323 3498 ludzei
354 3457 541 3500 vocem
570 3458 803 3515 superne
832 3446 1144 3518 loquentem
1165 3488 1180 3515 ,
1213 3464 1321 3504 non
1350 3450 1471 3505 Filii
1496 3492 1511 3518 ,
1540 3450 1637 3506 sed
1665 3451 1767 3507 Pa-

154 3533 252 3587 tris
277 3533 349 3589 de
377 3534 597 3590 Christo
617 3536 889 3607 loquentis
910 3537 977 3593 ad
1010 3538 1263 3594 Iordanis
1289 3539 1490 3596 ﬂuenta
1515 3581 1531 3609 ,
1563 3541 1665 3596 Hic
1693 3552 1767 3597 est

161 3621 754 3694 Filiumcusdilectus;
791 3629 947 3683 atilli
1000 3629 1218 3698 dicunt,
1271 3630 1373 3686 Hic
1414 3642 1490 3687 est
1530 3633 1767 3688 seduct’or

152 3714 244 3769 ille
268 3715 489 3787 (Matth.
511 3718 566 3774 5.
612 3720 700 3774 t7.
730 3730 779 3775 et
804 3720 896 3775 27.
926 3722 1040 3791 65).
1066 3722 1254 3779 Viden‘
1283 3724 1632 3781 manifestum
1658 3725 1769 3782 bel-

154 3807 309 3862 lum?
337 3809 515 3865 viden‘
549 3822 793 3881 apertam
844 3816 1119 3885 pugnam?
1156 3817 1333 3873 viden’
1362 3819 1561 3890 ubique
1608 3830 1768 3891 grato

153 3908 209 3954 et
259 3900 533 3959 benevolo
583 3903 765 3959 animo
806 3921 931 3962 esse
976 3923 1114 3977 opus
1139 3950 1153 3977 ,
1178 3911 1465 3982 animaque
1509 3913 1723 3970 sincera
1748 3956 1763 3981 ,

152 4005 331 4062 neque
357 3992 557 4050 allecti:
598 4000 1004 4069 praeoccupata?
1029 3999 1171 4056 Ecce
1196 4011 1251 4055 et
1276 4002 1385 4057 illic
1415 4020 1517 4060 vox
1540 4046 1555 4071 ,
1597 4015 1652 4062 et
1680 4007 1769 4063 hic

154 4096 257 4137 vox
291 4101 309 4137 τ
353 4085 452 4140 sed
493 4086 583 4142 ille
612 4087 1039 4161 obtemperabat,
1075 4094 1128 4146 hi
1158 4097 1552 4166 repugnabant:
1581 4099 1766 4171 Neque

153 4185 367 4232 tantum
406 4193 510 4234 vox
537 4181 771 4247 auditur,
803 4183 901 4239 sed
932 4185 1166 4256 Spiritus
1213 4187 1267 4243 in
1292 4190 1559 4247 columba:
1586 4195 1768 4264 specie

153 4267 387 4324 videtur.
419 4270 552 4326 Cum
585 4272 727 4327 enim
758 4274 991 4331 Joannes
1012 4277 1342 4348 baptizaret,
1371 4280 1619 4338 Christus
1639 4299 1769 4340 vero

153 4359 541 4432 baptizaretur,
575 4380 646 4421 ne
670 4366 961 4424 humanam
985 4370 1207 4441 ﬁguram
1231 4381 1558 4441 spectantes,
1594 4375 1768 4447 bapti-

153 4462 372 4509 santem
414 4455 686 4525 haptizato
714 4461 1143 4528 praestantiorem
1181 4464 1589 4535 existimarent,
1620 4470 1769 4523 venit

150 4558 253 4597 vox
290 4560 416 4614 quae
436 4543 583 4602 hunc
618 4547 687 4601 ab
715 4549 806 4603 illo
835 4551 1212 4623 distingueret.
1246 4555 1314 4610 Et
1340 4558 1467 4628 quia
1499 4559 1764 4615 incertum

149 4649 271 4691 esse
285 4634 572 4691 videbatur
587 4636 656 4694 de
669 4654 902 4709 quonam
916 4657 1018 4697 vox
1038 4643 1124 4698 illa
1144 4647 1628 4716 loqueretur,venit
1644 4650 1763 4719 Spi-

147 4728 287 4781 ritus
318 4736 543 4784 sanctus
570 4730 622 4784 in
643 4731 825 4802 specie
852 4734 1116 4789 columbrc
1138 4776 1153 4801 ,
1177 4737 1266 4808 qui
1294 4753 1480 4793 vocem
1504 4742 1556 4794 in
1604 4753 1766 4811 caput

144 4816 353 4873 Christi
395 4817 642 4877 duceret.
686 4822 939 4881 Attamen
984 4835 1039 4880 et
1065 4843 1163 4897 per
1192 4844 1378 4885 vocem
1413 4832 1762 4902 praedicavit,

144 4918 202 4965 ct
231 4923 333 4980 per
360 4908 618 4981 Spiritum
660 4909 933 4980 ostendit,
962 4915 1309 4991 Joanncsque
1352 4934 1539 4994 postea
1566 4926 1765 4982 clama-

146 5000 268 5067 bat,
323 4999 450 5055 Non
494 5018 609 5056 sunt
632 5003 820 5075 dignus
841 5048 855 5070 ,
884 5008 972 5078 qui
1007 5012 1280 5083 corrigiam
1307 5014 1501 5069 solvam
1558 5020 1761 5073 calcea-

148 5093 310 5149 Μή
334 5094 449 5165 eius
476 5096 633 5167 (Luc.
661 5099 717 5154 5.
748 5100 842 5173 16)
869 5119 881 5155 :
911 5103 1076 5158 multa
1118 5122 1336 5178 quoque
1376 5112 1477 5166 alia
1509 5123 1615 5168 tam
1646 5130 1766 5170 vcr—

144 5186 377 5255 borum,
407 5205 570 5261 quam
597 5205 821 5261 operum
854 5194 1159 5252 testimonia
1201 5214 1580 5273 accesserunt,
1614 5216 1668 5261 et
1694 5208 1761 5262 ad

145 5281 331 5335 omnia
349 5282 402 5335 in
424 5284 669 5338 caecitate
684 5300 1034 5356 manserunt;
1057 5291 1165 5347 imo
1182 5294 1427 5349 viderunt
1447 5298 1647 5361 omnia,
1668 5301 1763 5355 sed

146 5388 327 5443 neque
345 5372 505 5431 dictis
525 5391 702 5448 neque
730 5378 883 5437 factis
908 5383 1206 5451 credidere,
1234 5387 1592 5457 praeiudicata:
1622 5393 1762 5462 vulgi

144 5465 425 5534 Opinionis
468 5467 671 5524 insania
704 5472 942 5540 ipsorum
975 5486 1212 5533 mentem
1240 5493 1559 5550 oceupante.
1609 5484 1763 5552 Quod

146 5556 309 5609 etiam
333 5558 664 5628 evangelista
695 5561 825 5619 dicit
855 5582 868 5617 :
910 5566 1111 5622 multos
1154 5584 1346 5640 nempe
1368 5571 1676 5628 iud-.eornm
1710 5576 1761 5630 in

147 5648 300 5703 illum
328 5650 660 5720 credidisse;
693 5656 785 5711 sed
810 5667 956 5713 metu
988 5661 1289 5733 principum
1316 5666 1490 5735 ipsum
1515 5669 1760 5724 confiteri

148 5758 255 5832 tum
276 5757 437 5799 ausos
447 5759 589 5813 esse,
609 5763 678 5803 ne
690 5763 718 5801 a
735 5764 1005 5821 synagoga
1022 5753 1760 5832 ejicerentur(Joan.12.42).

150 5831 268 5901 ipse
314 5848 442 5890 vero
485 5836 737 5897 Christus
782 5839 1037 5899 dicebat:
1090 5844 1357 5912 Quomodo
1394 5852 1602 5922 potestis
1647 5872 1760 5907 cre-

1863 507 2014 574 dere,
2040 505 2128 580 qui
2152 510 2373 581 gloriam
2398 512 2462 568 ab
2486 512 2703 568 inuicem
2726 510 2958 583 accipitis
2976 553 2992 579 ,
3023 520 3070 566 et
3095 510 3474 583 gloriam,”

1861 613 1895 652 a
1922 598 2034 655 solo
2058 593 2169 657 Deo
2191 612 2285 670 est,
2314 619 2413 657 non
2435 603 2661 674 qudm'tis
2688 600 2870 676 (Joan.
2898 602 2953 657 5.
2980 600 3112 673 lt)?
3143 597 3340 660 Verum
3362 617 3472 656 non

1863 690 1935 746 ita
1977 690 2211 759 Paulus;
2259 691 2354 749 sed
2376 705 2483 748 una
2514 693 2690 748 solum
2714 691 2898 748 audita
2949 706 3080 748 voce
3108 691 3259 763 ejus,
3308 706 3473 761 quem

1863 782 1955 839 ille
1982 786 2428 856 persequebatur,
2469 786 2649 842 statim
2694 777 2949 852 accurrit,
2993 786 3176 841 statim
3203 784 3471 849 obedivit,

1864 881 1921 931 et
1965 889 2213 946 magnam
2246 888 2354 945 pra:
2381 892 2441 933 se
2467 878 2589 932 tulit
2617 877 3051 934 conversionem.
3088 876 3333 947 Quodgsi
3383 874 3473 932 di-

1862 975 2075 1023 ctorum
2117 967 2423 1039 prolixitate
2472 984 2578 1023 non
2598 966 3005 1041 Vdct'atigetnini,
3046 966 3117 1023 ad
3162 963 3310 1022 aliud
3346 981 3476 1038 pro-

1865 1059 2119 1132 pinquius
2156 1060 2467 1133 exemplum
2496 1074 2750 1132 propero.
2798 1060 3013 1116 Etenim
3057 1068 3114 1115 et
3155 1057 3353 1115 Filium
3384 1072 3478 1113 au-

1863 1154 2079 1211 dierum
2101 1194 2117 1222 ,
2164 1162 2329 1225 atque
2358 1155 2430 1209 ita
2455 1154 2763 1222 audierunt,
2791 1160 2852 1210 ut
2875 1151 3077 1211 Paulus
3101 1151 3383 1220 audierat,
3420 1160 3480 1227 et

1863 1245 2025 1301 simili
2052 1244 2343 1302 audierunt
2370 1253 2633 1316 tempore,
2658 1254 2822 1316 atque
2854 1242 3076 1313 Paulus,
3099 1257 3275 1315 neque
3290 1249 3479 1299 tamen

1861 1338 1943 1393 sic
1963 1337 2331 1395 crediderunt.
2371 1337 2504 1393 Nam
2533 1337 2678 1394 sicut
2705 1334 2907 1393 Paulus
2927 1350 3054 1391 cum
3081 1334 3320 1401 fureret,
3351 1348 3477 1390 cum

1864 1430 2098 1487 ferocior
2122 1440 2297 1499 esset,
2340 1445 2461 1486 cum
2510 1429 2805 1500 discipulos
2856 1428 3230 1500 impugnaret.
3286 1440 3479 1483 vocem

1867 1522 2112 1590 audivit,
2155 1522 2229 1577 ita
2254 1529 2309 1577 et
2352 1519 2548 1577 Judaei.
2577 1519 2809 1576 Ubinam
2829 1561 2845 1586 ,
2876 1528 2934 1575 et
2960 1515 3216 1591 quando?
3263 1517 3481 1588 Egressi

1865 1622 1994 1670 sunt
2012 1622 2177 1669 noctu
2197 1629 2319 1669 cum
2348 1612 2552 1669 lacibus
2576 1622 2631 1670 et
2656 1611 2999 1683 lampadibus
3024 1610 3091 1667 ad
3112 1609 3480 1682 comprehen-

1865 1706 2105 1763 dendum
2155 1707 2345 1773 illum;
2377 1706 2638 1777 putabant
2673 1706 2817 1761 enim
2848 1719 2909 1761 se
2955 1719 3165 1760 merum
3200 1702 3479 1757 hominem

1868 1799 2092 1855 adoriri.
2121 1798 2257 1855 Cum
2283 1798 2443 1869 igitur
2470 1812 2568 1853 eos
2592 1809 2747 1853 suam
2774 1794 2940 1853 vellet
2965 1793 3165 1850 docere
3197 1793 3479 1859 virtutem,

1863 1906 2033 1964 seque
2046 1892 2217 1949 Deum
2234 1905 2376 1960 esse,
2392 1891 2645 1962 ipsosque
2664 1898 2853 1945 contra
2880 1886 3154 1943 stimulum
3169 1884 3480 1950 calcitrare,

1866 1987 2000 2043 dicit
2017 1985 2121 2042 illis
2134 1984 2321 2053 ,Quem
2332 1984 2560 2056 queritis
2578 1980 2759 2055 (Joan.
2777 1982 2861 2038 18.
2883 1981 2970 2051 4)?
2988 1978 3181 2036 Coram
3201 1994 3266 2035 eo
3284 1987 3340 2035 et
3355 1993 3483 2050 pro-

1866 2080 2011 2135 xime
2038 2078 2283 2146 stabant,
2312 2092 2487 2148 neque
2513 2073 2662 2132 illum
2694 2072 2946 2130 videbant
2970 2088 2985 2137 ;
3032 2086 3221 2126 verum
3253 2071 3301 2126 is
3319 2068 3436 2140 ipse
3459 2110 3478 2131 .

1865 2174 1957 2243 qui
1986 2172 2347 2243 qumrebatur,
2394 2172 2539 2240 ipsos
2573 2184 2738 2247 manu,
2764 2166 2997 2224 ducebat
3025 2209 3041 2233 ,
3086 2176 3144 2221 ut
3169 2180 3231 2221 se
3269 2163 3483 2219 inveni-

1868 2273 1989 2319 rent
2013 2306 2029 2331 ,
2058 2272 2119 2318 ut
2139 2262 2449 2319 ediscerent
2478 2261 2656 2332 ipsum
2683 2274 2789 2314 non
2815 2258 3040 2314 invitum
3071 2256 3138 2312 ad
3167 2254 3477 2327 patiendum

1868 2356 2083 2421 venire,
2114 2366 2203 2422 et,
2245 2355 2289 2411 si
2319 2354 2434 2425 ipse
2462 2368 2572 2408 non
2609 2351 3007 2417 concessisset,
3036 2362 3326 2419 numquam
3356 2345 3479 2401 illos

1870 2465 1986 2509 rem
2008 2447 2349 2520 perfecturos
2376 2446 2564 2502 tuisse.
2594 2442 2880 2514 Quomodo
2904 2442 3049 2499 enim
3071 2484 3085 2507 ,
3109 2456 3229 2496 cum
3260 2454 3361 2496 nec
3398 2439 3480 2494 in-

1870 2545 2057 2600 venire
2106 2544 2254 2599 illum
2312 2547 2572 2611 possent,
2621 2537 2735 2594 imo
2770 2552 2839 2592 ne
2867 2535 3055 2593 videre
3081 2531 3300 2607 quidem
3339 2546 3481 2603 prte—

1870 2647 2078 2693 sentem
2098 2637 2123 2690 't
2142 2635 2258 2691 Non
2282 2634 2444 2691 modo
2474 2642 2652 2689 autem
2682 2637 3005 2703 praesentem
3036 2626 3219 2683 videre
3248 2640 3357 2681 non
3377 2639 3480 2696 po-

1870 2738 2119 2795 tuerunt,
2174 2728 2271 2785 sed
2292 2742 2419 2784 cum
2469 2724 2764 2781 sciscitanti
2811 2717 3239 2792 reSponderent,
3277 2733 3347 2774 ne
3401 2715 3482 2772 sic

1867 2822 2083 2893 quidem
2102 2820 2377 2885 sciebant,
2408 2818 2656 2889 quisnam
2683 2824 2810 2871 tunc
2837 2828 3077 2885 prtesens
3101 2820 3245 2869 esset
3273 2829 3287 2866 :
3310 2824 3484 2880 usque

1870 2912 2009 2969 adeo
2035 2912 2219 2968 oculos
2259 2926 2445 2968 eorum
2472 2916 2860 2965 exczecaverat.
2900 2904 3016 2961 lmo
3045 2921 3114 2962 ne
3159 2904 3212 2959 id
3262 2901 3484 2973 quidem

1870 3011 2079 3061 tantum
2097 3045 2111 3070 ,
2136 3004 2231 3059 sed
2257 3003 2421 3059 etiam
2447 3015 2579 3057 voce
2600 2999 2722 3057 illos
2741 3000 2964 3070 supinos
2994 2998 3285 3068 prostravit
3315 3013 3329 3049 :
3355 3008 3483 3050 nam

1871 3106 1931 3152 ut
1965 3097 2140 3163 dixit,
2174 3096 2334 3161 Quem
2366 3094 2591 3164 quam'tis
2610 3093 2636 3146 1'
2665 3092 2915 3147 abierunt
2967 3102 3159 3143 omnes
3185 3096 3484 3143 retrorsum

1872 3189 1941 3245 ab
1970 3190 2071 3243 hac
2099 3204 2228 3243 voce
2261 3186 2422 3259 pulsi.
2449 3181 2917 3254 Quemadmodum
2945 3183 3091 3237 enim
3117 3195 3220 3235 vox
3258 3179 3485 3235 Paulum

1872 3282 2073 3352 dejecit
2105 3289 2160 3336 et
2189 3280 2546 3351 resnpinavit,
2573 3277 2651 3332 sic
2679 3288 2731 3332 et
2757 3291 2860 3331 vox
2888 3275 3009 3329 illos
3033 3288 3220 3330 omnes
3242 3280 3490 3345 prostra-

1872 3375 1949 3431 vit
1978 3376 2198 3446 supinos
2224 3392 2238 3440 ;
2270 3382 2327 3430 et
2355 3370 2811 3445 quemadmodum
2842 3366 2932 3424 ille
2960 3384 3066 3423 non
3095 3365 3311 3422 videbat
3334 3380 3484 3427 eum,

1872 3482 2034 3537 quem
2077 3466 2530 3536 persequebatur,
2561 3463 2632 3518 ita
2671 3471 2727 3518 et
2773 3459 2847 3518 illi
2890 3476 2995 3516 non
3024 3456 3280 3514 videbant
3321 3473 3446 3514 eum
3469 3500 3485 3521 ,

1873 3574 2033 3629 quem
2085 3557 2401 3628 qumrebant
2448 3575 2462 3623 ;
2517 3554 2656 3611 sicut
2707 3554 2797 3609 ille
2861 3563 3106 3622 tempore
3162 3549 3361 3606 furoris
3403 3550 3488 3603 sui

1874 3655 2176 3706 excaecatus
2216 3658 2335 3714 est,
2378 3648 2448 3703 ita
2490 3654 2545 3701 et
2580 3644 2659 3701 illi
2698 3655 2942 3715 tempore
2982 3642 3184 3697 furoris
3241 3642 3322 3695 sui
3363 3653 3493 3694 sunt

1874 3739 2151 3796 exctccati.
2186 3738 2400 3794 Etenim
2432 3738 2523 3794 ille
2549 3753 2674 3791 cum
2726 3737 2827 3790 iret
2872 3735 3110 3788 vinctum
3157 3732 3488 3803 discipulos,

1875 3842 1930 3887 et
1962 3831 2018 3886 hi
2040 3846 2165 3886 cum
2193 3832 2403 3885 exirent
2448 3830 2722 3901 alligatum
2773 3825 3047 3881 Christum
3074 3866 3090 3890 ,
3122 3822 3313 3878 eadem
3344 3823 3490 3893 passi

1875 3936 2022 3981 sunt.
2052 3924 2165 3980 lllic
2191 3924 2404 3979 vincula
2427 3966 2442 3991 ,
2486 3932 2540 3978 et
2567 3922 2656 3977 hic
2702 3936 2917 3993 quoque
2946 3919 3157 3974 vincula
3181 3934 3195 3982 ;
3231 3918 3340 3972 illic
3366 3931 3490 3987 per-

1875 4018 2123 4090 sequutio
2142 4062 2157 4085 ,
2186 4016 2275 4072 hic
2305 4017 2467 4072 etiam
2524 4014 2905 4086 persequutio,
2967 4011 3075 4067 illic
3104 4012 3318 4066 caecitas
3338 4053 3354 4078 ,
3399 4008 3487 4064 hic

1878 4113 2006 4172 item
2035 4110 2281 4177 czecitas;
2314 4107 2424 4163 illic
2454 4122 2581 4174 vox,
2605 4104 2693 4160 hic
2713 4121 2926 4177 quoque
2953 4121 3057 4161 vox
3093 4122 3107 4159 :
3132 4102 3324 4159 similis
3348 4112 3495 4157 utro.

1876 4201 2037 4273 hique
2064 4201 2263 4257 Christi
2296 4200 2551 4271 potentia:
2594 4198 2985 4253 demonstratio
3007 4239 3020 4261 ,
3062 4196 3259 4251 similia
3303 4210 3487 4251 reme-

1876 4293 2010 4350 dia:
2070 4303 2127 4349 at
2166 4310 2275 4349 non
2326 4292 2518 4347 similis
2569 4290 2918 4357 emendatio;
2976 4290 3119 4345 inter
3161 4298 3490 4360 aegrotantes

1876 4388 2019 4443 enim
2048 4402 2299 4456 magnum
2333 4386 2645 4439 discrimen.
2677 4382 2815 4450 Quid
2842 4381 2987 4437 enim
3018 4383 3317 4452 stupidius,
3357 4384 3489 4453 quid

1877 4480 2137 4550 ingratius
2173 4479 2312 4533 illis?
2339 4478 2668 4533 Ceciderunt
2704 4486 3000 4532 retrorsum
3025 4518 3040 4543 ,
3071 4487 3128 4532 et
3156 4491 3342 4532 rursus
3367 4492 3491 4531 sur-

1875 4582 2165 4636 rexerunt,
2213 4585 2403 4626 rursus
2446 4570 2783 4626 invaserunt.
2814 4571 3007 4626 Annon
3052 4569 3184 4639 ipsis
3222 4570 3490 4640 lapidibus

1878 4662 2303 4719 insensibiliores
2335 4660 2530 4717 erant?
2559 4662 2628 4717 Ut
2652 4676 2782 4716 vero
2808 4661 3079 4717 discerent
3126 4661 3268 4716 hunc
3312 4661 3489 4733 ipsum

1874 4772 2027 4820 esse,
2072 4758 2161 4828 qui
2193 4757 2405 4812 dixerat
2432 4756 2571 4823 illis,
2615 4754 2779 4821 Quem
2806 4756 3071 4825 (παίει-ἰήιε)
3116 4755 3345 4826 illosque
3396 4770 3489 4810 re-

1877 4860 2112 4906 trorsum
2141 4859 2503 4920 prostraverat
2531 4865 2684 4904 :cum
2708 4850 3105 4917 surrexissent,
3138 4848 3334 4905 iterum
3356 4846 3488 4902 dicit

1876 4944 1983 4999 illis
2006 4986 2021 5011 ,
2053 4942 2216 5009 Quem
2249 4943 2475 5013 quaeritis
2496 4941 2523 4994 .9
2577 4940 2926 5011 Respondent
2950 4940 3056 5004 illi,
3105 4938 3307 4995 Iesum.
3347 4939 3487 4994 Tum

1877 5036 1969 5090 ille
1998 5054 2012 5089 :
2042 5033 2165 5089 Dixi
2186 5034 2325 5088 vobis
2344 5076 2358 5099 ,
2386 5037 2506 5102 quia
2527 5049 2621 5105 ego
2650 5049 2761 5087 sum
2786 5031 2969 5103 (Joan.
2996 5030 3085 5088 l8.
3117 5032 3209 5104 6);
3234 5048 3297 5088 ac
3327 5031 3373 5087 si
3401 5032 3487 5086 di-

1874 5132 2021 5185 ceret
2054 5144 2067 5180 :
2116 5125 2317 5181 Discite
2348 5142 2435 5180 me
2484 5142 2606 5181 eum
2643 5126 2818 5195 ipsum
2850 5139 2971 5181 esse
2993 5165 3007 5189 ,
3037 5125 3129 5196 qui
3172 5134 3331 5180 antea
3378 5123 3489 5179 dixi

1876 5216 2058 5281 vobis,
2100 5215 2263 5281 Quem
2294 5216 2563 5283 quarrilis?
2606 5230 2810 5286 vosque
2838 5215 3127 5287 prostravi.
3171 5214 3371 5270 Verum
3404 5216 3491 5267 ni-

1878 5307 1951 5360 hil
1984 5307 2087 5362 hoc
2138 5307 2372 5377 profuit,
2424 5307 2519 5363 sed
2577 5307 2630 5362 in
2676 5308 2920 5363 excitate
2967 5315 3299 5362 manserunt.
3360 5304 3491 5359 Hmc

1875 5402 2055 5455 omnia
2106 5402 2265 5475 simul
2315 5410 2367 5456 et
2407 5411 2659 5456 accurate
2709 5401 3026 5465 conferens,
3069 5398 3217 5453 disce
3262 5395 3486 5452 Paulum

1877 5508 1983 5545 nun
2023 5508 2088 5546 ex
2144 5495 2465 5548 neccrsitate
2506 5494 2835 5559 accessisse,
2881 5492 2979 5547 sed
3009 5508 3073 5547 ex
3119 5491 3263 5546 bono
3303 5491 3487 5546 animo

1875 5586 2197 5655 sinceraque
2222 5587 2579 5642 conscientia.

1948 5676 2001 5731 6.
2056 5677 2171 5730 Atio
2220 5682 2450 5748 exempto
2500 5676 2742 5747 probatur
2773 5676 2997 5733 Paulum
3040 5678 3192 5731 libere
3218 5676 3287 5728 ad
3332 5674 3488 5742 [idem

1873 5770 2163 5821 accessisse.
2197 5767 2333 5822 Deus
2366 5786 2465 5822 non
2494 5771 2591 5822 vim
2620 5770 2773 5839 infert
2812 5771 3113 5831 nolentibus,
3153 5765 3241 5820 sed
3269 5768 3488 5821 rotantes

1874 5860 2049 5914 trahit.
2082 5891 2147 5901 -—-
2178 5860 2329 5930 Quod
2360 5862 2405 5917 si
2452 5862 2502 5917 id
2553 5861 2733 5917 feratis
2784 5866 3153 5935 patienterqne
3202 5863 3442 5918 tuleretis
3466 5904 3482 5932 ,
