4212 6290
772 369 896 427 ³143

782 480 929 537 aliud
975 482 1132 557 longe
1173 490 1524 558 opportunius
1570 493 1765 561 dicam,
1808 512 1919 569 quo
1968 500 2380 563 ineiuctabiliter

780 572 1188 635 demonstratur
1205 580 1424 638 Paulum
1453 599 1557 641 non
1578 592 1986 650 erineccssitate
2004 595 2070 651 ad
2093 596 2376 655 Dominum

780 665 1100 761 accessisse.
1144 667 1304 761 Yenit
1346 681 1529 741 postea
1571 675 1767 735 Paulus
1796 680 2134 741 'Salaminem
2174 687 2335 761 Cypri
2360 729 2375 755 ,

788 751 969 824 ibique
1012 755 1213 814 invenit
1259 775 1471 833 magum
1514 768 1799 837 quemdam
1863 772 1968 829 sibi
2024 751 2375 834 obsistentein

785 847 930 941 apud
972 852 1345 921 proconsulem
1396 856 1663 929 Sergium.
1714 862 1911 919 Paulus
1968 884 2097 924 vero
2142 875 2377 941 repletus

784 937 985 1011 Spiritu
1008 950 1194 997 saneto
1221 945 1365 1002 dixit
1403 948 1476 1005 illi
1511 951 1600 1007 τεο
1628 953 1776 1025 plene
1801 958 1942 1012 omni
1980 959 2126 1028 dolo,
2150 937 2218 1017 ιε’
2239 967 2382 1021 omni

787 1033 1021 1098 versutis,
1048 1033 1129 1103 ﬁli
1146 1034 1358 1107 diaboli,
1381 1057 1484 1096 non
1519 1043 1716 1101 desines
1735 1058 2015 1119 per-vertere
2036 1053 2143 1109 uias
2168 1052 2379 1111 Domini

756 1130 947 1178 rectas
978 1122 1115 1191 (Act.
1147 1127 1236 1197 13.
1270 1129 1357 1201 l0)
1381 1130 1407 1186 l
1433 1131 1559 1190 Haec
1596 1142 1995 1210 persequutoris
2024 1143 2185 1199 verba
2229 1156 2375 1205 sunt.

788 1211 1036 1304 Gloriam_
1052 1215 1280 1277 Domino
1302 1223 1617 1293 referamus,
1639 1230 1729 1301 qui
1760 1232 1928 1304 ipsum
1949 1238 2231 1293 convenit.
2259 1242 2375 1296 An-

791 1310 869 1359 tee
906 1297 1234 1377 audiebatis,
1281 1314 1423 1384 quod
1465 1297 1795 1377 devastaret-
1818 1323 2150 1397 Ecclesium,
2181 1328 2234 1385 in
2278 1330 2378 1387 do-

776 1409 908 1495 mos
934 1398 1257 1469 ingrediens,
1288 1400 1611 1480 trahensque
1632 1413 1778 1470 viros
1798 1430 1863 1471 ac
1888 1419 2139 1478 mulieres
2162 1422 2378 1495 abripe-

783 1497 866 1544 ret
890 1488 947 1585 in
974 1505 1268 1585 carcerem.
1302 1495 1488 1554 Videte
1512 1512 1707 1571 quanta
1738 1508 1861 1563 cum
1891 1507 2079 1566 fiducia
2107 1528 2248 1569 nunc
2278 1488 2375 1585 pro

782 1578 1164 1675 pradieatione
1207 1582 1495 1657 loquatur:
1524 1589 1646 1648 Non
1691 1594 1908 1665 desines,
1941 1600 2137 1671 inquit,
2168 1578 2373 1675 perua-

784 1677 889 1724 tcre
913 1671 1020 1727 uias
1044 1670 1259 1730 Domini
1282 1688 1445 1734 rectas
1465 1682 1491 1736 7
1537 1682 1603 1738 Et
1641 1701 1775 1742 nunc
1811 1705 1923 1743 ecce
1960 1670 2139 1749 manus
2164 1670 2374 1752 homini

780 1772 935 1857 super
957 1769 1006 1817 te
1030 1779 1050 1819 :
1077 1773 1125 1819 et
1147 1766 1247 1821 eris
1271 1780 1455 1839 circus,
1480 1781 1528 1827 et
1556 1791 1656 1830 non
1684 1778 1857 1835 uidens
1881 1797 2037 1851 usque
2062 1784 2135 1838 ad.
2153 1795 2369 1857 tempus.

781 1848 926 1945 idem
953 1854 1246 1913 remedium
1275 1875 1431 1931 mago
1466 1862 1752 1934 imposuit,
1776 1871 1916 1940 quod
1941 1848 2040 1928 sibi
2072 1874 2171 1945 ipsi
2201 1848 2371 1933 visum

780 1942 1129 2012 restituerat;
1161 1950 1257 2004 sed
1301 1950 1394 2008 ille
1439 1957 1633 2011 mansit
1680 1958 1731 2013 in
1780 1962 2021 2020 excitate
2052 1982 2065 2019 :
2093 1942 2158 2021 ut
2199 1966 2373 2026 discas

780 2035 889 2088 non
915 2037 1249 2094 vocationem
1289 2042 1451 2098 modo
1478 2044 1702 2103 Paulum
1747 2051 2055 2120 adduxisse,
2087 2057 2181 2113 sed
2210 2059 2370 2116 etiam

780 2120 899 2194 ejus
946 2129 1275 2197 propositum
1325 2134 1633 2193 voluntatis.
1678 2139 1813 2197 Nam
1858 2143 1901 2198 si
1928 2146 2141 2202 czecitas
2176 2151 2287 2206 sola
2319 2152 2371 2208 id

776 2212 1067 2284 ell'ccisset,
1091 2219 1143 2272 in
1162 2234 1317 2293 mago
1336 2224 1498 2281 etiam
1520 2225 1749 2301 iiiipsum
1772 2233 1990 2290 evenire
2010 2240 2367 2307 oportuisset:

778 2303 873 2359 sed
902 2321 1008 2362 non
1034 2309 1104 2364 ita
1130 2308 1327 2368 factum
1355 2326 1459 2372 est.
1493 2316 1690 2375 Verum
1714 2322 1802 2377 ille
1830 2303 2369 2396 quidem'excaecatus

768 2401 1201 2492 est,_proconsul
1241 2414 1419 2461 autem
1463 2407 1651 2466 videns
1677 2410 1753 2481 id,
1798 2416 1939 2486 quod
1971 2415 2167 2475 factum
2211 2431 2364 2492 erat,

775 2485 1021 2545 credidit.
1053 2491 1203 2548 Alius
1232 2496 1526 2554 remedium
1564 2502 1791 2574 accepit,
1816 2485 1876 2562 et
1907 2506 2046 2564 alius
2067 2510 2240 2567 visum
2283 2485 2368 2570 re;

766 2579 1066 2668 cuperavlt.
1099 2580 1285 2640 Videte
1328 2597 1584 2657 quantum
1627 2591 1828 2649 bonum
1866 2596 1935 2651 sit
1978 2598 2176 2668 probus
2203 2601 2366 2659 animi

770 2666 1027 2738 aﬂcctus;
1049 2681 1304 2743 quantum
1330 2692 1458 2734 vero
1472 2681 1671 2737 malum
1694 2666 2097 2758 inobsequeiitia
2116 2700 2170 2746 et
2189 2694 2375 2749 cordis

768 2758 1020 2817 durities.
1066 2762 1377 2823 Excaecatus
1405 2780 1489 2826 est
1515 2786 1700 2845 magus
1732 2792 1745 2829 :
1772 2785 1828 2831 et
1854 2776 1943 2833 ille
1969 2780 2100 2835 nihil
2130 2782 2367 2841 lucratus

773 2859 879 2919 est,
910 2852 1051 2923 quod
1082 2854 1442 2929 inobsequens
1486 2860 1686 2933 fuerit;
1730 2871 2015 2937 proconsul
2058 2888 2186 2929 vero
2214 2874 2366 2930 Chri-

775 2944 915 3034 st‘um
959 2948 1230 3016 cognovit.
1259 2949 1411 3017 Quod
1454 2952 1616 3023 igitur
1644 2967 1837 3033 sponte
1882 2968 1937 3016 et
1980 2977 2047 3017 ex
2090 2966 2365 3034 proposito

772 3032 1064 3091 voluntatis
1096 3042 1384 3120 accesserit
1410 3042 1627 3112 Paulus,
1660 3046 1710 3101 id
1738 3038 1866 3105 satis
1886 3051 1995 3120 jam
2024 3032 2362 3111 demonstra-

771 3131 884 3178 tum
914 3134 1015 3182 est.
1049 3125 1255 3185 ldvero
1287 3119 1397 3200 jam
1424 3135 1565 3199 volo,
1594 3150 1688 3193 vos
1712 3137 1763 3193 id
1794 3119 1958 3210 probe
1982 3156 2161 3209 nosse,
2195 3144 2360 3200 Deum

763 3231 969 3289 nempe
993 3235 1099 3276 non
1130 3222 1237 3277 vim
1265 3224 1462 3282 inferre
1491 3228 1951 3298 nolentibus,-sed
1980 3235 2223 3291 volentes
2253 3246 2363 3292 tra-

773 3306 924 3363 liere.
971 3307 1097 3365 Ideo
1150 3326 1380 3383 namque
1422 3314 1592 3397 dicit:
1626 3318 1793 3376 Nemo
1842 3324 1973 3377 venit
2015 3325 2085 3379 ad
2126 3342 2233 3393 me,
2266 3329 2365 3383 nisi

772 3398 933 3457 Pater
951 3420 1090 3460 meus
1105 3409 1314 3463 traxerit
1337 3425 1451 3463 eum
1476 3409 1652 3483 (Joan.
1680 3411 1735 3469 ϐ.
1760 3411 1869 3485 μ).
1900 3414 2002 3483 Qui
2030 3431 2158 3473 vero
2179 3418 2359 3485 trabit,

773 3486 1042 3552 volentem
1070 3498 1250 3567 trahit,
1275 3500 1534 3575 humique
1549 3504 1815 3574 iacentem
1860 3522 1923 3562 ac
1946 3523 2161 3564 manum
2187 3513 2363 3581 porri-

768 3594 1006 3653 gentem.
1039 3589 1104 3644 Et
1130 3598 1187 3646 ut
1222 3590 1440 3668 discatis
1481 3595 1653 3664 ipsum
1681 3598 1881 3653 nemini
1909 3599 2016 3654 vim
2048 3598 2211 3667 ferre,
2239 3609 2289 3657 ct
2317 3604 2361 3657 si

770 3678 890 3748 ipso
918 3680 1134 3738 volente
1173 3696 1271 3737 nos
1315 3684 1570 3752 nolimus,
1598 3701 1718 3757 qua:
1745 3688 1814 3744 ad
1857 3689 2084 3746 salutem
2124 3701 2359 3748 nostram

770 3778 1015 3837 spectant
1042 3786 1255 3841 pessum
1282 3775 1399 3842 ire;
1427 3790 1537 3831 non
1566 3776 1708 3846 quod
1732 3781 1851 3848 ejus
1879 3781 2125 3836 voluntas
2150 3782 2361 3838 inlirma

772 3859 863 3925 sit,
892 3861 987 3918 sed
1017 3862 1162 3933 quod
1188 3866 1387 3922 nemini
1412 3868 1540 3923 velit
1566 3872 1944 3949 necessitatem
1960 3871 2163 3928 inferre
2186 3892 2200 3927 :
2221 3874 2362 3930 hanc

773 3966 887 4006 rem
910 3950 1207 4023 disquirere
1244 3971 1467 4014 necesse
1512 3967 1614 4026 est,
1645 3962 1895 4031 quoniam
1938 3963 2089 4018 multi
2136 3978 2277 4035 stupe
2308 3965 2361 4020 in

774 4041 1019 4112 segnitiei
1043 4054 1153 4098 sua:
1179 4043 1457 4102 obtentum
1485 4046 1583 4104 bac
1610 4048 1747 4104 futili
1776 4058 1998 4107 utuntur
2017 4051 2359 4107 defensione:

774 4145 1025 4205 smpeqne
1053 4136 1240 4191 moniti
1276 4146 1333 4191 ut
1359 4138 1801 4212 illuminationem
1831 4157 1928 4197 seu
1957 4144 2216 4213 baptisma
2241 4159 2362 4199 sus-

773 4224 991 4294 cipiunt,
1024 4227 1146 4283 vita
1174 4230 1472 4286 institutum
1520 4232 1572 4287 in
1607 4233 1801 4287 melius
1838 4242 2186 4303 commutent,
2231 4234 2366 4289 alia-

1500 380 1557 437 S.
1595 380 2383 450 JOANNIS‘CHR‘YSOSTOMI
2422 394 2743 456 ARCllIEP.
2786 398 3322 465 CONSTANTINOP.

3975 411 4091 469 τα

2488 519 2660 568 tantes
2675 525 2729 570 et
2755 516 3078 589 refugientes
3102 521 3171 576 ita
3196 522 3527 594 respondent
3554 542 3567 580 :
3590 524 3647 582 Si
3672 524 3815 583 Deus
3833 526 4085 591 voluerit.

2485 604 2827 677 persuadebit
2867 613 3003 670 mibi
3037 622 3103 670 et
3140 625 3443 673 convertar.
3487 617 3632 677 Sane
3674 635 3781 677 non
3827 621 4089 677 uimine!

2486 698 2627 766 illos,
2677 701 2773 756 sed
2817 701 3107 760 admodum
3156 707 3419 778 approbo,
3451 710 3594 780 quod
3643 711 3711 767 ad
3754 710 4087 769 voluntatem

2486 790 2583 847 Dei.
2608 792 2946 865 confugiant;
2980 798 3075 853 sed
3103 799 3225 855 volo
3250 810 3306 856 ut
3326 816 3411 869 ea,
3433 817 3558 873 qum
3579 818 3747 873 penes
3770 805 3917 876 ipsos
3937 814 4090 873 sunt,

2484 884 2731 954 aderant,
2758 896 2817 944 et
2857 889 2935 945 sic
2961 890 3162 959 dicant,
3192 893 3249 950 Si
3298 895 3439 951 Deus
3483 895 3735 954 voluerit.
3766 896 3902 954 Nam
3942 896 3994 954 si
4023 907 4093 953 =te

2484 993 2675 1035 somno
2715 994 2781 1037 se
2806 982 3053 1054 segnitici
3100 985 3328 1054 dedens,
3376 1003 3483 1044 non
3511 990 3725 1062 coneris
3750 990 3891 1047 bona
3922 988 4094 1045 edere

2484 1084 2669 1142 Opera,
2713 1073 2809 1129 sed
2857 1074 2951 1132 Dei
2996 1084 3201 1134 tantum
3249 1079 3574 1136 voluntatem
3617 1081 3905 1152 abieceris,
3941 1081 4091 1137 inibii

2483 1177 2692 1232 eorum,
2719 1161 2914 1238 quibus
2936 1182 3073 1239 opus
3096 1169 3283 1239 babes,
3300 1171 3617 1242 adipisceris
3632 1188 3905 1245 umquam.
3922 1173 4090 1240 Nam,

2482 1262 2542 1310 ut
2566 1253 2836 1325 dicebam,
2866 1260 3190 1317 necessitate
3214 1276 3279 1317 ac
3304 1262 3355 1316 vi
3386 1262 3656 1320 neminem
3684 1280 3940 1333 umquam
3967 1262 4090 1323 οάἱιι

2481 1347 2560 1418 git
2584 1346 2727 1404 Deus
2754 1366 2769 1402 :
2796 1349 2890 1406 sed
2918 1354 3031 1406 vult
3054 1351 3270 1421 quidem
3297 1368 3487 1410 omnes
3512 1353 3690 1410 salvos
3720 1355 3858 1421 ﬁeri,
3883 1354 4092 1413 nemini

2482 1452 2614 1495 vero
2641 1442 3019 1498 necessitatem
3044 1443 3269 1512 inducit,
3296 1443 3747 1514 quemadmodum
3787 1455 3845 1503 et
3884 1446 4094 1503 Paulus

2481 1526 2612 1584 dicit
2644 1546 2659 1584 :
2691 1528 2793 1598 Qui
2815 1531 2920 1586 vult
2944 1533 3377 1589 omneslmmines
3399 1533 3567 1589 uisos
3594 1535 3725 1604 ﬁeri,
3755 1536 3901 1591 et'ed
3930 1538 4092 1608 agni-

2483 1619 2670 1675 tionem
2704 1622 2929 1685 veritatis
2952 1625 3121 1679 venire
3148 1625 3227 1693 (ι.
3257 1623 3393 1680 Tim.
3421 1624 3475 1680 3.
3505 1625 3585 1697 ι).
3613 1625 3896 1694 Quomodo
3922 1628 4091 1700 igitur

2477 1725 2594 1766 non
2613 1726 2811 1769 omnes.
2842 1713 2973 1769 salvi
3021 1713 3187 1778 ﬂant,
3218 1716 3265 1770 si
3303 1717 3419 1771 vult
3455 1732 3645 1773 omnes
3690 1718 3869 1775 salvos
3914 1720 4085 1776 fieri?

2478 1803 2617 1869 Quia
2645 1819 2751 1860 non
2777 1807 3015 1863 omnium
3038 1807 3285 1863 voluntas
3314 1809 3442 1879 ejus
3464 1810 3793 1866 voluntatem
3818 1812 4085 1883 sequitur;

2481 1896 2575 1953 ille
2597 1911 2732 1953 vero
2755 1898 2956 1954 nemini
2999 1898 3108 1955 vim
3152 1898 3333 1957 infert.
3380 1887 3470 1957 Sic
3492 1910 3548 1957 et
3572 1901 3639 1956 sd
3665 1900 3967 1958 Jerusalem
3997 1902 4087 1960 dio

2479 1987 2553 2042 cit
2593 2005 2609 2043 :
2650 1985 2960 2055 Jerusalem,
3001 1988 3291 2045 Jmsalem
3314 2032 3327 2056 ,
3359 1990 3554 2062 quoties
3596 1988 3735 2046 volui
3770 2007 4091 2063 congregare

2481 2079 2620 2148 ﬁlios
2654 2089 2787 2146 tuos,
2830 2089 2883 2135 et
2928 2081 3164 2137 noluistis
3208 2080 3360 2151 (Luc.
3392 2082 3481 2138 13.
3529 2081 3620 2153 δι)
3640 2082 3667 2137 l
3693 2081 3837 2151 Quid
3876 2082 4089 2153 igitur?

2482 2166 2617 2223 Ecce
2657 2169 2967 2241 relinquetur
3009 2172 3192 2227 donnts
3234 2181 3397 2226 vestra
3443 2172 3641 2227 deserta
3681 2171 3805 2243 (Ῑύ.
3850 2189 3901 2229 ν.
3944 2173 4085 2244 35).

2478 2258 2667 2315 Videu‘
2692 2260 2835 2331 quod
2877 2261 2983 2318 etsi
3010 2262 3151 2317 Deus
3188 2262 3319 2319 velit
3357 2277 3455 2318 nos
3499 2262 3683 2319 salvos
3733 2261 3913 2320 haece
3935 2304 3952 2332 ,
3982 2277 4089 2319 nos

2474 2358 2651 2405 autem
2717 2350 2978 2409 accedere
3030 2354 3295 2421 nolimus,
3342 2354 3397 2409 in
3452 2355 3668 2410 interitu
3721 2358 4087 2412 maneamus!

2474 2439 2591 2497 Non
2610 2442 2754 2497 enim
2783 2442 3027 2511 invitum,
3049 2450 3157 2501 nun
3177 2446 3472 2510 nolentem,
3497 2454 3558 2501 ut
3578 2460 3722 2517 sape
3748 2456 3959 2517 repeto.
3984 2446 4083 2503 sed

2462 2531 2729 2590 libentem
2758 2541 2813 2589 et
2840 2534 3108 2591 volentem
3130 2534 3401 2592 hominem
3421 2544 3477 2590 ut
3504 2530 3896 2600 salvumjnﬁat
3935 2536 4085 2593 Deus

2475 2633 2693 2695 paratus
2721 2634 2822 2682 est.
2840 2626 3108 2684 ﬂamines
3132 2627 3347 2699 quidem
3392 2627 3608 2685 famulis
3643 2628 3949 2685 volentibus
3978 2644 4084 2684 ne-

2475 2715 2715 2771 lentibus.
2733 2715 2999 2771 dominari
3029 2725 3085 2772 et
3126 2718 3392 2787 munerare
3417 2718 3633 2785 volunt,
3662 2732 3772 2773 non
3797 2716 3865 2774 ad
3894 2732 4085 2774 servo-

2472 2822 2593 2862 rum
2624 2808 2927 2873 utilitatem,
2959 2809 3053 2864 sed
3082 2809 3149 2865 ad
3175 2824 3328 2865 suam
3360 2810 3712 2880 respicientes
3743 2809 3924 2865 :Deus
3950 2825 4085 2866 vero

2468 2898 2564 2969 qui
2606 2901 2819 2954 nemine
2867 2900 3088 2971 indiget,
3118 2915 3240 2956 eum
3288 2901 3383 2956 tibi
3431 2902 3807 2959 demonstrare
3846 2902 3980 2958 velit
4021 2917 4085 2958 se

2470 2990 2615 3046 nulla
2659 3006 2847 3047 rerum
2886 3002 3190 3048 nostrarum
3237 2991 3597 3063 indigentem,
3628 2995 3946 3051 servitutem
3977 3010 4083 3050 no-

2471 3090 2637 3136 stram
2688 3083 3117 3152 expetere,‘scd
3151 3082 3217 3137 ad
3268 3084 3549 3140 utilitatem
3602 3084 3778 3141 solum
3834 3093 4083 3143 nostram

2470 3174 2739 3242 reSpicere
2764 3191 2780 3239 ;
2811 3189 2874 3230 ac
2903 3189 3009 3229 non
3042 3175 3110 3229 ad
3136 3189 3292 3229 nsum
3319 3189 3496 3241 suum,
3526 3174 3622 3230 sed
3648 3174 3716 3230 ad
3741 3176 4087 3233 emolumen-

2468 3272 2585 3319 tum
2615 3274 2855 3319 uostrum
2883 3279 2943 3320 se
2970 3266 3152 3320 omnia
3179 3264 3355 3323 facere
3384 3284 3397 3320 :
3428 3265 3531 3321 nisi
3570 3275 3765 3337 sponte
3793 3281 3859 3321 ac
3885 3267 4084 3323 volen-

2474 3362 2556 3409 tes
2583 3356 2912 3429 gratiamque
2955 3356 3230 3411 servitutis
3258 3357 3356 3426 ipsi
3387 3356 3671 3413 reddentes
3710 3356 4081 3433 accedamus,

2472 3447 2671 3503 invitos
2694 3462 2757 3502 ac
2782 3448 3087 3505 resilientes
3129 3463 3419 3520 numquam
3457 3450 3600 3521 cogit
3624 3465 3731 3505 nec
3768 3450 3818 3504 vi
3865 3448 4079 3522 adigit;

2472 3547 2533 3593 ut
2554 3536 2831 3603 ostendat,
2859 3552 2973 3594 non
2998 3553 3058 3595 se
3081 3541 3239 3596 nobis
3263 3540 3487 3611 gratiam
3527 3540 3821 3608 servitutis,
3852 3541 3951 3597 sed
3978 3556 4084 3598 nos

2473 3630 2574 3698 ipsi
2600 3630 2824 3702 gratiam
2855 3630 3133 3687 habituros
3158 3645 3280 3686 esse
3310 3631 3553 3687 dominii.
3590 3631 3719 3686 llaec
3744 3631 3925 3704 itaque
3952 3648 4082 3688 eum

2472 3720 2727 3787 sciamus,
2771 3721 2983 3776 Domini
3011 3721 3351 3777 clementiam
3393 3720 3821 3788 considerantes,
3851 3720 4079 3793 dignum

2471 3810 2589 3881 ejus
2616 3810 2967 3881 benignitate,
2997 3823 3255 3883 quantum
3286 3810 3511 3867 facultas
3552 3812 3676 3878 erit,
3706 3812 4082 3869 vitainstlte-

2474 3912 2585 3956 tum
2614 3901 2983 3969 exhibeam,
3015 3910 3074 3957 ut
3122 3910 3177 3958 et
3223 3917 3448 3973 regnum
3489 3901 3747 3958 ctelorum
3772 3917 4080 3975 consequa-

2474 4010 2593 4049 mur
2621 4011 2634 4048 :
2660 4008 2774 4065 quo
2819 4009 2921 4049 nos
2959 4002 3237 4050 consortes
3288 3994 3402 4050 fieri
3448 3995 3755 4066 cmtingat.
3801 3996 3983 4066 gratio
4021 4004 4085 4052 et

2474 4082 2804 4139 humanitate
2849 4083 3060 4138 Domini
3092 4084 3261 4138 nostri
3284 4082 3411 4138 Jesu
3455 4083 3679 4151 Christi,
3706 4085 3793 4139 cui
3821 4085 4003 4156 gloria
4024 4094 4083 4142 et

2476 4175 2779 4245 imperium,
2814 4191 2918 4230 una
2944 4190 3065 4231 cum
3111 4176 3269 4231 Patre
3293 4184 3349 4230 et
3386 4184 3572 4230 saneto
3596 4176 3823 4245 Spiritu,
3851 4192 3999 4233 nunc
4026 4188 4085 4233 et

2475 4274 2707 4333 semper,
2734 4274 2796 4321 et
2826 4265 2877 4320 in
2904 4266 3095 4320 smeula
3128 4267 3466 4320 saeculorum.
3496 4266 3687 4319 Amen.

772 4330 878 4383 quo
903 4316 1095 4374 similia
1124 4318 1262 4375 bona
1305 4336 1468 4391 opera
1512 4333 1888 4392 exsequantur,
1924 4333 2053 4380 tunc
2093 4326 2165 4379 illi
2198 4326 2363 4396 pigri-
2472 4342 2475 4345 '

2241 4416 2703 4427 ————.—_—_

2004 4462 2829 4545 REPREHENSIO

778 4608 1021 4665 EOBUM,
1054 4609 1163 4664 QUI
1206 4611 1501 4655 ABEBANT
1542 4612 1623 4655 ΔΒ
1668 4613 1988 4669 ECCLESIA,
2035 4615 2115 4656 ΕΤ
2159 4614 2563 4658 COHORTATIO
2608 4612 2699 4658 ΔΠ
2736 4615 3134 4671 PBESENTES,
3206 4616 3290 4663 UT
3334 4616 3552 4659 ουιιΛΜ
3596 4617 3855 4662 θειυωι·
3906 4619 4085 4671 πειρ-

856 4707 1037 4752 τιιωι
1084 4711 1100 4750 ε
1148 4710 1230 4753 ΕΤ
1273 4711 1338 4753 IN
1383 4709 1756 4756 PROOEMIUM
1801 4711 2118 4757 EPISTOLE
2148 4715 2233 4757 ΔΙ)
2262 4714 2372 4757 (201

2478 4715 2667 4771 rmos,
2702 4716 2945 4759 PAULUS
2987 4714 3273 4760 vocnus
3320 4698 3413 4779 (ι.
3459 4698 3604 4760 Cor.
3652 4718 3695 4759 ι.
3728 4718 3749 4759 ι
3778 4698 3827 4781 ),
3866 4720 3950 4763 εει·
4000 4721 4087 4764 ne

857 4810 1277 4855 "UMILITATE.

852 4965 902 5019 l.
949 4963 1027 5019 De
1072 4966 1327 5035 paucitate
1359 4966 1648 5022 auditorum
1688 4969 1945 5040 loquitur;
1974 4989 2119 5027 amor
2162 4974 2371 5044 prapn'a

781 5058 901 5128 facit
942 5072 1055 5129 qua!
1088 5060 1397 5114 communia.
1449 5059 1801 5115 Tabernacula
1848 5072 2167 5135 peccatorum
2194 5066 2372 5121 domus

783 5150 1008 5217 privatio.
1038 5181 1108 5192 —
1132 5148 1265 5206 Cum
1293 5151 1358 5206 ad
1391 5161 1627 5208 vestram
1660 5156 1978 5225 paucitatem
2009 5157 2195 5213 oculos
2226 5172 2374 5214 meos

782 5253 1059 5307 converto,
1112 5252 1166 5297 et
1209 5244 1447 5302 collectis
1497 5246 1551 5299 in
1604 5247 1827 5318 singulis
1863 5262 2081 5319 gregem
2135 5261 2371 5305 nosu-um

784 5332 1045 5388 minorem
1074 5331 1187 5388 fieri
1219 5350 1403 5401 cerno,
1454 5352 1660 5393 mmreo
1692 5339 1852 5395 simul
1879 5349 1931 5395 et
1959 5340 2165 5410 gaudeo
2198 5360 2210 5395 :
2243 5358 2371 5413 gau-

788 5426 885 5480 deo
917 5426 1127 5497 quidem
1174 5438 1390 5499 prapter
1418 5444 1512 5486 vos
1533 5473 1546 5498 ,
1577 5430 1669 5500 qui
1716 5430 1916 5487 adestis
1950 5450 1963 5487 :
2002 5449 2202 5490 mmreo
2252 5452 2375 5490 vero

789 5531 1003 5591 propter
1034 5520 1172 5585 illos,
1203 5522 1294 5592 qui
1336 5522 1549 5579 absunt.
1596 5523 1727 5581 Nam
1759 5540 1854 5581 vos
1891 5526 2104 5597 quidem
2133 5527 2378 5583 laudibus

787 5610 933 5683 digni
966 5612 1117 5679 estis,
1149 5613 1289 5682 quod
1318 5629 1419 5671 nec
1447 5613 1557 5684 ipsa
1584 5614 1821 5686 paucitas
1848 5618 2260 5688 negiigentiores
2284 5635 2378 5675 vos

789 5701 1120 5757 reddiderit:
1153 5702 1225 5758 illi
1274 5718 1399 5759 vero
1436 5704 1745 5761 criminibus
1788 5717 1912 5761 sunt
1950 5707 2200 5775 obnoxii,
2245 5726 2380 5781 quos

792 5810 961 5866 neque
982 5796 1213 5852 studium
1242 5806 1472 5853 vestrum
1502 5797 1566 5852 ad
1590 5798 1845 5870 majorem
1872 5799 2033 5856 animi
2063 5804 2379 5874 promptitu-

2344 4878 2499 4933 sine

2482 4973 2661 5028 dinem
2712 4971 2977 5028 excitarit.
3010 4970 3296 5041 Propterea
3342 4971 3527 5028 beatos
3571 4987 3669 5029 vos
3716 4974 3991 5044 pra‘dico,
4033 4986 4088 5034 et

2482 5065 2820 5121 armulatione
2862 5064 3053 5137 dignos
3078 5079 3312 5131 censeo,
3342 5065 3483 5137 quod
3514 5065 3644 5120 nihil
3688 5065 4087 5129 vobisillorusn

2483 5157 2728 5213 nocuerit
2774 5157 3095 5228 negligentia
3128 5173 3141 5212 :
3175 5157 3403 5213 miseros
3448 5165 3627 5213 autem
3659 5157 3787 5215 illos
3808 5159 4088 5231 praedico,

2481 5257 2535 5305 et
2564 5248 2639 5302 lac
2649 5248 2814 5319 rymis
2833 5262 3148 5319 prosequor,
3171 5247 3309 5318 quod
3328 5247 3457 5303 nihil
3485 5262 3580 5305 eos
3594 5248 3826 5307 studium
3844 5259 4085 5306 vestrum

2482 5341 2718 5411 putuei-it
2761 5340 3033 5409 adjuvare.
3079 5338 3197 5395 Non
3245 5338 3388 5395 enim
3439 5340 3753 5411 pmplietam
3799 5340 4089 5397 audierunt

2483 5433 2749 5489 dicentem
2786 5450 2799 5487 :
2832 5431 2984 5504 Elegi
3027 5432 3250 5503 abjectus
3293 5449 3399 5488 esse
3443 5433 3497 5488 in
3544 5432 3697 5489 domo
3743 5432 3839 5490 Dei
3882 5436 4087 5505 magis,

2483 5543 2636 5597 quam
2681 5523 2909 5579 habitare
2936 5526 2989 5577 in
3044 5524 3379 5582 tabernaculis
3423 5521 3947 5596 peccatoruthul.
3996 5525 4085 5583 85.

2488 5620 2597 5687 ll}.
2630 5616 2746 5673 Non
2772 5616 2925 5679 dixit,
2948 5616 3090 5687 [1ρεί
3117 5615 3365 5674 habitare
3381 5616 3435 5672 in
3454 5616 3617 5679 domo
3641 5616 3733 5672 Dei
3760 5616 3887 5684 mei,
3911 5630 4090 5686 neque

2489 5711 2710 5778 versari,
2740 5726 2913 5781 neque
2940 5710 3144 5780 ingredi
3178 5727 3190 5765 :
3220 5709 3337 5774 sed,
3366 5707 3517 5779 Elegi
3537 5709 3761 5780 abiectus
3788 5725 3914 5764 esse.
3940 5709 4090 5765 Licet

2496 5804 2632 5857 inter
2664 5801 2878 5857 ultimos
2910 5817 3180 5869 numercr,
3215 5800 3337 5855 Ι)οηί
3369 5800 3612 5871 consulo,
3644 5800 3743 5856 hac
3774 5816 3831 5858 re
3863 5813 4089 5858 conten-
