4212 6290
785 357 894 414 με

780 476 964 548 θύρων
994 469 1249 543 ἐπιϐῆναι
1295 465 1638 548 καταξιωθῶ,
1680 464 1853 536 φησί·
1898 462 2167 548 μεγίστην
2197 456 2361 548 ἡγοῦ-

782 544 883 631 μαι
906 554 1137 626 δωρεὰν,
1180 552 1280 605 κάν
1307 546 1377 620 με
1410 549 1521 602 τῶν
1560 548 1891 602 τελευταίων
1926 544 2251 631 ἀριθμήσειέ
2277 558 2363 631 τις

777 625 840 694 έν
868 638 947 710 τῷ
976 625 1111 706 οἴκῳ
1158 632 1253 689 τοῦ
1304 631 1440 685 Θεοῦ
1485 648 1609 702 μου.
1642 631 1748 685 Τὸν
1799 631 1975 683 κοινὸν
2028 625 2365 710 Δεσπότηνό

778 706 948 785 πόθος
967 720 1099 775 τδιον
1127 719 1365 771 ποιεῖται
1392 734 1404 747 ·
1434 716 1677 770 τοιοῦτον
1699 714 1807 785 γάρ
1836 716 1869 784 ἡ
1901 713 2112 781 ἀγάπη.
2158 712 2260 765 Ἐν
2284 706 2364 773 τῷ

777 805 925 871 οἵιφ
958 802 1065 857 τοῦ
1097 800 1247 855 Θεοῦ
1290 816 1431 869 μου.
1469 798 1528 852 ’0
1559 796 1729 868 φιλῶν
1766 798 1888 867 οὑχί
1928 796 2017 849 τὸν
2044 792 2367 863 φιλούμενον

781 884 947 957 μόνον
989 882 1253 954 έπιθυμεῖ
1293 882 1446 945 ἰδεῖν,
1497 880 1634 935 ἀλλά
1682 879 1775 933 καὶ
1822 879 1914 931 τὸν
1967 872 2115 931 οἷκον
2151 873 2365 929 ἐκείνου

780 970 963 1039 μόνον,
992 967 1130 1023 ἀλλά
1177 967 1273 1021 καὶ
1302 966 1396 1020 τὸν
1424 965 1671 1019 πυλῶνα·
1702 963 1824 1031 οὑχί
1872 962 1963 1014 τὸν
2002 959 2227 1012 πυλῶνα
2262 958 2363 1027 τῆς

776 1051 959 1115 οἰκίας
994 1050 1177 1121 μόνον,
1224 1048 1361 1104 ἀλλὰ
1402 1048 1497 1100 καὶ
1542 1047 1707 1101 αὑτὸν
1742 1045 1837 1098 τὸν
1873 1042 2148 1096 στενωπὸν
2180 1042 2274 1093 καὶ
2301 1040 2364 1092 τὸ

781 1133 1025 1204 ἄμφοδον
1046 1149 1060 1165 ·
1095 1134 1191 1186 καὶ
1223 1133 1327 1187 κᾶν
1362 1132 1595 1202 ίμάτιον,
1628 1128 1731 1181 κᾶν
1756 1127 2007 1197 ὑπόδημα
2037 1126 2120 1195 ίδῃ
2156 1123 2249 1177 τοῦ
2276 1141 2363 1191 φι-

779 1217 1065 1287 λουμένου,
1117 1215 1279 1269 αὐτὸν
1328 1214 1542 1283 νομίζει
1581 1214 1837 1282 παρεῖναι
1878 1210 1969 1263 τὸν
2014 1207 2359 1278 φιλούμενον.

777 1297 1025 1351 Τοιοῦτοι
1075 1293 1216 1366 ἦσαν
1266 1296 1316 1348 οἰ
1363 1296 1675 1365 προφῆται·
1721 1292 1909 1362 ἐπειδὴ
1959 1292 2050 1344 τὸν
2102 1290 2233 1343 Θεὸν
2264 1290 2363 1358 οὑχ

776 1376 966 1452 δώρων
993 1378 1085 1433 τὸν
1111 1378 1424 1449 ἀσώματον,
1455 1376 1642 1448 ἑώρων
1676 1376 1765 1428 τὸν
1816 1369 1983 1437 οἷκον,
2017 1385 2108 1425 και
2150 1370 2237 1424 διὰ
2266 1370 2362 1423 τοῦ

775 1464 927 1517 οίκου
970 1462 1072 1533 τήν
1110 1462 1322 1516 ἐκείνου
1362 1457 1662 1531 παρουσίαν
1705 1458 2087 1526 ἐφαντάζοντο.
2132 1455 2366 1519 Ἔξελε-

777 1545 979 1616 εάμην
1010 1542 1543 1614 κιψαρῤιπτέῑσθαι
1566 1541 1637 1594 ἐν
1670 1538 1753 1605 τῷ
1776 1540 1919 1607 οικῳ
1940 1537 2045 1592 τοῦ
2073 1537 2221 1592 Θεοῦ
2240 1553 2364 1606 μου

771 1627 1036 1698 μᾶλλον,
1080 1627 1119 1695 ἢ
1148 1626 1337 1680 οἰκεῖν
1360 1640 1435 1694 με
1460 1625 1529 1676 ἐν
1555 1620 1948 1690 σκηνώμασιν
1976 1618 2359 1689 ἀμαρτωῶν.

778 1710 1052 1773 Ἕκαστος
1075 1710 1259 1773 τόπος,
1286 1710 1515 1761 ῑκαστον
1541 1706 1761 1778 χωρίον,
1790 1703 1925 1774 πρὸς
1947 1702 2048 1774 τὴν
2074 1702 2361 1773 σύγκρισιν

773 1792 870 1844 τοῦ
898 1791 1050 1846 οῐκου
1084 1790 1178 1844 τοῦ
1215 1788 1373 1853 Θεοῦ,
1406 1790 1670 1860 σκήνωμα
1702 1786 2043 1859 ἁμαρτωλῶν
2086 1788 2224 1849 ἐστι,
2257 1785 2362 1839 κάν

773 1874 1126 1946 δικαστήριον
1170 1874 1352 1944 εἴπῃς,
1389 1872 1490 1926 κάν
1528 1871 1930 1942 βουλευτήριον,
1959 1870 2064 1923 κᾶν
2095 1868 2195 1940 τὴν
2228 1868 2361 1921 ἑκάς

776 1976 905 2013 στου
936 1958 1133 2012 οἰκίαν.
1170 1957 1290 2012 Κάν
1316 1956 1426 2028 γὰρ
1463 1956 1621 2027 εὐχαὶ
1649 1955 1905 2023 γίνωνται
1946 1954 2081 2016 έκεῖ,
2119 1952 2223 2006 κάν
2252 1953 2363 2005 ἰκε-

775 2043 990 2113 τηρίαι,
1046 2043 1161 2095 ἀλλ’
1208 2041 1423 2111 ἀνάγκη
1474 2039 1570 2093 καὶ
1603 2037 1939 2108 φιλονεικίας
1987 2035 2232 2103 γίνεσθαι
2267 2037 2361 2089 καὶ

779 2129 961 2199 μάχας
1005 2128 1098 2180 καὶ
1129 2126 1420 2197 λοιδορίας,
1464 2123 1558 2199 καί
1598 2121 1887 2189 συλλόγους
1918 2121 2056 2191 ὑπὲρ
2090 2118 2360 2189 βιωτικῶν

778 2198 1109 2281 φροντίδων·
1143 2211 1172 2262 6
1199 2209 1257 2261 δὲ
1279 2203 1426 2269 οἰκος
1454 2198 1610 2268 οὗτος
1640 2204 1847 2257 τούτων
1877 2201 2176 2273 καθαρεύει
2220 2200 2360 2253 πάν-

772 2310 884 2346 των
906 2308 920 2321 ·
952 2292 1043 2346 διὰ
1068 2292 1247 2359 τοῦτο,
1289 2292 1472 2343 έκεῖνα
1502 2289 1599 2359 μὲν
1634 2286 1969 2356 σκηνώματα
1997 2282 2357 2356 ἁμαρτωλῶν,

771 2372 927 2440 οὗτος
959 2376 1015 2430 δέ
1046 2371 1195 2438 οἶκος
1229 2373 1326 2429 τοῦ
1366 2371 1502 2426 Θεοῦ
1527 2388 1540 2402 ·
1574 2369 1667 2425 καί
1709 2368 1960 2439 καθάπερ
1989 2368 2154 2438 λιμὴν
2198 2385 2361 2421 πνευ-

779 2459 967 2528 μάτων
992 2459 1084 2512 καί
1108 2458 1369 2528 κυμάτων
1396 2454 1816 2527 ἀπηλλαγμένος
1841 2452 2044 2522 πολλὴν
2066 2454 2178 2515 τοῖς
2205 2454 2358 2523 ὁρμι-

774 2543 1029 2611 ζομένοις
1068 2543 1276 2605 πλοίοις
1317 2540 1551 2611 παρέχει
1596 2538 1693 2610 τήν
1745 2538 2070 2607 ἀσφάλειαν,
2110 2536 2252 2589 οὕτω
2294 2536 2359 2608 δὴ

773 2626 869 2677 καὶ
916 2628 943 2679 6
991 2626 1085 2679 τοῦ
1130 2625 1265 2679 Θεοῦ
1300 2621 1467 2687 οἶκος,
1513 2623 1702 2694 ῶσπερ
1744 2623 1852 2681 ἀπό
1901 2639 2043 2685 τινος
2092 2620 2360 2692 χειμῶνος

770 2707 883 2759 τῶν
924 2707 1123 2773 ἔξωθεν
1166 2706 1509 2777 πραγμάτων
1540 2706 1664 2768 τοὺς
1706 2703 1972 2767 εἰσιόντας
2009 2703 2356 2774 ἐξαρπάζων,

776 2790 917 2860 μετά
962 2791 1165 2860 πολλῆς
1214 2790 1442 2862 παρέχει
1476 2790 1575 2858 τῆς
1618 2789 1861 2858 γαλήνης
1914 2788 2006 2841 καὶ
2047 2788 2147 2857 τῆς
2177 2790 2356 2856 ἀσφα-

770 2874 923 2938 λείας
973 2876 1219 2937 έστάναι,
1273 2876 1367 2927 καί
1423 2873 1532 2926 τῶν
1576 2873 1736 2926 θείων
1784 2871 2087 2942 ἀκροᾶσθαι
2136 2871 2350 2940 λογίων.

771 2955 943 3011 Τοῦτο
962 2956 1023 3009 τὸ
1043 2956 1244 3027 χωρίον
1277 2954 1531 3017 ὑπόθεσίς
1558 2956 1706 3007 ἑστιν
1734 2955 1955 3025 ἀρετῆς.
1986 2954 2358 3008 διδασκαλεῖον

770 3038 1121 3109 φιλοσοφίας·
1149 3039 1250 3093 οὑκ
1276 3040 1333 3091 ὲν
1363 3038 1581 3105 συνάξει
1610 3038 1793 3108 μόνον,
1818 3038 1910 3092 ὅτε
1929 3038 2194 3108 ἀκρόασις
2223 3038 2359 3107 Γρα-

769 3122 890 3191 φῶν
925 3122 1020 3177 καὶ
1051 3121 1366 3175 διδασκαλία
1396 3120 1765 3190 πνευματικὴ,
1799 3121 1890 3174 καὶ
1927 3119 2204 3191 συνέδριον
2244 3121 2359 3173 Πα-

769 3207 945 3276 τέρων
971 3202 1445 3276 αἰδεσίμων·ἀλλά
1466 3203 1560 3256 καὶ
1577 3204 1633 3257 ὲν
1660 3203 1822 3257 παντὶ
1857 3203 1934 3273 τῷ
1962 3204 2137 3275 λοιπῷ
2159 3205 2353 3275 καιρῷ,

770 3288 994 3359 ἐπίϐηθι
1040 3287 1149 3342 τῶν
1204 3286 1498 3358 προθύρων
1539 3288 1721 3358 μόνον,
1758 3289 1851 3341 καὶ
1895 3287 2098 3351 εὐθέως
2149 3288 2354 3341 ἀπέθου

768 3370 872 3433 τὰς
897 3369 1185 3440 φροντίδας
1211 3368 1311 3433 τὰς
1348 3369 1624 3438 βιωτικάς.
1662 3368 1884 3442 Εκίσελθε
1926 3368 2035 3421 τῶν
2065 3368 2355 3440 προθύρων

769 3452 923 3513 εῖσω,
948 3453 1044 3506 καὶ
1068 3451 1322 3523 καθάπερ
1347 3450 1491 3524 αύρα
1516 3468 1601 3514 τις
1630 3451 1974 3523 πνευματικὴ
2006 3451 2352 3522 περιίσταταί

772 3550 869 3587 σου
903 3535 1000 3605 τὴν
1025 3534 1225 3605 ψυχήν.
1256 3533 1404 3604 Αὕτη
1436 3535 1468 3604 ή
1508 3533 1709 3603 ἡσυχία
1736 3534 1815 3595 εἰς
1849 3534 2052 3605 φρίκην
2080 3534 2228 3602 ἄγει,
2259 3536 2353 3588 καὶ

770 3616 1013 3670 διδάσκει
1050 3617 1386 3686 φιλοσοφεῖν·
1418 3615 1668 3687 ἀνίστησι
1701 3614 1763 3668 τὸ
1805 3616 2079 3687 φρόνημα,
2117 3619 2211 3670 καὶ
2253 3619 2353 3669 οὑκ

772 3701 966 3769 ἀφίησι
1000 3699 1310 3771 μεμνῆσθαι
1339 3699 1449 3754 τῶν
1488 3699 1794 3769 παρόντων,
1822 3697 2109 3769 μεθίστησί
2140 3718 2197 3753 σε
2246 3702 2359 3753 ἀπὸ

770 3784 874 3851 γῆς
908 3785 989 3845 εἰς
1018 3782 1110 3834 τὸν
1147 3782 1394 3853 οὐρανόν.
1423 3782 1485 3835 Εἰ
1512 3781 1569 3834 δὲ
1596 3782 1767 3851 χωρὶς
1801 3780 2073 3845 συνάξεως
2100 3782 2354 3837 τοσοῦτον

769 3864 833 3917 τὸ
877 3864 1067 3937 κέρδος
1106 3864 1205 3935 τῆς
1246 3863 1481 3918 ἐνταῦθα
1534 3863 2036 3935 παρουσίας,”ὂταν
2074 3867 2354 3936 προφῆται

770 3947 1037 4001 πάντοθεν
1094 3946 1311 4017 βοῶσιν,
1364 3948 1492 4000 ὅταν
1537 3947 1825 4001 ἀπόστολοι
1868 3948 2350 4015 εὑαγγελίζωνται,

769 4030 900 4082 ὅταν
926 4028 956 4081 6
983 4030 1219 4099 Χριστὸς
1260 4031 1318 4081 ὲν
1350 4030 1499 4099 μέσῳ
1535 4031 1786 4099 εἰστήκη,
1820 4030 1947 4083 ὃταν
1991 4030 2179 4101 Πατὴρ
2218 4033 2352 4084 ἁπο-

767 4110 990 4182 δέχηται
1025 4110 1094 4164 τὰ
1117 4112 1397 4183 γινόμενα,
1430 4113 1556 4166 ὅταν
1591 4110 1743 4184 [150]
1780 4112 2005 4183 Πνεῦμα
2034 4114 2187 4180 ἀγιον
2215 4128 2353 4183 παρ-

768 4194 869 4265 έχῃ
909 4194 1009 4264 τὴν
1060 4194 1271 4247 οἰκείαν
1320 4192 1666 4260 ἀγαλλίασιν,
1716 4195 1890 4264 πόσης
1944 4196 2041 4263 μὲν
2088 4196 2353 4265 ὠφελείας

770 4275 1174 4347 ὶμπλησθέντες
1215 4277 1261 4328 οἱ
1316 4278 1582 4347 παρόντες
1630 4278 1991 4348 ἀπέρχονταιί
2026 4280 2076 4331 οἰ
2122 4280 2354 4343 ἀπόντες

768 4358 827 4411 δὲ
858 4357 1031 4428 πόσην
1056 4358 1260 4429 ζημίαν
1293 4358 1689 4429 ὑπομένουσινί

856 4501 1187 4574 Ἐϐουλόμην
1216 4502 1418 4557 εἰδέναι
1460 4502 1563 4555 ποῦ
1602 4502 1971 4574 διατρίϐουσιν
2006 4506 2054 4557 οἰ
2080 4505 2180 4575 τῆς
2236 4523 2352 4559 συν.

772 4592 951 4659 ἀξεως
978 4595 1513 4664 καταφρονήσαντες,
1530 4592 1582 4645 τί
1600 4592 1863 4661 κατέσχεν
1890 4594 2106 4655 αὑτοὺς,
2134 4595 2228 4647 καὶ
2253 4598 2352 4665 τῆς

774 4680 925 4748 ἰεράς
954 4678 1157 4747 ταύτης
1183 4678 1461 4749 τραπέζης
1496 4679 1751 4749 ἀπήγαγε
1771 4720 1785 4743 ,
1821 4679 1948 4748 περί
1993 4679 2153 4732 τίνων
2186 4682 2218 4749 ἡ
2244 4681 2352 4733 διά-

772 4765 935 4830 λεξις.
991 4766 1207 4819 Μᾶλλον
1253 4766 1309 4818 δὲ
1340 4761 1458 4818 οἶδα
1494 4768 1705 4835 σαφῶς·
1740 4768 1772 4836 ἦ
1822 4767 1931 4837 γὰρ
1975 4768 2100 4837 περί
2134 4768 2350 4820 ἀτόπων

772 4854 867 4906 καὶ
896 4854 1313 4921 καταγελάστων
1346 4854 1687 4923 πραγμάτων
1723 4853 2081 4921 διαλέγονται,
2112 4855 2144 4924 ἡ
2178 4854 2354 4923 βιωτι-

772 4944 895 5005 καῖς
926 4941 1033 4993 εἰσι
1076 4942 1486 5012 προσηλωμένοι
1534 4940 1812 5012 φροντίσιν
1837 4958 1849 4971 ·
1888 4941 2213 5011 ἀμφοτέρων
2237 4940 2349 5012 δὲή

770 5028 1020 5101 διατριϐὴ
1061 5029 1391 5100 συγγνώμης
1422 5029 1811 5100 ἀπεστέρηται,
1853 5030 1949 5082 καὶ
1976 5028 2196 5082 κόλασιν
2237 5029 2350 5099 ἔχει

769 5117 870 5189 τὴν
905 5117 1158 5189 ἐσχάτην.
1186 5106 1447 5189 Καίηπερί
1480 5118 1576 5189 μὲν
1612 5117 1714 5187 τῆς
1738 5116 2010 5188 προτέρας
2038 5116 2159 5169 οὑδὲ
2190 5117 2349 5185 λόγου

770 5206 871 5269 δεῖ,
917 5206 1039 5259 οὔτε
1078 5206 1439 5271 ἀποδείξεως·
1470 5208 1551 5261 ὅτι
1592 5207 1649 5262 δὲ
1702 5208 1795 5260 καὶ
1841 5209 1890 5260 οἰ
1944 5207 2011 5260 τὰ
2044 5206 2143 5277 τῆς
2176 5208 2352 5273 οἰκίας

772 5298 904 5365 ἡμῖν
955 5296 1349 5368 προϐαλόμενοι
1398 5298 1736 5369 πράγματα,
1785 5296 1879 5352 καὶ
1927 5296 2022 5368 τὴν
2078 5297 2350 5368 ἀφόρητον

770 5384 984 5437 ἐκεῖθεν
1016 5385 1260 5456 ἀνάγκην
1297 5385 1566 5454 λέγοντες.
1601 5386 1719 5439 οὑδὲ
1753 5380 1897 5439 οὑτοι
1935 5384 2188 5439 δύνανται
2229 5403 2352 5455 συγυ

770 5470 996 5543 γνώμης
1028 5474 1230 5542 τυχεῖν,
1267 5473 1411 5539 ἅπαξ
1440 5474 1537 5544 τῆς
1571 5472 1859 5543 ἑϐδομάδος
1891 5473 2122 5527 ἐνταῦθα
2163 5474 2352 5527 καλού-

772 5575 945 5628 μενοι,
974 5560 1068 5613 καὶ
1091 5560 1213 5613 οὑδὲ
1248 5560 1369 5614 τότε
1413 5562 1729 5631 ἀνεχόμενοι
1757 5561 1825 5615 τά
1866 5562 2211 5631 πνευματικά
2242 5562 2349 5616 τῶν

772 5647 973 5714 γηΐνων
999 5648 1335 5719 προτιμῆσαι
1354 5650 1716 5719 πραγμάτων,
1740 5649 1848 5703 ἀπὸ
1872 5648 1982 5702 τῶν
2002 5650 2350 5718 Εὑαγγελίων

772 5733 945 5806 δῆλον.
970 5738 1077 5792 Καὶ
1101 5737 1206 5809 γάρ
1239 5740 1287 5793 οἰ
1323 5738 1611 5812 κληθέντες
1637 5742 1727 5795 ἐπὶ
1758 5740 1847 5795 τὸν
1878 5740 2051 5810 γάμον
2082 5740 2173 5795 τόν
2195 5758 2348 5795 πνευ-

1478 359 1533 415 S.
1574 356 1860 415 JOANNIS
1896 352 2388 413 CHRYSOSTOMI
2428 354 2755 412 AHtllﬂEP.
2795 349 3347 410 CONSTANTINOP.

3947 348 4052 406 ιιε

2467 464 2717 532 ματικὸν,
2739 465 2942 530 ταύτας
2974 465 3369 538 προεϐάλλοντο
3408 468 3508 531 τὰς
3542 468 3914 541 watch
3949 467 4052 538 μὲν

2461 552 2544 607 ὅτι
2579 553 2773 623 ζεῦγος
2809 555 3077 628 ὠνήσατο,
3108 558 3139 611 6
3168 557 3225 611 δὲ
3254 558 3339 611 ὅτι
3376 558 3548 630 ἀγρὸν
3575 558 3973 631 ὲπριάσατοντδ
3994 558 4051 610 δέ

2461 647 2544 700 ὅτι
2578 646 2798 719 νύμφην
2823 648 3080 719 ⁴ἰιγάγετο,
3110 649 3226 702 ἀλλ’
3248 650 3624 721 ἐκολάσθησαν
3655 651 3826 721 ὅμως,
3862 650 4053 717 ’Δναγ-

2462 738 2615 790 καῖαι
2664 739 2763 809 μὲν
2811 740 2869 792 αἰ
2907 739 3112 793 αἰτίαι·
3154 738 3271 792 ἀλλ’
3294 740 3426 793 ὅταν
3468 742 3497 793 6
3534 741 3668 803 Θεὸς
3709 740 3875 811 καλῇ,
3917 740 4055 793 ἀπο-

2462 826 2649 896 λογίαν
2696 831 2794 883 οὑκ
2829 830 3043 902 ἔχουσι·
3086 829 3225 902 μετά
3252 830 3364 903 γὰρ
3395 831 3488 884 τὸν
3533 831 3666 886 Θεὸν
3702 833 3833 903 ἡμῖν
3871 830 4055 884 πάντα

2463 920 2758 987 ἀναγκαῖα.
2808 922 2965 977 Μετά
3020 922 3120 994 τὴν
3158 924 3368 976 ἐκείνου
3421 924 3609 994 τιμὴν,
3645 922 3768 976 τότε
3804 922 3876 975 τά
3914 920 4058 978 ἀλλα

2465 1008 2785 1065 ἀπολαυέτω
2820 1013 3071 1082 σπουδῆς.
3100 1010 3195 1074 Τίς
3227 1011 3335 1081 γάρ
3360 1010 3597 1080 οἰκέτης,
3631 1010 3752 1062 εἰπέ
3778 1026 3893 1080 μοι,
3920 994 4057 1081 πρὶν

2462 1103 2495 1173 ἦ
2530 1103 2625 1174 τὴν
2657 1102 2982 1174 δεσποτικὴν
3014 1101 3280 1174 πληρώση
3303 1101 3601 1166 διακονίαν,
3636 1100 3745 1154 τῶν
3775 1100 3921 1155 κατά
3952 1100 4057 1171 τήν

2467 1192 2600 1247 ἰδίαν
2637 1195 2817 1247 οἰκίαν
2866 1194 3260 1265 ἐπιμελήσεται
3291 1210 3454 1259 ποτε;
3486 1192 3609 1256 Πῶς
3646 1187 3740 1245 οῦν
3784 1192 3887 1245 οὑκ
3935 1208 4058 1245 ατο-

2464 1300 2565 1337 πον
2611 1287 2698 1339 ἐπ’
2744 1286 3015 1358 ἀνθρώπῳ
3048 1286 3167 1356 μὲν,
3195 1285 3325 1339 ἔνθα
3370 1284 3526 1355 ψιλὸν
3570 1286 3746 1355 δνομα
3786 1286 3821 1355 ἡ
3864 1284 4060 1339 δεσπο-

2461 1378 2602 1443 τεία,
2635 1380 2907 1449 τοσαύτην
2946 1382 3058 1443 τοῖς
3106 1378 3317 1451 κυρίοις
3354 1379 3615 1451 παρέχειν
3650 1378 3749 1450 τὴν
3784 1378 3925 1433 αἰδῶ
3958 1380 4058 1434 καὶ

2461 1470 2561 1541 τὴν
2594 1469 2858 1541 ὑπακοὴν,
2912 1470 3006 1523 τὸν
3055 1470 3113 1523 δὲ
3150 1470 3368 1540 ἀληθῶς
3415 1471 3849 1542 Δεσπότηνῗυοὺχ
3892 1470 4061 1543 ἡμῶν

2465 1562 2647 1633 μόνον,
2682 1560 2819 1615 ἀλλά
2848 1562 2941 1615 καὶ
2971 1562 3079 1615 τῶν
3108 1561 3222 1616 ἀνω
3248 1561 3553 1632 δυνάμεων,
3591 1562 3729 1634 μηδὲ
3757 1565 3858 1635 τῆς
3883 1562 4060 1632 αὐτῆς

2462 1656 2574 1716 τοῖς
2605 1653 2899 1724 ἡμετέροις
2928 1652 3233 1717 συνδούλοις
3255 1653 3441 1721 ἀξιοῦν
3475 1652 3809 1725 θεραπείαςς
3840 1651 3972 1707 Εἴθε
3988 1649 4061 1723 ἦν

2462 1744 2685 1799 δυνατὸν
2721 1745 2850 1815 ὑμῖν
2882 1745 2963 1809 εἰς
3007 1744 3067 1798 τὸ
3110 1744 3353 1809 συνειδὸς
3390 1743 3571 1799 αὐτῶν
3615 1744 4058 1815 εἰσεληλυθέναι,

2463 1836 2558 1891 καί
2582 1836 2704 1889 τότε
2734 1835 2905 1888 εἰδετε
2937 1834 3003 1889 ἀν
3033 1835 3235 1899 καλῶς,
3262 1836 3448 1889 πόσων
3474 1834 3805 1907 τραυμάτων
3827 1834 4056 1905 Εγεμον,

2461 1930 2594 1991 ὅσας
2634 1926 2876 1991 ἀκάνθας
2911 1924 3075 1997 εῐχον.
3130 1925 3401 1999 Καθάπερ
3431 1926 3541 1999 γὰρ
3581 1927 3677 1997 γῆ,
3724 1924 4059 1997 γεωργικῶν

2461 2020 2563 2072 οὐκ
2616 2017 2969 2072 ἀπολαύουσα
3021 2016 3245 2089 χειρῶν,
3280 2018 3577 2090 χερσοῦται
3612 2018 3711 2070 καί
3756 2016 4058 2087 ὑλομανεῖ·

2460 2110 2603 2164 οὑτω
2639 2112 2734 2164 καὶ
2764 2109 2933 2187 ψυχὴ,
2970 2109 3351 2180 πνευματικῆς
3384 2111 3485 2163 οὑκ
3519 2108 3874 2164 ἀπολαύουσα
3906 2108 4061 2163 διδα-

2462 2202 2709 2267 σκαλίας,
2751 2202 2994 2265 ἀκάνθας
3043 2204 3136 2256 καὶ
3181 2200 3465 2272 τριϐόλους
3502 2202 3803 2271 ἐκπέμπει.
3834 2199 3900 2253 Εἰ
3942 2199 4062 2270 γὰρ

2460 2295 2621 2365 ἡμεῖς
2662 2295 2712 2346 οἰ
2755 2294 2875 2347 καθ’
2906 2295 3145 2364 ἑκάστην
3193 2293 3405 2364 ἡμέραν
3451 2292 3551 2363 τῆς
3596 2292 3706 2345 τῶν
3753 2291 4059 2363 προφητῶν

2461 2388 2554 2439 καὶ
2611 2386 2930 2440 ἀποστόλων
2959 2385 3281 2457 μετέχοντες
3329 2385 3672 2456 ἀκροάσεως,
3728 2382 3887 2454 μόλις
3919 2399 4059 2435 κατ-

2462 2478 2657 2548 έχομεν
2701 2476 2894 2548 θυμὸν,
2947 2476 3101 2547 μόλις
3145 2475 3475 2548 χαλινοῦμεν
3523 2476 3714 2547 ὀργὴν,
3768 2474 3925 2545 μόλις
3952 2492 4057 2528 και

2460 2569 2825 2639 ταστέλλομεν
2862 2568 3181 2640 ἐπιθυμίαν,
3212 2569 3365 2639 μόλις
3400 2567 3738 2638 ἰκϐάλλομεν
3785 2566 4060 2638 τηκεδόνα

2461 2662 2679 2731 φθόνου,
2714 2663 2956 2731 συνεχεῖς
2988 2661 3205 2731 ἐπῳδὰς
3232 2660 3330 2724 τὰς
3355 2660 3463 2714 ἀπὸ
3482 2659 3592 2713 τῶν
3627 2660 3790 2713 θείων
3816 2659 4063 2731 Γραφῶν

2459 2753 2749 2824 ἐπᾴδοντες
2793 2754 2907 2815 τοῖς
2954 2750 3244 2822 ἡμετέροις
3291 2749 3513 2815 πάθεσι,
3548 2750 3700 2820 μόλις
3752 2749 4062 2803 καταστέλ-

2457 2843 2623 2913 λομεν
2672 2842 2743 2897 τά
2787 2843 3122 2913 ἀναίσχυντα
3176 2840 3377 2912 θηρία·
3424 2843 3624 2895 ἐκεῖνοι
3671 2843 3720 2894 οἰ
3775 2841 4059 2912 μηδέποτε

2454 2932 2661 3002 ταύτης
2707 2930 3069 2995 ἀπολαύοντες
3112 2931 3214 3001 τῆς
3251 2930 3515 3004 ἰατρείας,
3565 2932 3699 3002 μηδὲ
3743 2932 3845 3001 τῆς
3896 2931 4061 2995 θείας

2457 3022 2825 3086 ὑπακούοντες
2884 3021 3241 3091 φιλοσοφίας,
3301 3020 3461 3074 ποίαν
3521 3022 3797 3093 σωτηρίας
3856 3024 4059 3077 ἐλπίδα

2457 3111 2691 3177 ἕξουσιν,
2734 3112 2856 3167 εἰπέ
2900 3129 3029 3181 μοι;
3069 3109 3403 3181 Ἐϐουλόμην
3430 3110 3691 3165 δύνασθαι
3726 3111 3899 3178 δεῖξαι
3937 3115 4059 3175 τοῖς

2460 3204 2749 3275 ὑμετέροις
2792 3204 3093 3275 ὀφθαλμοῖς
3130 3206 3230 3276 τὴν
3262 3206 3486 3259 έκείνων
3516 3204 3716 3275 ψυχὴν,
3744 3205 3839 3258 καὶ
3877 3204 4057 3258 εἰδετε

2458 3297 2525 3350 ἂν
2557 3296 2838 3367 ρυπῶσαν,
2880 3298 3200 3369 αὐχμῶσαν,
3247 3299 3717 3369 κατακεχυμένην,
3747 3299 3843 3352 καὶ
3886 3315 4056 3353 τετα-

2457 3386 2823 3455 πεινωμένην,
2878 3386 2975 3439 καὶ
3033 3388 3505 3459 ἀπαρρησίαστον.
3544 3386 3755 3457 Ὠσπερ
3815 3385 3931 3459 γάρ
3981 3386 4063 3441 τὰ

2457 3472 2754 3544 βαλανείων
2785 3477 2884 3529 οὑκ
2924 3477 3269 3530 ἀπολαύοντα
3300 3477 3527 3549 σώματα
3560 3476 3773 3548 αὐχμοῦ
3820 3478 3919 3531 καὶ
3953 3477 4058 3549 ρύ-

2456 3583 2557 3619 που
2580 3566 2742 3636 γέμει
2770 3566 2965 3621 πολλοῦ
2982 3584 2995 3598 ·
3032 3567 3177 3622 οὕτω
3202 3569 3298 3622 καί
3320 3571 3352 3638 ἡ
3379 3568 3546 3639 ψυχὴ,
3568 3566 3921 3632 διδασκαλίας
3946 3569 4055 3623 οὑκ

2454 3657 2804 3711 ἀπολαύουσα
2854 3661 3255 3732 πνευματικῆς,
3310 3660 3514 3730 πολλὴν
3556 3660 3663 3713 τῶν
3706 3662 4056 3732 ἁμάρτημά-

2455 3766 2561 3801 των
2610 3748 2723 3818 ἔχει
2776 3750 3166 3821 περικειμένην
3209 3751 3347 3823 αὑτῇ
3396 3734 3497 3824 τὴν
3544 3752 3756 3823 κηλῖδα.
3793 3754 3907 3807 Καὶ
3937 3753 4057 3827 γὰρ

2458 3840 2734 3911 βαλανεῖον
2780 3844 2897 3895 ἑστι
2943 3842 3014 3894 τά
3051 3842 3290 3897 ἐνταῦθα
3331 3844 3725 3915 πνευματικόν,
3764 3848 3835 3915 τῇ
3865 3846 4055 3919 θέρμῃ

2454 3931 2547 3984 τοῦ
2583 3932 2901 4003 Πνεύματος
2928 3933 3107 3985 πάντα
3152 3933 3476 4004 ἀποσμῆχον
3512 3934 3719 4005 ῥύπον·
3758 3936 3963 4005 μᾶλλον
3992 3936 4055 3991 δὲ

2454 4024 2575 4093 ούχί
2610 4023 2782 4093 ῥύπον
2808 4024 3129 4093 ἀποσμῆχον
3164 4024 3324 4094 μόνον
3354 4024 3415 4077 τὸ
3435 4023 3528 4075 τοῦ
3558 4024 3875 4095 Πνεύματος
3909 4026 4049 4097 πῦρ,

2457 4108 2591 4161 ἀλλά
2623 4110 2717 4162 καὶ
2759 4109 2954 4180 βαφήν.
3000 4110 3135 4163 Ἐὰν
3164 4110 3276 4179 γὰρ
3300 4105 3432 4175 ὦσι,
3466 4111 3650 4181 φησὶν,
3678 4114 3738 4164 αι
3764 4111 4056 4181 ἁμαρτίαι

2457 4200 2607 4272 [BI]
2633 4201 2799 4270 ὑμῶν
2820 4203 2899 4269 ὡς
2923 4201 3266 4271 φοινικοῦν,
3296 4203 3375 4268 ὡς
3395 4202 3572 4271 χιόνα
3594 4201 3873 4256 λευκανῶ
3894 4220 3906 4231 ·
3944 4204 4053 4259 κᾶν

2460 4294 2597 4363 μετὰ
2642 4297 2742 4365 τῆς
2778 4295 2966 4365 αὑτῆς,
3003 4295 3190 4366 φησὶν,
3240 4295 3528 4366 ἀκριϐείας
3570 4295 3678 4348 τῶν
3714 4296 4054 4367 ἁμαρτημά-

2454 4402 2562 4437 των
2594 4388 2621 4437 6
2656 4384 2826 4456 ρύπος
2856 4386 2993 4457 δάκῃ
3019 4386 3119 4456 τῆς
3146 4387 3325 4457 ψυχῆς
3353 4388 3453 4457 τὴν
3478 4385 3686 4450 ούσίαν,
3716 4386 3789 4449 ὡς
3816 4389 3897 4451 εἰς
3931 4388 4051 4454 ἕξιν

2458 4477 2635 4547 βαφῆς
2664 4477 2919 4548 ἀκίνητον
2951 4478 3311 4547 καταστῆναι.
3345 4478 3441 4532 καὶ
3465 4478 3639 4542 οὕτως
3671 4477 3779 4547 ἐγὼ
3806 4479 4051 4551 δύναμαί

2456 4572 2534 4634 εἰς
2562 4570 2660 4640 τὴν
2694 4570 2945 4623 ἐναντίαν
2974 4572 3141 4642 αὑτὴν
3173 4571 3515 4642 καταστῆσαι
3558 4571 3852 4642 ποιότητα·
3882 4574 4054 4644 ἀρκεῖ

2455 4661 2563 4731 γὰρ
2592 4661 2803 4724 νεῦσαι,
2841 4667 2933 4715 καὶ
2965 4663 3140 4715 πάντα
3181 4662 3499 4733 ἀφανίζεται
3532 4666 3601 4721 τά
3644 4667 4046 4737 ἁμαρτήματα.

2526 4763 2591 4833 β’.
2621 4764 2806 4817 Ταῦτα
2830 4765 2991 4832 λέγω,
3023 4767 3119 4837 οὑχ
3147 4767 3232 4820 ἵνα
3281 4769 3437 4839 ὑμεῖς
3457 4771 3725 4842 ἀκούσητε
3747 4789 3760 4802 ·
3778 4773 3900 4825 οὑδὲ
3932 4772 4050 4843 γὰρ

2457 4852 2614 4921 ὑμεῖς
2644 4852 2819 4906 δεῖσθε
2844 4853 2952 4905 τῶν
2978 4855 3306 4927 φαρμάκων,
3334 4856 3422 4911 διά
3441 4858 3542 4930 τὴν
3566 4859 3660 4912 τοῦ
3684 4859 3823 4913 Θεοῦ
3854 4861 4043 4929 χάριν·

2455 4940 2569 4993 ἀλλ’
2606 4940 2694 4995 ἴνα
2738 4942 2934 4994 ἐκεῖνοι
2962 4942 3026 4994 δι’
3065 4944 3217 5013 ὑμῶν
3250 4944 3517 5013 μάθωσιν.
3550 4948 3613 4999 Εἰ
3657 4948 3713 4999 δὲ
3766 4948 4048 5018 ἐδυνάμην

2454 5028 2653 5081 εἰδέναι
2680 5029 2806 5091 τοὺς
2835 5030 3031 5092 τόπους
3056 5031 3113 5083 ἐν
3145 5025 3226 5094 οἷς
3262 5032 3631 5101 συλλέγονται,
3665 5035 3763 5087 οὑκ
3793 5035 3858 5087 ἂν
3896 5036 4046 5102 ἡνῶ-

2453 5114 2627 5187 χλησα
2656 5114 2752 5186 τὴν
2801 5117 3073 5187 ὑμετέραν
3121 5117 3373 5188 ἀγάπην·
3410 5118 3523 5172 ἀλλ’
3555 5120 3741 5191 ἐπειδὴ
3782 5120 4047 5177 ἀδύνατόν

2456 5223 2547 5278 μοι
2587 5206 2665 5258 ένί
2695 5205 2807 5258 ὄντι
2841 5206 3094 5258 τοσοῦτον
3126 5206 3322 5259 εἰδέναι
3356 5206 3549 5277 δῆμον,
3581 5208 3708 5277 ὑμῖν
3744 5209 4046 5277 ἐγχειρίζω

2452 5296 2560 5348 τῶν
2589 5293 2835 5361 ἀδελφῶν
2863 5293 2971 5347 τῶν
3001 5295 3282 5365 ὑμετέρων
3325 5295 3421 5365 τὴν
3469 5295 3799 5367 θεραπείαν·
3843 5298 4047 5366 ἐπιμε-

2452 5380 2688 5453 λὴσασθε
2732 5381 2839 5433 τῶν
2896 5380 3138 5449 ἀδελφῶν
3189 5382 3297 5434 τῶν
3338 5383 3570 5445 οἰκείων,
3634 5383 4041 5450 ἐπισπάσασθε,

2453 5470 2740 5526 καλέσατε.
2787 5467 2916 5524 Οἶδα
2943 5473 3026 5525 ὅτι
3066 5472 3325 5535 πολλάκις
3356 5472 3513 5525 τοῦτο
3553 5474 3849 5542 ἐποιήσατε
3873 5489 3884 5503 ’
3918 5472 4043 5526 ἀλλ’

2450 5561 2601 5614 οὐδὲν
2654 5560 2715 5613 τὸ
2772 5558 3027 5624 πολλάκις
3083 5559 3241 5613 τοῦτο
3298 5560 3544 5630 ποεῆσαι,
3602 5559 3718 5614 ἀλλ’
3750 5562 3855 5623 ἓως
3910 5561 4042 5615 τότε

2450 5650 2697 5718 ποιῆσαι,
2747 5647 2851 5711 ἕως
2902 5647 2966 5700 ἂν
3024 5648 3249 5720 πείσητε
3298 5650 3392 5701 καὶ
3449 5648 3735 5718 έλκύσητε.
3770 5643 3901 5703 Οἶδα
3953 5650 4041 5703 δτι

2450 5738 2822 5812 ἠνωχλὴσατε,
2862 5740 2942 5793 ὅτι
2978 5740 3225 5809 φορτικοὶ
3270 5737 3526 5803 πολλάκις
3578 5736 3923 5810 ἑνομίεθητε,
3951 5738 4046 5792 ὅτι
