  <div class='ocr_page' id='page_1' title='image "/cluster/home/n/w/nwhite01/storage/ocr_20150623/51/pst.000005712502/146.png"; bbox 0 0 4212 6290; ppageno 0'>
   <div class='ocr_carea' id='block_1_1' title="bbox 206 376 311 446">
    <p class='ocr_par' dir='ltr' id='par_1_1' title="bbox 206 376 311 446">
     <span class='ocr_line' id='line_1_1' title="bbox 206 376 311 446; baseline 0.01 -1"><span class='ocrx_word' id='word_1_1' title='bbox 206 376 311 446; x_wconf 63' lang='grc' dir='ltr'><strong>ιτς</strong></span> 
     </span>
    </p>
   </div>
   <div class='ocr_carea' id='block_1_2' title="bbox 210 495 1815 574">
    <p class='ocr_par' dir='ltr' id='par_1_2' title="bbox 210 495 1815 574">
     <span class='ocr_line' id='line_1_2' title="bbox 210 495 1815 574; baseline -0.007 -12"><span class='ocrx_word' id='word_1_2' title='bbox 210 516 299 562; x_wconf 81' lang='lat' dir='ltr'><strong>tus</strong></span> <span class='ocrx_word' id='word_1_3' title='bbox 325 513 475 574; x_wconf 69' lang='lat' dir='ltr'><strong>mm,</strong></span> <span class='ocrx_word' id='word_1_4' title='bbox 500 504 551 562; x_wconf 83' lang='lat' dir='ltr'><strong>si</strong></span> <span class='ocrx_word' id='word_1_5' title='bbox 594 496 688 562; x_wconf 86' lang='lat' dir='ltr'><strong>vei</strong></span> <span class='ocrx_word' id='word_1_6' title='bbox 712 502 912 560; x_wconf 84' lang='lat' dir='ltr'><strong>intrare</strong></span> <span class='ocrx_word' id='word_1_7' title='bbox 938 499 1265 558; x_wconf 72' lang='lat' dir='ltr'><strong>vestibulum</strong></span> <span class='ocrx_word' id='word_1_8' title='bbox 1292 499 1424 555; x_wconf 89' lang='lat' dir='ltr'><strong>mihi</strong></span> <span class='ocrx_word' id='word_1_9' title='bbox 1450 495 1778 563; x_wconf 82' lang='lat' dir='ltr'><strong>concedatur</strong></span> <span class='ocrx_word' id='word_1_10' title='bbox 1796 535 1815 565; x_wconf 92' lang='lat'><strong>,</strong></span> 
     </span>
    </p>
   </div>
   <div class='ocr_carea' id='block_1_3' title="bbox 215 587 1819 666">
    <p class='ocr_par' dir='ltr' id='par_1_3' title="bbox 215 587 1819 666">
     <span class='ocr_line' id='line_1_3' title="bbox 215 587 1819 666; baseline -0.007 -14"><span class='ocrx_word' id='word_1_11' title='bbox 215 595 390 666; x_wconf 73' lang='lat' dir='ltr'><strong>mqult</strong></span> <span class='ocrx_word' id='word_1_12' title='bbox 414 611 435 661; x_wconf 87' lang='lat'><strong><em>;</em></strong></span> <span class='ocrx_word' id='word_1_13' title='bbox 460 594 642 666; x_wconf 71' lang='lat' dir='ltr'><strong>ungui</strong></span> <span class='ocrx_word' id='word_1_14' title='bbox 669 590 916 649; x_wconf 77' lang='lat' dir='ltr'><strong>beneﬁcii</strong></span> <span class='ocrx_word' id='word_1_15' title='bbox 941 589 1063 648; x_wconf 88' lang='lat' dir='ltr'><strong>loco</strong></span> <span class='ocrx_word' id='word_1_16' title='bbox 1087 589 1247 658; x_wconf 89' lang='lat' dir='ltr'><strong>duco,</strong></span> <span class='ocrx_word' id='word_1_17' title='bbox 1274 590 1318 645; x_wconf 91' lang='lat' dir='ltr'><strong>si</strong></span> <span class='ocrx_word' id='word_1_18' title='bbox 1348 587 1431 645; x_wconf 89' lang='lat' dir='ltr'><strong>vel</strong></span> <span class='ocrx_word' id='word_1_19' title='bbox 1456 587 1510 643; x_wconf 89' lang='lat' dir='ltr'><strong>in</strong></span> <span class='ocrx_word' id='word_1_20' title='bbox 1533 599 1819 643; x_wconf 81' lang='lat' dir='ltr'><strong>numerum</strong></span> 
     </span>
    </p>
   </div>
   <div class='ocr_carea' id='block_1_4' title="bbox 211 676 1819 759">
    <p class='ocr_par' dir='ltr' id='par_1_4' title="bbox 211 676 1819 759">
     <span class='ocr_line' id='line_1_4' title="bbox 211 676 1819 759; baseline -0.008 -16"><span class='ocrx_word' id='word_1_21' title='bbox 211 684 425 744; x_wconf 71' lang='lat' dir='ltr'><strong>referat</strong></span> <span class='ocrx_word' id='word_1_22' title='bbox 470 692 867 759; x_wconf 85' lang='lat' dir='ltr'><strong>postremorum</strong></span> <span class='ocrx_word' id='word_1_23' title='bbox 907 683 963 738; x_wconf 88' lang='lat' dir='ltr'><strong>in</strong></span> <span class='ocrx_word' id='word_1_24' title='bbox 987 681 1152 738; x_wconf 88' lang='lat' dir='ltr'><strong>domo</strong></span> <span class='ocrx_word' id='word_1_25' title='bbox 1182 680 1275 735; x_wconf 86' lang='lat' dir='ltr'><strong>Dei</strong></span> <span class='ocrx_word' id='word_1_26' title='bbox 1305 678 1436 735; x_wconf 89' lang='lat' dir='ltr'><strong>mei.</strong></span> <span class='ocrx_word' id='word_1_27' title='bbox 1465 676 1819 734; x_wconf 86' lang='lat' dir='ltr'><strong>Communem</strong></span> 
     </span>
    </p>
   </div>
   <div class='ocr_carea' id='block_1_5' title="bbox 214 767 1820 847">
    <p class='ocr_par' dir='ltr' id='par_1_5' title="bbox 214 767 1820 847">
     <span class='ocr_line' id='line_1_5' title="bbox 214 767 1820 847; baseline -0.009 -10"><span class='ocrx_word' id='word_1_28' title='bbox 214 781 509 836; x_wconf 79' lang='lat' dir='ltr'><strong>Dominum</strong></span> <span class='ocrx_word' id='word_1_29' title='bbox 553 790 713 832; x_wconf 91' lang='lat' dir='ltr'><strong>amor</strong></span> <span class='ocrx_word' id='word_1_30' title='bbox 735 783 797 832; x_wconf 90' lang='lat' dir='ltr'><strong>ut</strong></span> <span class='ocrx_word' id='word_1_31' title='bbox 821 774 1100 847; x_wconf 84' lang='lat' dir='ltr'><strong>preprium</strong></span> <span class='ocrx_word' id='word_1_32' title='bbox 1123 772 1225 830; x_wconf 90' lang='lat' dir='ltr'><strong>sibi</strong></span> <span class='ocrx_word' id='word_1_33' title='bbox 1254 770 1488 827; x_wconf 87' lang='lat' dir='ltr'><strong>vindicat</strong></span> <span class='ocrx_word' id='word_1_34' title='bbox 1514 788 1529 825; x_wconf 92' lang='lat'><strong>:</strong></span> <span class='ocrx_word' id='word_1_35' title='bbox 1555 784 1621 825; x_wconf 89' lang='lat' dir='ltr'><strong>ea</strong></span> <span class='ocrx_word' id='word_1_36' title='bbox 1648 767 1820 839; x_wconf 90' lang='lat' dir='ltr'><strong>siqui-</strong></span> 
     </span>
    </p>
   </div>
   <div class='ocr_carea' id='block_1_6' title="bbox 216 854 1819 931">
    <p class='ocr_par' dir='ltr' id='par_1_6' title="bbox 216 854 1819 931">
     <span class='ocr_line' id='line_1_6' title="bbox 216 854 1819 931; baseline -0.006 -5"><span class='ocrx_word' id='word_1_37' title='bbox 216 870 345 928; x_wconf 82' lang='lat' dir='ltr'><strong>dem</strong></span> <span class='ocrx_word' id='word_1_38' title='bbox 376 854 461 928; x_wconf 75' lang='lat' dir='ltr'><strong>vis</strong></span> <span class='ocrx_word' id='word_1_39' title='bbox 498 876 587 926; x_wconf 88' lang='lat' dir='ltr'><strong>est</strong></span> <span class='ocrx_word' id='word_1_40' title='bbox 611 868 873 926; x_wconf 77' lang='lat' dir='ltr'><strong>caritatis.</strong></span> <span class='ocrx_word' id='word_1_41' title='bbox 913 865 981 921; x_wconf 73' lang='grc' dir='ltr'><strong>ιη</strong></span> <span class='ocrx_word' id='word_1_42' title='bbox 1020 866 1173 922; x_wconf 79' lang='lat' dir='ltr'><strong>domo</strong></span> <span class='ocrx_word' id='word_1_43' title='bbox 1210 863 1308 921; x_wconf 79' lang='lat' dir='ltr'><strong>Dei</strong></span> <span class='ocrx_word' id='word_1_44' title='bbox 1349 864 1468 919; x_wconf 75' lang='lat' dir='ltr'><strong>mei.</strong></span> <span class='ocrx_word' id='word_1_45' title='bbox 1500 862 1605 931; x_wconf 82' lang='lat' dir='ltr'><strong>Qui</strong></span> <span class='ocrx_word' id='word_1_46' title='bbox 1638 867 1819 926; x_wconf 84' lang='lat' dir='ltr'><strong>amat,</strong></span> 
     </span>
    </p>
   </div>
   <div class='ocr_carea' id='block_1_7' title="bbox 210 950 1818 1025">
    <p class='ocr_par' dir='ltr' id='par_1_7' title="bbox 210 950 1818 1025">
     <span class='ocr_line' id='line_1_7' title="bbox 210 950 1818 1025; baseline -0.008 -6"><span class='ocrx_word' id='word_1_47' title='bbox 210 977 326 1019; x_wconf 81' lang='lat' dir='ltr'><strong>non</strong></span> <span class='ocrx_word' id='word_1_48' title='bbox 355 976 482 1019; x_wconf 87' lang='lat' dir='ltr'><strong>eum</strong></span> <span class='ocrx_word' id='word_1_49' title='bbox 531 967 741 1019; x_wconf 84' lang='lat' dir='ltr'><strong>tantum</strong></span> <span class='ocrx_word' id='word_1_50' title='bbox 790 957 973 1014; x_wconf 89' lang='lat' dir='ltr'><strong>videre</strong></span> <span class='ocrx_word' id='word_1_51' title='bbox 1012 954 1287 1013; x_wconf 88' lang='lat' dir='ltr'><strong>desiderat</strong></span> <span class='ocrx_word' id='word_1_52' title='bbox 1312 969 1473 1025; x_wconf 87' lang='lat' dir='ltr'><strong>quem</strong></span> <span class='ocrx_word' id='word_1_53' title='bbox 1503 961 1670 1019; x_wconf 86' lang='lat' dir='ltr'><strong>amat,</strong></span> <span class='ocrx_word' id='word_1_54' title='bbox 1720 950 1818 1007; x_wconf 89' lang='lat' dir='ltr'><strong>sed</strong></span> 
     </span>
    </p>
   </div>
   <div class='ocr_carea' id='block_1_8' title="bbox 211 1032 1824 1125">
    <p class='ocr_par' dir='ltr' id='par_1_8' title="bbox 211 1032 1824 1125">
     <span class='ocr_line' id='line_1_8' title="bbox 211 1032 1824 1125; baseline -0.01 -11"><span class='ocrx_word' id='word_1_55' title='bbox 211 1054 306 1114; x_wconf 84' lang='lat' dir='ltr'><strong>vel</strong></span> <span class='ocrx_word' id='word_1_56' title='bbox 351 1054 523 1112; x_wconf 85' lang='lat' dir='ltr'><strong>solam</strong></span> <span class='ocrx_word' id='word_1_57' title='bbox 567 1052 691 1125; x_wconf 70' lang='lat' dir='ltr'><strong>eius</strong></span> <span class='ocrx_word' id='word_1_58' title='bbox 728 1051 973 1117; x_wconf 87' lang='lat' dir='ltr'><strong>domum,</strong></span> <span class='ocrx_word' id='word_1_59' title='bbox 1020 1048 1120 1106; x_wconf 88' lang='lat' dir='ltr'><strong>sed</strong></span> <span class='ocrx_word' id='word_1_60' title='bbox 1160 1056 1218 1106; x_wconf 91' lang='lat' dir='ltr'><strong>et</strong></span> <span class='ocrx_word' id='word_1_61' title='bbox 1244 1044 1606 1111; x_wconf 68' lang='lat' dir='ltr'><strong>vestibulum;</strong></span> <span class='ocrx_word' id='word_1_62' title='bbox 1649 1032 1824 1114; x_wconf 86' lang='lat' dir='ltr'><strong>neque</strong></span> 
     </span>
    </p>
   </div>
   <div class='ocr_carea' id='block_1_9' title="bbox 212 1132 1825 1208">
    <p class='ocr_par' dir='ltr' id='par_1_9' title="bbox 212 1132 1825 1208">
     <span class='ocr_line' id='line_1_9' title="bbox 212 1132 1825 1208; baseline -0.01 -4"><span class='ocrx_word' id='word_1_63' title='bbox 212 1144 543 1205; x_wconf 84' lang='lat' dir='ltr'><strong>vestibulum</strong></span> <span class='ocrx_word' id='word_1_64' title='bbox 583 1151 789 1201; x_wconf 90' lang='lat' dir='ltr'><strong>tantum</strong></span> <span class='ocrx_word' id='word_1_65' title='bbox 829 1140 1054 1207; x_wconf 67' lang='lat' dir='ltr'><strong>mdium,</strong></span> <span class='ocrx_word' id='word_1_66' title='bbox 1100 1137 1198 1195; x_wconf 89' lang='lat' dir='ltr'><strong>sed</strong></span> <span class='ocrx_word' id='word_1_67' title='bbox 1246 1138 1331 1193; x_wconf 89' lang='lat' dir='ltr'><strong>vel</strong></span> <span class='ocrx_word' id='word_1_68' title='bbox 1356 1135 1695 1208; x_wconf 85' lang='lat' dir='ltr'><strong>angiportum</strong></span> <span class='ocrx_word' id='word_1_69' title='bbox 1739 1132 1825 1189; x_wconf 91' lang='lat' dir='ltr'><strong>vel</strong></span> 
     </span>
    </p>
   </div>
   <div class='ocr_carea' id='block_1_10' title="bbox 211 1222 1828 1305">
    <p class='ocr_par' dir='ltr' id='par_1_10' title="bbox 211 1222 1828 1305">
     <span class='ocr_line' id='line_1_10' title="bbox 211 1222 1828 1305; baseline -0.011 -9"><span class='ocrx_word' id='word_1_70' title='bbox 211 1234 422 1305; x_wconf 76' lang='lat' dir='ltr'><strong>vicum,</strong></span> <span class='ocrx_word' id='word_1_71' title='bbox 466 1245 521 1293; x_wconf 93' lang='lat' dir='ltr'><strong>et</strong></span> <span class='ocrx_word' id='word_1_72' title='bbox 562 1235 611 1292; x_wconf 92' lang='lat' dir='ltr'><strong>si</strong></span> <span class='ocrx_word' id='word_1_73' title='bbox 656 1234 740 1290; x_wconf 89' lang='lat' dir='ltr'><strong>vel</strong></span> <span class='ocrx_word' id='word_1_74' title='bbox 767 1241 997 1296; x_wconf 66' lang='lat' dir='ltr'><strong>vestam</strong></span> <span class='ocrx_word' id='word_1_75' title='bbox 1044 1230 1131 1286; x_wconf 85' lang='lat' dir='ltr'><strong>vel</strong></span> <span class='ocrx_word' id='word_1_76' title='bbox 1168 1228 1593 1284; x_wconf 81' lang='lat' dir='ltr'><strong>calceamentqu</strong></span> <span class='ocrx_word' id='word_1_77' title='bbox 1630 1222 1828 1280; x_wconf 90' lang='lat' dir='ltr'><strong>viderit</strong></span> 
     </span>
    </p>
   </div>
   <div class='ocr_carea' id='block_1_11' title="bbox 210 1317 1826 1401">
    <p class='ocr_par' dir='ltr' id='par_1_11' title="bbox 210 1317 1826 1401">
     <span class='ocr_line' id='line_1_11' title="bbox 210 1317 1826 1401; baseline -0.008 -18"><span class='ocrx_word' id='word_1_78' title='bbox 210 1324 339 1401; x_wconf 66' lang='lat' dir='ltr'><strong>eius</strong></span> <span class='ocrx_word' id='word_1_79' title='bbox 386 1340 548 1400; x_wconf 85' lang='lat' dir='ltr'><strong>quem</strong></span> <span class='ocrx_word' id='word_1_80' title='bbox 592 1332 758 1392; x_wconf 88' lang='lat' dir='ltr'><strong>amat,</strong></span> <span class='ocrx_word' id='word_1_81' title='bbox 784 1323 1051 1395; x_wconf 82' lang='lat' dir='ltr'><strong>ipsumse</strong></span> <span class='ocrx_word' id='word_1_82' title='bbox 1098 1318 1283 1375; x_wconf 86' lang='lat' dir='ltr'><strong>videre</strong></span> <span class='ocrx_word' id='word_1_83' title='bbox 1321 1317 1614 1374; x_wconf 79' lang='lat' dir='ltr'><strong>arbitratur</strong></span> <span class='ocrx_word' id='word_1_84' title='bbox 1663 1328 1826 1386; x_wconf 83' lang='lat' dir='ltr'><strong>quem</strong></span> 
     </span>
    </p>
   </div>
   <div class='ocr_carea' id='block_1_12' title="bbox 212 1405 1827 1485">
    <p class='ocr_par' dir='ltr' id='par_1_12' title="bbox 212 1405 1827 1485">
     <span class='ocr_line' id='line_1_12' title="bbox 212 1405 1827 1485; baseline -0.011 -8"><span class='ocrx_word' id='word_1_85' title='bbox 212 1428 389 1477; x_wconf 85' lang='lat' dir='ltr'><strong>amat.</strong></span> <span class='ocrx_word' id='word_1_86' title='bbox 416 1418 511 1476; x_wconf 84' lang='lat' dir='ltr'><strong>Sic</strong></span> <span class='ocrx_word' id='word_1_87' title='bbox 535 1416 715 1473; x_wconf 79' lang='lat' dir='ltr'><strong>affecti</strong></span> <span class='ocrx_word' id='word_1_88' title='bbox 756 1413 975 1472; x_wconf 87' lang='lat' dir='ltr'><strong>fuerunt</strong></span> <span class='ocrx_word' id='word_1_89' title='bbox 1014 1411 1288 1485; x_wconf 74' lang='lat' dir='ltr'><strong>propheta:</strong></span> <span class='ocrx_word' id='word_1_90' title='bbox 1316 1428 1333 1467; x_wconf 89' lang='lat'><strong>:</strong></span> <span class='ocrx_word' id='word_1_91' title='bbox 1361 1408 1615 1481; x_wconf 88' lang='lat' dir='ltr'><strong>quoniam</strong></span> <span class='ocrx_word' id='word_1_92' title='bbox 1657 1405 1827 1461; x_wconf 86' lang='lat' dir='ltr'><strong>Deum</strong></span> 
     </span>
    </p>
   </div>
   <div class='ocr_carea' id='block_1_13' title="bbox 214 1499 1831 1585">
    <p class='ocr_par' dir='ltr' id='par_1_13' title="bbox 214 1499 1831 1585">
     <span class='ocr_line' id='line_1_13' title="bbox 214 1499 1831 1585; baseline -0.012 -15"><span class='ocrx_word' id='word_1_93' title='bbox 214 1516 600 1585; x_wconf 82' lang='lat' dir='ltr'><strong>incorporeum</strong></span> <span class='ocrx_word' id='word_1_94' title='bbox 639 1524 746 1565; x_wconf 92' lang='lat' dir='ltr'><strong>non</strong></span> <span class='ocrx_word' id='word_1_95' title='bbox 776 1507 1049 1574; x_wconf 87' lang='lat' dir='ltr'><strong>videbant,</strong></span> <span class='ocrx_word' id='word_1_96' title='bbox 1079 1503 1300 1561; x_wconf 75' lang='lat' dir='ltr'><strong>domum</strong></span> <span class='ocrx_word' id='word_1_97' title='bbox 1341 1499 1618 1566; x_wconf 80' lang='lat' dir='ltr'><strong>videbant,</strong></span> <span class='ocrx_word' id='word_1_98' title='bbox 1649 1505 1705 1554; x_wconf 88' lang='lat' dir='ltr'><strong>et</strong></span> <span class='ocrx_word' id='word_1_99' title='bbox 1730 1510 1831 1568; x_wconf 91' lang='lat' dir='ltr'><strong>per</strong></span> 
     </span>
    </p>
   </div>
   <div class='ocr_carea' id='block_1_14' title="bbox 213 1588 1829 1674">
    <p class='ocr_par' dir='ltr' id='par_1_14' title="bbox 213 1588 1829 1674">
     <span class='ocr_line' id='line_1_14' title="bbox 213 1588 1829 1674; baseline -0.012 -12"><span class='ocrx_word' id='word_1_100' title='bbox 213 1600 447 1662; x_wconf 83' lang='lat' dir='ltr'><strong>domum</strong></span> <span class='ocrx_word' id='word_1_101' title='bbox 493 1606 821 1674; x_wconf 68' lang='lat' dir='ltr'><strong>prasentem</strong></span> <span class='ocrx_word' id='word_1_102' title='bbox 872 1596 1024 1655; x_wconf 87' lang='lat' dir='ltr'><strong>illum</strong></span> <span class='ocrx_word' id='word_1_103' title='bbox 1072 1608 1298 1652; x_wconf 87' lang='lat' dir='ltr'><strong>cernere</strong></span> <span class='ocrx_word' id='word_1_104' title='bbox 1338 1590 1441 1648; x_wconf 86' lang='lat' dir='ltr'><strong>sibi</strong></span> <span class='ocrx_word' id='word_1_105' title='bbox 1490 1588 1829 1645; x_wconf 86' lang='lat' dir='ltr'><strong>videbantur.</strong></span> 
     </span>
    </p>
   </div>
   <div class='ocr_carea' id='block_1_15' title="bbox 220 1676 1833 1769">
    <p class='ocr_par' dir='ltr' id='par_1_15' title="bbox 220 1676 1833 1769">
     <span class='ocr_line' id='line_1_15' title="bbox 220 1676 1833 1769; baseline -0.014 -16"><span class='ocrx_word' id='word_1_106' title='bbox 220 1690 373 1769; x_wconf 65' lang='lat' dir='ltr'><strong>Ek&quot;</strong></span> <span class='ocrx_word' id='word_1_107' title='bbox 400 1693 628 1767; x_wconf 76' lang='lat' dir='ltr'><strong>ebjectus</strong></span> <span class='ocrx_word' id='word_1_108' title='bbox 653 1707 762 1747; x_wconf 86' lang='lat' dir='ltr'><strong>esse</strong></span> <span class='ocrx_word' id='word_1_109' title='bbox 786 1691 838 1746; x_wconf 74' lang='lat' dir='ltr'><strong>is</strong></span> <span class='ocrx_word' id='word_1_110' title='bbox 868 1688 1021 1743; x_wconf 71' lang='lat' dir='ltr'><strong>domo</strong></span> <span class='ocrx_word' id='word_1_111' title='bbox 1046 1684 1148 1742; x_wconf 82' lang='lat' dir='ltr'><strong>Dei</strong></span> <span class='ocrx_word' id='word_1_112' title='bbox 1172 1685 1271 1740; x_wconf 80' lang='lat' dir='ltr'><strong>mei</strong></span> <span class='ocrx_word' id='word_1_113' title='bbox 1304 1682 1485 1754; x_wconf 77' lang='lat' dir='ltr'><strong>magis,</strong></span> <span class='ocrx_word' id='word_1_114' title='bbox 1511 1696 1663 1751; x_wconf 79' lang='lat' dir='ltr'><strong>quant</strong></span> <span class='ocrx_word' id='word_1_115' title='bbox 1686 1676 1833 1769; x_wconf 71' lang='lat' dir='ltr'><strong>habi-</strong></span> 
     </span>
    </p>
   </div>
   <div class='ocr_carea' id='block_1_16' title="bbox 219 1768 1831 1853">
    <p class='ocr_par' dir='ltr' id='par_1_16' title="bbox 219 1768 1831 1853">
     <span class='ocr_line' id='line_1_16' title="bbox 219 1768 1831 1853; baseline -0.011 -10"><span class='ocrx_word' id='word_1_116' title='bbox 219 1768 408 1845; x_wconf 76' lang='lat' dir='ltr'><strong>tarsia</strong></span> <span class='ocrx_word' id='word_1_117' title='bbox 446 1782 786 1840; x_wconf 70' lang='lat' dir='ltr'><strong>tabasacalis</strong></span> <span class='ocrx_word' id='word_1_118' title='bbox 816 1789 1157 1853; x_wconf 72' lang='lat' dir='ltr'><strong>peccatorum.</strong></span> <span class='ocrx_word' id='word_1_119' title='bbox 1187 1775 1373 1845; x_wconf 85' lang='lat' dir='ltr'><strong>Quivis</strong></span> <span class='ocrx_word' id='word_1_120' title='bbox 1409 1773 1581 1839; x_wconf 84' lang='lat' dir='ltr'><strong>locus,</strong></span> <span class='ocrx_word' id='word_1_121' title='bbox 1606 1768 1831 1843; x_wconf 88' lang='lat' dir='ltr'><strong>quodvis</strong></span> 
     </span>
    </p>
   </div>
   <div class='ocr_carea' id='block_1_17' title="bbox 221 1865 1845 1953">
    <p class='ocr_par' dir='ltr' id='par_1_17' title="bbox 221 1865 1845 1953">
     <span class='ocr_line' id='line_1_17' title="bbox 221 1865 1845 1953; baseline -0.012 -15"><span class='ocrx_word' id='word_1_122' title='bbox 221 1878 461 1953; x_wconf 54' lang='lat' dir='ltr'><strong>natium</strong></span> <span class='ocrx_word' id='word_1_123' title='bbox 487 1890 613 1936; x_wconf 88' lang='lat' dir='ltr'><strong>eum</strong></span> <span class='ocrx_word' id='word_1_124' title='bbox 639 1874 802 1931; x_wconf 90' lang='lat' dir='ltr'><strong>domo</strong></span> <span class='ocrx_word' id='word_1_125' title='bbox 820 1873 915 1930; x_wconf 81' lang='lat' dir='ltr'><strong>Dei</strong></span> <span class='ocrx_word' id='word_1_126' title='bbox 936 1876 1305 1942; x_wconf 73' lang='lat' dir='ltr'><strong>comoaratum</strong></span> <span class='ocrx_word' id='word_1_127' title='bbox 1326 1865 1729 1924; x_wconf 88' lang='lat' dir='ltr'><strong>tabernaculum</strong></span> <span class='ocrx_word' id='word_1_128' title='bbox 1745 1870 1845 1920; x_wconf 88' lang='lat' dir='ltr'><strong>est&#39;</strong></span> 
     </span>
    </p>
   </div>
   <div class='ocr_carea' id='block_1_18' title="bbox 221 1958 1836 2048">
    <p class='ocr_par' dir='ltr' id='par_1_18' title="bbox 221 1958 1836 2048">
     <span class='ocr_line' id='line_1_18' title="bbox 221 1958 1836 2048; baseline -0.012 -15"><span class='ocrx_word' id='word_1_129' title='bbox 221 1983 599 2048; x_wconf 81' lang='lat' dir='ltr'><strong>peccatorum,</strong></span> <span class='ocrx_word' id='word_1_130' title='bbox 636 1971 751 2028; x_wconf 92' lang='lat' dir='ltr'><strong>sive</strong></span> <span class='ocrx_word' id='word_1_131' title='bbox 788 1968 965 2025; x_wconf 87' lang='lat' dir='ltr'><strong>forum</strong></span> <span class='ocrx_word' id='word_1_132' title='bbox 1010 1965 1237 2034; x_wconf 79' lang='lat' dir='ltr'><strong>dixeris,</strong></span> <span class='ocrx_word' id='word_1_133' title='bbox 1284 1964 1400 2021; x_wconf 90' lang='lat' dir='ltr'><strong>sive</strong></span> <span class='ocrx_word' id='word_1_134' title='bbox 1448 1961 1676 2027; x_wconf 87' lang='lat' dir='ltr'><strong>curiam,</strong></span> <span class='ocrx_word' id='word_1_135' title='bbox 1720 1958 1836 2015; x_wconf 86' lang='lat' dir='ltr'><strong>sive</strong></span> 
     </span>
    </p>
   </div>
   <div class='ocr_carea' id='block_1_19' title="bbox 221 2051 1835 2138">
    <p class='ocr_par' dir='ltr' id='par_1_19' title="bbox 221 2051 1835 2138">
     <span class='ocr_line' id='line_1_19' title="bbox 221 2051 1835 2138; baseline -0.012 -11"><span class='ocrx_word' id='word_1_136' title='bbox 221 2069 449 2126; x_wconf 84' lang='lat' dir='ltr'><strong>domum</strong></span> <span class='ocrx_word' id='word_1_137' title='bbox 471 2063 832 2138; x_wconf 82' lang='lat' dir='ltr'><strong>singulorum.</strong></span> <span class='ocrx_word' id='word_1_138' title='bbox 854 2061 1005 2119; x_wconf 84' lang='lat' dir='ltr'><strong>Licet</strong></span> <span class='ocrx_word' id='word_1_139' title='bbox 1022 2059 1167 2117; x_wconf 90' lang='lat' dir='ltr'><strong>enim</strong></span> <span class='ocrx_word' id='word_1_140' title='bbox 1194 2071 1382 2130; x_wconf 88' lang='lat' dir='ltr'><strong>preces</strong></span> <span class='ocrx_word' id='word_1_141' title='bbox 1407 2055 1517 2113; x_wconf 89' lang='lat' dir='ltr'><strong>illic</strong></span> <span class='ocrx_word' id='word_1_142' title='bbox 1541 2054 1692 2119; x_wconf 83' lang='lat' dir='ltr'><strong>ﬁant,</strong></span> <span class='ocrx_word' id='word_1_143' title='bbox 1710 2051 1835 2108; x_wconf 89' lang='lat' dir='ltr'><strong>licet</strong></span> 
     </span>
    </p>
   </div>
   <div class='ocr_carea' id='block_1_20' title="bbox 222 2153 1838 2234">
    <p class='ocr_par' dir='ltr' id='par_1_20' title="bbox 222 2153 1838 2234">
     <span class='ocr_line' id='line_1_20' title="bbox 222 2153 1838 2234; baseline -0.011 -15"><span class='ocrx_word' id='word_1_144' title='bbox 222 2159 674 2234; x_wconf 83' lang='lat' dir='ltr'><strong>supplicationes,</strong></span> <span class='ocrx_word' id='word_1_145' title='bbox 707 2166 889 2213; x_wconf 86' lang='lat' dir='ltr'><strong>tamen</strong></span> <span class='ocrx_word' id='word_1_146' title='bbox 919 2154 1031 2211; x_wconf 89' lang='lat' dir='ltr'><strong>illic</strong></span> <span class='ocrx_word' id='word_1_147' title='bbox 1055 2153 1433 2209; x_wconf 88' lang='lat' dir='ltr'><strong>contentiones</strong></span> <span class='ocrx_word' id='word_1_148' title='bbox 1460 2158 1515 2206; x_wconf 92' lang='lat' dir='ltr'><strong>et</strong></span> <span class='ocrx_word' id='word_1_149' title='bbox 1550 2161 1756 2233; x_wconf 88' lang='lat' dir='ltr'><strong>pugnas</strong></span> <span class='ocrx_word' id='word_1_150' title='bbox 1780 2154 1838 2203; x_wconf 89' lang='lat' dir='ltr'><strong>et</strong></span> 
     </span>
    </p>
   </div>
   <div class='ocr_carea' id='block_1_21' title="bbox 223 2230 1838 2321">
    <p class='ocr_par' dir='ltr' id='par_1_21' title="bbox 223 2230 1838 2321">
     <span class='ocr_line' id='line_1_21' title="bbox 223 2230 1838 2321; baseline -0.011 -8"><span class='ocrx_word' id='word_1_151' title='bbox 223 2230 477 2313; x_wconf 73' lang='lat' dir='ltr'><strong>convicia</strong></span> <span class='ocrx_word' id='word_1_152' title='bbox 495 2293 513 2321; x_wconf 88' lang='lat'><strong>,</strong></span> <span class='ocrx_word' id='word_1_153' title='bbox 560 2258 970 2320; x_wconf 73' lang='lat' dir='ltr'><strong>conventusque</strong></span> <span class='ocrx_word' id='word_1_154' title='bbox 1015 2245 1132 2303; x_wconf 88' lang='lat' dir='ltr'><strong>ﬁeri</strong></span> <span class='ocrx_word' id='word_1_155' title='bbox 1188 2244 1257 2302; x_wconf 92' lang='lat' dir='ltr'><strong>de</strong></span> <span class='ocrx_word' id='word_1_156' title='bbox 1302 2230 1649 2300; x_wconf 72' lang='lat' dir='ltr'><strong>molaribus</strong></span> <span class='ocrx_word' id='word_1_157' title='bbox 1692 2240 1838 2296; x_wconf 88' lang='lat' dir='ltr'><strong>curis</strong></span> 
     </span>
    </p>
   </div>
   <div class='ocr_carea' id='block_1_22' title="bbox 228 2329 1835 2403">
    <p class='ocr_par' dir='ltr' id='par_1_22' title="bbox 228 2329 1835 2403">
     <span class='ocr_line' id='line_1_22' title="bbox 228 2329 1835 2403; baseline -0.012 1"><span class='ocrx_word' id='word_1_158' title='bbox 228 2359 459 2403; x_wconf 65' lang='lat' dir='ltr'><strong>neu-sse</strong></span> <span class='ocrx_word' id='word_1_159' title='bbox 483 2351 567 2398; x_wconf 89' lang='lat' dir='ltr'><strong>est</strong></span> <span class='ocrx_word' id='word_1_160' title='bbox 590 2359 604 2397; x_wconf 91' lang='lat'>:</span> <span class='ocrx_word' id='word_1_161' title='bbox 627 2351 682 2397; x_wconf 87' lang='lat' dir='ltr'><strong>at</strong></span> <span class='ocrx_word' id='word_1_162' title='bbox 707 2339 795 2396; x_wconf 86' lang='lat' dir='ltr'><strong>hic</strong></span> <span class='ocrx_word' id='word_1_163' title='bbox 814 2338 967 2396; x_wconf 88' lang='lat' dir='ltr'><strong>locus</strong></span> <span class='ocrx_word' id='word_1_164' title='bbox 980 2336 1048 2392; x_wconf 90' lang='lat' dir='ltr'><strong>ab</strong></span> <span class='ocrx_word' id='word_1_165' title='bbox 1074 2336 1158 2391; x_wconf 82' lang='lat' dir='ltr'><strong>bis</strong></span> <span class='ocrx_word' id='word_1_166' title='bbox 1179 2334 1431 2391; x_wconf 89' lang='lat' dir='ltr'><strong>omnibus</strong></span> <span class='ocrx_word' id='word_1_167' title='bbox 1448 2342 1533 2390; x_wconf 90' lang='lat' dir='ltr'><strong>est</strong></span> <span class='ocrx_word' id='word_1_168' title='bbox 1551 2329 1835 2393; x_wconf 77' lang='lat' dir='ltr'><strong>immunis:</strong></span> 
     </span>
    </p>
   </div>
   <div class='ocr_carea' id='block_1_23' title="bbox 232 2423 1830 2509">
    <p class='ocr_par' dir='ltr' id='par_1_23' title="bbox 232 2423 1830 2509">
     <span class='ocr_line' id='line_1_23' title="bbox 232 2423 1830 2509; baseline -0.011 -14"><span class='ocrx_word' id='word_1_169' title='bbox 232 2444 521 2509; x_wconf 74' lang='lat' dir='ltr'><strong>propterea</strong></span> <span class='ocrx_word' id='word_1_170' title='bbox 549 2439 896 2507; x_wconf 71' lang='lat' dir='ltr'><strong>peccatorum</strong></span> <span class='ocrx_word' id='word_1_171' title='bbox 925 2428 1142 2502; x_wconf 86' lang='lat' dir='ltr'><strong>quidem</strong></span> <span class='ocrx_word' id='word_1_172' title='bbox 1169 2426 1261 2484; x_wconf 88' lang='lat' dir='ltr'><strong>illa</strong></span> <span class='ocrx_word' id='word_1_173' title='bbox 1286 2434 1412 2483; x_wconf 90' lang='lat' dir='ltr'><strong>sunt</strong></span> <span class='ocrx_word' id='word_1_174' title='bbox 1452 2423 1789 2482; x_wconf 86' lang='lat' dir='ltr'><strong>tabernacula</strong></span> <span class='ocrx_word' id='word_1_175' title='bbox 1811 2465 1830 2492; x_wconf 95' lang='lat'><strong>,</strong></span> 
     </span>
    </p>
   </div>
   <div class='ocr_carea' id='block_1_24' title="bbox 230 2515 1834 2590">
    <p class='ocr_par' dir='ltr' id='par_1_24' title="bbox 230 2515 1834 2590">
     <span class='ocr_line' id='line_1_24' title="bbox 230 2515 1834 2590; baseline -0.011 -4"><span class='ocrx_word' id='word_1_176' title='bbox 230 2524 353 2585; x_wconf 62' lang='lat' dir='ltr'><strong>hoc</strong></span> <span class='ocrx_word' id='word_1_177' title='bbox 377 2540 509 2583; x_wconf 83' lang='lat' dir='ltr'><strong>vero</strong></span> <span class='ocrx_word' id='word_1_178' title='bbox 537 2524 731 2580; x_wconf 87' lang='lat' dir='ltr'><strong>domus</strong></span> <span class='ocrx_word' id='word_1_179' title='bbox 757 2527 840 2578; x_wconf 86' lang='lat' dir='ltr'><strong>est</strong></span> <span class='ocrx_word' id='word_1_180' title='bbox 868 2520 964 2577; x_wconf 82' lang='lat' dir='ltr'><strong>Dei</strong></span> <span class='ocrx_word' id='word_1_181' title='bbox 995 2537 1010 2575; x_wconf 92' lang='lat'><strong>:</strong></span> <span class='ocrx_word' id='word_1_182' title='bbox 1036 2528 1092 2576; x_wconf 86' lang='lat' dir='ltr'><strong>et</strong></span> <span class='ocrx_word' id='word_1_183' title='bbox 1118 2515 1569 2590; x_wconf 83' lang='lat' dir='ltr'><strong>quemadmodum</strong></span> <span class='ocrx_word' id='word_1_184' title='bbox 1601 2523 1786 2585; x_wconf 87' lang='lat' dir='ltr'><strong>portus</strong></span> <span class='ocrx_word' id='word_1_185' title='bbox 1803 2527 1834 2568; x_wconf 85' lang='lat' dir='ltr'><strong>a</strong></span> 
     </span>
    </p>
   </div>
   <div class='ocr_carea' id='block_1_25' title="bbox 229 2606 1842 2679">
    <p class='ocr_par' dir='ltr' id='par_1_25' title="bbox 229 2606 1842 2679">
     <span class='ocr_line' id='line_1_25' title="bbox 229 2606 1842 2679; baseline -0.012 0"><span class='ocrx_word' id='word_1_186' title='bbox 229 2621 411 2679; x_wconf 80' lang='lat' dir='ltr'><strong>ventis</strong></span> <span class='ocrx_word' id='word_1_187' title='bbox 437 2628 493 2676; x_wconf 83' lang='lat' dir='ltr'><strong>et</strong></span> <span class='ocrx_word' id='word_1_188' title='bbox 518 2614 768 2676; x_wconf 70' lang='lat' dir='ltr'><strong>ﬁuctibm</strong></span> <span class='ocrx_word' id='word_1_189' title='bbox 797 2613 944 2670; x_wconf 83' lang='lat' dir='ltr'><strong>liber</strong></span> <span class='ocrx_word' id='word_1_190' title='bbox 980 2610 1203 2668; x_wconf 89' lang='lat' dir='ltr'><strong>multam</strong></span> <span class='ocrx_word' id='word_1_191' title='bbox 1232 2609 1458 2667; x_wconf 78' lang='lat' dir='ltr'><strong>navibus</strong></span> <span class='ocrx_word' id='word_1_192' title='bbox 1481 2608 1535 2664; x_wconf 90' lang='lat' dir='ltr'><strong>in</strong></span> <span class='ocrx_word' id='word_1_193' title='bbox 1565 2622 1633 2665; x_wconf 90' lang='lat' dir='ltr'><strong>eo</strong></span> <span class='ocrx_word' id='word_1_194' title='bbox 1656 2606 1842 2663; x_wconf 89' lang='lat' dir='ltr'><strong>statio-</strong></span> 
     </span>
    </p>
   </div>
   <div class='ocr_carea' id='block_1_26' title="bbox 232 2698 1843 2781">
    <p class='ocr_par' dir='ltr' id='par_1_26' title="bbox 232 2698 1843 2781">
     <span class='ocr_line' id='line_1_26' title="bbox 232 2698 1843 2781; baseline -0.011 -10"><span class='ocrx_word' id='word_1_195' title='bbox 232 2716 363 2770; x_wconf 81' lang='lat' dir='ltr'><strong>nem</strong></span> <span class='ocrx_word' id='word_1_196' title='bbox 387 2709 713 2781; x_wconf 86' lang='lat' dir='ltr'><strong>eligentibus</strong></span> <span class='ocrx_word' id='word_1_197' title='bbox 755 2703 962 2779; x_wconf 67' lang='lat' dir='ltr'><strong>praebet</strong></span> <span class='ocrx_word' id='word_1_198' title='bbox 987 2702 1353 2767; x_wconf 87' lang='lat' dir='ltr'><strong>securitatem,</strong></span> <span class='ocrx_word' id='word_1_199' title='bbox 1379 2705 1461 2757; x_wconf 87' lang='lat' dir='ltr'><strong>sic</strong></span> <span class='ocrx_word' id='word_1_200' title='bbox 1502 2698 1755 2756; x_wconf 88' lang='lat' dir='ltr'><strong>nimirum</strong></span> <span class='ocrx_word' id='word_1_201' title='bbox 1785 2706 1843 2754; x_wconf 90' lang='lat' dir='ltr'><strong>et</strong></span> 
     </span>
    </p>
   </div>
   <div class='ocr_carea' id='block_1_27' title="bbox 235 2790 1843 2868">
    <p class='ocr_par' dir='ltr' id='par_1_27' title="bbox 235 2790 1843 2868">
     <span class='ocr_line' id='line_1_27' title="bbox 235 2790 1843 2868; baseline -0.01 -10"><span class='ocrx_word' id='word_1_202' title='bbox 235 2801 336 2859; x_wconf 73' lang='lat' dir='ltr'><strong>Dei</strong></span> <span class='ocrx_word' id='word_1_203' title='bbox 363 2800 558 2857; x_wconf 84' lang='lat' dir='ltr'><strong>domus</strong></span> <span class='ocrx_word' id='word_1_204' title='bbox 582 2808 854 2868; x_wconf 81' lang='lat' dir='ltr'><strong>tamquam</strong></span> <span class='ocrx_word' id='word_1_205' title='bbox 879 2794 950 2851; x_wconf 90' lang='lat' dir='ltr'><strong>ab</strong></span> <span class='ocrx_word' id='word_1_206' title='bbox 972 2802 1323 2850; x_wconf 73' lang='lat' dir='ltr'><strong>externorum</strong></span> <span class='ocrx_word' id='word_1_207' title='bbox 1348 2790 1685 2862; x_wconf 73' lang='lat' dir='ltr'><strong>negotiorum</strong></span> <span class='ocrx_word' id='word_1_208' title='bbox 1710 2797 1843 2843; x_wconf 82' lang='lat' dir='ltr'><strong>tem-</strong></span> 
     </span>
    </p>
   </div>
   <div class='ocr_carea' id='block_1_28' title="bbox 233 2879 1843 2967">
    <p class='ocr_par' dir='ltr' id='par_1_28' title="bbox 233 2879 1843 2967">
     <span class='ocr_line' id='line_1_28' title="bbox 233 2879 1843 2967; baseline -0.011 -17"><span class='ocrx_word' id='word_1_209' title='bbox 233 2900 449 2967; x_wconf 79' lang='lat' dir='ltr'><strong>pestate</strong></span> <span class='ocrx_word' id='word_1_210' title='bbox 485 2890 739 2958; x_wconf 85' lang='lat' dir='ltr'><strong>abreptos</strong></span> <span class='ocrx_word' id='word_1_211' title='bbox 763 2902 882 2955; x_wconf 87' lang='lat' dir='ltr'><strong>eos,</strong></span> <span class='ocrx_word' id='word_1_212' title='bbox 908 2885 1003 2957; x_wconf 88' lang='lat' dir='ltr'><strong>qui</strong></span> <span class='ocrx_word' id='word_1_213' title='bbox 1046 2883 1385 2949; x_wconf 72' lang='lat' dir='ltr'><strong>intraverint,</strong></span> <span class='ocrx_word' id='word_1_214' title='bbox 1414 2882 1467 2937; x_wconf 91' lang='lat' dir='ltr'><strong>in</strong></span> <span class='ocrx_word' id='word_1_215' title='bbox 1496 2879 1665 2935; x_wconf 85' lang='lat' dir='ltr'><strong>multa</strong></span> <span class='ocrx_word' id='word_1_216' title='bbox 1693 2880 1843 2934; x_wconf 79' lang='lat' dir='ltr'><strong>tran-</strong></span> 
     </span>
    </p>
   </div>
   <div class='ocr_carea' id='block_1_29' title="bbox 234 2972 1843 3058">
    <p class='ocr_par' dir='ltr' id='par_1_29' title="bbox 234 2972 1843 3058">
     <span class='ocr_line' id='line_1_29' title="bbox 234 2972 1843 3058; baseline -0.008 -17"><span class='ocrx_word' id='word_1_217' title='bbox 234 2984 503 3058; x_wconf 75' lang='lat' dir='ltr'><strong>qaillitatc</strong></span> <span class='ocrx_word' id='word_1_218' title='bbox 526 2982 760 3039; x_wconf 71' lang='lat' dir='ltr'><strong>collocat</strong></span> <span class='ocrx_word' id='word_1_219' title='bbox 784 2987 839 3036; x_wconf 90' lang='lat' dir='ltr'><strong>et</strong></span> <span class='ocrx_word' id='word_1_220' title='bbox 861 2976 1174 3043; x_wconf 75' lang='lat' dir='ltr'><strong>securitate,</strong></span> <span class='ocrx_word' id='word_1_221' title='bbox 1195 2987 1580 3043; x_wconf 86' lang='lat' dir='ltr'><strong>sacrorumque</strong></span> <span class='ocrx_word' id='word_1_222' title='bbox 1597 2972 1843 3043; x_wconf 89' lang='lat' dir='ltr'><strong>eloquio-</strong></span> 
     </span>
    </p>
   </div>
   <div class='ocr_carea' id='block_1_30' title="bbox 236 3062 1849 3145">
    <p class='ocr_par' dir='ltr' id='par_1_30' title="bbox 236 3062 1849 3145">
     <span class='ocr_line' id='line_1_30' title="bbox 236 3062 1849 3145; baseline -0.011 -9"><span class='ocrx_word' id='word_1_223' title='bbox 236 3094 361 3136; x_wconf 87' lang='lat' dir='ltr'><strong>rum</strong></span> <span class='ocrx_word' id='word_1_224' title='bbox 405 3074 697 3133; x_wconf 88' lang='lat' dir='ltr'><strong>auditionis</strong></span> <span class='ocrx_word' id='word_1_225' title='bbox 737 3072 1026 3145; x_wconf 85' lang='lat' dir='ltr'><strong>participes</strong></span> <span class='ocrx_word' id='word_1_226' title='bbox 1068 3068 1253 3126; x_wconf 76' lang='lat' dir='ltr'><strong>allicit.</strong></span> <span class='ocrx_word' id='word_1_227' title='bbox 1303 3066 1404 3123; x_wconf 84' lang='lat' dir='ltr'><strong>ilic</strong></span> <span class='ocrx_word' id='word_1_228' title='bbox 1444 3066 1595 3122; x_wconf 90' lang='lat' dir='ltr'><strong>locus</strong></span> <span class='ocrx_word' id='word_1_229' title='bbox 1631 3062 1849 3121; x_wconf 89' lang='lat' dir='ltr'><strong>virtutis</strong></span> 
     </span>
    </p>
   </div>
   <div class='ocr_carea' id='block_1_31' title="bbox 234 3156 1847 3238">
    <p class='ocr_par' dir='ltr' id='par_1_31' title="bbox 234 3156 1847 3238">
     <span class='ocr_line' id='line_1_31' title="bbox 234 3156 1847 3238; baseline -0.011 -10"><span class='ocrx_word' id='word_1_230' title='bbox 234 3179 324 3228; x_wconf 86' lang='lat' dir='ltr'><strong>est</strong></span> <span class='ocrx_word' id='word_1_231' title='bbox 356 3167 594 3235; x_wconf 79' lang='lat' dir='ltr'><strong>occasio,</strong></span> <span class='ocrx_word' id='word_1_232' title='bbox 640 3162 994 3238; x_wconf 65' lang='lat' dir='ltr'><strong>philosophia</strong></span> <span class='ocrx_word' id='word_1_233' title='bbox 1020 3160 1208 3218; x_wconf 88' lang='lat' dir='ltr'><strong>schola</strong></span> <span class='ocrx_word' id='word_1_234' title='bbox 1236 3178 1250 3215; x_wconf 89' lang='lat'><strong>:</strong></span> <span class='ocrx_word' id='word_1_235' title='bbox 1284 3174 1393 3215; x_wconf 89' lang='lat' dir='ltr'><strong>non</strong></span> <span class='ocrx_word' id='word_1_236' title='bbox 1418 3159 1472 3213; x_wconf 92' lang='lat' dir='ltr'><strong>in</strong></span> <span class='ocrx_word' id='word_1_237' title='bbox 1497 3156 1725 3214; x_wconf 88' lang='lat' dir='ltr'><strong>collecta</strong></span> <span class='ocrx_word' id='word_1_238' title='bbox 1753 3169 1847 3212; x_wconf 85' lang='lat' dir='ltr'><strong>so-</strong></span> 
     </span>
    </p>
   </div>
   <div class='ocr_carea' id='block_1_32' title="bbox 241 3246 1849 3329">
    <p class='ocr_par' dir='ltr' id='par_1_32' title="bbox 241 3246 1849 3329">
     <span class='ocr_line' id='line_1_32' title="bbox 241 3246 1849 3329; baseline -0.011 -10"><span class='ocrx_word' id='word_1_239' title='bbox 241 3263 380 3329; x_wconf 83' lang='lat' dir='ltr'><strong>lum,</strong></span> <span class='ocrx_word' id='word_1_240' title='bbox 409 3261 538 3316; x_wconf 89' lang='lat' dir='ltr'><strong>dum</strong></span> <span class='ocrx_word' id='word_1_241' title='bbox 583 3258 876 3327; x_wconf 74' lang='lat' dir='ltr'><strong>Scriptura:</strong></span> <span class='ocrx_word' id='word_1_242' title='bbox 917 3268 1089 3311; x_wconf 66' lang='lat' dir='ltr'><strong>sacra</strong></span> <span class='ocrx_word' id='word_1_243' title='bbox 1142 3251 1456 3317; x_wconf 81' lang='lat' dir='ltr'><strong>recitantur,</strong></span> <span class='ocrx_word' id='word_1_244' title='bbox 1506 3256 1564 3306; x_wconf 94' lang='lat' dir='ltr'><strong>et</strong></span> <span class='ocrx_word' id='word_1_245' title='bbox 1604 3246 1849 3305; x_wconf 88' lang='lat' dir='ltr'><strong>doctrina</strong></span> 
     </span>
    </p>
   </div>
   <div class='ocr_carea' id='block_1_33' title="bbox 238 3342 1849 3427">
    <p class='ocr_par' dir='ltr' id='par_1_33' title="bbox 238 3342 1849 3427">
     <span class='ocr_line' id='line_1_33' title="bbox 238 3342 1849 3427; baseline -0.011 -16"><span class='ocrx_word' id='word_1_246' title='bbox 238 3352 540 3427; x_wconf 84' lang='lat' dir='ltr'><strong>spiritualis</strong></span> <span class='ocrx_word' id='word_1_247' title='bbox 563 3348 872 3422; x_wconf 76' lang='lat' dir='ltr'><strong>porrigitur,</strong></span> <span class='ocrx_word' id='word_1_248' title='bbox 900 3362 964 3403; x_wconf 85' lang='lat' dir='ltr'><strong>ac</strong></span> <span class='ocrx_word' id='word_1_249' title='bbox 991 3342 1423 3403; x_wconf 87' lang='lat' dir='ltr'><strong>venerandorum</strong></span> <span class='ocrx_word' id='word_1_250' title='bbox 1453 3350 1661 3415; x_wconf 88' lang='lat' dir='ltr'><strong>patrum</strong></span> <span class='ocrx_word' id='word_1_251' title='bbox 1685 3354 1849 3396; x_wconf 86' lang='lat' dir='ltr'><strong>sena-</strong></span> 
     </span>
    </p>
   </div>
   <div class='ocr_carea' id='block_1_34' title="bbox 245 3433 1850 3514">
    <p class='ocr_par' dir='ltr' id='par_1_34' title="bbox 245 3433 1850 3514">
     <span class='ocr_line' id='line_1_34' title="bbox 245 3433 1850 3514; baseline -0.007 -12"><span class='ocrx_word' id='word_1_252' title='bbox 245 3458 336 3503; x_wconf 87' lang='lat' dir='ltr'><strong>tus</strong></span> <span class='ocrx_word' id='word_1_253' title='bbox 359 3443 539 3501; x_wconf 81' lang='lat' dir='ltr'><strong>adstat</strong></span> <span class='ocrx_word' id='word_1_254' title='bbox 568 3460 583 3498; x_wconf 93' lang='lat'><strong>:</strong></span> <span class='ocrx_word' id='word_1_255' title='bbox 614 3440 713 3499; x_wconf 89' lang='lat' dir='ltr'><strong>sed</strong></span> <span class='ocrx_word' id='word_1_256' title='bbox 739 3440 930 3514; x_wconf 90' lang='lat' dir='ltr'><strong>quovis</strong></span> <span class='ocrx_word' id='word_1_257' title='bbox 950 3438 1114 3496; x_wconf 87' lang='lat' dir='ltr'><strong>etiam</strong></span> <span class='ocrx_word' id='word_1_258' title='bbox 1154 3436 1362 3508; x_wconf 89' lang='lat' dir='ltr'><strong>reliquo</strong></span> <span class='ocrx_word' id='word_1_259' title='bbox 1388 3444 1655 3507; x_wconf 84' lang='lat' dir='ltr'><strong>tempore,</strong></span> <span class='ocrx_word' id='word_1_260' title='bbox 1682 3433 1850 3491; x_wconf 83' lang='lat' dir='ltr'><strong>vesti-</strong></span> 
     </span>
    </p>
   </div>
   <div class='ocr_carea' id='block_1_35' title="bbox 242 3527 1850 3606">
    <p class='ocr_par' dir='ltr' id='par_1_35' title="bbox 242 3527 1850 3606">
     <span class='ocr_line' id='line_1_35' title="bbox 242 3527 1850 3606; baseline -0.009 -11"><span class='ocrx_word' id='word_1_261' title='bbox 242 3535 373 3595; x_wconf 82' lang='lat' dir='ltr'><strong>bula</strong></span> <span class='ocrx_word' id='word_1_262' title='bbox 402 3545 610 3591; x_wconf 87' lang='lat' dir='ltr'><strong>tantum</strong></span> <span class='ocrx_word' id='word_1_263' title='bbox 640 3532 943 3606; x_wconf 70' lang='lat' dir='ltr'><strong>ingredere,</strong></span> <span class='ocrx_word' id='word_1_264' title='bbox 975 3539 1089 3587; x_wconf 91' lang='lat' dir='ltr'><strong>tum</strong></span> <span class='ocrx_word' id='word_1_265' title='bbox 1119 3537 1175 3585; x_wconf 85' lang='lat' dir='ltr'><strong>tu</strong></span> <span class='ocrx_word' id='word_1_266' title='bbox 1200 3529 1380 3586; x_wconf 90' lang='lat' dir='ltr'><strong>subito</strong></span> <span class='ocrx_word' id='word_1_267' title='bbox 1418 3527 1705 3584; x_wconf 72' lang='lat' dir='ltr'><strong>molares</strong></span> <span class='ocrx_word' id='word_1_268' title='bbox 1728 3540 1850 3582; x_wconf 87' lang='lat' dir='ltr'><strong>om-</strong></span> 
     </span>
    </p>
   </div>
   <div class='ocr_carea' id='block_1_36' title="bbox 246 3620 1853 3698">
    <p class='ocr_par' dir='ltr' id='par_1_36' title="bbox 246 3620 1853 3698">
     <span class='ocr_line' id='line_1_36' title="bbox 246 3620 1853 3698; baseline -0.009 -12"><span class='ocrx_word' id='word_1_269' title='bbox 246 3644 344 3686; x_wconf 88' lang='lat' dir='ltr'><strong>nes</strong></span> <span class='ocrx_word' id='word_1_270' title='bbox 380 3642 541 3685; x_wconf 87' lang='lat' dir='ltr'><strong>curas</strong></span> <span class='ocrx_word' id='word_1_271' title='bbox 568 3624 832 3698; x_wconf 86' lang='lat' dir='ltr'><strong>depones.</strong></span> <span class='ocrx_word' id='word_1_272' title='bbox 872 3622 1016 3679; x_wconf 85' lang='lat' dir='ltr'><strong>intra</strong></span> <span class='ocrx_word' id='word_1_273' title='bbox 1042 3623 1096 3678; x_wconf 90' lang='lat' dir='ltr'><strong>in</strong></span> <span class='ocrx_word' id='word_1_274' title='bbox 1123 3620 1467 3686; x_wconf 75' lang='lat' dir='ltr'><strong>vestibulum,</strong></span> <span class='ocrx_word' id='word_1_275' title='bbox 1497 3628 1553 3676; x_wconf 90' lang='lat' dir='ltr'><strong>et</strong></span> <span class='ocrx_word' id='word_1_276' title='bbox 1581 3628 1853 3691; x_wconf 86' lang='lat' dir='ltr'><strong>tamquam</strong></span> 
     </span>
    </p>
   </div>
   <div class='ocr_carea' id='block_1_37' title="bbox 244 3710 1855 3791">
    <p class='ocr_par' dir='ltr' id='par_1_37' title="bbox 244 3710 1855 3791">
     <span class='ocr_line' id='line_1_37' title="bbox 244 3710 1855 3791; baseline -0.006 -14"><span class='ocrx_word' id='word_1_277' title='bbox 244 3734 377 3777; x_wconf 88' lang='lat' dir='ltr'><strong>aura</strong></span> <span class='ocrx_word' id='word_1_278' title='bbox 406 3717 655 3791; x_wconf 68' lang='lat' dir='ltr'><strong>quaedam</strong></span> <span class='ocrx_word' id='word_1_279' title='bbox 693 3714 988 3789; x_wconf 82' lang='lat' dir='ltr'><strong>spiritualis</strong></span> <span class='ocrx_word' id='word_1_280' title='bbox 1015 3715 1250 3771; x_wconf 88' lang='lat' dir='ltr'><strong>animam</strong></span> <span class='ocrx_word' id='word_1_281' title='bbox 1287 3722 1433 3770; x_wconf 82' lang='lat' dir='ltr'><strong>tuam</strong></span> <span class='ocrx_word' id='word_1_282' title='bbox 1460 3710 1682 3768; x_wconf 82' lang='lat' dir='ltr'><strong>afﬁabit.</strong></span> <span class='ocrx_word' id='word_1_283' title='bbox 1726 3710 1855 3767; x_wconf 60' lang='lat' dir='ltr'><strong>Haec</strong></span> 
     </span>
    </p>
   </div>
   <div class='ocr_carea' id='block_1_38' title="bbox 247 3804 1851 3884">
    <p class='ocr_par' dir='ltr' id='par_1_38' title="bbox 247 3804 1851 3884">
     <span class='ocr_line' id='line_1_38' title="bbox 247 3804 1851 3884; baseline -0.005 -15"><span class='ocrx_word' id='word_1_284' title='bbox 247 3810 614 3884; x_wconf 82' lang='lat' dir='ltr'><strong>tranquillitas</strong></span> <span class='ocrx_word' id='word_1_285' title='bbox 641 3812 923 3866; x_wconf 86' lang='lat' dir='ltr'><strong>horrorem</strong></span> <span class='ocrx_word' id='word_1_286' title='bbox 952 3807 1163 3875; x_wconf 81' lang='lat' dir='ltr'><strong>incutit,</strong></span> <span class='ocrx_word' id='word_1_287' title='bbox 1184 3814 1239 3863; x_wconf 89' lang='lat' dir='ltr'><strong>et</strong></span> <span class='ocrx_word' id='word_1_288' title='bbox 1259 3804 1573 3877; x_wconf 84' lang='lat' dir='ltr'><strong>philosopha</strong></span> <span class='ocrx_word' id='word_1_289' title='bbox 1584 3804 1628 3860; x_wconf 93' lang='lat' dir='ltr'><strong>ri</strong></span> <span class='ocrx_word' id='word_1_290' title='bbox 1656 3804 1851 3861; x_wconf 85' lang='lat' dir='ltr'><strong>docet:</strong></span> 
     </span>
    </p>
   </div>
   <div class='ocr_carea' id='block_1_39' title="bbox 248 3894 1855 3975">
    <p class='ocr_par' dir='ltr' id='par_1_39' title="bbox 248 3894 1855 3975">
     <span class='ocr_line' id='line_1_39' title="bbox 248 3894 1855 3975; baseline -0.006 -12"><span class='ocrx_word' id='word_1_291' title='bbox 248 3914 489 3963; x_wconf 85' lang='lat' dir='ltr'><strong>mentem</strong></span> <span class='ocrx_word' id='word_1_292' title='bbox 525 3903 705 3975; x_wconf 88' lang='lat' dir='ltr'><strong>erigit,</strong></span> <span class='ocrx_word' id='word_1_293' title='bbox 737 3915 912 3973; x_wconf 85' lang='lat' dir='ltr'><strong>neque</strong></span> <span class='ocrx_word' id='word_1_294' title='bbox 954 3900 1083 3956; x_wconf 88' lang='lat' dir='ltr'><strong>sinit</strong></span> <span class='ocrx_word' id='word_1_295' title='bbox 1126 3898 1472 3971; x_wconf 71' lang='lat' dir='ltr'><strong>prasentium</strong></span> <span class='ocrx_word' id='word_1_296' title='bbox 1500 3894 1795 3962; x_wconf 88' lang='lat' dir='ltr'><strong>recordari,</strong></span> <span class='ocrx_word' id='word_1_297' title='bbox 1821 3911 1855 3953; x_wconf 90' lang='lat' dir='ltr'><strong>a</strong></span> 
     </span>
    </p>
   </div>
   <div class='ocr_carea' id='block_1_40' title="bbox 210 3986 1855 4061">
    <p class='ocr_par' dir='ltr' id='par_1_40' title="bbox 210 3986 1855 4061">
     <span class='ocr_line' id='line_1_40' title="bbox 210 3986 1855 4061; baseline -0.007 -6"><span class='ocrx_word' id='word_1_298' title='bbox 422 3996 489 4053; x_wconf 79' lang='lat' dir='ltr'><strong>in</strong></span> <span class='ocrx_word' id='word_1_299' title='bbox 516 3995 710 4051; x_wconf 66' lang='lat' dir='ltr'><strong>calum</strong></span> <span class='ocrx_word' id='word_1_300' title='bbox 739 4002 792 4051; x_wconf 92' lang='lat' dir='ltr'><strong>te</strong></span> <span class='ocrx_word' id='word_1_301' title='bbox 835 3990 1107 4048; x_wconf 75' lang='lat' dir='ltr'><strong>transfert.</strong></span> <span class='ocrx_word' id='word_1_302' title='bbox 1136 3989 1298 4059; x_wconf 82' lang='lat' dir='ltr'><strong>Quod</strong></span> <span class='ocrx_word' id='word_1_303' title='bbox 1315 3989 1361 4044; x_wconf 94' lang='lat' dir='ltr'><strong>si</strong></span> <span class='ocrx_word' id='word_1_304' title='bbox 1400 3988 1602 4059; x_wconf 84' lang='lat' dir='ltr'><strong>absque</strong></span> <span class='ocrx_word' id='word_1_305' title='bbox 1630 3986 1855 4044; x_wconf 87' lang='lat' dir='ltr'><strong>collecta</strong></span> 
     </span>
    </p>
   </div>
   <div class='ocr_carea' id='block_1_41' title="bbox 244 4079 1858 4159">
    <p class='ocr_par' dir='ltr' id='par_1_41' title="bbox 244 4079 1858 4159">
     <span class='ocr_line' id='line_1_41' title="bbox 244 4079 1858 4159; baseline -0.011 -7"><span class='ocrx_word' id='word_1_306' title='bbox 244 4098 459 4152; x_wconf 79' lang='lat' dir='ltr'><strong>tantum</strong></span> <span class='ocrx_word' id='word_1_307' title='bbox 496 4096 763 4159; x_wconf 61' lang='lat' dir='ltr'><strong>quantum</strong></span> <span class='ocrx_word' id='word_1_308' title='bbox 808 4083 959 4150; x_wconf 84' lang='lat' dir='ltr'><strong>facis,</strong></span> <span class='ocrx_word' id='word_1_309' title='bbox 1006 4082 1160 4154; x_wconf 82' lang='lat' dir='ltr'><strong>quod</strong></span> <span class='ocrx_word' id='word_1_310' title='bbox 1196 4081 1286 4137; x_wconf 85' lang='lat' dir='ltr'><strong>hic</strong></span> <span class='ocrx_word' id='word_1_311' title='bbox 1326 4079 1559 4159; x_wconf 84' lang='lat' dir='ltr'><strong>verseris</strong></span> <span class='ocrx_word' id='word_1_312' title='bbox 1579 4122 1595 4145; x_wconf 90' lang='lat'><strong>,</strong></span> <span class='ocrx_word' id='word_1_313' title='bbox 1641 4079 1858 4151; x_wconf 86' lang='lat' dir='ltr'><strong>quando</strong></span> 
     </span>
    </p>
   </div>
   <div class='ocr_carea' id='block_1_42' title="bbox 245 4168 1859 4253">
    <p class='ocr_par' dir='ltr' id='par_1_42' title="bbox 245 4168 1859 4253">
     <span class='ocr_line' id='line_1_42' title="bbox 245 4168 1859 4253; baseline -0.007 -15"><span class='ocrx_word' id='word_1_314' title='bbox 245 4178 795 4253; x_wconf 70' lang='lat' dir='ltr'><strong>undique-propheta:</strong></span> <span class='ocrx_word' id='word_1_315' title='bbox 835 4176 1090 4242; x_wconf 88' lang='lat' dir='ltr'><strong>clamant,</strong></span> <span class='ocrx_word' id='word_1_316' title='bbox 1122 4168 1338 4245; x_wconf 86' lang='lat' dir='ltr'><strong>quando</strong></span> <span class='ocrx_word' id='word_1_317' title='bbox 1360 4172 1590 4243; x_wconf 85' lang='lat' dir='ltr'><strong>apostoli</strong></span> <span class='ocrx_word' id='word_1_318' title='bbox 1629 4186 1859 4242; x_wconf 83' lang='lat' dir='ltr'><strong>evange-</strong></span> 
     </span>
    </p>
   </div>
   <div class='ocr_carea' id='block_1_43' title="bbox 248 4263 1858 4345">
    <p class='ocr_par' dir='ltr' id='par_1_43' title="bbox 248 4263 1858 4345">
     <span class='ocr_line' id='line_1_43' title="bbox 248 4263 1858 4345; baseline -0.008 -13"><span class='ocrx_word' id='word_1_319' title='bbox 248 4278 377 4332; x_wconf 87' lang='lat' dir='ltr'><strong>lium</strong></span> <span class='ocrx_word' id='word_1_320' title='bbox 398 4273 715 4345; x_wconf 65' lang='lat' dir='ltr'><strong>praedicant,</strong></span> <span class='ocrx_word' id='word_1_321' title='bbox 733 4268 948 4342; x_wconf 83' lang='lat' dir='ltr'><strong>quando</strong></span> <span class='ocrx_word' id='word_1_322' title='bbox 964 4279 1069 4324; x_wconf 90' lang='lat' dir='ltr'><strong>stat</strong></span> <span class='ocrx_word' id='word_1_323' title='bbox 1087 4267 1336 4324; x_wconf 89' lang='lat' dir='ltr'><strong>Christus</strong></span> <span class='ocrx_word' id='word_1_324' title='bbox 1349 4266 1403 4322; x_wconf 89' lang='lat' dir='ltr'><strong>in</strong></span> <span class='ocrx_word' id='word_1_325' title='bbox 1421 4264 1621 4332; x_wconf 91' lang='lat' dir='ltr'><strong>medio,</strong></span> <span class='ocrx_word' id='word_1_326' title='bbox 1643 4263 1858 4336; x_wconf 83' lang='lat' dir='ltr'><strong>quando</strong></span> 
     </span>
    </p>
   </div>
   <div class='ocr_carea' id='block_1_44' title="bbox 245 4354 1860 4441">
    <p class='ocr_par' dir='ltr' id='par_1_44' title="bbox 245 4354 1860 4441">
     <span class='ocr_line' id='line_1_44' title="bbox 245 4354 1860 4441; baseline -0.009 -18"><span class='ocrx_word' id='word_1_327' title='bbox 245 4381 370 4440; x_wconf 75' lang='lat' dir='ltr'><strong>qua:</strong></span> <span class='ocrx_word' id='word_1_328' title='bbox 399 4365 535 4421; x_wconf 87' lang='lat' dir='ltr'><strong>ﬁunt</strong></span> <span class='ocrx_word' id='word_1_329' title='bbox 562 4361 789 4441; x_wconf 69' lang='lat' dir='ltr'><strong>suscipit</strong></span> <span class='ocrx_word' id='word_1_330' title='bbox 819 4360 998 4428; x_wconf 79' lang='lat' dir='ltr'><strong>Pater,</strong></span> <span class='ocrx_word' id='word_1_331' title='bbox 1029 4358 1247 4431; x_wconf 90' lang='lat' dir='ltr'><strong>quando</strong></span> <span class='ocrx_word' id='word_1_332' title='bbox 1288 4356 1527 4413; x_wconf 72' lang='lat' dir='ltr'><strong>ltetitiam</strong></span> <span class='ocrx_word' id='word_1_333' title='bbox 1561 4370 1713 4411; x_wconf 92' lang='lat' dir='ltr'><strong>suam</strong></span> <span class='ocrx_word' id='word_1_334' title='bbox 1738 4354 1860 4425; x_wconf 87' lang='lat' dir='ltr'><strong>Spi-</strong></span> 
     </span>
    </p>
   </div>
   <div class='ocr_carea' id='block_1_45' title="bbox 249 4447 1858 4527">
    <p class='ocr_par' dir='ltr' id='par_1_45' title="bbox 249 4447 1858 4527">
     <span class='ocr_line' id='line_1_45' title="bbox 249 4447 1858 4527; baseline -0.009 -12"><span class='ocrx_word' id='word_1_335' title='bbox 249 4461 385 4515; x_wconf 87' lang='lat' dir='ltr'><strong>ritus</strong></span> <span class='ocrx_word' id='word_1_336' title='bbox 410 4463 633 4511; x_wconf 87' lang='lat' dir='ltr'><strong>sanctus</strong></span> <span class='ocrx_word' id='word_1_337' title='bbox 658 4451 916 4527; x_wconf 82' lang='lat' dir='ltr'><strong>impertit,</strong></span> <span class='ocrx_word' id='word_1_338' title='bbox 948 4459 1147 4522; x_wconf 88' lang='lat' dir='ltr'><strong>quanta</strong></span> <span class='ocrx_word' id='word_1_339' title='bbox 1170 4449 1262 4521; x_wconf 89' lang='lat' dir='ltr'><strong>qui</strong></span> <span class='ocrx_word' id='word_1_340' title='bbox 1287 4448 1485 4503; x_wconf 86' lang='lat' dir='ltr'><strong>adsunt</strong></span> <span class='ocrx_word' id='word_1_341' title='bbox 1506 4447 1733 4503; x_wconf 85' lang='lat' dir='ltr'><strong>utilitate</strong></span> <span class='ocrx_word' id='word_1_342' title='bbox 1760 4460 1858 4501; x_wconf 81' lang='lat' dir='ltr'><strong>eu-</strong></span> 
     </span>
    </p>
   </div>
   <div class='ocr_carea' id='block_1_46' title="bbox 250 4538 1858 4617">
    <p class='ocr_par' dir='ltr' id='par_1_46' title="bbox 250 4538 1858 4617">
     <span class='ocr_line' id='line_1_46' title="bbox 250 4538 1858 4617; baseline -0.01 -8"><span class='ocrx_word' id='word_1_343' title='bbox 250 4549 437 4609; x_wconf 85' lang='lat' dir='ltr'><strong>mnlati</strong></span> <span class='ocrx_word' id='word_1_344' title='bbox 454 4547 938 4617; x_wconf 88' lang='lat' dir='ltr'><strong>recedunt,quanto</strong></span> <span class='ocrx_word' id='word_1_345' title='bbox 957 4542 1155 4599; x_wconf 88' lang='lat' dir='ltr'><strong>damno</strong></span> <span class='ocrx_word' id='word_1_346' title='bbox 1172 4541 1479 4597; x_wconf 87' lang='lat' dir='ltr'><strong>afﬁciuntur</strong></span> <span class='ocrx_word' id='word_1_347' title='bbox 1502 4541 1593 4611; x_wconf 87' lang='lat' dir='ltr'><strong>qui</strong></span> <span class='ocrx_word' id='word_1_348' title='bbox 1618 4538 1858 4596; x_wconf 77' lang='lat' dir='ltr'><strong>absunt?</strong></span> 
     </span>
    </p>
   </div>
   <div class='ocr_carea' id='block_1_47' title="bbox 320 4631 1859 4708">
    <p class='ocr_par' dir='ltr' id='par_1_47' title="bbox 320 4631 1859 4708">
     <span class='ocr_line' id='line_1_47' title="bbox 320 4631 1859 4708; baseline -0.008 -10"><span class='ocrx_word' id='word_1_349' title='bbox 320 4643 424 4700; x_wconf 73' lang='lat' dir='ltr'><strong>Dei</strong></span> <span class='ocrx_word' id='word_1_350' title='bbox 464 4642 633 4697; x_wconf 67' lang='lat' dir='ltr'><strong>cuitu</strong></span> <span class='ocrx_word' id='word_1_351' title='bbox 675 4640 908 4696; x_wconf 69' lang='lat' dir='ltr'><strong>omnibus</strong></span> <span class='ocrx_word' id='word_1_352' title='bbox 953 4636 1102 4693; x_wconf 78' lang='lat' dir='ltr'><strong>rebus</strong></span> <span class='ocrx_word' id='word_1_353' title='bbox 1144 4636 1512 4708; x_wconf 68' lang='lat' dir='ltr'><strong>praeferendus.</strong></span> <span class='ocrx_word' id='word_1_354' title='bbox 1555 4662 1627 4674; x_wconf 91' lang='lat'>—</span> <span class='ocrx_word' id='word_1_355' title='bbox 1653 4631 1859 4688; x_wconf 78' lang='lat' dir='ltr'><strong>Vellem</strong></span> 
     </span>
    </p>
   </div>
   <div class='ocr_carea' id='block_1_48' title="bbox 249 4725 1863 4803">
    <p class='ocr_par' dir='ltr' id='par_1_48' title="bbox 249 4725 1863 4803">
     <span class='ocr_line' id='line_1_48' title="bbox 249 4725 1863 4803; baseline -0.008 -9"><span class='ocrx_word' id='word_1_356' title='bbox 249 4739 393 4794; x_wconf 82' lang='lat' dir='ltr'><strong>seire</strong></span> <span class='ocrx_word' id='word_1_357' title='bbox 414 4734 636 4792; x_wconf 89' lang='lat' dir='ltr'><strong>ubinam</strong></span> <span class='ocrx_word' id='word_1_358' title='bbox 666 4740 967 4799; x_wconf 80' lang='lat' dir='ltr'><strong>versentur,</strong></span> <span class='ocrx_word' id='word_1_359' title='bbox 997 4731 1088 4803; x_wconf 89' lang='lat' dir='ltr'><strong>qui</strong></span> <span class='ocrx_word' id='word_1_360' title='bbox 1118 4729 1357 4787; x_wconf 71' lang='lat' dir='ltr'><strong>collecta:</strong></span> <span class='ocrx_word' id='word_1_361' title='bbox 1389 4726 1651 4785; x_wconf 82' lang='lat' dir='ltr'><strong>interesse</strong></span> <span class='ocrx_word' id='word_1_362' title='bbox 1676 4725 1863 4797; x_wconf 84' lang='lat' dir='ltr'><strong>negle-</strong></span> 
     </span>
    </p>
   </div>
   <div class='ocr_carea' id='block_1_49' title="bbox 252 4818 1860 4897">
    <p class='ocr_par' dir='ltr' id='par_1_49' title="bbox 252 4818 1860 4897">
     <span class='ocr_line' id='line_1_49' title="bbox 252 4818 1860 4897; baseline -0.008 -12"><span class='ocrx_word' id='word_1_363' title='bbox 252 4837 478 4894; x_wconf 79' lang='lat' dir='ltr'><strong>xerunt,</strong></span> <span class='ocrx_word' id='word_1_364' title='bbox 521 4826 653 4897; x_wconf 90' lang='lat' dir='ltr'><strong>quid</strong></span> <span class='ocrx_word' id='word_1_365' title='bbox 676 4839 775 4882; x_wconf 91' lang='lat' dir='ltr'><strong>eos</strong></span> <span class='ocrx_word' id='word_1_366' title='bbox 816 4822 1128 4887; x_wconf 87' lang='lat' dir='ltr'><strong>detinuerit,</strong></span> <span class='ocrx_word' id='word_1_367' title='bbox 1173 4831 1227 4877; x_wconf 90' lang='lat' dir='ltr'><strong>et</strong></span> <span class='ocrx_word' id='word_1_368' title='bbox 1256 4820 1327 4875; x_wconf 89' lang='lat' dir='ltr'><strong>ab</strong></span> <span class='ocrx_word' id='word_1_369' title='bbox 1364 4818 1467 4875; x_wconf 87' lang='lat' dir='ltr'><strong>bac</strong></span> <span class='ocrx_word' id='word_1_370' title='bbox 1491 4833 1645 4875; x_wconf 83' lang='lat' dir='ltr'><strong>sacra</strong></span> <span class='ocrx_word' id='word_1_371' title='bbox 1674 4831 1860 4872; x_wconf 87' lang='lat' dir='ltr'><strong>mensa</strong></span> 
     </span>
    </p>
   </div>
   <div class='ocr_carea' id='block_1_50' title="bbox 253 4909 1862 4990">
    <p class='ocr_par' dir='ltr' id='par_1_50' title="bbox 253 4909 1862 4990">
     <span class='ocr_line' id='line_1_50' title="bbox 253 4909 1862 4990; baseline -0.008 -13"><span class='ocrx_word' id='word_1_372' title='bbox 253 4918 544 4986; x_wconf 83' lang='lat' dir='ltr'><strong>revocarit,</strong></span> <span class='ocrx_word' id='word_1_373' title='bbox 574 4918 645 4973; x_wconf 93' lang='lat' dir='ltr'><strong>de</strong></span> <span class='ocrx_word' id='word_1_374' title='bbox 672 4917 870 4990; x_wconf 82' lang='lat' dir='ltr'><strong>quibus</strong></span> <span class='ocrx_word' id='word_1_375' title='bbox 898 4916 1040 4971; x_wconf 87' lang='lat' dir='ltr'><strong>inter</strong></span> <span class='ocrx_word' id='word_1_376' title='bbox 1067 4929 1125 4970; x_wconf 89' lang='lat' dir='ltr'><strong>se</strong></span> <span class='ocrx_word' id='word_1_377' title='bbox 1148 4912 1545 4983; x_wconf 88' lang='lat' dir='ltr'><strong>colloquantur.</strong></span> <span class='ocrx_word' id='word_1_378' title='bbox 1590 4909 1704 4965; x_wconf 80' lang='lat' dir='ltr'><strong>lino</strong></span> <span class='ocrx_word' id='word_1_379' title='bbox 1730 4924 1862 4965; x_wconf 84' lang='lat' dir='ltr'><strong>vero</strong></span> 
     </span>
    </p>
   </div>
   <div class='ocr_carea' id='block_1_51' title="bbox 248 4998 1863 5085">
    <p class='ocr_par' dir='ltr' id='par_1_51' title="bbox 248 4998 1863 5085">
     <span class='ocr_line' id='line_1_51' title="bbox 248 4998 1863 5085; baseline -0.008 -15"><span class='ocrx_word' id='word_1_380' title='bbox 248 5013 361 5085; x_wconf 88' lang='lat' dir='ltr'><strong>jam</strong></span> <span class='ocrx_word' id='word_1_381' title='bbox 395 5010 565 5084; x_wconf 86' lang='lat' dir='ltr'><strong>probe</strong></span> <span class='ocrx_word' id='word_1_382' title='bbox 606 5006 773 5076; x_wconf 89' lang='lat' dir='ltr'><strong>novi;</strong></span> <span class='ocrx_word' id='word_1_383' title='bbox 805 5016 897 5063; x_wconf 85' lang='lat' dir='ltr'><strong>aut</strong></span> <span class='ocrx_word' id='word_1_384' title='bbox 938 5004 1084 5079; x_wconf 84' lang='lat' dir='ltr'><strong>enim</strong></span> <span class='ocrx_word' id='word_1_385' title='bbox 1111 5004 1179 5061; x_wconf 87' lang='lat' dir='ltr'><strong>de</strong></span> <span class='ocrx_word' id='word_1_386' title='bbox 1226 5000 1475 5061; x_wconf 80' lang='lat' dir='ltr'><strong>absurdis</strong></span> <span class='ocrx_word' id='word_1_387' title='bbox 1517 5016 1582 5057; x_wconf 89' lang='lat' dir='ltr'><strong>ac</strong></span> <span class='ocrx_word' id='word_1_388' title='bbox 1622 4998 1863 5057; x_wconf 85' lang='lat' dir='ltr'><strong>ridiculis</strong></span> 
     </span>
    </p>
   </div>
   <div class='ocr_carea' id='block_1_52' title="bbox 253 5094 1860 5173">
    <p class='ocr_par' dir='ltr' id='par_1_52' title="bbox 253 5094 1860 5173">
     <span class='ocr_line' id='line_1_52' title="bbox 253 5094 1860 5173; baseline -0.006 -12"><span class='ocrx_word' id='word_1_389' title='bbox 253 5104 419 5161; x_wconf 86' lang='lat' dir='ltr'><strong>rebus</strong></span> <span class='ocrx_word' id='word_1_390' title='bbox 444 5102 848 5173; x_wconf 88' lang='lat' dir='ltr'><strong>colloquuntur,</strong></span> <span class='ocrx_word' id='word_1_391' title='bbox 873 5108 968 5156; x_wconf 88' lang='lat' dir='ltr'><strong>aut</strong></span> <span class='ocrx_word' id='word_1_392' title='bbox 994 5096 1347 5155; x_wconf 71' lang='lat' dir='ltr'><strong>stecularibus</strong></span> <span class='ocrx_word' id='word_1_393' title='bbox 1368 5097 1515 5153; x_wconf 88' lang='lat' dir='ltr'><strong>curis</strong></span> <span class='ocrx_word' id='word_1_394' title='bbox 1540 5094 1685 5150; x_wconf 83' lang='lat' dir='ltr'><strong>allixi</strong></span> <span class='ocrx_word' id='word_1_395' title='bbox 1706 5102 1860 5151; x_wconf 87' lang='lat' dir='ltr'><strong>sunt:</strong></span> 
     </span>
    </p>
   </div>
   <div class='ocr_carea' id='block_1_53' title="bbox 251 5187 1863 5267">
    <p class='ocr_par' dir='ltr' id='par_1_53' title="bbox 251 5187 1863 5267">
     <span class='ocr_line' id='line_1_53' title="bbox 251 5187 1863 5267; baseline -0.007 -14"><span class='ocrx_word' id='word_1_396' title='bbox 251 5205 486 5267; x_wconf 89' lang='lat' dir='ltr'><strong>utraque</strong></span> <span class='ocrx_word' id='word_1_397' title='bbox 513 5208 676 5265; x_wconf 89' lang='lat' dir='ltr'><strong>porro</strong></span> <span class='ocrx_word' id='word_1_398' title='bbox 717 5191 871 5249; x_wconf 81' lang='lat' dir='ltr'><strong>venia</strong></span> <span class='ocrx_word' id='word_1_399' title='bbox 901 5191 1062 5262; x_wconf 88' lang='lat' dir='ltr'><strong>digna</strong></span> <span class='ocrx_word' id='word_1_400' title='bbox 1093 5205 1199 5246; x_wconf 91' lang='lat' dir='ltr'><strong>non</strong></span> <span class='ocrx_word' id='word_1_401' title='bbox 1225 5198 1310 5245; x_wconf 87' lang='lat' dir='ltr'><strong>est</strong></span> <span class='ocrx_word' id='word_1_402' title='bbox 1337 5187 1617 5258; x_wconf 86' lang='lat' dir='ltr'><strong>occupatio</strong></span> <span class='ocrx_word' id='word_1_403' title='bbox 1636 5226 1650 5253; x_wconf 93' lang='lat'><strong>,</strong></span> <span class='ocrx_word' id='word_1_404' title='bbox 1674 5194 1728 5242; x_wconf 92' lang='lat' dir='ltr'><strong>et</strong></span> <span class='ocrx_word' id='word_1_405' title='bbox 1762 5200 1863 5244; x_wconf 82' lang='lat' dir='ltr'><strong>ex-</strong></span> 
     </span>
    </p>
   </div>
   <div class='ocr_carea' id='block_1_54' title="bbox 255 5278 1862 5357">
    <p class='ocr_par' dir='ltr' id='par_1_54' title="bbox 255 5278 1862 5357">
     <span class='ocr_line' id='line_1_54' title="bbox 255 5278 1862 5357; baseline -0.005 -14"><span class='ocrx_word' id='word_1_406' title='bbox 255 5298 435 5344; x_wconf 88' lang='lat' dir='ltr'><strong>tremo</strong></span> <span class='ocrx_word' id='word_1_407' title='bbox 476 5284 743 5357; x_wconf 89' lang='lat' dir='ltr'><strong>supplicio</strong></span> <span class='ocrx_word' id='word_1_408' title='bbox 780 5293 865 5341; x_wconf 90' lang='lat' dir='ltr'><strong>est</strong></span> <span class='ocrx_word' id='word_1_409' title='bbox 908 5284 1163 5339; x_wconf 81' lang='lat' dir='ltr'><strong>obnoxia.</strong></span> <span class='ocrx_word' id='word_1_410' title='bbox 1214 5283 1294 5339; x_wconf 84' lang='lat' dir='ltr'><strong>Ac</strong></span> <span class='ocrx_word' id='word_1_411' title='bbox 1338 5279 1408 5337; x_wconf 82' lang='lat' dir='ltr'><strong>de</strong></span> <span class='ocrx_word' id='word_1_412' title='bbox 1435 5279 1604 5353; x_wconf 88' lang='lat' dir='ltr'><strong>priori</strong></span> <span class='ocrx_word' id='word_1_413' title='bbox 1646 5278 1862 5351; x_wconf 84' lang='lat' dir='ltr'><strong>quidem</strong></span> 
     </span>
    </p>
   </div>
   <div class='ocr_carea' id='block_1_55' title="bbox 256 5371 1862 5448">
    <p class='ocr_par' dir='ltr' id='par_1_55' title="bbox 256 5371 1862 5448">
     <span class='ocr_line' id='line_1_55' title="bbox 256 5371 1862 5448; baseline -0.005 -13"><span class='ocrx_word' id='word_1_414' title='bbox 256 5392 438 5448; x_wconf 81' lang='lat' dir='ltr'><strong>neque</strong></span> <span class='ocrx_word' id='word_1_415' title='bbox 483 5376 648 5432; x_wconf 88' lang='lat' dir='ltr'><strong>verba</strong></span> <span class='ocrx_word' id='word_1_416' title='bbox 678 5374 859 5432; x_wconf 86' lang='lat' dir='ltr'><strong>facere</strong></span> <span class='ocrx_word' id='word_1_417' title='bbox 898 5390 1036 5446; x_wconf 87' lang='lat' dir='ltr'><strong>opus</strong></span> <span class='ocrx_word' id='word_1_418' title='bbox 1080 5384 1184 5441; x_wconf 88' lang='lat' dir='ltr'><strong>est,</strong></span> <span class='ocrx_word' id='word_1_419' title='bbox 1230 5374 1312 5430; x_wconf 88' lang='lat' dir='ltr'><strong>vel</strong></span> <span class='ocrx_word' id='word_1_420' title='bbox 1351 5371 1862 5429; x_wconf 86' lang='lat' dir='ltr'><strong>demonstrationem</strong></span> 
     </span>
    </p>
   </div>
   <div class='ocr_carea' id='block_1_56' title="bbox 259 5463 1861 5541">
    <p class='ocr_par' dir='ltr' id='par_1_56' title="bbox 259 5463 1861 5541">
     <span class='ocr_line' id='line_1_56' title="bbox 259 5463 1861 5541; baseline -0.005 -16"><span class='ocrx_word' id='word_1_421' title='bbox 259 5471 461 5526; x_wconf 80' lang='lat' dir='ltr'><strong>aﬂ&#39;erre</strong></span> <span class='ocrx_word' id='word_1_422' title='bbox 492 5486 510 5529; x_wconf 69' lang='grc' dir='ltr'><strong><em>ι</em></strong></span> <span class='ocrx_word' id='word_1_423' title='bbox 538 5485 636 5526; x_wconf 89' lang='lat' dir='ltr'><strong>eos</strong></span> <span class='ocrx_word' id='word_1_424' title='bbox 660 5484 791 5525; x_wconf 90' lang='lat' dir='ltr'><strong>vero</strong></span> <span class='ocrx_word' id='word_1_425' title='bbox 819 5469 910 5541; x_wconf 92' lang='lat' dir='ltr'><strong>qui</strong></span> <span class='ocrx_word' id='word_1_426' title='bbox 940 5483 1028 5525; x_wconf 84' lang='lat' dir='ltr'><strong>res</strong></span> <span class='ocrx_word' id='word_1_427' title='bbox 1055 5466 1382 5524; x_wconf 84' lang='lat' dir='ltr'><strong>domesticas</strong></span> <span class='ocrx_word' id='word_1_428' title='bbox 1402 5465 1556 5521; x_wconf 86' lang='lat' dir='ltr'><strong>nobis</strong></span> <span class='ocrx_word' id='word_1_429' title='bbox 1581 5463 1861 5534; x_wconf 85' lang='lat' dir='ltr'><strong>objiciunt,</strong></span> 
     </span>
    </p>
   </div>
   <div class='ocr_carea' id='block_1_57' title="bbox 255 5558 1866 5631">
    <p class='ocr_par' dir='ltr' id='par_1_57' title="bbox 255 5558 1866 5631">
     <span class='ocr_line' id='line_1_57' title="bbox 255 5558 1866 5631; baseline -0.005 -12"><span class='ocrx_word' id='word_1_430' title='bbox 255 5571 314 5619; x_wconf 86' lang='lat' dir='ltr'><strong>et</strong></span> <span class='ocrx_word' id='word_1_431' title='bbox 341 5559 470 5616; x_wconf 84' lang='lat' dir='ltr'><strong>inde</strong></span> <span class='ocrx_word' id='word_1_432' title='bbox 485 5563 550 5617; x_wconf 86' lang='lat' dir='ltr'><strong>se</strong></span> <span class='ocrx_word' id='word_1_433' title='bbox 576 5560 899 5619; x_wconf 87' lang='lat' dir='ltr'><strong>intolerabili</strong></span> <span class='ocrx_word' id='word_1_434' title='bbox 918 5561 1092 5631; x_wconf 85' lang='lat' dir='ltr'><strong>urgeri</strong></span> <span class='ocrx_word' id='word_1_435' title='bbox 1119 5558 1439 5615; x_wconf 86' lang='lat' dir='ltr'><strong>necessitate</strong></span> <span class='ocrx_word' id='word_1_436' title='bbox 1464 5562 1773 5620; x_wconf 81' lang='lat' dir='ltr'><strong>causautur,</strong></span> <span class='ocrx_word' id='word_1_437' title='bbox 1797 5570 1866 5611; x_wconf 89' lang='lat' dir='ltr'><strong>ne</strong></span> 
     </span>
    </p>
   </div>
   <div class='ocr_carea' id='block_1_58' title="bbox 258 5646 1865 5725">
    <p class='ocr_par' dir='ltr' id='par_1_58' title="bbox 258 5646 1865 5725">
     <span class='ocr_line' id='line_1_58' title="bbox 258 5646 1865 5725; baseline -0.005 -15"><span class='ocrx_word' id='word_1_438' title='bbox 258 5654 395 5710; x_wconf 86' lang='lat' dir='ltr'><strong>istos</strong></span> <span class='ocrx_word' id='word_1_439' title='bbox 421 5651 641 5725; x_wconf 85' lang='lat' dir='ltr'><strong>quidem</strong></span> <span class='ocrx_word' id='word_1_440' title='bbox 688 5656 901 5710; x_wconf 78' lang='lat' dir='ltr'><strong>veniam</strong></span> <span class='ocrx_word' id='word_1_441' title='bbox 944 5652 1189 5710; x_wconf 88' lang='lat' dir='ltr'><strong>obtinere</strong></span> <span class='ocrx_word' id='word_1_442' title='bbox 1236 5665 1416 5722; x_wconf 84' lang='lat' dir='ltr'><strong>posse,</strong></span> <span class='ocrx_word' id='word_1_443' title='bbox 1449 5664 1572 5705; x_wconf 91' lang='lat' dir='ltr'><strong>cum</strong></span> <span class='ocrx_word' id='word_1_444' title='bbox 1615 5646 1780 5703; x_wconf 87' lang='lat' dir='ltr'><strong>semel</strong></span> <span class='ocrx_word' id='word_1_445' title='bbox 1812 5646 1865 5702; x_wconf 90' lang='lat' dir='ltr'><strong>in</strong></span> 
     </span>
    </p>
   </div>
   <div class='ocr_carea' id='block_1_59' title="bbox 256 5739 1865 5815">
    <p class='ocr_par' dir='ltr' id='par_1_59' title="bbox 256 5739 1865 5815">
     <span class='ocr_line' id='line_1_59' title="bbox 256 5739 1865 5815; baseline -0.005 -12"><span class='ocrx_word' id='word_1_446' title='bbox 256 5745 599 5805; x_wconf 84' lang='lat' dir='ltr'><strong>hebdomsda</strong></span> <span class='ocrx_word' id='word_1_447' title='bbox 627 5746 734 5803; x_wconf 83' lang='lat' dir='ltr'><strong>huc</strong></span> <span class='ocrx_word' id='word_1_448' title='bbox 761 5754 1041 5815; x_wconf 85' lang='lat' dir='ltr'><strong>vocentur,</strong></span> <span class='ocrx_word' id='word_1_449' title='bbox 1069 5761 1133 5803; x_wconf 88' lang='lat' dir='ltr'><strong>ac</strong></span> <span class='ocrx_word' id='word_1_450' title='bbox 1160 5760 1228 5803; x_wconf 89' lang='lat' dir='ltr'><strong>ne</strong></span> <span class='ocrx_word' id='word_1_451' title='bbox 1255 5754 1367 5803; x_wconf 90' lang='lat' dir='ltr'><strong>tum</strong></span> <span class='ocrx_word' id='word_1_452' title='bbox 1395 5742 1611 5815; x_wconf 90' lang='lat' dir='ltr'><strong>quidem</strong></span> <span class='ocrx_word' id='word_1_453' title='bbox 1637 5754 1726 5798; x_wconf 87' lang='lat' dir='ltr'><strong>res</strong></span> <span class='ocrx_word' id='word_1_454' title='bbox 1752 5739 1865 5811; x_wconf 89' lang='lat' dir='ltr'><strong>spi-</strong></span> 
     </span>
    </p>
   </div>
   <div class='ocr_carea' id='block_1_60' title="bbox 254 5831 1862 5910">
    <p class='ocr_par' dir='ltr' id='par_1_60' title="bbox 254 5831 1862 5910">
     <span class='ocr_line' id='line_1_60' title="bbox 254 5831 1862 5910; baseline -0.006 -12"><span class='ocrx_word' id='word_1_455' title='bbox 254 5839 485 5898; x_wconf 68' lang='grc' dir='ltr'><strong>τςωειιεε</strong></span> <span class='ocrx_word' id='word_1_456' title='bbox 524 5840 755 5898; x_wconf 74' lang='lat' dir='ltr'><strong>terrenis</strong></span> <span class='ocrx_word' id='word_1_457' title='bbox 798 5840 1065 5899; x_wconf 79' lang='lat' dir='ltr'><strong>anteferre</strong></span> <span class='ocrx_word' id='word_1_458' title='bbox 1113 5840 1422 5910; x_wconf 81' lang='lat' dir='ltr'><strong>dignentur,</strong></span> <span class='ocrx_word' id='word_1_459' title='bbox 1470 5852 1532 5890; x_wconf 79' lang='lat' dir='ltr'><strong>ex</strong></span> <span class='ocrx_word' id='word_1_460' title='bbox 1575 5831 1862 5905; x_wconf 74' lang='lat' dir='ltr'><strong>evangeliis</strong></span> 
     </span>
    </p>
   </div>
   <div class='ocr_carea' id='block_1_61' title="bbox 819 372 2920 455">
    <p class='ocr_par' dir='ltr' id='par_1_61' title="bbox 819 372 2920 455">
     <span class='ocr_line' id='line_1_61' title="bbox 819 372 2920 455; baseline -0.006 -12"><span class='ocrx_word' id='word_1_461' title='bbox 819 382 889 443; x_wconf 71' lang='lat' dir='ltr'><strong>1N</strong></span> <span class='ocrx_word' id='word_1_462' title='bbox 928 379 1156 455; x_wconf 82' lang='lat' dir='ltr'><strong>ILLUD,</strong></span> <span class='ocrx_word' id='word_1_463' title='bbox 1197 381 1475 443; x_wconf 72' lang='lat' dir='ltr'><strong>PAULUS</strong></span> <span class='ocrx_word' id='word_1_464' title='bbox 1510 379 1852 444; x_wconf 68' lang='lat' dir='ltr'><strong>VOCA&#39;I&#39;US.</strong></span> <span class='ocrx_word' id='word_1_465' title='bbox 1894 379 1988 439; x_wconf 78' lang='lat' dir='ltr'><strong>ET</strong></span> <span class='ocrx_word' id='word_1_466' title='bbox 2025 377 2120 439; x_wconf 76' lang='lat' dir='ltr'><strong>DE</strong></span> <span class='ocrx_word' id='word_1_467' title='bbox 2154 374 2415 438; x_wconf 73' lang='lat' dir='ltr'><strong>IUTAT.</strong></span> <span class='ocrx_word' id='word_1_468' title='bbox 2457 374 2788 436; x_wconf 69' lang='lat' dir='ltr'><strong>NOHINUM.</strong></span> <span class='ocrx_word' id='word_1_469' title='bbox 2830 372 2920 433; x_wconf 78' lang='lat' dir='ltr'><strong>iV.</strong></span> 
     </span>
    </p>
   </div>
   <div class='ocr_carea' id='block_1_62' title="bbox 3421 372 3526 433">
    <p class='ocr_par' dir='ltr' id='par_1_62' title="bbox 3421 372 3526 433">
     <span class='ocr_line' id='line_1_62' title="bbox 3421 372 3526 433; baseline -0.019 0"><span class='ocrx_word' id='word_1_470' title='bbox 3421 372 3526 433; x_wconf 72' lang='grc' dir='ltr'><strong>ηδ</strong></span> 
     </span>
    </p>
   </div>
   <div class='ocr_carea' id='block_1_63' title="bbox 1925 488 3529 563">
    <p class='ocr_par' dir='ltr' id='par_1_63' title="bbox 1925 488 3529 563">
     <span class='ocr_line' id='line_1_63' title="bbox 1925 488 3529 563; baseline -0.006 -11"><span class='ocrx_word' id='word_1_471' title='bbox 1925 501 2159 552; x_wconf 90' lang='lat' dir='ltr'><strong>constat.</strong></span> <span class='ocrx_word' id='word_1_472' title='bbox 2187 491 2321 550; x_wconf 74' lang='lat' dir='ltr'><strong>Nam</strong></span> <span class='ocrx_word' id='word_1_473' title='bbox 2342 500 2399 548; x_wconf 90' lang='lat' dir='ltr'><strong>et</strong></span> <span class='ocrx_word' id='word_1_474' title='bbox 2427 491 2502 547; x_wconf 92' lang='lat' dir='ltr'><strong>illi</strong></span> <span class='ocrx_word' id='word_1_475' title='bbox 2532 490 2623 563; x_wconf 91' lang='lat' dir='ltr'><strong>qui</strong></span> <span class='ocrx_word' id='word_1_476' title='bbox 2652 490 2721 546; x_wconf 93' lang='lat' dir='ltr'><strong>ad</strong></span> <span class='ocrx_word' id='word_1_477' title='bbox 2744 489 3049 562; x_wconf 88' lang='lat' dir='ltr'><strong>spirituales</strong></span> <span class='ocrx_word' id='word_1_478' title='bbox 3078 488 3288 562; x_wconf 66' lang='lat' dir='ltr'><strong>nuptias</strong></span> <span class='ocrx_word' id='word_1_479' title='bbox 3314 488 3529 546; x_wconf 76' lang='lat' dir='ltr'><strong>fuerant</strong></span> 
     </span>
    </p>
   </div>
   <div class='ocr_carea' id='block_1_64' title="bbox 1927 576 3531 656">
    <p class='ocr_par' dir='ltr' id='par_1_64' title="bbox 1927 576 3531 656">
     <span class='ocr_line' id='line_1_64' title="bbox 1927 576 3531 656; baseline -0.004 -15"><span class='ocrx_word' id='word_1_480' title='bbox 1927 583 2159 653; x_wconf 86' lang='lat' dir='ltr'><strong>invitati,</strong></span> <span class='ocrx_word' id='word_1_481' title='bbox 2180 582 2446 656; x_wconf 70' lang='lat' dir='ltr'><strong>ejusmodi</strong></span> <span class='ocrx_word' id='word_1_482' title='bbox 2466 584 2840 641; x_wconf 81' lang='lat' dir='ltr'><strong>excusationes</strong></span> <span class='ocrx_word' id='word_1_483' title='bbox 2865 578 3249 645; x_wconf 82' lang='lat' dir='ltr'><strong>obtendebant.</strong></span> <span class='ocrx_word' id='word_1_484' title='bbox 3272 576 3416 651; x_wconf 81' lang='lat' dir='ltr'><strong>quod</strong></span> <span class='ocrx_word' id='word_1_485' title='bbox 3440 577 3531 634; x_wconf 79' lang='lat' dir='ltr'><strong>hie</strong></span> 
     </span>
    </p>
   </div>
   <div class='ocr_carea' id='block_1_65' title="bbox 1926 671 3533 753">
    <p class='ocr_par' dir='ltr' id='par_1_65' title="bbox 1926 671 3533 753">
     <span class='ocr_line' id='line_1_65' title="bbox 1926 671 3533 753; baseline -0.006 -18"><span class='ocrx_word' id='word_1_486' title='bbox 1926 678 2147 753; x_wconf 84' lang='lat' dir='ltr'><strong>quidem</strong></span> <span class='ocrx_word' id='word_1_487' title='bbox 2165 677 2355 750; x_wconf 69' lang='lat' dir='ltr'><strong>iugum</strong></span> <span class='ocrx_word' id='word_1_488' title='bbox 2381 676 2624 744; x_wconf 84' lang='lat' dir='ltr'><strong>emisset,</strong></span> <span class='ocrx_word' id='word_1_489' title='bbox 2670 675 2763 733; x_wconf 89' lang='lat' dir='ltr'><strong>ille</strong></span> <span class='ocrx_word' id='word_1_490' title='bbox 2789 689 2921 732; x_wconf 90' lang='lat' dir='ltr'><strong>vero</strong></span> <span class='ocrx_word' id='word_1_491' title='bbox 2950 671 3210 746; x_wconf 67' lang='lat' dir='ltr'><strong>pra&#39;dium</strong></span> <span class='ocrx_word' id='word_1_492' title='bbox 3245 672 3348 728; x_wconf 85' lang='lat' dir='ltr'><strong>sibi</strong></span> <span class='ocrx_word' id='word_1_493' title='bbox 3377 684 3533 727; x_wconf 86' lang='lat' dir='ltr'><strong>corn-</strong></span> 
     </span>
    </p>
   </div>
   <div class='ocr_carea' id='block_1_66' title="bbox 1927 762 3531 843">
    <p class='ocr_par' dir='ltr' id='par_1_66' title="bbox 1927 762 3531 843">
     <span class='ocr_line' id='line_1_66' title="bbox 1927 762 3531 843; baseline -0.005 -14"><span class='ocrx_word' id='word_1_494' title='bbox 1927 778 2193 843; x_wconf 78' lang='lat' dir='ltr'><strong>parasset,</strong></span> <span class='ocrx_word' id='word_1_495' title='bbox 2223 769 2314 827; x_wconf 91' lang='lat' dir='ltr'><strong>llle</strong></span> <span class='ocrx_word' id='word_1_496' title='bbox 2336 783 2590 841; x_wconf 84' lang='lat' dir='ltr'><strong>sponsam</strong></span> <span class='ocrx_word' id='word_1_497' title='bbox 2613 766 2857 825; x_wconf 83' lang='lat' dir='ltr'><strong>duxisset</strong></span> <span class='ocrx_word' id='word_1_498' title='bbox 2879 765 3034 838; x_wconf 77' lang='lat' dir='ltr'><strong>(Lac.</strong></span> <span class='ocrx_word' id='word_1_499' title='bbox 3062 765 3151 823; x_wconf 71' lang='lat' dir='ltr'><strong>li.</strong></span> <span class='ocrx_word' id='word_1_500' title='bbox 3182 763 3408 837; x_wconf 63' lang='lat'><strong>18-20);</strong></span> <span class='ocrx_word' id='word_1_501' title='bbox 3430 762 3531 821; x_wconf 83' lang='lat' dir='ltr'><strong>sed</strong></span> 
     </span>
    </p>
   </div>
   <div class='ocr_carea' id='block_1_67' title="bbox 1929 853 3532 937">
    <p class='ocr_par' dir='ltr' id='par_1_67' title="bbox 1929 853 3532 937">
     <span class='ocr_line' id='line_1_67' title="bbox 1929 853 3532 937; baseline -0.007 -17"><span class='ocrx_word' id='word_1_502' title='bbox 1929 861 2101 937; x_wconf 78' lang='lat' dir='ltr'><strong>puniti</strong></span> <span class='ocrx_word' id='word_1_503' title='bbox 2145 870 2275 920; x_wconf 92' lang='lat' dir='ltr'><strong>sunt</strong></span> <span class='ocrx_word' id='word_1_504' title='bbox 2324 870 2525 918; x_wconf 68' lang='lat' dir='ltr'><strong>amen.</strong></span> <span class='ocrx_word' id='word_1_505' title='bbox 2581 858 2914 917; x_wconf 78' lang='lat' dir='ltr'><strong>Necessariae</strong></span> <span class='ocrx_word' id='word_1_506' title='bbox 2974 856 3195 925; x_wconf 85' lang='lat' dir='ltr'><strong>quidem</strong></span> <span class='ocrx_word' id='word_1_507' title='bbox 3247 863 3376 912; x_wconf 90' lang='lat' dir='ltr'><strong>sunt</strong></span> <span class='ocrx_word' id='word_1_508' title='bbox 3424 853 3532 910; x_wconf 71' lang='lat' dir='ltr'><strong>illm</strong></span> 
     </span>
    </p>
   </div>
   <div class='ocr_carea' id='block_1_68' title="bbox 1928 946 3535 1022">
    <p class='ocr_par' dir='ltr' id='par_1_68' title="bbox 1928 946 3535 1022">
     <span class='ocr_line' id='line_1_68' title="bbox 1928 946 3535 1022; baseline -0.007 -10"><span class='ocrx_word' id='word_1_509' title='bbox 1928 969 2147 1022; x_wconf 57' lang='lat' dir='ltr'><strong>causai;</strong></span> <span class='ocrx_word' id='word_1_510' title='bbox 2177 954 2275 1011; x_wconf 82' lang='lat' dir='ltr'><strong>sed</strong></span> <span class='ocrx_word' id='word_1_511' title='bbox 2299 967 2425 1009; x_wconf 85' lang='lat' dir='ltr'><strong>cum</strong></span> <span class='ocrx_word' id='word_1_512' title='bbox 2454 952 2597 1008; x_wconf 87' lang='lat' dir='ltr'><strong>Deus</strong></span> <span class='ocrx_word' id='word_1_513' title='bbox 2625 949 2835 1017; x_wconf 88' lang='lat' dir='ltr'><strong>invitat,</strong></span> <span class='ocrx_word' id='word_1_514' title='bbox 2868 949 3018 1007; x_wconf 88' lang='lat' dir='ltr'><strong>nulla</strong></span> <span class='ocrx_word' id='word_1_515' title='bbox 3045 946 3535 1006; x_wconf 83' lang='lat' dir='ltr'><strong>escusationesunt</strong></span> 
     </span>
    </p>
   </div>
   <div class='ocr_carea' id='block_1_69' title="bbox 1928 1032 3531 1119">
    <p class='ocr_par' dir='ltr' id='par_1_69' title="bbox 1928 1032 3531 1119">
     <span class='ocr_line' id='line_1_69' title="bbox 1928 1032 3531 1119; baseline -0.008 -15"><span class='ocrx_word' id='word_1_516' title='bbox 1928 1046 2109 1119; x_wconf 67' lang='lat' dir='ltr'><strong>digna</strong></span> <span class='ocrx_word' id='word_1_517' title='bbox 2136 1062 2154 1106; x_wconf 82' lang='lat'><strong>:</strong></span> <span class='ocrx_word' id='word_1_518' title='bbox 2186 1044 2301 1102; x_wconf 86' lang='lat' dir='ltr'><strong>Deo</strong></span> <span class='ocrx_word' id='word_1_519' title='bbox 2342 1058 2577 1114; x_wconf 89' lang='lat' dir='ltr'><strong>namque</strong></span> <span class='ocrx_word' id='word_1_520' title='bbox 2623 1043 2780 1099; x_wconf 83' lang='lat' dir='ltr'><strong>nobis</strong></span> <span class='ocrx_word' id='word_1_521' title='bbox 2821 1048 2949 1097; x_wconf 90' lang='lat' dir='ltr'><strong>sunt</strong></span> <span class='ocrx_word' id='word_1_522' title='bbox 2994 1040 3177 1096; x_wconf 86' lang='lat' dir='ltr'><strong>omnia</strong></span> <span class='ocrx_word' id='word_1_523' title='bbox 3222 1032 3531 1094; x_wconf 79' lang='lat' dir='ltr'><strong>necessaria</strong></span> 
     </span>
    </p>
   </div>
   <div class='ocr_carea' id='block_1_70' title="bbox 1930 1129 3532 1209">
    <p class='ocr_par' dir='ltr' id='par_1_70' title="bbox 1930 1129 3532 1209">
     <span class='ocr_line' id='line_1_70' title="bbox 1930 1129 3532 1209; baseline -0.007 -14"><span class='ocrx_word' id='word_1_524' title='bbox 1930 1136 2323 1209; x_wconf 80' lang='lat' dir='ltr'><strong>posthabeuda.</strong></span> <span class='ocrx_word' id='word_1_525' title='bbox 2352 1134 2456 1193; x_wconf 84' lang='lat' dir='ltr'><strong>Ubi</strong></span> <span class='ocrx_word' id='word_1_526' title='bbox 2484 1135 2604 1207; x_wconf 74' lang='lat' dir='ltr'><strong>eius</strong></span> <span class='ocrx_word' id='word_1_527' title='bbox 2627 1132 2822 1190; x_wconf 88' lang='lat' dir='ltr'><strong>honori</strong></span> <span class='ocrx_word' id='word_1_528' title='bbox 2846 1131 3007 1189; x_wconf 88' lang='lat' dir='ltr'><strong>fuerit</strong></span> <span class='ocrx_word' id='word_1_529' title='bbox 3035 1129 3386 1196; x_wconf 82' lang='lat' dir='ltr'><strong>satisfactum,</strong></span> <span class='ocrx_word' id='word_1_530' title='bbox 3418 1134 3532 1185; x_wconf 88' lang='lat' dir='ltr'><strong>tum</strong></span> 
     </span>
    </p>
   </div>
   <div class='ocr_carea' id='block_1_71' title="bbox 1931 1213 3536 1297">
    <p class='ocr_par' dir='ltr' id='par_1_71' title="bbox 1931 1213 3536 1297">
     <span class='ocr_line' id='line_1_71' title="bbox 1931 1213 3536 1297; baseline -0.008 -11"><span class='ocrx_word' id='word_1_531' title='bbox 1931 1229 1987 1286; x_wconf 89' lang='lat' dir='ltr'><strong>in</strong></span> <span class='ocrx_word' id='word_1_532' title='bbox 2014 1228 2119 1286; x_wconf 90' lang='lat' dir='ltr'><strong>alia</strong></span> <span class='ocrx_word' id='word_1_533' title='bbox 2146 1226 2385 1286; x_wconf 89' lang='lat' dir='ltr'><strong>studium</strong></span> <span class='ocrx_word' id='word_1_534' title='bbox 2428 1223 2791 1297; x_wconf 86' lang='lat' dir='ltr'><strong>impendatur.</strong></span> <span class='ocrx_word' id='word_1_535' title='bbox 2830 1222 2965 1293; x_wconf 84' lang='lat' dir='ltr'><strong>Quis</strong></span> <span class='ocrx_word' id='word_1_536' title='bbox 3005 1222 3187 1288; x_wconf 86' lang='lat' dir='ltr'><strong>enim,</strong></span> <span class='ocrx_word' id='word_1_537' title='bbox 3214 1213 3536 1291; x_wconf 55' lang='lat' dir='ltr'><strong>quaso,“-</strong></span> 
     </span>
    </p>
   </div>
   <div class='ocr_carea' id='block_1_72' title="bbox 1933 1309 3537 1390">
    <p class='ocr_par' dir='ltr' id='par_1_72' title="bbox 1933 1309 3537 1390">
     <span class='ocr_line' id='line_1_72' title="bbox 1933 1309 3537 1390; baseline -0.007 -13"><span class='ocrx_word' id='word_1_538' title='bbox 1933 1320 2132 1389; x_wconf 84' lang='lat' dir='ltr'><strong>mulns,</strong></span> <span class='ocrx_word' id='word_1_539' title='bbox 2146 1326 2436 1390; x_wconf 89' lang='lat' dir='ltr'><strong>antequam</strong></span> <span class='ocrx_word' id='word_1_540' title='bbox 2454 1316 2677 1375; x_wconf 89' lang='lat' dir='ltr'><strong>domino</strong></span> <span class='ocrx_word' id='word_1_541' title='bbox 2694 1315 2936 1373; x_wconf 87' lang='lat' dir='ltr'><strong>debitum</strong></span> <span class='ocrx_word' id='word_1_542' title='bbox 2955 1311 3254 1385; x_wconf 77' lang='lat' dir='ltr'><strong>expleverit</strong></span> <span class='ocrx_word' id='word_1_543' title='bbox 3280 1309 3537 1389; x_wconf 83' lang='lat' dir='ltr'><strong>ministe-</strong></span> 
     </span>
    </p>
   </div>
   <div class='ocr_carea' id='block_1_73' title="bbox 1930 1388 3537 1482">
    <p class='ocr_par' dir='ltr' id='par_1_73' title="bbox 1930 1388 3537 1482">
     <span class='ocr_line' id='line_1_73' title="bbox 1930 1388 3537 1482; baseline -0.009 -12"><span class='ocrx_word' id='word_1_544' title='bbox 1930 1415 2095 1482; x_wconf 88' lang='lat' dir='ltr'><strong>rium,</strong></span> <span class='ocrx_word' id='word_1_545' title='bbox 2120 1388 2306 1468; x_wconf 77' lang='lat' dir='ltr'><strong>domui</strong></span> <span class='ocrx_word' id='word_1_546' title='bbox 2326 1425 2442 1467; x_wconf 60' lang='lat' dir='ltr'><strong>sure</strong></span> <span class='ocrx_word' id='word_1_547' title='bbox 2474 1424 2728 1481; x_wconf 88' lang='lat' dir='ltr'><strong>umquam</strong></span> <span class='ocrx_word' id='word_1_548' title='bbox 2765 1400 3068 1480; x_wconf 89' lang='lat' dir='ltr'><strong>providebit</strong></span> <span class='ocrx_word' id='word_1_549' title='bbox 3086 1406 3112 1461; x_wconf 80' lang='lat'><strong>!</strong></span> <span class='ocrx_word' id='word_1_550' title='bbox 3133 1409 3218 1461; x_wconf 78' lang='lat' dir='ltr'><strong>An</strong></span> <span class='ocrx_word' id='word_1_551' title='bbox 3240 1388 3537 1472; x_wconf 51' lang='lat' dir='ltr'><strong>non/igitur</strong></span> 
     </span>
    </p>
   </div>
   <div class='ocr_carea' id='block_1_74' title="bbox 1934 1495 3540 1567">
    <p class='ocr_par' dir='ltr' id='par_1_74' title="bbox 1934 1495 3540 1567">
     <span class='ocr_line' id='line_1_74' title="bbox 1934 1495 3540 1567; baseline -0.009 -6"><span class='ocrx_word' id='word_1_552' title='bbox 1934 1502 2228 1561; x_wconf 78' lang='lat' dir='ltr'><strong>absurdum</strong></span> <span class='ocrx_word' id='word_1_553' title='bbox 2256 1510 2343 1559; x_wconf 90' lang='lat' dir='ltr'><strong>est</strong></span> <span class='ocrx_word' id='word_1_554' title='bbox 2384 1500 2526 1558; x_wconf 89' lang='lat' dir='ltr'><strong>inter</strong></span> <span class='ocrx_word' id='word_1_555' title='bbox 2550 1498 2819 1567; x_wconf 85' lang='lat' dir='ltr'><strong>homines,</strong></span> <span class='ocrx_word' id='word_1_556' title='bbox 2851 1498 2942 1555; x_wconf 89' lang='lat' dir='ltr'><strong>ubi</strong></span> <span class='ocrx_word' id='word_1_557' title='bbox 2980 1495 3183 1554; x_wconf 86' lang='lat' dir='ltr'><strong>nudum</strong></span> <span class='ocrx_word' id='word_1_558' title='bbox 3227 1505 3425 1549; x_wconf 82' lang='lat' dir='ltr'><strong>nomen</strong></span> <span class='ocrx_word' id='word_1_559' title='bbox 3451 1498 3540 1546; x_wconf 85' lang='lat' dir='ltr'><strong>est</strong></span> 
     </span>
    </p>
   </div>
   <div class='ocr_carea' id='block_1_75' title="bbox 1934 1584 3539 1661">
    <p class='ocr_par' dir='ltr' id='par_1_75' title="bbox 1934 1584 3539 1661">
     <span class='ocr_line' id='line_1_75' title="bbox 1934 1584 3539 1661; baseline -0.009 -9"><span class='ocrx_word' id='word_1_560' title='bbox 1934 1594 2263 1661; x_wconf 84' lang='lat' dir='ltr'><strong>dominatus,</strong></span> <span class='ocrx_word' id='word_1_561' title='bbox 2292 1601 2497 1650; x_wconf 84' lang='lat' dir='ltr'><strong>tantam</strong></span> <span class='ocrx_word' id='word_1_562' title='bbox 2532 1591 2681 1649; x_wconf 89' lang='lat' dir='ltr'><strong>beris</strong></span> <span class='ocrx_word' id='word_1_563' title='bbox 2707 1589 3063 1647; x_wconf 84' lang='lat' dir='ltr'><strong>reverentiam</strong></span> <span class='ocrx_word' id='word_1_564' title='bbox 3090 1584 3347 1644; x_wconf 79' lang='lat' dir='ltr'><strong>exhibere</strong></span> <span class='ocrx_word' id='word_1_565' title='bbox 3368 1592 3539 1653; x_wconf 87' lang='lat' dir='ltr'><strong>atque</strong></span> 
     </span>
    </p>
   </div>
   <div class='ocr_carea' id='block_1_76' title="bbox 1934 1680 3538 1746">
    <p class='ocr_par' dir='ltr' id='par_1_76' title="bbox 1934 1680 3538 1746">
     <span class='ocr_line' id='line_1_76' title="bbox 1934 1680 3538 1746; baseline -0.008 -3"><span class='ocrx_word' id='word_1_566' title='bbox 1934 1685 2297 1743; x_wconf 87' lang='lat' dir='ltr'><strong>obedientiam</strong></span> <span class='ocrx_word' id='word_1_567' title='bbox 2330 1701 2348 1746; x_wconf 84' lang='lat'><strong>:</strong></span> <span class='ocrx_word' id='word_1_568' title='bbox 2377 1699 2566 1741; x_wconf 89' lang='lat' dir='ltr'><strong>verum</strong></span> <span class='ocrx_word' id='word_1_569' title='bbox 2594 1692 2774 1740; x_wconf 87' lang='lat' dir='ltr'><strong>autem</strong></span> <span class='ocrx_word' id='word_1_570' title='bbox 2803 1680 3113 1746; x_wconf 87' lang='lat' dir='ltr'><strong>Dominum,</strong></span> <span class='ocrx_word' id='word_1_571' title='bbox 3154 1690 3265 1736; x_wconf 80' lang='lat' dir='ltr'><strong>nou</strong></span> <span class='ocrx_word' id='word_1_572' title='bbox 3292 1682 3538 1733; x_wconf 85' lang='lat' dir='ltr'><strong>nostrum</strong></span> 
     </span>
    </p>
   </div>
   <div class='ocr_carea' id='block_1_77' title="bbox 1935 1770 3540 1848">
    <p class='ocr_par' dir='ltr' id='par_1_77' title="bbox 1935 1770 3540 1848">
     <span class='ocr_line' id='line_1_77' title="bbox 1935 1770 3540 1848; baseline -0.009 -12"><span class='ocrx_word' id='word_1_573' title='bbox 1935 1780 2153 1847; x_wconf 74' lang='lat' dir='ltr'><strong>solum;</strong></span> <span class='ocrx_word' id='word_1_574' title='bbox 2194 1776 2293 1834; x_wconf 88' lang='lat' dir='ltr'><strong>sed</strong></span> <span class='ocrx_word' id='word_1_575' title='bbox 2346 1789 2705 1848; x_wconf 88' lang='lat' dir='ltr'><strong>supernarum</strong></span> <span class='ocrx_word' id='word_1_576' title='bbox 2752 1773 2914 1831; x_wconf 90' lang='lat' dir='ltr'><strong>etiam</strong></span> <span class='ocrx_word' id='word_1_577' title='bbox 2975 1770 3231 1827; x_wconf 89' lang='lat' dir='ltr'><strong>virtutum</strong></span> <span class='ocrx_word' id='word_1_578' title='bbox 3252 1807 3269 1835; x_wconf 87' lang='lat'><strong>,</strong></span> <span class='ocrx_word' id='word_1_579' title='bbox 3315 1780 3389 1824; x_wconf 89' lang='lat' dir='ltr'><strong>ne</strong></span> <span class='ocrx_word' id='word_1_580' title='bbox 3438 1780 3540 1821; x_wconf 89' lang='lat' dir='ltr'><strong>eo-</strong></span> 
     </span>
    </p>
   </div>
   <div class='ocr_carea' id='block_1_78' title="bbox 1936 1854 3541 1941">
    <p class='ocr_par' dir='ltr' id='par_1_78' title="bbox 1936 1854 3541 1941">
     <span class='ocr_line' id='line_1_78' title="bbox 1936 1854 3541 1941; baseline -0.011 -14"><span class='ocrx_word' id='word_1_581' title='bbox 1936 1870 2065 1927; x_wconf 87' lang='lat' dir='ltr'><strong>dem&#39;</strong></span> <span class='ocrx_word' id='word_1_582' title='bbox 2107 1869 2350 1941; x_wconf 79' lang='lat' dir='ltr'><strong>quidem,</strong></span> <span class='ocrx_word' id='word_1_583' title='bbox 2392 1883 2502 1940; x_wconf 92' lang='lat' dir='ltr'><strong>quo</strong></span> <span class='ocrx_word' id='word_1_584' title='bbox 2547 1879 2841 1923; x_wconf 87' lang='lat' dir='ltr'><strong>conservos</strong></span> <span class='ocrx_word' id='word_1_585' title='bbox 2887 1872 3130 1930; x_wconf 88' lang='lat' dir='ltr'><strong>nostros,</strong></span> <span class='ocrx_word' id='word_1_586' title='bbox 3165 1858 3316 1917; x_wconf 90' lang='lat' dir='ltr'><strong>cultu</strong></span> <span class='ocrx_word' id='word_1_587' title='bbox 3345 1865 3403 1913; x_wconf 92' lang='lat' dir='ltr'><strong>ct</strong></span> <span class='ocrx_word' id='word_1_588' title='bbox 3441 1854 3541 1910; x_wconf 83' lang='lat' dir='ltr'><strong>ho-</strong></span> 
     </span>
    </p>
   </div>
   <div class='ocr_carea' id='block_1_79' title="bbox 1938 1946 3540 2033">
    <p class='ocr_par' dir='ltr' id='par_1_79' title="bbox 1938 1946 3540 2033">
     <span class='ocr_line' id='line_1_79' title="bbox 1938 1946 3540 2033; baseline -0.011 -15"><span class='ocrx_word' id='word_1_589' title='bbox 1938 1976 2075 2019; x_wconf 89' lang='lat' dir='ltr'><strong>nore</strong></span> <span class='ocrx_word' id='word_1_590' title='bbox 2098 1959 2351 2033; x_wconf 79' lang='lat' dir='ltr'><strong>dignari?</strong></span> <span class='ocrx_word' id='word_1_591' title='bbox 2378 1962 2556 2030; x_wconf 80' lang='lat' dir='ltr'><strong>Atque</strong></span> <span class='ocrx_word' id='word_1_592' title='bbox 2572 1958 2777 2014; x_wconf 85' lang='lat' dir='ltr'><strong>utinam</strong></span> <span class='ocrx_word' id='word_1_593' title='bbox 2793 1954 2910 2012; x_wconf 89' lang='lat' dir='ltr'><strong>ﬁeri</strong></span> <span class='ocrx_word' id='word_1_594' title='bbox 2936 1960 3139 2025; x_wconf 82' lang='lat' dir='ltr'><strong>posset,</strong></span> <span class='ocrx_word' id='word_1_595' title='bbox 3165 1961 3226 2006; x_wconf 92' lang='lat' dir='ltr'><strong>ut</strong></span> <span class='ocrx_word' id='word_1_596' title='bbox 3247 1950 3301 2004; x_wconf 89' lang='lat' dir='ltr'><strong>in</strong></span> <span class='ocrx_word' id='word_1_597' title='bbox 3322 1946 3540 2004; x_wconf 91' lang='lat' dir='ltr'><strong>illorum</strong></span> 
     </span>
    </p>
   </div>
   <div class='ocr_carea' id='block_1_80' title="bbox 1938 2038 3540 2123">
    <p class='ocr_par' dir='ltr' id='par_1_80' title="bbox 1938 2038 3540 2123">
     <span class='ocr_line' id='line_1_80' title="bbox 1938 2038 3540 2123; baseline -0.012 -12"><span class='ocrx_word' id='word_1_598' title='bbox 1938 2052 2329 2111; x_wconf 84' lang='lat' dir='ltr'><strong>conscientiam</strong></span> <span class='ocrx_word' id='word_1_599' title='bbox 2358 2049 2729 2123; x_wconf 85' lang='lat' dir='ltr'><strong>penetraretis,</strong></span> <span class='ocrx_word' id='word_1_600' title='bbox 2761 2056 2877 2103; x_wconf 89' lang='lat' dir='ltr'><strong>tum</strong></span> <span class='ocrx_word' id='word_1_601' title='bbox 2906 2059 3038 2104; x_wconf 83' lang='lat' dir='ltr'><strong>vero</strong></span> <span class='ocrx_word' id='word_1_602' title='bbox 3077 2041 3245 2116; x_wconf 87' lang='lat' dir='ltr'><strong>probe</strong></span> <span class='ocrx_word' id='word_1_603' title='bbox 3270 2038 3540 2109; x_wconf 85' lang='lat' dir='ltr'><strong>intellige-</strong></span> 
     </span>
    </p>
   </div>
   <div class='ocr_carea' id='block_1_81' title="bbox 1940 2127 3544 2216">
    <p class='ocr_par' dir='ltr' id='par_1_81' title="bbox 1940 2127 3544 2216">
     <span class='ocr_line' id='line_1_81' title="bbox 1940 2127 3544 2216; baseline -0.011 -14"><span class='ocrx_word' id='word_1_604' title='bbox 1940 2147 2093 2214; x_wconf 89' lang='lat' dir='ltr'><strong>retis,</strong></span> <span class='ocrx_word' id='word_1_605' title='bbox 2142 2152 2277 2216; x_wconf 93' lang='lat' dir='ltr'><strong>quot</strong></span> <span class='ocrx_word' id='word_1_606' title='bbox 2315 2142 2625 2200; x_wconf 87' lang='lat' dir='ltr'><strong>vulneribus</strong></span> <span class='ocrx_word' id='word_1_607' title='bbox 2652 2128 2943 2207; x_wconf 65' lang='lat' dir='ltr'><strong>scaterent,</strong></span> <span class='ocrx_word' id='word_1_608' title='bbox 2974 2146 3108 2208; x_wconf 91' lang='lat' dir='ltr'><strong>quot</strong></span> <span class='ocrx_word' id='word_1_609' title='bbox 3146 2133 3331 2205; x_wconf 87' lang='lat' dir='ltr'><strong>spinas</strong></span> <span class='ocrx_word' id='word_1_610' title='bbox 3374 2127 3544 2186; x_wconf 55' lang='lat' dir='ltr'><strong>habe.</strong></span> 
     </span>
    </p>
   </div>
   <div class='ocr_carea' id='block_1_82' title="bbox 1942 2226 3545 2308">
    <p class='ocr_par' dir='ltr' id='par_1_82' title="bbox 1942 2226 3545 2308">
     <span class='ocr_line' id='line_1_82' title="bbox 1942 2226 3545 2308; baseline -0.013 -9"><span class='ocrx_word' id='word_1_611' title='bbox 1942 2248 2085 2299; x_wconf 83' lang='lat' dir='ltr'><strong>rent.</strong></span> <span class='ocrx_word' id='word_1_612' title='bbox 2120 2238 2190 2298; x_wconf 87' lang='lat' dir='ltr'><strong>Ut</strong></span> <span class='ocrx_word' id='word_1_613' title='bbox 2228 2238 2374 2296; x_wconf 87' lang='lat' dir='ltr'><strong>enim</strong></span> <span class='ocrx_word' id='word_1_614' title='bbox 2416 2246 2582 2305; x_wconf 85' lang='lat' dir='ltr'><strong>terra,</strong></span> <span class='ocrx_word' id='word_1_615' title='bbox 2614 2250 2735 2308; x_wconf 62' lang='lat' dir='ltr'><strong>quae</strong></span> <span class='ocrx_word' id='word_1_616' title='bbox 2783 2231 3031 2289; x_wconf 87' lang='lat' dir='ltr'><strong>manibus</strong></span> <span class='ocrx_word' id='word_1_617' title='bbox 3072 2226 3425 2301; x_wconf 85' lang='lat' dir='ltr'><strong>agricolarum</strong></span> <span class='ocrx_word' id='word_1_618' title='bbox 3449 2236 3545 2279; x_wconf 78' lang='lat' dir='ltr'><strong>ex-</strong></span> 
     </span>
    </p>
   </div>
   <div class='ocr_carea' id='block_1_83' title="bbox 1941 2315 3545 2400">
    <p class='ocr_par' dir='ltr' id='par_1_83' title="bbox 1941 2315 3545 2400">
     <span class='ocr_line' id='line_1_83' title="bbox 1941 2315 3545 2400; baseline -0.016 -5"><span class='ocrx_word' id='word_1_619' title='bbox 1941 2336 2081 2395; x_wconf 88' lang='lat' dir='ltr'><strong>culta</strong></span> <span class='ocrx_word' id='word_1_620' title='bbox 2128 2349 2236 2392; x_wconf 89' lang='lat' dir='ltr'><strong>non</strong></span> <span class='ocrx_word' id='word_1_621' title='bbox 2275 2341 2381 2400; x_wconf 87' lang='lat' dir='ltr'><strong>est,</strong></span> <span class='ocrx_word' id='word_1_622' title='bbox 2428 2331 2642 2388; x_wconf 87' lang='lat' dir='ltr'><strong>deserta</strong></span> <span class='ocrx_word' id='word_1_623' title='bbox 2686 2328 2746 2383; x_wconf 90' lang='lat' dir='ltr'><strong>ﬁt</strong></span> <span class='ocrx_word' id='word_1_624' title='bbox 2788 2336 2844 2383; x_wconf 92' lang='lat' dir='ltr'><strong>et</strong></span> <span class='ocrx_word' id='word_1_625' title='bbox 2880 2322 3137 2398; x_wconf 84' lang='lat' dir='ltr'><strong>sylvescit</strong></span> <span class='ocrx_word' id='word_1_626' title='bbox 3170 2337 3184 2377; x_wconf 88' lang='lat'><strong>:</strong></span> <span class='ocrx_word' id='word_1_627' title='bbox 3216 2315 3358 2374; x_wconf 77' lang='lat' dir='ltr'><strong>haud</strong></span> <span class='ocrx_word' id='word_1_628' title='bbox 3384 2328 3545 2373; x_wconf 81' lang='lat' dir='ltr'><strong>secus</strong></span> 
     </span>
    </p>
   </div>
   <div class='ocr_carea' id='block_1_84' title="bbox 1942 2406 3547 2499">
    <p class='ocr_par' dir='ltr' id='par_1_84' title="bbox 1942 2406 3547 2499">
     <span class='ocr_line' id='line_1_84' title="bbox 1942 2406 3547 2499; baseline -0.016 -13"><span class='ocrx_word' id='word_1_629' title='bbox 1942 2430 2145 2498; x_wconf 86' lang='lat' dir='ltr'><strong>anima,</strong></span> <span class='ocrx_word' id='word_1_630' title='bbox 2170 2442 2292 2499; x_wconf 73' lang='lat' dir='ltr'><strong>qum</strong></span> <span class='ocrx_word' id='word_1_631' title='bbox 2330 2421 2597 2497; x_wconf 85' lang='lat' dir='ltr'><strong>spirituali</strong></span> <span class='ocrx_word' id='word_1_632' title='bbox 2626 2419 2870 2478; x_wconf 88' lang='lat' dir='ltr'><strong>doctrina</strong></span> <span class='ocrx_word' id='word_1_633' title='bbox 2916 2430 3022 2472; x_wconf 91' lang='lat' dir='ltr'><strong>non</strong></span> <span class='ocrx_word' id='word_1_634' title='bbox 3055 2411 3332 2476; x_wconf 89' lang='lat' dir='ltr'><strong>imbuitur,</strong></span> <span class='ocrx_word' id='word_1_635' title='bbox 3362 2406 3547 2499; x_wconf 77' lang='lat' dir='ltr'><strong>spinas</strong></span> 
     </span>
    </p>
   </div>
   <div class='ocr_carea' id='block_1_85' title="bbox 1944 2496 3548 2587">
    <p class='ocr_par' dir='ltr' id='par_1_85' title="bbox 1944 2496 3548 2587">
     <span class='ocr_line' id='line_1_85' title="bbox 1944 2496 3548 2587; baseline -0.016 -11"><span class='ocrx_word' id='word_1_636' title='bbox 1944 2528 2000 2576; x_wconf 91' lang='lat' dir='ltr'><strong>et</strong></span> <span class='ocrx_word' id='word_1_637' title='bbox 2024 2496 2253 2575; x_wconf 80' lang='lat' dir='ltr'><strong>tribulos</strong></span> <span class='ocrx_word' id='word_1_638' title='bbox 2274 2496 2540 2587; x_wconf 83' lang='lat' dir='ltr'><strong>producit.</strong></span> <span class='ocrx_word' id='word_1_639' title='bbox 2567 2511 2627 2569; x_wconf 88' lang='lat' dir='ltr'><strong>Si</strong></span> <span class='ocrx_word' id='word_1_640' title='bbox 2642 2509 2787 2567; x_wconf 89' lang='lat' dir='ltr'><strong>enim</strong></span> <span class='ocrx_word' id='word_1_641' title='bbox 2813 2522 2914 2564; x_wconf 88' lang='lat' dir='ltr'><strong>nos</strong></span> <span class='ocrx_word' id='word_1_642' title='bbox 2934 2505 3024 2576; x_wconf 91' lang='lat' dir='ltr'><strong>qui</strong></span> <span class='ocrx_word' id='word_1_643' title='bbox 3045 2500 3286 2575; x_wconf 89' lang='lat' dir='ltr'><strong>quotidie</strong></span> <span class='ocrx_word' id='word_1_644' title='bbox 3311 2496 3548 2555; x_wconf 87' lang='lat' dir='ltr'><strong>lectione</strong></span> 
     </span>
    </p>
   </div>
   <div class='ocr_carea' id='block_1_86' title="bbox 1946 2591 3547 2684">
    <p class='ocr_par' dir='ltr' id='par_1_86' title="bbox 1946 2591 3547 2684">
     <span class='ocr_line' id='line_1_86' title="bbox 1946 2591 3547 2684; baseline -0.018 -14"><span class='ocrx_word' id='word_1_645' title='bbox 1946 2611 2330 2684; x_wconf 88' lang='lat' dir='ltr'><strong>prophetarum</strong></span> <span class='ocrx_word' id='word_1_646' title='bbox 2365 2606 2590 2664; x_wconf 82' lang='lat' dir='ltr'><strong>fruimur</strong></span> <span class='ocrx_word' id='word_1_647' title='bbox 2635 2611 2690 2660; x_wconf 92' lang='lat' dir='ltr'><strong>ct</strong></span> <span class='ocrx_word' id='word_1_648' title='bbox 2717 2600 3107 2674; x_wconf 86' lang='lat' dir='ltr'><strong>apostolorum,</strong></span> <span class='ocrx_word' id='word_1_649' title='bbox 3153 2592 3245 2648; x_wconf 80' lang='lat' dir='ltr'><strong>vis</strong></span> <span class='ocrx_word' id='word_1_650' title='bbox 3287 2591 3547 2684; x_wconf 77' lang='lat' dir='ltr'><strong>impetum</strong></span> 
     </span>
    </p>
   </div>
   <div class='ocr_carea' id='block_1_87' title="bbox 1945 2680 3551 2766">
    <p class='ocr_par' dir='ltr' id='par_1_87' title="bbox 1945 2680 3551 2766">
     <span class='ocr_line' id='line_1_87' title="bbox 1945 2680 3551 2766; baseline -0.017 -6"><span class='ocrx_word' id='word_1_651' title='bbox 1945 2680 2111 2760; x_wconf 81' lang='lat' dir='ltr'><strong>animi</strong></span> <span class='ocrx_word' id='word_1_652' title='bbox 2132 2701 2473 2766; x_wconf 87' lang='lat' dir='ltr'><strong>cohibcmus,</strong></span> <span class='ocrx_word' id='word_1_653' title='bbox 2499 2697 2591 2753; x_wconf 81' lang='lat' dir='ltr'><strong>vix</strong></span> <span class='ocrx_word' id='word_1_654' title='bbox 2606 2695 2740 2750; x_wconf 89' lang='lat' dir='ltr'><strong>iram</strong></span> <span class='ocrx_word' id='word_1_655' title='bbox 2770 2690 3069 2753; x_wconf 87' lang='lat' dir='ltr'><strong>frenamus,</strong></span> <span class='ocrx_word' id='word_1_656' title='bbox 3090 2686 3180 2740; x_wconf 82' lang='lat' dir='ltr'><strong>vix</strong></span> <span class='ocrx_word' id='word_1_657' title='bbox 3203 2680 3551 2753; x_wconf 87' lang='lat' dir='ltr'><strong>cupiditatem</strong></span> 
     </span>
    </p>
   </div>
   <div class='ocr_carea' id='block_1_88' title="bbox 1948 2771 3555 2865">
    <p class='ocr_par' dir='ltr' id='par_1_88' title="bbox 1948 2771 3555 2865">
     <span class='ocr_line' id='line_1_88' title="bbox 1948 2771 3555 2865; baseline -0.018 -12"><span class='ocrx_word' id='word_1_658' title='bbox 1948 2792 2311 2865; x_wconf 85' lang='lat' dir='ltr'><strong>reprimimus,</strong></span> <span class='ocrx_word' id='word_1_659' title='bbox 2342 2791 2432 2845; x_wconf 80' lang='lat' dir='ltr'><strong>vix</strong></span> <span class='ocrx_word' id='word_1_660' title='bbox 2467 2785 2684 2844; x_wconf 68' lang='lat' dir='ltr'><strong>invidite</strong></span> <span class='ocrx_word' id='word_1_661' title='bbox 2728 2782 2903 2841; x_wconf 86' lang='lat' dir='ltr'><strong>tabem</strong></span> <span class='ocrx_word' id='word_1_662' title='bbox 2945 2775 3280 2850; x_wconf 85' lang='lat' dir='ltr'><strong>repellimus,</strong></span> <span class='ocrx_word' id='word_1_663' title='bbox 3310 2771 3440 2829; x_wconf 90' lang='lat' dir='ltr'><strong>licet</strong></span> <span class='ocrx_word' id='word_1_664' title='bbox 3464 2784 3555 2865; x_wconf 74' lang='lat' dir='ltr'><strong>as-</strong></span> 
     </span>
    </p>
   </div>
   <div class='ocr_carea' id='block_1_89' title="bbox 1948 2861 3556 2947">
    <p class='ocr_par' dir='ltr' id='par_1_89' title="bbox 1948 2861 3556 2947">
     <span class='ocr_line' id='line_1_89' title="bbox 1948 2861 3556 2947; baseline -0.017 -4"><span class='ocrx_word' id='word_1_665' title='bbox 1948 2861 2099 2943; x_wconf 82' lang='lat' dir='ltr'><strong>sidua</strong></span> <span class='ocrx_word' id='word_1_666' title='bbox 2127 2883 2366 2941; x_wconf 81' lang='lat' dir='ltr'><strong>carmina</strong></span> <span class='ocrx_word' id='word_1_667' title='bbox 2392 2896 2459 2936; x_wconf 81' lang='lat' dir='ltr'><strong>ex</strong></span> <span class='ocrx_word' id='word_1_668' title='bbox 2485 2876 2781 2947; x_wconf 88' lang='lat' dir='ltr'><strong>Scripturis</strong></span> <span class='ocrx_word' id='word_1_669' title='bbox 2809 2873 2977 2930; x_wconf 89' lang='lat' dir='ltr'><strong>sacris</strong></span> <span class='ocrx_word' id='word_1_670' title='bbox 3010 2870 3330 2941; x_wconf 81' lang='lat' dir='ltr'><strong>deprompta</strong></span> <span class='ocrx_word' id='word_1_671' title='bbox 3354 2861 3556 2920; x_wconf 83' lang='lat' dir='ltr'><strong>nostris</strong></span> 
     </span>
    </p>
   </div>
   <div class='ocr_carea' id='block_1_90' title="bbox 1952 2953 3559 3050">
    <p class='ocr_par' dir='ltr' id='par_1_90' title="bbox 1952 2953 3559 3050">
     <span class='ocr_line' id='line_1_90' title="bbox 1952 2953 3559 3050; baseline -0.016 -17"><span class='ocrx_word' id='word_1_672' title='bbox 1952 2974 2445 3050; x_wconf 88' lang='lat' dir='ltr'><strong>perturbationibus</strong></span> <span class='ocrx_word' id='word_1_673' title='bbox 2495 2971 2840 3033; x_wconf 83' lang='lat' dir='ltr'><strong>oecinamus,</strong></span> <span class='ocrx_word' id='word_1_674' title='bbox 2895 2964 2983 3020; x_wconf 78' lang='lat' dir='ltr'><strong>vis</strong></span> <span class='ocrx_word' id='word_1_675' title='bbox 3034 2957 3374 3050; x_wconf 85' lang='lat' dir='ltr'><strong>impudentes</strong></span> <span class='ocrx_word' id='word_1_676' title='bbox 3423 2953 3559 3050; x_wconf 73' lang='lat' dir='ltr'><strong>istas</strong></span> 
     </span>
    </p>
   </div>
   <div class='ocr_carea' id='block_1_91' title="bbox 1951 3041 3558 3129">
    <p class='ocr_par' dir='ltr' id='par_1_91' title="bbox 1951 3041 3558 3129">
     <span class='ocr_line' id='line_1_91' title="bbox 1951 3041 3558 3129; baseline -0.02 0"><span class='ocrx_word' id='word_1_677' title='bbox 1951 3041 2160 3128; x_wconf 79' lang='lat' dir='ltr'><strong>belluas</strong></span> <span class='ocrx_word' id='word_1_678' title='bbox 2188 3066 2506 3122; x_wconf 89' lang='lat' dir='ltr'><strong>cohibemus</strong></span> <span class='ocrx_word' id='word_1_679' title='bbox 2534 3080 2552 3119; x_wconf 87' lang='lat'><strong>:</strong></span> <span class='ocrx_word' id='word_1_680' title='bbox 2581 3061 2688 3117; x_wconf 84' lang='lat' dir='ltr'><strong>illis</strong></span> <span class='ocrx_word' id='word_1_681' title='bbox 2730 3058 2929 3129; x_wconf 84' lang='lat' dir='ltr'><strong>quibus</strong></span> <span class='ocrx_word' id='word_1_682' title='bbox 2953 3063 3247 3123; x_wconf 89' lang='lat' dir='ltr'><strong>numquam</strong></span> <span class='ocrx_word' id='word_1_683' title='bbox 3288 3041 3558 3119; x_wconf 81' lang='lat' dir='ltr'><strong>ejusmodi</strong></span> 
     </span>
    </p>
   </div>
   <div class='ocr_carea' id='block_1_92' title="bbox 1952 3135 3557 3221">
    <p class='ocr_par' dir='ltr' id='par_1_92' title="bbox 1952 3135 3557 3221">
     <span class='ocr_line' id='line_1_92' title="bbox 1952 3135 3557 3221; baseline -0.019 -3"><span class='ocrx_word' id='word_1_684' title='bbox 1952 3157 2304 3218; x_wconf 75' lang='lat' dir='ltr'><strong>est‘adhibita</strong></span> <span class='ocrx_word' id='word_1_685' title='bbox 2329 3153 2622 3221; x_wconf 85' lang='lat' dir='ltr'><strong>medicina,</strong></span> <span class='ocrx_word' id='word_1_686' title='bbox 2672 3164 2847 3221; x_wconf 91' lang='lat' dir='ltr'><strong>neque</strong></span> <span class='ocrx_word' id='word_1_687' title='bbox 2891 3145 3127 3201; x_wconf 90' lang='lat' dir='ltr'><strong>divinam</strong></span> <span class='ocrx_word' id='word_1_688' title='bbox 3157 3135 3557 3213; x_wconf 82' lang='lat' dir='ltr'><strong>philosophiam</strong></span> 
     </span>
    </p>
   </div>
   <div class='ocr_carea' id='block_1_93' title="bbox 1952 3226 3560 3320">
    <p class='ocr_par' dir='ltr' id='par_1_93' title="bbox 1952 3226 3560 3320">
     <span class='ocr_line' id='line_1_93' title="bbox 1952 3226 3560 3320; baseline -0.019 -9"><span class='ocrx_word' id='word_1_689' title='bbox 1952 3252 2296 3317; x_wconf 86' lang='lat' dir='ltr'><strong>audiverunt,</strong></span> <span class='ocrx_word' id='word_1_690' title='bbox 2346 3263 2465 3320; x_wconf 69' lang='lat' dir='ltr'><strong>qua:</strong></span> <span class='ocrx_word' id='word_1_691' title='bbox 2509 3242 2719 3307; x_wconf 86' lang='lat' dir='ltr'><strong>salutis,</strong></span> <span class='ocrx_word' id='word_1_692' title='bbox 2768 3253 2973 3311; x_wconf 65' lang='lat' dir='ltr'><strong>quaeso,</strong></span> <span class='ocrx_word' id='word_1_693' title='bbox 3017 3249 3143 3308; x_wconf 85' lang='lat' dir='ltr'><strong>spes</strong></span> <span class='ocrx_word' id='word_1_694' title='bbox 3179 3240 3265 3288; x_wconf 88' lang='lat' dir='ltr'><strong>est</strong></span> <span class='ocrx_word' id='word_1_695' title='bbox 3303 3226 3560 3320; x_wconf 82' lang='lat' dir='ltr'><strong>reliqua?</strong></span> 
     </span>
    </p>
   </div>
   <div class='ocr_carea' id='block_1_94' title="bbox 1942 3319 3561 3403">
    <p class='ocr_par' dir='ltr' id='par_1_94' title="bbox 1942 3319 3561 3403">
     <span class='ocr_line' id='line_1_94' title="bbox 1942 3319 3561 3403; baseline -0.019 1"><span class='ocrx_word' id='word_1_696' title='bbox 1942 3345 2164 3403; x_wconf 77' lang='lat' dir='ltr'><strong>&#39;Velletn</strong></span> <span class='ocrx_word' id='word_1_697' title='bbox 2212 3341 2344 3398; x_wconf 89' lang='lat' dir='ltr'><strong>mihi</strong></span> <span class='ocrx_word' id='word_1_698' title='bbox 2367 3319 2572 3397; x_wconf 73' lang='lat' dir='ltr'><strong>liceret</strong></span> <span class='ocrx_word' id='word_1_699' title='bbox 2611 3335 2849 3392; x_wconf 78' lang='lat' dir='ltr'><strong>animum</strong></span> <span class='ocrx_word' id='word_1_700' title='bbox 2890 3330 3102 3387; x_wconf 90' lang='lat' dir='ltr'><strong>illorum</strong></span> <span class='ocrx_word' id='word_1_701' title='bbox 3146 3322 3320 3381; x_wconf 89' lang='lat' dir='ltr'><strong>oculis</strong></span> <span class='ocrx_word' id='word_1_702' title='bbox 3364 3319 3561 3377; x_wconf 75' lang='lat' dir='ltr'><strong>vestris</strong></span> 
     </span>
    </p>
   </div>
   <div class='ocr_carea' id='block_1_95' title="bbox 1955 3415 3562 3508">
    <p class='ocr_par' dir='ltr' id='par_1_95' title="bbox 1955 3415 3562 3508">
     <span class='ocr_line' id='line_1_95' title="bbox 1955 3415 3562 3508; baseline -0.017 -13"><span class='ocrx_word' id='word_1_703' title='bbox 1955 3437 2245 3508; x_wconf 84' lang='lat' dir='ltr'><strong>subjicere,</strong></span> <span class='ocrx_word' id='word_1_704' title='bbox 2273 3442 2386 3500; x_wconf 86' lang='lat' dir='ltr'><strong>tum</strong></span> <span class='ocrx_word' id='word_1_705' title='bbox 2412 3430 2557 3487; x_wconf 87' lang='lat' dir='ltr'><strong>illam</strong></span> <span class='ocrx_word' id='word_1_706' title='bbox 2580 3436 2635 3485; x_wconf 92' lang='lat' dir='ltr'><strong>et</strong></span> <span class='ocrx_word' id='word_1_707' title='bbox 2662 3422 2937 3483; x_wconf 85' lang='lat' dir='ltr'><strong>sordidam</strong></span> <span class='ocrx_word' id='word_1_708' title='bbox 2962 3429 3018 3479; x_wconf 90' lang='lat' dir='ltr'><strong>et</strong></span> <span class='ocrx_word' id='word_1_709' title='bbox 3043 3415 3406 3491; x_wconf 83' lang='lat' dir='ltr'><strong>squalentem,</strong></span> <span class='ocrx_word' id='word_1_710' title='bbox 3430 3425 3562 3508; x_wconf 74' lang='lat' dir='ltr'><strong>cou-</strong></span> 
     </span>
    </p>
   </div>
   <div class='ocr_carea' id='block_1_96' title="bbox 1957 3504 3561 3596">
    <p class='ocr_par' dir='ltr' id='par_1_96' title="bbox 1957 3504 3561 3596">
     <span class='ocr_line' id='line_1_96' title="bbox 1957 3504 3561 3596; baseline -0.018 -10"><span class='ocrx_word' id='word_1_711' title='bbox 1957 3504 2132 3586; x_wconf 74' lang='lat' dir='ltr'><strong>fusam</strong></span> <span class='ocrx_word' id='word_1_712' title='bbox 2176 3535 2233 3585; x_wconf 89' lang='lat' dir='ltr'><strong>et</strong></span> <span class='ocrx_word' id='word_1_713' title='bbox 2270 3523 2533 3596; x_wconf 79' lang='lat' dir='ltr'><strong>abjectam</strong></span> <span class='ocrx_word' id='word_1_714' title='bbox 2578 3533 2644 3575; x_wconf 90' lang='lat' dir='ltr'><strong>ac</strong></span> <span class='ocrx_word' id='word_1_715' title='bbox 2683 3515 2892 3589; x_wconf 85' lang='lat' dir='ltr'><strong>pudore</strong></span> <span class='ocrx_word' id='word_1_716' title='bbox 2934 3510 3191 3568; x_wconf 71' lang='lat' dir='ltr'><strong>sudusam</strong></span> <span class='ocrx_word' id='word_1_717' title='bbox 3238 3504 3561 3563; x_wconf 87' lang='lat' dir='ltr'><strong>cerneretis.</strong></span> 
     </span>
    </p>
   </div>
   <div class='ocr_carea' id='block_1_97' title="bbox 1956 3604 3563 3691">
    <p class='ocr_par' dir='ltr' id='par_1_97' title="bbox 1956 3604 3563 3691">
     <span class='ocr_line' id='line_1_97' title="bbox 1956 3604 3563 3691; baseline -0.02 -12"><span class='ocrx_word' id='word_1_718' title='bbox 1956 3620 2093 3678; x_wconf 75' lang='lat' dir='ltr'><strong>Nam</strong></span> <span class='ocrx_word' id='word_1_719' title='bbox 2116 3612 2571 3691; x_wconf 88' lang='lat' dir='ltr'><strong>quemadmodum</strong></span> <span class='ocrx_word' id='word_1_720' title='bbox 2587 3624 2710 3682; x_wconf 75' lang='lat' dir='ltr'><strong>qua:</strong></span> <span class='ocrx_word' id='word_1_721' title='bbox 2734 3604 2942 3663; x_wconf 76' lang='lat' dir='ltr'><strong>balneis</strong></span> <span class='ocrx_word' id='word_1_722' title='bbox 2963 3616 3071 3658; x_wconf 89' lang='lat' dir='ltr'><strong>non</strong></span> <span class='ocrx_word' id='word_1_723' title='bbox 3092 3605 3316 3656; x_wconf 89' lang='lat' dir='ltr'><strong>utuntur</strong></span> <span class='ocrx_word' id='word_1_724' title='bbox 3331 3609 3563 3691; x_wconf 77' lang='lat' dir='ltr'><strong>corpora</strong></span> 
     </span>
    </p>
   </div>
   <div class='ocr_carea' id='block_1_98' title="bbox 1958 3682 3559 3784">
    <p class='ocr_par' dir='ltr' id='par_1_98' title="bbox 1958 3682 3559 3784">
     <span class='ocr_line' id='line_1_98' title="bbox 1958 3682 3559 3784; baseline -0.019 -15"><span class='ocrx_word' id='word_1_725' title='bbox 1958 3682 2210 3784; x_wconf 75' lang='lat' dir='ltr'><strong>squalore</strong></span> <span class='ocrx_word' id='word_1_726' title='bbox 2249 3722 2316 3764; x_wconf 91' lang='lat' dir='ltr'><strong>ac</strong></span> <span class='ocrx_word' id='word_1_727' title='bbox 2339 3704 2590 3763; x_wconf 86' lang='lat' dir='ltr'><strong>sordibus</strong></span> <span class='ocrx_word' id='word_1_728' title='bbox 2632 3698 2815 3757; x_wconf 87' lang='lat' dir='ltr'><strong>multis</strong></span> <span class='ocrx_word' id='word_1_729' title='bbox 2864 3700 3120 3753; x_wconf 83' lang='lat' dir='ltr'><strong>scatent:</strong></span> <span class='ocrx_word' id='word_1_730' title='bbox 3151 3691 3374 3784; x_wconf 31' lang='lat' dir='ltr'><strong>ita-quae</strong></span> <span class='ocrx_word' id='word_1_731' title='bbox 3399 3682 3559 3784; x_wconf 68' lang='lat' dir='ltr'><strong>spiri-</strong></span> 
     </span>
    </p>
   </div>
   <div class='ocr_carea' id='block_1_99' title="bbox 1963 3772 3566 3861">
    <p class='ocr_par' dir='ltr' id='par_1_99' title="bbox 1963 3772 3566 3861">
     <span class='ocr_line' id='line_1_99' title="bbox 1963 3772 3566 3861; baseline -0.019 -1"><span class='ocrx_word' id='word_1_732' title='bbox 1963 3772 2095 3861; x_wconf 70' lang='lat' dir='ltr'><strong>ttiali</strong></span> <span class='ocrx_word' id='word_1_733' title='bbox 2120 3798 2365 3858; x_wconf 89' lang='lat' dir='ltr'><strong>doctrina</strong></span> <span class='ocrx_word' id='word_1_734' title='bbox 2386 3793 2600 3853; x_wconf 77' lang='lat' dir='ltr'><strong>exculta</strong></span> <span class='ocrx_word' id='word_1_735' title='bbox 2629 3805 2739 3849; x_wconf 88' lang='lat' dir='ltr'><strong>non</strong></span> <span class='ocrx_word' id='word_1_736' title='bbox 2762 3796 2847 3847; x_wconf 86' lang='lat' dir='ltr'><strong>est</strong></span> <span class='ocrx_word' id='word_1_737' title='bbox 2872 3786 3072 3851; x_wconf 87' lang='lat' dir='ltr'><strong>anima,</strong></span> <span class='ocrx_word' id='word_1_738' title='bbox 3101 3779 3285 3837; x_wconf 90' lang='lat' dir='ltr'><strong>multis</strong></span> <span class='ocrx_word' id='word_1_739' title='bbox 3312 3772 3566 3833; x_wconf 87' lang='lat' dir='ltr'><strong>sordibus</strong></span> 
     </span>
    </p>
   </div>
   <div class='ocr_carea' id='block_1_100' title="bbox 1960 3865 3565 3968">
    <p class='ocr_par' dir='ltr' id='par_1_100' title="bbox 1960 3865 3565 3968">
     <span class='ocr_line' id='line_1_100' title="bbox 1960 3865 3565 3968; baseline -0.021 -14"><span class='ocrx_word' id='word_1_740' title='bbox 1960 3902 2303 3968; x_wconf 84' lang='lat' dir='ltr'><strong>peccatorum</strong></span> <span class='ocrx_word' id='word_1_741' title='bbox 2336 3898 2420 3947; x_wconf 91' lang='lat' dir='ltr'><strong>est</strong></span> <span class='ocrx_word' id='word_1_742' title='bbox 2446 3887 2642 3944; x_wconf 88' lang='lat' dir='ltr'><strong>obsita.</strong></span> <span class='ocrx_word' id='word_1_743' title='bbox 2673 3882 2814 3941; x_wconf 84' lang='lat' dir='ltr'><strong>Sunt</strong></span> <span class='ocrx_word' id='word_1_744' title='bbox 2839 3879 2984 3936; x_wconf 82' lang='lat' dir='ltr'><strong>enim</strong></span> <span class='ocrx_word' id='word_1_745' title='bbox 3294 3865 3565 3968; x_wconf 71' lang='lat' dir='ltr'><strong>quoddam</strong></span> 
     </span>
    </p>
   </div>
   <div class='ocr_carea' id='block_1_101' title="bbox 1961 3956 3568 4060">
    <p class='ocr_par' dir='ltr' id='par_1_101' title="bbox 1961 3956 3568 4060">
     <span class='ocr_line' id='line_1_101' title="bbox 1961 3956 3568 4060; baseline -0.019 -17"><span class='ocrx_word' id='word_1_746' title='bbox 1961 3956 2239 4060; x_wconf 69' lang='lat' dir='ltr'><strong>spirituale</strong></span> <span class='ocrx_word' id='word_1_747' title='bbox 2265 3996 2388 4053; x_wconf 74' lang='lat' dir='ltr'><strong>qua:</strong></span> <span class='ocrx_word' id='word_1_748' title='bbox 2413 3977 2503 4035; x_wconf 87' lang='lat' dir='ltr'><strong>hic</strong></span> <span class='ocrx_word' id='word_1_749' title='bbox 2529 3977 2687 4041; x_wconf 84' lang='lat' dir='ltr'><strong>ﬁunt,</strong></span> <span class='ocrx_word' id='word_1_750' title='bbox 2713 3970 2860 4045; x_wconf 89' lang='lat' dir='ltr'><strong>quod</strong></span> <span class='ocrx_word' id='word_1_751' title='bbox 2897 3968 3080 4060; x_wconf 87' lang='lat' dir='ltr'><strong>calore</strong></span> <span class='ocrx_word' id='word_1_752' title='bbox 3116 3956 3568 4060; x_wconf 42' lang='lat' dir='ltr'><strong>Spiritus‘sordcs</strong></span> 
     </span>
    </p>
   </div>
   <div class='ocr_carea' id='block_1_102' title="bbox 1962 4050 3569 4145">
    <p class='ocr_par' dir='ltr' id='par_1_102' title="bbox 1962 4050 3569 4145">
     <span class='ocr_line' id='line_1_102' title="bbox 1962 4050 3569 4145; baseline -0.019 -10"><span class='ocrx_word' id='word_1_753' title='bbox 1962 4050 2153 4135; x_wconf 68' lang='lat' dir='ltr'><strong>omnes</strong></span> <span class='ocrx_word' id='word_1_754' title='bbox 2174 4050 2470 4145; x_wconf 79' lang='lat' dir='ltr'><strong>abstergit;</strong></span> <span class='ocrx_word' id='word_1_755' title='bbox 2493 4070 2604 4125; x_wconf 85' lang='lat' dir='ltr'><strong>imo</strong></span> <span class='ocrx_word' id='word_1_756' title='bbox 2628 4079 2758 4123; x_wconf 89' lang='lat' dir='ltr'><strong>vero</strong></span> <span class='ocrx_word' id='word_1_757' title='bbox 2777 4078 2885 4120; x_wconf 88' lang='lat' dir='ltr'><strong>non</strong></span> <span class='ocrx_word' id='word_1_758' title='bbox 2900 4059 3092 4117; x_wconf 87' lang='lat' dir='ltr'><strong>sordes</strong></span> <span class='ocrx_word' id='word_1_759' title='bbox 3113 4064 3320 4112; x_wconf 87' lang='lat' dir='ltr'><strong>tantum</strong></span> <span class='ocrx_word' id='word_1_760' title='bbox 3335 4050 3569 4145; x_wconf 82' lang='lat' dir='ltr'><strong>Spiritus</strong></span> 
     </span>
    </p>
   </div>
   <div class='ocr_carea' id='block_1_103' title="bbox 1963 4144 3562 4242">
    <p class='ocr_par' dir='ltr' id='par_1_103' title="bbox 1963 4144 3562 4242">
     <span class='ocr_line' id='line_1_103' title="bbox 1963 4144 3562 4242; baseline -0.02 -16"><span class='ocrx_word' id='word_1_761' title='bbox 1963 4170 2102 4242; x_wconf 81' lang='lat' dir='ltr'><strong>ignis</strong></span> <span class='ocrx_word' id='word_1_762' title='bbox 2130 4144 2409 4238; x_wconf 63' lang='lat' dir='ltr'><strong>abstersit,</strong></span> <span class='ocrx_word' id='word_1_763' title='bbox 2439 4159 2534 4218; x_wconf 89' lang='lat' dir='ltr'><strong>sed</strong></span> <span class='ocrx_word' id='word_1_764' title='bbox 2560 4160 2724 4215; x_wconf 86' lang='lat' dir='ltr'><strong>etiam</strong></span> <span class='ocrx_word' id='word_1_765' title='bbox 2776 4152 3037 4211; x_wconf 83' lang='lat' dir='ltr'><strong>colorem.</strong></span> <span class='ocrx_word' id='word_1_766' title='bbox 3068 4147 3129 4205; x_wconf 82' lang='lat' dir='ltr'><strong>Si</strong></span> <span class='ocrx_word' id='word_1_767' title='bbox 3153 4147 3288 4242; x_wconf 72' lang='lat' dir='ltr'><strong>enim</strong></span> <span class='ocrx_word' id='word_1_768' title='bbox 3329 4144 3523 4242; x_wconf 56' lang='lat' dir='ltr'><strong>{crerint</strong></span> <span class='ocrx_word' id='word_1_769' title='bbox 3546 4185 3562 4206; x_wconf 84' lang='lat'><strong>,</strong></span> 
     </span>
    </p>
   </div>
   <div class='ocr_carea' id='block_1_104' title="bbox 1963 4234 3571 4333">
    <p class='ocr_par' dir='ltr' id='par_1_104' title="bbox 1963 4234 3571 4333">
     <span class='ocr_line' id='line_1_104' title="bbox 1963 4234 3571 4333; baseline -0.019 -16"><span class='ocrx_word' id='word_1_770' title='bbox 1963 4234 2158 4333; x_wconf 71' lang='lat' dir='ltr'><strong>inquit,</strong></span> <span class='ocrx_word' id='word_1_771' title='bbox 2189 4234 2397 4331; x_wconf 61' lang='lat' dir='ltr'><strong>peccata</strong></span> <span class='ocrx_word' id='word_1_772' title='bbox 2419 4262 2583 4309; x_wconf 69' lang='lat' dir='ltr'><strong>eam</strong></span> <span class='ocrx_word' id='word_1_773' title='bbox 2606 4251 2738 4307; x_wconf 68' lang='lat' dir='ltr'><strong>sicut</strong></span> <span class='ocrx_word' id='word_1_774' title='bbox 2766 4245 3104 4320; x_wconf 61' lang='lat' dir='ltr'><strong>piraticam,</strong></span> <span class='ocrx_word' id='word_1_775' title='bbox 3125 4239 3255 4296; x_wconf 78' lang='lat' dir='ltr'><strong>sicut</strong></span> <span class='ocrx_word' id='word_1_776' title='bbox 3287 4237 3451 4333; x_wconf 73' lang='lat' dir='ltr'><strong>niuem</strong></span> <span class='ocrx_word' id='word_1_777' title='bbox 3481 4234 3571 4287; x_wconf 72' lang='lat' dir='ltr'><strong>dc-</strong></span> 
     </span>
    </p>
   </div>
   <div class='ocr_carea' id='block_1_105' title="bbox 1963 4330 3571 4425">
    <p class='ocr_par' dir='ltr' id='par_1_105' title="bbox 1963 4330 3571 4425">
     <span class='ocr_line' id='line_1_105' title="bbox 1963 4330 3571 4425; baseline -0.018 -15"><span class='ocrx_word' id='word_1_778' title='bbox 1963 4330 2145 4410; x_wconf 71' lang='lat' dir='ltr'><strong>aibabo</strong></span> <span class='ocrx_word' id='word_1_779' title='bbox 2164 4349 2321 4425; x_wconf 77' lang='lat' dir='ltr'><strong>(hui.</strong></span> <span class='ocrx_word' id='word_1_780' title='bbox 2341 4349 2393 4405; x_wconf 83' lang='grc' dir='ltr'><strong>Ι.</strong></span> <span class='ocrx_word' id='word_1_781' title='bbox 2413 4346 2505 4417; x_wconf 76' lang='grc'><strong>18)</strong></span> <span class='ocrx_word' id='word_1_782' title='bbox 2523 4362 2541 4414; x_wconf 85' lang='lat'><strong>;</strong></span> <span class='ocrx_word' id='word_1_783' title='bbox 2564 4341 2809 4417; x_wconf 85' lang='lat' dir='ltr'><strong>quamvis</strong></span> <span class='ocrx_word' id='word_1_784' title='bbox 2832 4354 2939 4395; x_wconf 87' lang='lat' dir='ltr'><strong>non</strong></span> <span class='ocrx_word' id='word_1_785' title='bbox 2955 4335 3132 4393; x_wconf 86' lang='lat' dir='ltr'><strong>minus</strong></span> <span class='ocrx_word' id='word_1_786' title='bbox 3151 4330 3413 4425; x_wconf 74' lang='lat' dir='ltr'><strong>tenaciter</strong></span> <span class='ocrx_word' id='word_1_787' title='bbox 3441 4340 3571 4397; x_wconf 87' lang='lat' dir='ltr'><strong>pec-</strong></span> 
     </span>
    </p>
   </div>
   <div class='ocr_carea' id='block_1_106' title="bbox 1964 4419 3572 4505">
    <p class='ocr_par' dir='ltr' id='par_1_106' title="bbox 1964 4419 3572 4505">
     <span class='ocr_line' id='line_1_106' title="bbox 1964 4419 3572 4505; baseline -0.021 0"><span class='ocrx_word' id='word_1_788' title='bbox 1964 4419 2206 4505; x_wconf 83' lang='lat' dir='ltr'><strong>catorum</strong></span> <span class='ocrx_word' id='word_1_789' title='bbox 2218 4442 2408 4500; x_wconf 88' lang='lat' dir='ltr'><strong>sordes</strong></span> <span class='ocrx_word' id='word_1_790' title='bbox 2418 4440 2611 4495; x_wconf 71' lang='lat' dir='ltr'><strong>animm</strong></span> <span class='ocrx_word' id='word_1_791' title='bbox 2625 4442 2828 4491; x_wconf 69' lang='lat' dir='ltr'><strong>natum</strong></span> <span class='ocrx_word' id='word_1_792' title='bbox 2839 4427 3260 4491; x_wconf 56' lang='lat' dir='ltr'><strong>adlinet-inme</strong></span> <span class='ocrx_word' id='word_1_793' title='bbox 3269 4422 3317 4478; x_wconf 91' lang='lat' dir='ltr'><strong>si</strong></span> <span class='ocrx_word' id='word_1_794' title='bbox 3330 4419 3572 4477; x_wconf 85' lang='lat' dir='ltr'><strong>colorem</strong></span> 
     </span>
    </p>
   </div>
   <div class='ocr_carea' id='block_1_107' title="bbox 1965 4517 3575 4595">
    <p class='ocr_par' dir='ltr' id='par_1_107' title="bbox 1965 4517 3575 4595">
     <span class='ocr_line' id='line_1_107' title="bbox 1965 4517 3575 4595; baseline -0.021 1"><span class='ocrx_word' id='word_1_795' title='bbox 1965 4555 2033 4595; x_wconf 81' lang='lat' dir='ltr'><strong>ex</strong></span> <span class='ocrx_word' id='word_1_796' title='bbox 2074 4537 2302 4593; x_wconf 87' lang='lat' dir='ltr'><strong>tinctura</strong></span> <span class='ocrx_word' id='word_1_797' title='bbox 2332 4529 2663 4590; x_wconf 83' lang='lat' dir='ltr'><strong>immobilem</strong></span> <span class='ocrx_word' id='word_1_798' title='bbox 2690 4523 3087 4583; x_wconf 81' lang='lat' dir='ltr'><strong>contraxisset:</strong></span> <span class='ocrx_word' id='word_1_799' title='bbox 3117 4517 3189 4573; x_wconf 88' lang='lat' dir='ltr'><strong>ita</strong></span> <span class='ocrx_word' id='word_1_800' title='bbox 3217 4526 3439 4585; x_wconf 87' lang='lat' dir='ltr'><strong>possum</strong></span> <span class='ocrx_word' id='word_1_801' title='bbox 3472 4526 3575 4580; x_wconf 84' lang='lat' dir='ltr'><strong>ego</strong></span> 
     </span>
    </p>
   </div>
   <div class='ocr_carea' id='block_1_108' title="bbox 1965 4601 3575 4692">
    <p class='ocr_par' dir='ltr' id='par_1_108' title="bbox 1965 4601 3575 4692">
     <span class='ocr_line' id='line_1_108' title="bbox 1965 4601 3575 4692; baseline -0.019 -5"><span class='ocrx_word' id='word_1_802' title='bbox 1965 4630 2291 4688; x_wconf 87' lang='lat' dir='ltr'><strong>contrariam</strong></span> <span class='ocrx_word' id='word_1_803' title='bbox 2321 4626 2377 4680; x_wconf 87' lang='lat' dir='ltr'><strong>in</strong></span> <span class='ocrx_word' id='word_1_804' title='bbox 2400 4638 2519 4680; x_wconf 88' lang='lat' dir='ltr'><strong>eam</strong></span> <span class='ocrx_word' id='word_1_805' title='bbox 2541 4619 2852 4692; x_wconf 80' lang='lat' dir='ltr'><strong>qualitatem</strong></span> <span class='ocrx_word' id='word_1_806' title='bbox 2875 4612 3133 4669; x_wconf 81' lang='lat' dir='ltr'><strong>inducere</strong></span> <span class='ocrx_word' id='word_1_807' title='bbox 3160 4626 3173 4660; x_wconf 74' lang='grc' dir='ltr'><strong>τ</strong></span> <span class='ocrx_word' id='word_1_808' title='bbox 3202 4604 3404 4663; x_wconf 79' lang='lat' dir='ltr'><strong>sufﬁcit</strong></span> <span class='ocrx_word' id='word_1_809' title='bbox 3426 4601 3575 4659; x_wconf 85' lang='lat' dir='ltr'><strong>enim</strong></span> 
     </span>
    </p>
   </div>
   <div class='ocr_carea' id='block_1_109' title="bbox 1966 4700 3353 4781">
    <p class='ocr_par' dir='ltr' id='par_1_109' title="bbox 1966 4700 3353 4781">
     <span class='ocr_line' id='line_1_109' title="bbox 1966 4700 3353 4781; baseline -0.019 -2"><span class='ocrx_word' id='word_1_810' title='bbox 1966 4723 2117 4780; x_wconf 78' lang='lat' dir='ltr'><strong>solus</strong></span> <span class='ocrx_word' id='word_1_811' title='bbox 2140 4729 2302 4777; x_wconf 84' lang='lat' dir='ltr'><strong>nutus</strong></span> <span class='ocrx_word' id='word_1_812' title='bbox 2320 4730 2493 4781; x_wconf 88' lang='lat' dir='ltr'><strong>meus,</strong></span> <span class='ocrx_word' id='word_1_813' title='bbox 2517 4721 2577 4769; x_wconf 91' lang='lat' dir='ltr'><strong>ut</strong></span> <span class='ocrx_word' id='word_1_814' title='bbox 2605 4709 2785 4767; x_wconf 85' lang='lat' dir='ltr'><strong>omnia</strong></span> <span class='ocrx_word' id='word_1_815' title='bbox 2802 4714 3019 4778; x_wconf 84' lang='lat' dir='ltr'><strong>peccata</strong></span> <span class='ocrx_word' id='word_1_816' title='bbox 3050 4700 3353 4759; x_wconf 83' lang='lat' dir='ltr'><strong>deleantur.</strong></span> 
     </span>
    </p>
   </div>
   <div class='ocr_carea' id='block_1_110' title="bbox 2037 4790 3569 4884">
    <p class='ocr_par' dir='ltr' id='par_1_110' title="bbox 2037 4790 3569 4884">
     <span class='ocr_line' id='line_1_110' title="bbox 2037 4790 3569 4884; baseline -0.018 -15"><span class='ocrx_word' id='word_1_817' title='bbox 2037 4813 2093 4869; x_wconf 76' lang='lat'><strong>2:</strong></span> <span class='ocrx_word' id='word_1_818' title='bbox 2126 4811 2215 4867; x_wconf 78' lang='lat' dir='ltr'><strong>De</strong></span> <span class='ocrx_word' id='word_1_819' title='bbox 2233 4808 2477 4884; x_wconf 77' lang='lat' dir='ltr'><strong>fratribus</strong></span> <span class='ocrx_word' id='word_1_820' title='bbox 2500 4803 2843 4861; x_wconf 69' lang='lat' dir='ltr'><strong>soi-iicil&#39;resse</strong></span> <span class='ocrx_word' id='word_1_821' title='bbox 2869 4795 3269 4866; x_wconf 57' lang='lat' dir='ltr'><strong>debent-ipsius.</strong></span> <span class='ocrx_word' id='word_1_822' title='bbox 3288 4790 3569 4847; x_wconf 76' lang='lat' dir='ltr'><strong>auditores.</strong></span> 
     </span>
    </p>
   </div>
   <div class='ocr_carea' id='block_1_111' title="bbox 1971 4884 3576 4966">
    <p class='ocr_par' dir='ltr' id='par_1_111' title="bbox 1971 4884 3576 4966">
     <span class='ocr_line' id='line_1_111' title="bbox 1971 4884 3576 4966; baseline -0.019 -3"><span class='ocrx_word' id='word_1_823' title='bbox 1971 4908 2095 4963; x_wconf 77' lang='lat' dir='ltr'><strong>Non</strong></span> <span class='ocrx_word' id='word_1_824' title='bbox 2120 4920 2290 4960; x_wconf 80' lang='lat' dir='ltr'><strong>rerum</strong></span> <span class='ocrx_word' id='word_1_825' title='bbox 2317 4903 2527 4966; x_wconf 60' lang='lat' dir='ltr'><strong>castum,</strong></span> <span class='ocrx_word' id='word_1_826' title='bbox 2548 4897 2638 4954; x_wconf 85' lang='lat' dir='ltr'><strong>sed</strong></span> <span class='ocrx_word' id='word_1_827' title='bbox 2657 4894 2813 4949; x_wconf 82' lang='lat' dir='ltr'><strong>animi</strong></span> <span class='ocrx_word' id='word_1_828' title='bbox 2835 4890 3151 4963; x_wconf 78' lang='lat' dir='ltr'><strong>propositum</strong></span> <span class='ocrx_word' id='word_1_829' title='bbox 3177 4884 3317 4940; x_wconf 73' lang='lat' dir='ltr'><strong>Deus</strong></span> <span class='ocrx_word' id='word_1_830' title='bbox 3345 4889 3576 4955; x_wconf 75' lang='lat' dir='ltr'><strong>spectet;</strong></span> 
     </span>
    </p>
   </div>
   <div class='ocr_carea' id='block_1_112' title="bbox 1969 4974 3576 5072">
    <p class='ocr_par' dir='ltr' id='par_1_112' title="bbox 1969 4974 3576 5072">
     <span class='ocr_line' id='line_1_112' title="bbox 1969 4974 3576 5072; baseline -0.021 -12"><span class='ocrx_word' id='word_1_831' title='bbox 1969 4998 2278 5072; x_wconf 72' lang='lat' dir='ltr'><strong>Emapium</strong></span> <span class='ocrx_word' id='word_1_832' title='bbox 2300 4997 2465 5051; x_wconf 71' lang='lat' dir='ltr'><strong>uidua:</strong></span> <span class='ocrx_word' id='word_1_833' title='bbox 2479 4990 2693 5048; x_wconf 69' lang='lat' dir='ltr'><strong>eruistis.</strong></span> <span class='ocrx_word' id='word_1_834' title='bbox 2716 5018 2790 5031; x_wconf 89' lang='lat'><strong>-</strong></span> <span class='ocrx_word' id='word_1_835' title='bbox 2811 4986 2935 5042; x_wconf 68' lang='grc' dir='ltr'><strong>ιιεπ</strong></span> <span class='ocrx_word' id='word_1_836' title='bbox 2955 4998 2986 5038; x_wconf 90' lang='lat' dir='ltr'><strong>a</strong></span> <span class='ocrx_word' id='word_1_837' title='bbox 3013 4994 3237 5037; x_wconf 88' lang='lat' dir='ltr'><strong>me-non</strong></span> <span class='ocrx_word' id='word_1_838' title='bbox 3262 4992 3336 5033; x_wconf 84' lang='lat' dir='ltr'><strong>eo</strong></span> <span class='ocrx_word' id='word_1_839' title='bbox 3357 4976 3465 5030; x_wconf 84' lang='lat' dir='ltr'><strong>line</strong></span> <span class='ocrx_word' id='word_1_840' title='bbox 3489 4974 3576 5029; x_wconf 74' lang='lat' dir='ltr'><strong>di-</strong></span> 
     </span>
    </p>
   </div>
   <div class='ocr_carea' id='block_1_113' title="bbox 1969 5067 3573 5159">
    <p class='ocr_par' dir='ltr' id='par_1_113' title="bbox 1969 5067 3573 5159">
     <span class='ocr_line' id='line_1_113' title="bbox 1969 5067 3573 5159; baseline -0.022 -5"><span class='ocrx_word' id='word_1_841' title='bbox 1969 5067 2182 5159; x_wconf 77' lang='lat' dir='ltr'><strong>cuntur,</strong></span> <span class='ocrx_word' id='word_1_842' title='bbox 2215 5097 2277 5146; x_wconf 93' lang='lat' dir='ltr'><strong>ut</strong></span> <span class='ocrx_word' id='word_1_843' title='bbox 2303 5102 2398 5145; x_wconf 89' lang='lat' dir='ltr'><strong>vos</strong></span> <span class='ocrx_word' id='word_1_844' title='bbox 2416 5082 2683 5141; x_wconf 86' lang='lat' dir='ltr'><strong>audiatis:</strong></span> <span class='ocrx_word' id='word_1_845' title='bbox 2716 5091 2891 5150; x_wconf 88' lang='lat' dir='ltr'><strong>neque</strong></span> <span class='ocrx_word' id='word_1_846' title='bbox 2920 5075 3065 5131; x_wconf 88' lang='lat' dir='ltr'><strong>enim</strong></span> <span class='ocrx_word' id='word_1_847' title='bbox 3091 5070 3176 5127; x_wconf 84' lang='lat' dir='ltr'><strong>vel</strong></span> <span class='ocrx_word' id='word_1_848' title='bbox 3204 5067 3573 5125; x_wconf 79' lang='lat' dir='ltr'><strong>medicamen-</strong></span> 
     </span>
    </p>
   </div>
   <div class='ocr_carea' id='block_1_114' title="bbox 1972 5158 3579 5257">
    <p class='ocr_par' dir='ltr' id='par_1_114' title="bbox 1972 5158 3579 5257">
     <span class='ocr_line' id='line_1_114' title="bbox 1972 5158 3579 5257; baseline -0.02 -12"><span class='ocrx_word' id='word_1_849' title='bbox 1972 5190 2040 5245; x_wconf 89' lang='lat' dir='ltr'><strong>tis</strong></span> <span class='ocrx_word' id='word_1_850' title='bbox 2070 5184 2319 5257; x_wconf 86' lang='lat' dir='ltr'><strong>indigetis</strong></span> <span class='ocrx_word' id='word_1_851' title='bbox 2339 5224 2355 5249; x_wconf 96' lang='lat'><strong>,</strong></span> <span class='ocrx_word' id='word_1_852' title='bbox 2384 5181 2456 5236; x_wconf 92' lang='lat' dir='ltr'><strong>ob</strong></span> <span class='ocrx_word' id='word_1_853' title='bbox 2484 5178 2578 5234; x_wconf 90' lang='lat' dir='ltr'><strong>Dei</strong></span> <span class='ocrx_word' id='word_1_854' title='bbox 2613 5173 2999 5244; x_wconf 86' lang='lat' dir='ltr'><strong>benignitatem</strong></span> <span class='ocrx_word' id='word_1_855' title='bbox 3022 5174 3080 5221; x_wconf 91' lang='lat' dir='ltr'><strong>et</strong></span> <span class='ocrx_word' id='word_1_856' title='bbox 3109 5164 3370 5236; x_wconf 82' lang='lat' dir='ltr'><strong>gratiam;</strong></span> <span class='ocrx_word' id='word_1_857' title='bbox 3402 5158 3499 5217; x_wconf 85' lang='lat' dir='ltr'><strong>sed</strong></span> <span class='ocrx_word' id='word_1_858' title='bbox 3522 5166 3579 5213; x_wconf 91' lang='lat' dir='ltr'><strong>ut</strong></span> 
     </span>
    </p>
   </div>
   <div class='ocr_carea' id='block_1_115' title="bbox 1970 5254 3575 5353">
    <p class='ocr_par' dir='ltr' id='par_1_115' title="bbox 1970 5254 3575 5353">
     <span class='ocr_line' id='line_1_115' title="bbox 1970 5254 3575 5353; baseline -0.021 -15"><span class='ocrx_word' id='word_1_859' title='bbox 1970 5283 2049 5339; x_wconf 89' lang='lat' dir='ltr'><strong>illi</strong></span> <span class='ocrx_word' id='word_1_860' title='bbox 2072 5295 2168 5353; x_wconf 90' lang='lat' dir='ltr'><strong>per</strong></span> <span class='ocrx_word' id='word_1_861' title='bbox 2190 5254 2288 5333; x_wconf 48' lang='lat' dir='ltr'><strong>to.</strong></span> <span class='ocrx_word' id='word_1_862' title='bbox 2316 5272 2634 5343; x_wconf 85' lang='lat' dir='ltr'><strong>intelligant.</strong></span> <span class='ocrx_word' id='word_1_863' title='bbox 2662 5265 2818 5335; x_wconf 85' lang='lat' dir='ltr'><strong>Quod</strong></span> <span class='ocrx_word' id='word_1_864' title='bbox 2844 5264 2890 5320; x_wconf 90' lang='lat' dir='ltr'><strong>si</strong></span> <span class='ocrx_word' id='word_1_865' title='bbox 2928 5263 3048 5319; x_wconf 88' lang='lat' dir='ltr'><strong>loca</strong></span> <span class='ocrx_word' id='word_1_866' title='bbox 3072 5258 3213 5353; x_wconf 82' lang='lat' dir='ltr'><strong>scire</strong></span> <span class='ocrx_word' id='word_1_867' title='bbox 3238 5254 3575 5353; x_wconf 63' lang='lat' dir='ltr'><strong>potuissent,</strong></span> 
     </span>
    </p>
   </div>
   <div class='ocr_carea' id='block_1_116' title="bbox 1971 5345 3578 5444">
    <p class='ocr_par' dir='ltr' id='par_1_116' title="bbox 1971 5345 3578 5444">
     <span class='ocr_line' id='line_1_116' title="bbox 1971 5345 3578 5444; baseline -0.021 -13"><span class='ocrx_word' id='word_1_868' title='bbox 1971 5375 2024 5431; x_wconf 88' lang='lat' dir='ltr'><strong>in</strong></span> <span class='ocrx_word' id='word_1_869' title='bbox 2066 5345 2261 5444; x_wconf 79' lang='lat' dir='ltr'><strong>quibus</strong></span> <span class='ocrx_word' id='word_1_870' title='bbox 2288 5372 2703 5437; x_wconf 84' lang='lat' dir='ltr'><strong>congregantur,</strong></span> <span class='ocrx_word' id='word_1_871' title='bbox 2730 5367 3067 5429; x_wconf 84' lang='lat' dir='ltr'><strong>nequaquam</strong></span> <span class='ocrx_word' id='word_1_872' title='bbox 3094 5348 3394 5444; x_wconf 78' lang='lat' dir='ltr'><strong>molestiam</strong></span> <span class='ocrx_word' id='word_1_873' title='bbox 3432 5345 3578 5444; x_wconf 79' lang='lat' dir='ltr'><strong>cari-</strong></span> 
     </span>
    </p>
   </div>
   <div class='ocr_carea' id='block_1_117' title="bbox 1974 5437 3577 5521">
    <p class='ocr_par' dir='ltr' id='par_1_117' title="bbox 1974 5437 3577 5521">
     <span class='ocr_line' id='line_1_117' title="bbox 1974 5437 3577 5521; baseline -0.021 0"><span class='ocrx_word' id='word_1_874' title='bbox 1974 5437 2297 5521; x_wconf 46' lang='lat' dir='ltr'><strong>tati-vestrae</strong></span> <span class='ocrx_word' id='word_1_875' title='bbox 2324 5457 2689 5515; x_wconf 82' lang='lat' dir='ltr'><strong>exhibuissem</strong></span> <span class='ocrx_word' id='word_1_876' title='bbox 2721 5466 2738 5506; x_wconf 92' lang='lat'><strong>:</strong></span> <span class='ocrx_word' id='word_1_877' title='bbox 2783 5448 2880 5505; x_wconf 87' lang='lat' dir='ltr'><strong>sed</strong></span> <span class='ocrx_word' id='word_1_878' title='bbox 2904 5444 3159 5517; x_wconf 88' lang='lat' dir='ltr'><strong>quoniam</strong></span> <span class='ocrx_word' id='word_1_879' title='bbox 3198 5439 3314 5495; x_wconf 85' lang='lat' dir='ltr'><strong>ﬁeri</strong></span> <span class='ocrx_word' id='word_1_880' title='bbox 3352 5437 3577 5508; x_wconf 90' lang='lat' dir='ltr'><strong>nequit,</strong></span> 
     </span>
    </p>
   </div>
   <div class='ocr_carea' id='block_1_118' title="bbox 1974 5530 3579 5628">
    <p class='ocr_par' dir='ltr' id='par_1_118' title="bbox 1974 5530 3579 5628">
     <span class='ocr_line' id='line_1_118' title="bbox 1974 5530 3579 5628; baseline -0.019 -15"><span class='ocrx_word' id='word_1_881' title='bbox 1974 5570 2031 5613; x_wconf 86' lang='lat' dir='ltr'><strong>ut</strong></span> <span class='ocrx_word' id='word_1_882' title='bbox 2050 5571 2150 5628; x_wconf 79' lang='lat' dir='ltr'><strong>ego</strong></span> <span class='ocrx_word' id='word_1_883' title='bbox 2174 5554 2263 5625; x_wconf 90' lang='lat' dir='ltr'><strong>qui</strong></span> <span class='ocrx_word' id='word_1_884' title='bbox 2286 5565 2425 5607; x_wconf 89' lang='lat' dir='ltr'><strong>unus</strong></span> <span class='ocrx_word' id='word_1_885' title='bbox 2450 5564 2592 5613; x_wconf 91' lang='lat' dir='ltr'><strong>sum,</strong></span> <span class='ocrx_word' id='word_1_886' title='bbox 2614 5554 2724 5601; x_wconf 89' lang='lat' dir='ltr'><strong>tam</strong></span> <span class='ocrx_word' id='word_1_887' title='bbox 2738 5530 3374 5605; x_wconf 83' lang='lat' dir='ltr'><strong>numerosum-populum</strong></span> <span class='ocrx_word' id='word_1_888' title='bbox 3405 5542 3579 5583; x_wconf 85' lang='lat' dir='ltr'><strong>nove-</strong></span> 
     </span>
    </p>
   </div>
   <div class='ocr_carea' id='block_1_119' title="bbox 1974 5624 3583 5717">
    <p class='ocr_par' dir='ltr' id='par_1_119' title="bbox 1974 5624 3583 5717">
     <span class='ocr_line' id='line_1_119' title="bbox 1974 5624 3583 5717; baseline -0.021 -12"><span class='ocrx_word' id='word_1_889' title='bbox 1974 5624 2109 5717; x_wconf 61' lang='lat' dir='ltr'><strong>rim,</strong></span> <span class='ocrx_word' id='word_1_890' title='bbox 2128 5624 2321 5705; x_wconf 73' lang='lat' dir='ltr'><strong>vestrm</strong></span> <span class='ocrx_word' id='word_1_891' title='bbox 2347 5642 2469 5699; x_wconf 88' lang='lat' dir='ltr'><strong>ﬁdei</strong></span> <span class='ocrx_word' id='word_1_892' title='bbox 2490 5639 2716 5697; x_wconf 87' lang='lat' dir='ltr'><strong>fratrum</strong></span> <span class='ocrx_word' id='word_1_893' title='bbox 2740 5643 3043 5691; x_wconf 85' lang='lat' dir='ltr'><strong>vestrorum</strong></span> <span class='ocrx_word' id='word_1_894' title='bbox 3071 5624 3407 5717; x_wconf 79' lang='lat' dir='ltr'><strong>curationem</strong></span> <span class='ocrx_word' id='word_1_895' title='bbox 3429 5632 3583 5717; x_wconf 74' lang='lat' dir='ltr'><strong>com-</strong></span> 
     </span>
    </p>
   </div>
   <div class='ocr_carea' id='block_1_120' title="bbox 1976 5709 3585 5799">
    <p class='ocr_par' dir='ltr' id='par_1_120' title="bbox 1976 5709 3585 5799">
     <span class='ocr_line' id='line_1_120' title="bbox 1976 5709 3585 5799; baseline -0.02 -3"><span class='ocrx_word' id='word_1_896' title='bbox 1976 5709 2133 5796; x_wconf 77' lang='lat' dir='ltr'><strong>mitto</strong></span> <span class='ocrx_word' id='word_1_897' title='bbox 2161 5754 2175 5792; x_wconf 89' lang='lat'><strong>:</strong></span> <span class='ocrx_word' id='word_1_898' title='bbox 2200 5743 2374 5793; x_wconf 88' lang='lat' dir='ltr'><strong>estote</strong></span> <span class='ocrx_word' id='word_1_899' title='bbox 2395 5733 2464 5799; x_wconf 81' lang='lat' dir='ltr'><strong>de</strong></span> <span class='ocrx_word' id='word_1_900' title='bbox 2493 5729 2749 5787; x_wconf 88' lang='lat' dir='ltr'><strong>fratribus</strong></span> <span class='ocrx_word' id='word_1_901' title='bbox 2780 5722 2982 5782; x_wconf 79' lang='lat' dir='ltr'><strong>vestris</strong></span> <span class='ocrx_word' id='word_1_902' title='bbox 3006 5712 3264 5783; x_wconf 86' lang='lat' dir='ltr'><strong>solliciti,</strong></span> <span class='ocrx_word' id='word_1_903' title='bbox 3300 5709 3585 5770; x_wconf 85' lang='lat' dir='ltr'><strong>conciliate</strong></span> 
     </span>
    </p>
   </div>
   <div class='ocr_carea' id='block_1_121' title="bbox 1979 5801 3593 5898">
    <p class='ocr_par' dir='ltr' id='par_1_121' title="bbox 1979 5801 3593 5898">
     <span class='ocr_line' id='line_1_121' title="bbox 1979 5801 3593 5898; baseline -0.011 -13"><span class='ocrx_word' id='word_1_904' title='bbox 1979 5828 2129 5887; x_wconf 83' lang='lat' dir='ltr'><strong>vobis</strong></span> <span class='ocrx_word' id='word_1_905' title='bbox 2160 5828 2300 5898; x_wconf 88' lang='lat' dir='ltr'><strong>illos,</strong></span> <span class='ocrx_word' id='word_1_906' title='bbox 2340 5824 2579 5885; x_wconf 75' lang='lat' dir='ltr'><strong>invitato.</strong></span> <span class='ocrx_word' id='word_1_907' title='bbox 2605 5819 2729 5879; x_wconf 87' lang='lat' dir='ltr'><strong>Scio</strong></span> <span class='ocrx_word' id='word_1_908' title='bbox 2773 5830 2867 5874; x_wconf 74' lang='lat' dir='ltr'><strong>vos</strong></span> <span class='ocrx_word' id='word_1_909' title='bbox 2902 5808 3045 5872; x_wconf 79' lang='lat' dir='ltr'><strong>istud</strong></span> <span class='ocrx_word' id='word_1_910' title='bbox 3091 5822 3331 5885; x_wconf 63' lang='lat' dir='ltr'><strong>persaepe</strong></span> <span class='ocrx_word' id='word_1_911' title='bbox 3357 5801 3593 5867; x_wconf 62' lang='lat' dir='ltr'><strong>iecisse.</strong></span> 
     </span>
    </p>
   </div>
  </div>
