  <div class='ocr_page' id='page_1' title='image "/cluster/home/n/w/nwhite01/storage/ocr_20150623/51/pst.000005712502/147.png"; bbox 0 0 4212 6290; ppageno 0'>
   <div class='ocr_carea' id='block_1_1' title="bbox 550 327 754 384">
    <p class='ocr_par' dir='ltr' id='par_1_1' title="bbox 550 327 754 384">
     <span class='ocr_line' id='line_1_1' title="bbox 550 327 754 384; baseline 0 -1"><span class='ocrx_word' id='word_1_1' title='bbox 550 359 554 363; x_wconf 56' lang='grc' dir='ltr'><em>ι</em></span> <span class='ocrx_word' id='word_1_2' title='bbox 649 327 754 384; x_wconf 74' lang='grc'><strong>14⁸1</strong></span> 
     </span>
    </p>
   </div>
   <div class='ocr_carea' id='block_1_2' title="bbox 645 423 2237 505">
    <p class='ocr_par' dir='ltr' id='par_1_2' title="bbox 645 423 2237 505">
     <span class='ocr_line' id='line_1_2' title="bbox 645 423 2237 505; baseline -0.011 -8"><span class='ocrx_word' id='word_1_3' title='bbox 645 441 745 498; x_wconf 83' lang='lat' dir='ltr'><strong>sed</strong></span> <span class='ocrx_word' id='word_1_4' title='bbox 776 438 908 495; x_wconf 82' lang='lat' dir='ltr'><strong>nihil</strong></span> <span class='ocrx_word' id='word_1_5' title='bbox 928 447 1009 494; x_wconf 88' lang='lat' dir='ltr'><strong>est</strong></span> <span class='ocrx_word' id='word_1_6' title='bbox 1039 437 1141 492; x_wconf 88' lang='lat' dir='ltr'><strong>hoc</strong></span> <span class='ocrx_word' id='word_1_7' title='bbox 1169 446 1407 505; x_wconf 57' lang='lat' dir='ltr'><strong>persaepe</strong></span> <span class='ocrx_word' id='word_1_8' title='bbox 1435 428 1647 497; x_wconf 81' lang='lat' dir='ltr'><strong>fecisse,</strong></span> <span class='ocrx_word' id='word_1_9' title='bbox 1666 428 1767 485; x_wconf 86' lang='lat' dir='ltr'><strong>nisi</strong></span> <span class='ocrx_word' id='word_1_10' title='bbox 1787 442 1855 485; x_wconf 89' lang='lat' dir='ltr'><strong>eo</strong></span> <span class='ocrx_word' id='word_1_11' title='bbox 1879 440 2049 499; x_wconf 81' lang='lat' dir='ltr'><strong>usque</strong></span> <span class='ocrx_word' id='word_1_12' title='bbox 2072 423 2237 481; x_wconf 82' lang='lat' dir='ltr'><strong>facia-</strong></span> 
     </span>
    </p>
   </div>
   <div class='ocr_carea' id='block_1_3' title="bbox 650 516 2239 603">
    <p class='ocr_par' dir='ltr' id='par_1_3' title="bbox 650 516 2239 603">
     <span class='ocr_line' id='line_1_3' title="bbox 650 516 2239 603; baseline -0.011 -16"><span class='ocrx_word' id='word_1_13' title='bbox 650 533 761 603; x_wconf 87' lang='lat' dir='ltr'><strong>tis,</strong></span> <span class='ocrx_word' id='word_1_14' title='bbox 792 529 967 603; x_wconf 81' lang='lat' dir='ltr'><strong>quoad</strong></span> <span class='ocrx_word' id='word_1_15' title='bbox 997 524 1366 598; x_wconf 83' lang='lat' dir='ltr'><strong>persuaseritis</strong></span> <span class='ocrx_word' id='word_1_16' title='bbox 1407 531 1463 577; x_wconf 88' lang='lat' dir='ltr'><strong>et</strong></span> <span class='ocrx_word' id='word_1_17' title='bbox 1498 519 1813 577; x_wconf 79' lang='lat' dir='ltr'><strong>allexeritis.</strong></span> <span class='ocrx_word' id='word_1_18' title='bbox 1847 518 1973 575; x_wconf 88' lang='lat' dir='ltr'><strong>Scio</strong></span> <span class='ocrx_word' id='word_1_19' title='bbox 2011 531 2111 573; x_wconf 89' lang='lat' dir='ltr'><strong>vos</strong></span> <span class='ocrx_word' id='word_1_20' title='bbox 2136 516 2239 571; x_wconf 89' lang='lat' dir='ltr'><strong>im-</strong></span> 
     </span>
    </p>
   </div>
   <div class='ocr_carea' id='block_1_4' title="bbox 650 600 2242 696">
    <p class='ocr_par' dir='ltr' id='par_1_4' title="bbox 650 600 2242 696">
     <span class='ocr_line' id='line_1_4' title="bbox 650 600 2242 696; baseline -0.011 -15"><span class='ocrx_word' id='word_1_21' title='bbox 650 600 916 696; x_wconf 78' lang='lat' dir='ltr'><strong>portunos</strong></span> <span class='ocrx_word' id='word_1_22' title='bbox 932 619 1117 684; x_wconf 84' lang='lat' dir='ltr'><strong>fuisse,</strong></span> <span class='ocrx_word' id='word_1_23' title='bbox 1136 618 1248 674; x_wconf 85' lang='lat' dir='ltr'><strong>scio</strong></span> <span class='ocrx_word' id='word_1_24' title='bbox 1264 616 1521 672; x_wconf 84' lang='lat' dir='ltr'><strong>molestos</strong></span> <span class='ocrx_word' id='word_1_25' title='bbox 1544 627 1915 685; x_wconf 70' lang='lat' dir='ltr'><strong>stepenumero</strong></span> <span class='ocrx_word' id='word_1_26' title='bbox 1932 612 2079 666; x_wconf 86' lang='lat' dir='ltr'><strong>visos</strong></span> <span class='ocrx_word' id='word_1_27' title='bbox 2100 624 2242 676; x_wconf 87' lang='lat' dir='ltr'><strong>esse,</strong></span> 
     </span>
    </p>
   </div>
   <div class='ocr_carea' id='block_1_5' title="bbox 649 702 2245 789">
    <p class='ocr_par' dir='ltr' id='par_1_5' title="bbox 649 702 2245 789">
     <span class='ocr_line' id='line_1_5' title="bbox 649 702 2245 789; baseline -0.012 -14"><span class='ocrx_word' id='word_1_28' title='bbox 649 717 795 789; x_wconf 93' lang='lat' dir='ltr'><strong>quod</strong></span> <span class='ocrx_word' id='word_1_29' title='bbox 824 730 930 771; x_wconf 91' lang='lat' dir='ltr'><strong>non</strong></span> <span class='ocrx_word' id='word_1_30' title='bbox 962 710 1334 783; x_wconf 87' lang='lat' dir='ltr'><strong>persuaseritis</strong></span> <span class='ocrx_word' id='word_1_31' title='bbox 1361 727 1376 763; x_wconf 88' lang='lat'><strong>:</strong></span> <span class='ocrx_word' id='word_1_32' title='bbox 1418 709 1647 778; x_wconf 85' lang='lat' dir='ltr'><strong>ideoque</strong></span> <span class='ocrx_word' id='word_1_33' title='bbox 1676 705 2090 778; x_wconf 85' lang='lat' dir='ltr'><strong>negligentiores</strong></span> <span class='ocrx_word' id='word_1_34' title='bbox 2116 702 2245 757; x_wconf 80' lang='lat' dir='ltr'><strong>red-</strong></span> 
     </span>
    </p>
   </div>
   <div class='ocr_carea' id='block_1_6' title="bbox 648 792 2247 873">
    <p class='ocr_par' dir='ltr' id='par_1_6' title="bbox 648 792 2247 873">
     <span class='ocr_line' id='line_1_6' title="bbox 648 792 2247 873; baseline -0.01 -10"><span class='ocrx_word' id='word_1_35' title='bbox 648 810 746 865; x_wconf 79' lang='lat' dir='ltr'><strong>diti</strong></span> <span class='ocrx_word' id='word_1_36' title='bbox 770 806 938 873; x_wconf 88' lang='lat' dir='ltr'><strong>estis;</strong></span> <span class='ocrx_word' id='word_1_37' title='bbox 978 804 1074 859; x_wconf 88' lang='lat' dir='ltr'><strong>sed</strong></span> <span class='ocrx_word' id='word_1_38' title='bbox 1097 802 1407 859; x_wconf 70' lang='lat' dir='ltr'><strong>consoletur</strong></span> <span class='ocrx_word' id='word_1_39' title='bbox 1430 814 1529 855; x_wconf 88' lang='lat' dir='ltr'><strong>vos</strong></span> <span class='ocrx_word' id='word_1_40' title='bbox 1558 798 1775 864; x_wconf 85' lang='lat' dir='ltr'><strong>Paulus,</strong></span> <span class='ocrx_word' id='word_1_41' title='bbox 1805 796 1895 867; x_wconf 92' lang='lat' dir='ltr'><strong>qui</strong></span> <span class='ocrx_word' id='word_1_42' title='bbox 1924 795 2070 863; x_wconf 90' lang='lat' dir='ltr'><strong>dicit,</strong></span> <span class='ocrx_word' id='word_1_43' title='bbox 2100 792 2247 849; x_wconf 84' lang='lat' dir='ltr'><strong>Cari-</strong></span> 
     </span>
    </p>
   </div>
   <div class='ocr_carea' id='block_1_7' title="bbox 650 886 2246 965">
    <p class='ocr_par' dir='ltr' id='par_1_7' title="bbox 650 886 2246 965">
     <span class='ocr_line' id='line_1_7' title="bbox 650 886 2246 965; baseline -0.009 -12"><span class='ocrx_word' id='word_1_44' title='bbox 650 908 731 954; x_wconf 77' lang='lat' dir='ltr'><strong>tas</strong></span> <span class='ocrx_word' id='word_1_45' title='bbox 750 897 922 954; x_wconf 74' lang='lat' dir='ltr'><strong>omnia</strong></span> <span class='ocrx_word' id='word_1_46' title='bbox 947 903 1138 965; x_wconf 83' lang='lat' dir='ltr'><strong>sperat,</strong></span> <span class='ocrx_word' id='word_1_47' title='bbox 1168 893 1537 960; x_wconf 70' lang='lat' dir='ltr'><strong>omtriccrsdit,</strong></span> <span class='ocrx_word' id='word_1_48' title='bbox 1558 892 1743 963; x_wconf 81' lang='lat' dir='ltr'><strong>caritas</strong></span> <span class='ocrx_word' id='word_1_49' title='bbox 1761 903 2035 957; x_wconf 66' lang='lat' dir='ltr'><strong>umquam</strong></span> <span class='ocrx_word' id='word_1_50' title='bbox 2060 886 2246 944; x_wconf 65' lang='lat' dir='ltr'><strong>excidit</strong></span> 
     </span>
    </p>
   </div>
   <div class='ocr_carea' id='block_1_8' title="bbox 652 980 2241 1063">
    <p class='ocr_par' dir='ltr' id='par_1_8' title="bbox 652 980 2241 1063">
     <span class='ocr_line' id='line_1_8' title="bbox 652 980 2241 1063; baseline -0.009 -16"><span class='ocrx_word' id='word_1_51' title='bbox 652 990 731 1063; x_wconf 86' lang='lat' dir='ltr'><strong>(l.</strong></span> <span class='ocrx_word' id='word_1_52' title='bbox 760 988 882 1046; x_wconf 83' lang='lat' dir='ltr'><strong>Cor.</strong></span> <span class='ocrx_word' id='word_1_53' title='bbox 910 988 1004 1043; x_wconf 76' lang='lat'><strong>.15.</strong></span> <span class='ocrx_word' id='word_1_54' title='bbox 1026 987 1105 1058; x_wconf 84' lang='lat'><strong>7).</strong></span> <span class='ocrx_word' id='word_1_55' title='bbox 1143 985 1228 1044; x_wconf 83' lang='lat' dir='ltr'><strong>Tu</strong></span> <span class='ocrx_word' id='word_1_56' title='bbox 1251 983 1391 1057; x_wconf 84' lang='lat' dir='ltr'><strong>quod</strong></span> <span class='ocrx_word' id='word_1_57' title='bbox 1419 984 1495 1039; x_wconf 94' lang='lat' dir='ltr'><strong>tui</strong></span> <span class='ocrx_word' id='word_1_58' title='bbox 1519 980 1760 1039; x_wconf 83' lang='lat' dir='ltr'><strong>muneris</strong></span> <span class='ocrx_word' id='word_1_59' title='bbox 1785 988 1868 1036; x_wconf 91' lang='lat' dir='ltr'><strong>est</strong></span> <span class='ocrx_word' id='word_1_60' title='bbox 1904 992 2199 1050; x_wconf 76' lang='lat' dir='ltr'><strong>exsequere</strong></span> <span class='ocrx_word' id='word_1_61' title='bbox 2226 995 2241 1032; x_wconf 88' lang='lat'><strong>:</strong></span> 
     </span>
    </p>
   </div>
   <div class='ocr_carea' id='block_1_9' title="bbox 651 1072 2245 1154">
    <p class='ocr_par' dir='ltr' id='par_1_9' title="bbox 651 1072 2245 1154">
     <span class='ocr_line' id='line_1_9' title="bbox 651 1072 2245 1154; baseline -0.006 -16"><span class='ocrx_word' id='word_1_62' title='bbox 651 1081 899 1154; x_wconf 87' lang='lat' dir='ltr'><strong>quamvis</strong></span> <span class='ocrx_word' id='word_1_63' title='bbox 924 1080 1255 1137; x_wconf 78' lang='lat' dir='ltr'><strong>curationem</strong></span> <span class='ocrx_word' id='word_1_64' title='bbox 1280 1078 1368 1134; x_wconf 91' lang='lat' dir='ltr'><strong>ille</strong></span> <span class='ocrx_word' id='word_1_65' title='bbox 1397 1091 1505 1133; x_wconf 81' lang='lat' dir='ltr'><strong>non</strong></span> <span class='ocrx_word' id='word_1_66' title='bbox 1533 1074 1801 1141; x_wconf 88' lang='lat' dir='ltr'><strong>admittat,</strong></span> <span class='ocrx_word' id='word_1_67' title='bbox 1830 1082 1886 1129; x_wconf 90' lang='lat' dir='ltr'><strong>tu</strong></span> <span class='ocrx_word' id='word_1_68' title='bbox 1913 1072 2054 1144; x_wconf 85' lang='lat' dir='ltr'><strong>apud</strong></span> <span class='ocrx_word' id='word_1_69' title='bbox 2076 1072 2245 1129; x_wconf 86' lang='lat' dir='ltr'><strong>Deum</strong></span> 
     </span>
    </p>
   </div>
   <div class='ocr_carea' id='block_1_10' title="bbox 652 1167 2249 1239">
    <p class='ocr_par' dir='ltr' id='par_1_10' title="bbox 652 1167 2249 1239">
     <span class='ocr_line' id='line_1_10' title="bbox 652 1167 2249 1239; baseline -0.007 -6"><span class='ocrx_word' id='word_1_70' title='bbox 652 1173 957 1232; x_wconf 72' lang='lat' dir='ltr'><strong>mercedem</strong></span> <span class='ocrx_word' id='word_1_71' title='bbox 978 1172 1162 1228; x_wconf 84' lang='lat' dir='ltr'><strong>habes.</strong></span> <span class='ocrx_word' id='word_1_72' title='bbox 1186 1170 1320 1226; x_wconf 81' lang='lat' dir='ltr'><strong>Nam</strong></span> <span class='ocrx_word' id='word_1_73' title='bbox 1345 1169 1397 1224; x_wconf 91' lang='lat' dir='ltr'><strong>in</strong></span> <span class='ocrx_word' id='word_1_74' title='bbox 1420 1178 1616 1224; x_wconf 90' lang='lat' dir='ltr'><strong>terram</strong></span> <span class='ocrx_word' id='word_1_75' title='bbox 1640 1167 1856 1238; x_wconf 83' lang='lat' dir='ltr'><strong>quidem</strong></span> <span class='ocrx_word' id='word_1_76' title='bbox 1887 1168 1933 1223; x_wconf 91' lang='lat' dir='ltr'><strong>si</strong></span> <span class='ocrx_word' id='word_1_77' title='bbox 1962 1182 2149 1223; x_wconf 88' lang='lat' dir='ltr'><strong>semen</strong></span> <span class='ocrx_word' id='word_1_78' title='bbox 2167 1167 2249 1239; x_wconf 85' lang='lat' dir='ltr'><strong>je-</strong></span> 
     </span>
    </p>
   </div>
   <div class='ocr_carea' id='block_1_11' title="bbox 653 1257 2247 1333">
    <p class='ocr_par' dir='ltr' id='par_1_11' title="bbox 653 1257 2247 1333">
     <span class='ocr_line' id='line_1_11' title="bbox 653 1257 2247 1333; baseline -0.005 -12"><span class='ocrx_word' id='word_1_79' title='bbox 653 1264 814 1331; x_wconf 86' lang='lat' dir='ltr'><strong>ceris,</strong></span> <span class='ocrx_word' id='word_1_80' title='bbox 837 1276 1010 1333; x_wconf 84' lang='lat' dir='ltr'><strong>neque</strong></span> <span class='ocrx_word' id='word_1_81' title='bbox 1029 1262 1205 1332; x_wconf 84' lang='lat' dir='ltr'><strong>spicas</strong></span> <span class='ocrx_word' id='word_1_82' title='bbox 1227 1257 1560 1331; x_wconf 82' lang='lat' dir='ltr'><strong>produxerit,</strong></span> <span class='ocrx_word' id='word_1_83' title='bbox 1583 1259 1766 1314; x_wconf 78' lang='lat' dir='ltr'><strong>vacuis</strong></span> <span class='ocrx_word' id='word_1_84' title='bbox 1791 1272 2012 1314; x_wconf 89' lang='lat' dir='ltr'><strong>necesse</strong></span> <span class='ocrx_word' id='word_1_85' title='bbox 2031 1267 2114 1314; x_wconf 91' lang='lat' dir='ltr'><strong>est</strong></span> <span class='ocrx_word' id='word_1_86' title='bbox 2141 1274 2247 1318; x_wconf 59' lang='lat' dir='ltr'><strong>ma.</strong></span> 
     </span>
    </p>
   </div>
   <div class='ocr_carea' id='block_1_12' title="bbox 652 1351 2246 1412">
    <p class='ocr_par' dir='ltr' id='par_1_12' title="bbox 652 1351 2246 1412">
     <span class='ocr_line' id='line_1_12' title="bbox 652 1351 2246 1412; baseline -0.003 -1"><span class='ocrx_word' id='word_1_87' title='bbox 652 1355 813 1412; x_wconf 83' lang='lat' dir='ltr'><strong>nibus</strong></span> <span class='ocrx_word' id='word_1_88' title='bbox 838 1353 962 1411; x_wconf 88' lang='lat' dir='ltr'><strong>inde</strong></span> <span class='ocrx_word' id='word_1_89' title='bbox 986 1351 1233 1409; x_wconf 74' lang='lat' dir='ltr'><strong>discedas</strong></span> <span class='ocrx_word' id='word_1_90' title='bbox 1265 1368 1281 1406; x_wconf 90' lang='lat'><strong>:</strong></span> <span class='ocrx_word' id='word_1_91' title='bbox 1324 1360 1379 1407; x_wconf 86' lang='lat' dir='ltr'><strong>at</strong></span> <span class='ocrx_word' id='word_1_92' title='bbox 1403 1352 1457 1407; x_wconf 89' lang='lat' dir='ltr'><strong>in</strong></span> <span class='ocrx_word' id='word_1_93' title='bbox 1483 1351 1667 1407; x_wconf 76' lang='lat' dir='ltr'><strong>anima</strong></span> <span class='ocrx_word' id='word_1_94' title='bbox 1686 1365 1793 1407; x_wconf 90' lang='lat' dir='ltr'><strong>non</strong></span> <span class='ocrx_word' id='word_1_95' title='bbox 1830 1352 1902 1406; x_wconf 89' lang='lat' dir='ltr'><strong>ita</strong></span> <span class='ocrx_word' id='word_1_96' title='bbox 1932 1351 1990 1405; x_wconf 85' lang='lat' dir='ltr'><strong>fit</strong></span> <span class='ocrx_word' id='word_1_97' title='bbox 2021 1367 2036 1404; x_wconf 91' lang='lat'><strong>:</strong></span> <span class='ocrx_word' id='word_1_98' title='bbox 2066 1351 2162 1407; x_wconf 89' lang='lat' dir='ltr'><strong>sed</strong></span> <span class='ocrx_word' id='word_1_99' title='bbox 2190 1360 2246 1406; x_wconf 92' lang='lat' dir='ltr'><strong>tu</strong></span> 
     </span>
    </p>
   </div>
   <div class='ocr_carea' id='block_1_13' title="bbox 649 1443 2246 1521">
    <p class='ocr_par' dir='ltr' id='par_1_13' title="bbox 649 1443 2246 1521">
     <span class='ocr_line' id='line_1_13' title="bbox 649 1443 2246 1521; baseline -0.003 -17"><span class='ocrx_word' id='word_1_100' title='bbox 649 1447 869 1521; x_wconf 82' lang='lat' dir='ltr'><strong>quidem</strong></span> <span class='ocrx_word' id='word_1_101' title='bbox 902 1462 1097 1518; x_wconf 79' lang='lat' dir='ltr'><strong>sparge</strong></span> <span class='ocrx_word' id='word_1_102' title='bbox 1123 1446 1422 1502; x_wconf 79' lang='lat' dir='ltr'><strong>doctrinam</strong></span> <span class='ocrx_word' id='word_1_103' title='bbox 1441 1486 1459 1513; x_wconf 93' lang='lat'><strong>,</strong></span> <span class='ocrx_word' id='word_1_104' title='bbox 1490 1453 1545 1501; x_wconf 88' lang='lat' dir='ltr'><strong>et</strong></span> <span class='ocrx_word' id='word_1_105' title='bbox 1570 1444 1696 1501; x_wconf 85' lang='lat' dir='ltr'><strong>licet</strong></span> <span class='ocrx_word' id='word_1_106' title='bbox 1726 1444 1817 1499; x_wconf 88' lang='lat' dir='ltr'><strong>illa</strong></span> <span class='ocrx_word' id='word_1_107' title='bbox 1844 1443 2002 1500; x_wconf 88' lang='lat' dir='ltr'><strong>dictis</strong></span> <span class='ocrx_word' id='word_1_108' title='bbox 2025 1444 2130 1499; x_wconf 84' lang='lat' dir='ltr'><strong>tuis</strong></span> <span class='ocrx_word' id='word_1_109' title='bbox 2153 1458 2246 1499; x_wconf 77' lang='lat' dir='ltr'><strong>re-</strong></span> 
     </span>
    </p>
   </div>
   <div class='ocr_carea' id='block_1_14' title="bbox 652 1534 2248 1609">
    <p class='ocr_par' dir='ltr' id='par_1_14' title="bbox 652 1534 2248 1609">
     <span class='ocr_line' id='line_1_14' title="bbox 652 1534 2248 1609; baseline -0.003 -13"><span class='ocrx_word' id='word_1_110' title='bbox 652 1540 881 1606; x_wconf 86' lang='lat' dir='ltr'><strong>stiterit,</strong></span> <span class='ocrx_word' id='word_1_111' title='bbox 912 1540 1172 1609; x_wconf 75' lang='lat' dir='ltr'><strong>integram</strong></span> <span class='ocrx_word' id='word_1_112' title='bbox 1212 1536 1559 1593; x_wconf 79' lang='lat' dir='ltr'><strong>nihilominus</strong></span> <span class='ocrx_word' id='word_1_113' title='bbox 1593 1535 1897 1592; x_wconf 85' lang='lat' dir='ltr'><strong>mercedem</strong></span> <span class='ocrx_word' id='word_1_114' title='bbox 1926 1534 2114 1603; x_wconf 86' lang='lat' dir='ltr'><strong>habes,</strong></span> <span class='ocrx_word' id='word_1_115' title='bbox 2144 1549 2248 1591; x_wconf 88' lang='lat' dir='ltr'><strong>nec</strong></span> 
     </span>
    </p>
   </div>
   <div class='ocr_carea' id='block_1_15' title="bbox 653 1625 2248 1700">
    <p class='ocr_par' dir='ltr' id='par_1_15' title="bbox 653 1625 2248 1700">
     <span class='ocr_line' id='line_1_15' title="bbox 653 1625 2248 1700; baseline -0.006 -12"><span class='ocrx_word' id='word_1_116' title='bbox 653 1630 917 1689; x_wconf 77' lang='lat' dir='ltr'><strong>minorem</strong></span> <span class='ocrx_word' id='word_1_117' title='bbox 940 1644 1097 1700; x_wconf 90' lang='lat' dir='ltr'><strong>quam</strong></span> <span class='ocrx_word' id='word_1_118' title='bbox 1123 1629 1167 1684; x_wconf 91' lang='lat' dir='ltr'><strong>si</strong></span> <span class='ocrx_word' id='word_1_119' title='bbox 1195 1626 1385 1683; x_wconf 89' lang='lat' dir='ltr'><strong>fuisset</strong></span> <span class='ocrx_word' id='word_1_120' title='bbox 1410 1638 1699 1697; x_wconf 86' lang='lat' dir='ltr'><strong>persuasa:</strong></span> <span class='ocrx_word' id='word_1_121' title='bbox 1728 1640 1837 1681; x_wconf 90' lang='lat' dir='ltr'><strong>non</strong></span> <span class='ocrx_word' id='word_1_122' title='bbox 1867 1626 2010 1681; x_wconf 89' lang='lat' dir='ltr'><strong>enim</strong></span> <span class='ocrx_word' id='word_1_123' title='bbox 2042 1625 2248 1694; x_wconf 90' lang='lat' dir='ltr'><strong>simpli-</strong></span> 
     </span>
    </p>
   </div>
   <div class='ocr_carea' id='block_1_16' title="bbox 654 1715 2247 1795">
    <p class='ocr_par' dir='ltr' id='par_1_16' title="bbox 654 1715 2247 1795">
     <span class='ocr_line' id='line_1_16' title="bbox 654 1715 2247 1795; baseline -0.006 -17"><span class='ocrx_word' id='word_1_124' title='bbox 654 1722 791 1778; x_wconf 88' lang='lat' dir='ltr'><strong>citer</strong></span> <span class='ocrx_word' id='word_1_125' title='bbox 814 1734 995 1776; x_wconf 85' lang='lat' dir='ltr'><strong>rerum</strong></span> <span class='ocrx_word' id='word_1_126' title='bbox 1017 1720 1235 1784; x_wconf 78' lang='lat' dir='ltr'><strong>exitum,</strong></span> <span class='ocrx_word' id='word_1_127' title='bbox 1268 1716 1364 1795; x_wconf 82' lang='lat' dir='ltr'><strong>sed</strong></span> <span class='ocrx_word' id='word_1_128' title='bbox 1390 1716 1554 1771; x_wconf 89' lang='lat' dir='ltr'><strong>animi</strong></span> <span class='ocrx_word' id='word_1_129' title='bbox 1582 1715 1911 1786; x_wconf 90' lang='lat' dir='ltr'><strong>propositum</strong></span> <span class='ocrx_word' id='word_1_130' title='bbox 1950 1729 2136 1771; x_wconf 86' lang='lat' dir='ltr'><strong>eorum</strong></span> <span class='ocrx_word' id='word_1_131' title='bbox 2156 1715 2247 1785; x_wconf 87' lang='lat' dir='ltr'><strong>qui</strong></span> 
     </span>
    </p>
   </div>
   <div class='ocr_carea' id='block_1_17' title="bbox 654 1805 2243 1883">
    <p class='ocr_par' dir='ltr' id='par_1_17' title="bbox 654 1805 2243 1883">
     <span class='ocr_line' id='line_1_17' title="bbox 654 1805 2243 1883; baseline -0.004 -16"><span class='ocrx_word' id='word_1_132' title='bbox 654 1811 919 1876; x_wconf 83' lang='lat' dir='ltr'><strong>laborant,</strong></span> <span class='ocrx_word' id='word_1_133' title='bbox 945 1808 1172 1865; x_wconf 87' lang='lat' dir='ltr'><strong>attendit</strong></span> <span class='ocrx_word' id='word_1_134' title='bbox 1194 1808 1355 1871; x_wconf 89' lang='lat' dir='ltr'><strong>Deus,</strong></span> <span class='ocrx_word' id='word_1_135' title='bbox 1382 1807 1509 1863; x_wconf 92' lang='lat' dir='ltr'><strong>dum</strong></span> <span class='ocrx_word' id='word_1_136' title='bbox 1532 1805 1752 1883; x_wconf 63' lang='lat' dir='ltr'><strong>pratmia</strong></span> <span class='ocrx_word' id='word_1_137' title='bbox 1769 1807 1909 1869; x_wconf 80' lang='lat' dir='ltr'><strong>solet</strong></span> <span class='ocrx_word' id='word_1_138' title='bbox 1934 1805 2243 1862; x_wconf 81' lang='lat' dir='ltr'><strong>decernere.</strong></span> 
     </span>
    </p>
   </div>
   <div class='ocr_carea' id='block_1_18' title="bbox 656 1897 2245 1971">
    <p class='ocr_par' dir='ltr' id='par_1_18' title="bbox 656 1897 2245 1971">
     <span class='ocr_line' id='line_1_18' title="bbox 656 1897 2245 1971; baseline -0.003 -14"><span class='ocrx_word' id='word_1_139' title='bbox 656 1901 768 1957; x_wconf 75' lang='lat' dir='ltr'><strong>Vos</strong></span> <span class='ocrx_word' id='word_1_140' title='bbox 792 1901 952 1971; x_wconf 80' lang='lat' dir='ltr'><strong>igitur</strong></span> <span class='ocrx_word' id='word_1_141' title='bbox 980 1899 1187 1968; x_wconf 88' lang='lat' dir='ltr'><strong>hortor,</strong></span> <span class='ocrx_word' id='word_1_142' title='bbox 1219 1908 1279 1955; x_wconf 92' lang='lat' dir='ltr'><strong>ut</strong></span> <span class='ocrx_word' id='word_1_143' title='bbox 1308 1898 1451 1970; x_wconf 89' lang='lat' dir='ltr'><strong>quod</strong></span> <span class='ocrx_word' id='word_1_144' title='bbox 1480 1899 1715 1966; x_wconf 86' lang='lat' dir='ltr'><strong>faciunt,</strong></span> <span class='ocrx_word' id='word_1_145' title='bbox 1744 1900 1835 1969; x_wconf 91' lang='lat' dir='ltr'><strong>qui</strong></span> <span class='ocrx_word' id='word_1_146' title='bbox 1859 1897 2052 1953; x_wconf 88' lang='lat' dir='ltr'><strong>studiis</strong></span> <span class='ocrx_word' id='word_1_147' title='bbox 2091 1897 2245 1953; x_wconf 84' lang='lat' dir='ltr'><strong>thea-</strong></span> 
     </span>
    </p>
   </div>
   <div class='ocr_carea' id='block_1_19' title="bbox 653 1989 2248 2061">
    <p class='ocr_par' dir='ltr' id='par_1_19' title="bbox 653 1989 2248 2061">
     <span class='ocr_line' id='line_1_19' title="bbox 653 1989 2248 2061; baseline -0.004 -13"><span class='ocrx_word' id='word_1_148' title='bbox 653 2002 861 2048; x_wconf 87' lang='lat' dir='ltr'><strong>trorum</strong></span> <span class='ocrx_word' id='word_1_149' title='bbox 889 1991 1194 2058; x_wconf 84' lang='lat' dir='ltr'><strong>insaniunt,</strong></span> <span class='ocrx_word' id='word_1_150' title='bbox 1223 2000 1278 2046; x_wconf 90' lang='lat' dir='ltr'><strong>et</strong></span> <span class='ocrx_word' id='word_1_151' title='bbox 1316 1991 1368 2045; x_wconf 92' lang='lat' dir='ltr'><strong>in</strong></span> <span class='ocrx_word' id='word_1_152' title='bbox 1395 2004 1655 2061; x_wconf 88' lang='lat' dir='ltr'><strong>equorum</strong></span> <span class='ocrx_word' id='word_1_153' title='bbox 1684 1989 2067 2045; x_wconf 77' lang='lat' dir='ltr'><strong>certaminibus</strong></span> <span class='ocrx_word' id='word_1_154' title='bbox 2085 2029 2101 2053; x_wconf 94' lang='lat'><strong>,</strong></span> <span class='ocrx_word' id='word_1_155' title='bbox 2147 1989 2248 2043; x_wconf 92' lang='lat' dir='ltr'><strong>hoc</strong></span> 
     </span>
    </p>
   </div>
   <div class='ocr_carea' id='block_1_20' title="bbox 654 2079 2248 2156">
    <p class='ocr_par' dir='ltr' id='par_1_20' title="bbox 654 2079 2248 2156">
     <span class='ocr_line' id='line_1_20' title="bbox 654 2079 2248 2156; baseline -0.002 -18"><span class='ocrx_word' id='word_1_156' title='bbox 654 2101 753 2141; x_wconf 82' lang='lat' dir='ltr'><strong>vos</strong></span> <span class='ocrx_word' id='word_1_157' title='bbox 778 2099 990 2156; x_wconf 87' lang='lat' dir='ltr'><strong>quoque</strong></span> <span class='ocrx_word' id='word_1_158' title='bbox 1019 2082 1244 2139; x_wconf 75' lang='lat' dir='ltr'><strong>faciatis.</strong></span> <span class='ocrx_word' id='word_1_159' title='bbox 1272 2082 1410 2149; x_wconf 86' lang='lat' dir='ltr'><strong>Quid</strong></span> <span class='ocrx_word' id='word_1_160' title='bbox 1448 2083 1525 2137; x_wconf 88' lang='lat' dir='ltr'><strong>illi</strong></span> <span class='ocrx_word' id='word_1_161' title='bbox 1564 2096 1725 2152; x_wconf 90' lang='lat' dir='ltr'><strong>porro</strong></span> <span class='ocrx_word' id='word_1_162' title='bbox 1765 2079 2003 2136; x_wconf 72' lang='lat' dir='ltr'><strong>faciunt?</strong></span> <span class='ocrx_word' id='word_1_163' title='bbox 2036 2080 2154 2136; x_wconf 88' lang='lat' dir='ltr'><strong>Jam</strong></span> <span class='ocrx_word' id='word_1_164' title='bbox 2180 2081 2248 2135; x_wconf 88' lang='lat' dir='ltr'><strong>ab</strong></span> 
     </span>
    </p>
   </div>
   <div class='ocr_carea' id='block_1_21' title="bbox 656 2168 2247 2246">
    <p class='ocr_par' dir='ltr' id='par_1_21' title="bbox 656 2168 2247 2246">
     <span class='ocr_line' id='line_1_21' title="bbox 656 2168 2247 2246; baseline -0.004 -14"><span class='ocrx_word' id='word_1_165' title='bbox 656 2176 770 2246; x_wconf 87' lang='lat' dir='ltr'><strong>ipsa</strong></span> <span class='ocrx_word' id='word_1_166' title='bbox 813 2189 1035 2244; x_wconf 81' lang='lat' dir='ltr'><strong>vespera</strong></span> <span class='ocrx_word' id='word_1_167' title='bbox 1062 2180 1292 2239; x_wconf 89' lang='lat' dir='ltr'><strong>coeunt,</strong></span> <span class='ocrx_word' id='word_1_168' title='bbox 1329 2180 1388 2228; x_wconf 91' lang='lat' dir='ltr'><strong>et</strong></span> <span class='ocrx_word' id='word_1_169' title='bbox 1427 2171 1752 2228; x_wconf 91' lang='lat' dir='ltr'><strong>conveniunt</strong></span> <span class='ocrx_word' id='word_1_170' title='bbox 1785 2171 1925 2226; x_wconf 88' lang='lat' dir='ltr'><strong>inter</strong></span> <span class='ocrx_word' id='word_1_171' title='bbox 1966 2185 2059 2238; x_wconf 90' lang='lat' dir='ltr'><strong>se,</strong></span> <span class='ocrx_word' id='word_1_172' title='bbox 2101 2177 2156 2225; x_wconf 91' lang='lat' dir='ltr'><strong>et</strong></span> <span class='ocrx_word' id='word_1_173' title='bbox 2180 2168 2247 2233; x_wconf 84' lang='lat' dir='ltr'><strong>ad</strong></span> 
     </span>
    </p>
   </div>
   <div class='ocr_carea' id='block_1_22' title="bbox 655 2263 2244 2336">
    <p class='ocr_par' dir='ltr' id='par_1_22' title="bbox 655 2263 2244 2336">
     <span class='ocr_line' id='line_1_22' title="bbox 655 2263 2244 2336; baseline -0.003 -13"><span class='ocrx_word' id='word_1_174' title='bbox 655 2269 884 2324; x_wconf 87' lang='lat' dir='ltr'><strong>aliorum</strong></span> <span class='ocrx_word' id='word_1_175' title='bbox 911 2266 1099 2327; x_wconf 82' lang='lat' dir='ltr'><strong>domos</strong></span> <span class='ocrx_word' id='word_1_176' title='bbox 1125 2266 1343 2323; x_wconf 87' lang='lat' dir='ltr'><strong>veniunt</strong></span> <span class='ocrx_word' id='word_1_177' title='bbox 1367 2265 1467 2322; x_wconf 89' lang='lat' dir='ltr'><strong>sub</strong></span> <span class='ocrx_word' id='word_1_178' title='bbox 1486 2280 1755 2332; x_wconf 82' lang='lat' dir='ltr'><strong>auroram,</strong></span> <span class='ocrx_word' id='word_1_179' title='bbox 1779 2265 1988 2336; x_wconf 88' lang='lat' dir='ltr'><strong>aliaque</strong></span> <span class='ocrx_word' id='word_1_180' title='bbox 2008 2267 2121 2319; x_wconf 85' lang='lat' dir='ltr'><strong>loca</strong></span> <span class='ocrx_word' id='word_1_181' title='bbox 2143 2263 2244 2319; x_wconf 85' lang='lat' dir='ltr'><strong>sibi</strong></span> 
     </span>
    </p>
   </div>
   <div class='ocr_carea' id='block_1_23' title="bbox 654 2355 2247 2429">
    <p class='ocr_par' dir='ltr' id='par_1_23' title="bbox 654 2355 2247 2429">
     <span class='ocr_line' id='line_1_23' title="bbox 654 2355 2247 2429; baseline -0.001 -15"><span class='ocrx_word' id='word_1_182' title='bbox 654 2359 965 2429; x_wconf 87' lang='lat' dir='ltr'><strong>designant,</strong></span> <span class='ocrx_word' id='word_1_183' title='bbox 1004 2366 1065 2413; x_wconf 86' lang='lat' dir='ltr'><strong>ut</strong></span> <span class='ocrx_word' id='word_1_184' title='bbox 1088 2357 1245 2413; x_wconf 88' lang='lat' dir='ltr'><strong>simul</strong></span> <span class='ocrx_word' id='word_1_185' title='bbox 1279 2355 1587 2429; x_wconf 69' lang='lat' dir='ltr'><strong>congregati</strong></span> <span class='ocrx_word' id='word_1_186' title='bbox 1615 2356 1804 2426; x_wconf 83' lang='lat' dir='ltr'><strong>majori</strong></span> <span class='ocrx_word' id='word_1_187' title='bbox 1830 2370 1950 2411; x_wconf 91' lang='lat' dir='ltr'><strong>cum</strong></span> <span class='ocrx_word' id='word_1_188' title='bbox 1976 2356 2247 2425; x_wconf 87' lang='lat' dir='ltr'><strong>voluptate</strong></span> 
     </span>
    </p>
   </div>
   <div class='ocr_carea' id='block_1_24' title="bbox 654 2445 2246 2518">
    <p class='ocr_par' dir='ltr' id='par_1_24' title="bbox 654 2445 2246 2518">
     <span class='ocr_line' id='line_1_24' title="bbox 654 2445 2246 2518; baseline -0.001 -15"><span class='ocrx_word' id='word_1_189' title='bbox 654 2448 723 2504; x_wconf 85' lang='lat' dir='ltr'><strong>ad</strong></span> <span class='ocrx_word' id='word_1_190' title='bbox 749 2449 1047 2507; x_wconf 83' lang='lat' dir='ltr'><strong>satanicum</strong></span> <span class='ocrx_word' id='word_1_191' title='bbox 1068 2448 1434 2518; x_wconf 87' lang='lat' dir='ltr'><strong>spectaculum</strong></span> <span class='ocrx_word' id='word_1_192' title='bbox 1454 2448 1584 2503; x_wconf 91' lang='lat' dir='ltr'><strong>illud</strong></span> <span class='ocrx_word' id='word_1_193' title='bbox 1611 2446 1958 2503; x_wconf 88' lang='lat' dir='ltr'><strong>adscendant.</strong></span> <span class='ocrx_word' id='word_1_194' title='bbox 1982 2445 2246 2515; x_wconf 78' lang='lat' dir='ltr'><strong>Quemad-</strong></span> 
     </span>
    </p>
   </div>
   <div class='ocr_carea' id='block_1_25' title="bbox 652 2537 2246 2609">
    <p class='ocr_par' dir='ltr' id='par_1_25' title="bbox 652 2537 2246 2609">
     <span class='ocr_line' id='line_1_25' title="bbox 652 2537 2246 2609; baseline -0.003 -12"><span class='ocrx_word' id='word_1_195' title='bbox 652 2540 873 2597; x_wconf 83' lang='lat' dir='ltr'><strong>modum</strong></span> <span class='ocrx_word' id='word_1_196' title='bbox 916 2540 989 2599; x_wconf 92' lang='lat' dir='ltr'><strong>illi</strong></span> <span class='ocrx_word' id='word_1_197' title='bbox 1036 2541 1111 2596; x_wconf 86' lang='lat' dir='ltr'><strong>rei</strong></span> <span class='ocrx_word' id='word_1_198' title='bbox 1150 2539 1307 2596; x_wconf 89' lang='lat' dir='ltr'><strong>saluti</strong></span> <span class='ocrx_word' id='word_1_199' title='bbox 1345 2540 1539 2595; x_wconf 71' lang='lat' dir='ltr'><strong>animae</strong></span> <span class='ocrx_word' id='word_1_200' title='bbox 1586 2554 1697 2594; x_wconf 69' lang='lat' dir='ltr'><strong>suae</strong></span> <span class='ocrx_word' id='word_1_201' title='bbox 1726 2537 1901 2593; x_wconf 70' lang='lat' dir='ltr'><strong>noxite</strong></span> <span class='ocrx_word' id='word_1_202' title='bbox 1939 2538 2246 2609; x_wconf 77' lang='lat' dir='ltr'><strong>diligentem</strong></span> 
     </span>
    </p>
   </div>
   <div class='ocr_carea' id='block_1_26' title="bbox 654 2628 2246 2702">
    <p class='ocr_par' dir='ltr' id='par_1_26' title="bbox 654 2628 2246 2702">
     <span class='ocr_line' id='line_1_26' title="bbox 654 2628 2246 2702; baseline -0.002 -16"><span class='ocrx_word' id='word_1_203' title='bbox 654 2646 874 2702; x_wconf 86' lang='lat' dir='ltr'><strong>operam</strong></span> <span class='ocrx_word' id='word_1_204' title='bbox 896 2640 1107 2697; x_wconf 82' lang='lat' dir='ltr'><strong>navant,</strong></span> <span class='ocrx_word' id='word_1_205' title='bbox 1132 2646 1297 2701; x_wconf 87' lang='lat' dir='ltr'><strong>seque</strong></span> <span class='ocrx_word' id='word_1_206' title='bbox 1326 2639 1509 2686; x_wconf 90' lang='lat' dir='ltr'><strong>mutuo</strong></span> <span class='ocrx_word' id='word_1_207' title='bbox 1537 2630 1809 2687; x_wconf 90' lang='lat' dir='ltr'><strong>deducunt</strong></span> <span class='ocrx_word' id='word_1_208' title='bbox 1846 2647 1862 2687; x_wconf 90' lang='lat'><strong>:</strong></span> <span class='ocrx_word' id='word_1_209' title='bbox 1901 2635 1974 2684; x_wconf 87' lang='lat' dir='ltr'><strong>ita</strong></span> <span class='ocrx_word' id='word_1_210' title='bbox 2002 2640 2100 2684; x_wconf 90' lang='lat' dir='ltr'><strong>vos</strong></span> <span class='ocrx_word' id='word_1_211' title='bbox 2127 2628 2246 2684; x_wconf 91' lang='lat' dir='ltr'><strong>ani-</strong></span> 
     </span>
    </p>
   </div>
   <div class='ocr_carea' id='block_1_27' title="bbox 654 2722 2245 2792">
    <p class='ocr_par' dir='ltr' id='par_1_27' title="bbox 654 2722 2245 2792">
     <span class='ocr_line' id='line_1_27' title="bbox 654 2722 2245 2792; baseline 0 -15"><span class='ocrx_word' id='word_1_212' title='bbox 654 2738 760 2778; x_wconf 73' lang='lat' dir='ltr'><strong>mo:</strong></span> <span class='ocrx_word' id='word_1_213' title='bbox 795 2730 989 2778; x_wconf 71' lang='lat' dir='ltr'><strong>vestra:</strong></span> <span class='ocrx_word' id='word_1_214' title='bbox 1031 2738 1215 2778; x_wconf 88' lang='lat' dir='ltr'><strong>curam</strong></span> <span class='ocrx_word' id='word_1_215' title='bbox 1259 2722 1465 2792; x_wconf 88' lang='lat' dir='ltr'><strong>gerite,</strong></span> <span class='ocrx_word' id='word_1_216' title='bbox 1490 2735 1696 2792; x_wconf 60' lang='lat' dir='ltr'><strong>vosque</strong></span> <span class='ocrx_word' id='word_1_217' title='bbox 1740 2722 1965 2777; x_wconf 78' lang='lat' dir='ltr'><strong>invicem</strong></span> <span class='ocrx_word' id='word_1_218' title='bbox 1996 2729 2245 2777; x_wconf 81' lang='lat' dir='ltr'><strong>servate:</strong></span> 
     </span>
    </p>
   </div>
   <div class='ocr_carea' id='block_1_28' title="bbox 637 2813 2243 2885">
    <p class='ocr_par' dir='ltr' id='par_1_28' title="bbox 637 2813 2243 2885">
     <span class='ocr_line' id='line_1_28' title="bbox 637 2813 2243 2885; baseline -0.001 -16"><span class='ocrx_word' id='word_1_219' title='bbox 637 2828 883 2885; x_wconf 71' lang='lat' dir='ltr'><strong>cumque</strong></span> <span class='ocrx_word' id='word_1_220' title='bbox 910 2815 1081 2868; x_wconf 89' lang='lat' dir='ltr'><strong>futura</strong></span> <span class='ocrx_word' id='word_1_221' title='bbox 1101 2816 1204 2869; x_wconf 89' lang='lat' dir='ltr'><strong>erit</strong></span> <span class='ocrx_word' id='word_1_222' title='bbox 1228 2814 1472 2875; x_wconf 86' lang='lat' dir='ltr'><strong>collecta,</strong></span> <span class='ocrx_word' id='word_1_223' title='bbox 1490 2813 1557 2868; x_wconf 92' lang='lat' dir='ltr'><strong>ad</strong></span> <span class='ocrx_word' id='word_1_224' title='bbox 1579 2813 1725 2868; x_wconf 70' lang='lat' dir='ltr'><strong>mdes</strong></span> <span class='ocrx_word' id='word_1_225' title='bbox 1752 2829 1911 2883; x_wconf 87' lang='lat' dir='ltr'><strong>perge</strong></span> <span class='ocrx_word' id='word_1_226' title='bbox 1942 2814 2016 2868; x_wconf 93' lang='lat' dir='ltr'><strong>tui</strong></span> <span class='ocrx_word' id='word_1_227' title='bbox 2043 2813 2243 2880; x_wconf 81' lang='lat' dir='ltr'><strong>fratris,</strong></span> 
     </span>
    </p>
   </div>
   <div class='ocr_carea' id='block_1_29' title="bbox 654 2903 2247 2975">
    <p class='ocr_par' dir='ltr' id='par_1_29' title="bbox 654 2903 2247 2975">
     <span class='ocr_line' id='line_1_29' title="bbox 654 2903 2247 2975; baseline -0.002 -15"><span class='ocrx_word' id='word_1_228' title='bbox 654 2919 886 2975; x_wconf 89' lang='lat' dir='ltr'><strong>eumque</strong></span> <span class='ocrx_word' id='word_1_229' title='bbox 915 2904 1043 2961; x_wconf 88' lang='lat' dir='ltr'><strong>foris</strong></span> <span class='ocrx_word' id='word_1_230' title='bbox 1068 2919 1167 2975; x_wconf 89' lang='lat' dir='ltr'><strong>pro</strong></span> <span class='ocrx_word' id='word_1_231' title='bbox 1195 2904 1459 2959; x_wconf 88' lang='lat' dir='ltr'><strong>vestibulo</strong></span> <span class='ocrx_word' id='word_1_232' title='bbox 1480 2912 1753 2973; x_wconf 80' lang='lat' dir='ltr'><strong>exspecta,</strong></span> <span class='ocrx_word' id='word_1_233' title='bbox 1780 2913 1941 2973; x_wconf 89' lang='lat' dir='ltr'><strong>atque</strong></span> <span class='ocrx_word' id='word_1_234' title='bbox 1967 2903 2247 2974; x_wconf 87' lang='lat' dir='ltr'><strong>egredien-</strong></span> 
     </span>
    </p>
   </div>
   <div class='ocr_carea' id='block_1_30' title="bbox 652 2993 2245 3064">
    <p class='ocr_par' dir='ltr' id='par_1_30' title="bbox 652 2993 2245 3064">
     <span class='ocr_line' id='line_1_30' title="bbox 652 2993 2245 3064; baseline 0.001 -16"><span class='ocrx_word' id='word_1_235' title='bbox 652 3001 763 3048; x_wconf 88' lang='lat' dir='ltr'><strong>tem</strong></span> <span class='ocrx_word' id='word_1_236' title='bbox 783 2993 956 3049; x_wconf 87' lang='lat' dir='ltr'><strong>retine</strong></span> <span class='ocrx_word' id='word_1_237' title='bbox 987 3010 1003 3047; x_wconf 90' lang='lat'><strong>:</strong></span> <span class='ocrx_word' id='word_1_238' title='bbox 1032 2993 1155 3049; x_wconf 87' lang='lat' dir='ltr'><strong>licet</strong></span> <span class='ocrx_word' id='word_1_239' title='bbox 1191 2994 1259 3050; x_wconf 89' lang='lat' dir='ltr'><strong>ab</strong></span> <span class='ocrx_word' id='word_1_240' title='bbox 1294 2995 1587 3049; x_wconf 86' lang='lat' dir='ltr'><strong>innumeris</strong></span> <span class='ocrx_word' id='word_1_241' title='bbox 1614 2994 2024 3050; x_wconf 87' lang='lat' dir='ltr'><strong>necessitatibus</strong></span> <span class='ocrx_word' id='word_1_242' title='bbox 2052 3008 2245 3064; x_wconf 87' lang='lat' dir='ltr'><strong>urgea-</strong></span> 
     </span>
    </p>
   </div>
   <div class='ocr_carea' id='block_1_31' title="bbox 652 3085 2245 3156">
    <p class='ocr_par' dir='ltr' id='par_1_31' title="bbox 652 3085 2245 3156">
     <span class='ocr_line' id='line_1_31' title="bbox 652 3085 2245 3156; baseline 0.001 -17"><span class='ocrx_word' id='word_1_243' title='bbox 652 3095 759 3148; x_wconf 88' lang='lat' dir='ltr'><strong>tur,</strong></span> <span class='ocrx_word' id='word_1_244' title='bbox 789 3100 857 3141; x_wconf 89' lang='lat' dir='ltr'><strong>ne</strong></span> <span class='ocrx_word' id='word_1_245' title='bbox 882 3086 1180 3155; x_wconf 86' lang='lat' dir='ltr'><strong>permittas,</strong></span> <span class='ocrx_word' id='word_1_246' title='bbox 1210 3101 1345 3141; x_wconf 89' lang='lat' dir='ltr'><strong>neve</strong></span> <span class='ocrx_word' id='word_1_247' title='bbox 1368 3088 1514 3142; x_wconf 87' lang='lat' dir='ltr'><strong>sinas</strong></span> <span class='ocrx_word' id='word_1_248' title='bbox 1539 3085 1799 3141; x_wconf 81' lang='lat' dir='ltr'><strong>saeculare</strong></span> <span class='ocrx_word' id='word_1_249' title='bbox 1823 3085 2039 3156; x_wconf 87' lang='lat' dir='ltr'><strong>aliquod</strong></span> <span class='ocrx_word' id='word_1_250' title='bbox 2076 3101 2245 3155; x_wconf 88' lang='lat' dir='ltr'><strong>nego-</strong></span> 
     </span>
    </p>
   </div>
   <div class='ocr_carea' id='block_1_32' title="bbox 656 3174 2243 3246">
    <p class='ocr_par' dir='ltr' id='par_1_32' title="bbox 656 3174 2243 3246">
     <span class='ocr_line' id='line_1_32' title="bbox 656 3174 2243 3246; baseline 0.003 -20"><span class='ocrx_word' id='word_1_251' title='bbox 656 3174 794 3230; x_wconf 86' lang='lat' dir='ltr'><strong>tium</strong></span> <span class='ocrx_word' id='word_1_252' title='bbox 820 3175 1054 3245; x_wconf 83' lang='lat' dir='ltr'><strong>aggredi,</strong></span> <span class='ocrx_word' id='word_1_253' title='bbox 1090 3176 1399 3246; x_wconf 84' lang='lat' dir='ltr'><strong>priusquam</strong></span> <span class='ocrx_word' id='word_1_254' title='bbox 1428 3176 1495 3231; x_wconf 89' lang='lat' dir='ltr'><strong>ad</strong></span> <span class='ocrx_word' id='word_1_255' title='bbox 1522 3177 1802 3233; x_wconf 85' lang='lat' dir='ltr'><strong>ecclesiam</strong></span> <span class='ocrx_word' id='word_1_256' title='bbox 1831 3176 1981 3231; x_wconf 91' lang='lat' dir='ltr'><strong>illum</strong></span> <span class='ocrx_word' id='word_1_257' title='bbox 2005 3175 2243 3231; x_wconf 79' lang='lat' dir='ltr'><strong>adduxe-</strong></span> 
     </span>
    </p>
   </div>
   <div class='ocr_carea' id='block_1_33' title="bbox 655 3268 2243 3340">
    <p class='ocr_par' dir='ltr' id='par_1_33' title="bbox 655 3268 2243 3340">
     <span class='ocr_line' id='line_1_33' title="bbox 655 3268 2243 3340; baseline 0.001 -19"><span class='ocrx_word' id='word_1_258' title='bbox 655 3269 750 3333; x_wconf 88' lang='lat' dir='ltr'><strong>ris,</strong></span> <span class='ocrx_word' id='word_1_259' title='bbox 778 3279 833 3324; x_wconf 90' lang='lat' dir='ltr'><strong>et</strong></span> <span class='ocrx_word' id='word_1_260' title='bbox 859 3268 1079 3340; x_wconf 74' lang='lat' dir='ltr'><strong>integra:</strong></span> <span class='ocrx_word' id='word_1_261' title='bbox 1104 3270 1344 3325; x_wconf 84' lang='lat' dir='ltr'><strong>collectae</strong></span> <span class='ocrx_word' id='word_1_262' title='bbox 1369 3271 1699 3340; x_wconf 78' lang='lat' dir='ltr'><strong>persuaseris</strong></span> <span class='ocrx_word' id='word_1_263' title='bbox 1728 3271 2021 3326; x_wconf 86' lang='lat' dir='ltr'><strong>interesse:</strong></span> <span class='ocrx_word' id='word_1_264' title='bbox 2054 3284 2243 3340; x_wconf 88' lang='lat' dir='ltr'><strong>quam-</strong></span> 
     </span>
    </p>
   </div>
   <div class='ocr_carea' id='block_1_34' title="bbox 652 3360 2244 3432">
    <p class='ocr_par' dir='ltr' id='par_1_34' title="bbox 652 3360 2244 3432">
     <span class='ocr_line' id='line_1_34' title="bbox 652 3360 2244 3432; baseline 0.003 -21"><span class='ocrx_word' id='word_1_265' title='bbox 652 3360 737 3416; x_wconf 76' lang='lat' dir='ltr'><strong>vis</strong></span> <span class='ocrx_word' id='word_1_266' title='bbox 756 3360 1061 3427; x_wconf 71' lang='lat' dir='ltr'><strong>contendat,</strong></span> <span class='ocrx_word' id='word_1_267' title='bbox 1088 3363 1332 3432; x_wconf 76' lang='lat' dir='ltr'><strong>quamvis</strong></span> <span class='ocrx_word' id='word_1_268' title='bbox 1357 3361 1705 3427; x_wconf 88' lang='lat' dir='ltr'><strong>contradicat,</strong></span> <span class='ocrx_word' id='word_1_269' title='bbox 1733 3361 1976 3429; x_wconf 82' lang='lat' dir='ltr'><strong>quamvis</strong></span> <span class='ocrx_word' id='word_1_270' title='bbox 1998 3360 2244 3415; x_wconf 87' lang='lat' dir='ltr'><strong>innume-</strong></span> 
     </span>
    </p>
   </div>
   <div class='ocr_carea' id='block_1_35' title="bbox 654 3450 2241 3521">
    <p class='ocr_par' dir='ltr' id='par_1_35' title="bbox 654 3450 2241 3521">
     <span class='ocr_line' id='line_1_35' title="bbox 654 3450 2241 3521; baseline 0.002 -17"><span class='ocrx_word' id='word_1_271' title='bbox 654 3464 744 3505; x_wconf 90' lang='lat' dir='ltr'><strong>ras</strong></span> <span class='ocrx_word' id='word_1_272' title='bbox 767 3452 1137 3505; x_wconf 79' lang='lat' dir='ltr'><strong>excusationes</strong></span> <span class='ocrx_word' id='word_1_273' title='bbox 1162 3450 1436 3517; x_wconf 89' lang='lat' dir='ltr'><strong>ohtendat,</strong></span> <span class='ocrx_word' id='word_1_274' title='bbox 1469 3466 1536 3505; x_wconf 90' lang='lat' dir='ltr'><strong>ne</strong></span> <span class='ocrx_word' id='word_1_275' title='bbox 1557 3450 1633 3506; x_wconf 88' lang='lat' dir='ltr'><strong>illi</strong></span> <span class='ocrx_word' id='word_1_276' title='bbox 1655 3450 1864 3513; x_wconf 90' lang='lat' dir='ltr'><strong>credas,</strong></span> <span class='ocrx_word' id='word_1_277' title='bbox 1896 3465 1998 3507; x_wconf 92' lang='lat' dir='ltr'><strong>nee</strong></span> <span class='ocrx_word' id='word_1_278' title='bbox 2023 3452 2241 3521; x_wconf 85' lang='lat' dir='ltr'><strong>acquie-</strong></span> 
     </span>
    </p>
   </div>
   <div class='ocr_carea' id='block_1_36' title="bbox 651 3541 2241 3609">
    <p class='ocr_par' dir='ltr' id='par_1_36' title="bbox 651 3541 2241 3609">
     <span class='ocr_line' id='line_1_36' title="bbox 651 3541 2241 3609; baseline 0.001 -12"><span class='ocrx_word' id='word_1_279' title='bbox 651 3556 791 3609; x_wconf 85' lang='lat' dir='ltr'><strong>scas,</strong></span> <span class='ocrx_word' id='word_1_280' title='bbox 823 3541 919 3598; x_wconf 86' lang='lat' dir='ltr'><strong>sed</strong></span> <span class='ocrx_word' id='word_1_281' title='bbox 956 3542 1141 3598; x_wconf 85' lang='lat' dir='ltr'><strong>dicens</strong></span> <span class='ocrx_word' id='word_1_282' title='bbox 1186 3557 1251 3598; x_wconf 87' lang='lat' dir='ltr'><strong>ac</strong></span> <span class='ocrx_word' id='word_1_283' title='bbox 1289 3542 1489 3599; x_wconf 86' lang='lat' dir='ltr'><strong>docens</strong></span> <span class='ocrx_word' id='word_1_284' title='bbox 1519 3542 1633 3599; x_wconf 86' lang='lat' dir='ltr'><strong>fore</strong></span> <span class='ocrx_word' id='word_1_285' title='bbox 1656 3583 1672 3609; x_wconf 94' lang='lat'><strong>,</strong></span> <span class='ocrx_word' id='word_1_286' title='bbox 1706 3552 1763 3598; x_wconf 92' lang='lat' dir='ltr'><strong>ut</strong></span> <span class='ocrx_word' id='word_1_287' title='bbox 1790 3552 1901 3598; x_wconf 87' lang='lat' dir='ltr'><strong>tum</strong></span> <span class='ocrx_word' id='word_1_288' title='bbox 1933 3544 2010 3598; x_wconf 90' lang='lat' dir='ltr'><strong>illi</strong></span> <span class='ocrx_word' id='word_1_289' title='bbox 2047 3553 2241 3599; x_wconf 71' lang='lat' dir='ltr'><strong>caetera</strong></span> 
     </span>
    </p>
   </div>
   <div class='ocr_carea' id='block_1_37' title="bbox 652 3631 2241 3703">
    <p class='ocr_par' dir='ltr' id='par_1_37' title="bbox 652 3631 2241 3703">
     <span class='ocr_line' id='line_1_37' title="bbox 652 3631 2241 3703; baseline 0.001 -15"><span class='ocrx_word' id='word_1_290' title='bbox 652 3632 822 3702; x_wconf 80' lang='lat' dir='ltr'><strong>magis</strong></span> <span class='ocrx_word' id='word_1_291' title='bbox 871 3631 1044 3687; x_wconf 85' lang='lat' dir='ltr'><strong>facilia</strong></span> <span class='ocrx_word' id='word_1_292' title='bbox 1099 3642 1154 3689; x_wconf 90' lang='lat' dir='ltr'><strong>et</strong></span> <span class='ocrx_word' id='word_1_293' title='bbox 1203 3634 1449 3703; x_wconf 79' lang='lat' dir='ltr'><strong>expedita</strong></span> <span class='ocrx_word' id='word_1_294' title='bbox 1479 3633 1789 3701; x_wconf 88' lang='lat' dir='ltr'><strong>reddantur,</strong></span> <span class='ocrx_word' id='word_1_295' title='bbox 1824 3649 1947 3689; x_wconf 90' lang='lat' dir='ltr'><strong>cum</strong></span> <span class='ocrx_word' id='word_1_296' title='bbox 1998 3634 2241 3689; x_wconf 86' lang='lat' dir='ltr'><strong>absoluta</strong></span> 
     </span>
    </p>
   </div>
   <div class='ocr_carea' id='block_1_38' title="bbox 652 3722 2241 3795">
    <p class='ocr_par' dir='ltr' id='par_1_38' title="bbox 652 3722 2241 3795">
     <span class='ocr_line' id='line_1_38' title="bbox 652 3722 2241 3795; baseline 0.001 -18"><span class='ocrx_word' id='word_1_297' title='bbox 652 3722 904 3788; x_wconf 88' lang='lat' dir='ltr'><strong>collecta,</strong></span> <span class='ocrx_word' id='word_1_298' title='bbox 934 3731 1211 3793; x_wconf 77' lang='lat' dir='ltr'><strong>postquam</strong></span> <span class='ocrx_word' id='word_1_299' title='bbox 1241 3724 1508 3793; x_wconf 82' lang='lat' dir='ltr'><strong>particeps</strong></span> <span class='ocrx_word' id='word_1_300' title='bbox 1537 3739 1752 3793; x_wconf 87' lang='lat' dir='ltr'><strong>precum</strong></span> <span class='ocrx_word' id='word_1_301' title='bbox 1789 3724 1978 3789; x_wconf 90' lang='lat' dir='ltr'><strong>fuerit,</strong></span> <span class='ocrx_word' id='word_1_302' title='bbox 2004 3733 2241 3795; x_wconf 88' lang='lat' dir='ltr'><strong>patrum-</strong></span> 
     </span>
    </p>
   </div>
   <div class='ocr_carea' id='block_1_39' title="bbox 650 3811 2240 3886">
    <p class='ocr_par' dir='ltr' id='par_1_39' title="bbox 650 3811 2240 3886">
     <span class='ocr_line' id='line_1_39' title="bbox 650 3811 2240 3886; baseline 0.003 -19"><span class='ocrx_word' id='word_1_303' title='bbox 650 3826 757 3881; x_wconf 86' lang='lat' dir='ltr'><strong>que</strong></span> <span class='ocrx_word' id='word_1_304' title='bbox 776 3811 1173 3869; x_wconf 86' lang='lat' dir='ltr'><strong>benedictioncs</strong></span> <span class='ocrx_word' id='word_1_305' title='bbox 1194 3815 1481 3883; x_wconf 86' lang='lat' dir='ltr'><strong>acceperit,</strong></span> <span class='ocrx_word' id='word_1_306' title='bbox 1501 3813 1763 3885; x_wconf 77' lang='lat' dir='ltr'><strong>deinceps</strong></span> <span class='ocrx_word' id='word_1_307' title='bbox 1774 3818 1839 3871; x_wconf 81' lang='lat' dir='ltr'><strong>ad</strong></span> <span class='ocrx_word' id='word_1_308' title='bbox 1868 3816 1956 3869; x_wconf 87' lang='lat' dir='ltr'><strong>illa</strong></span> <span class='ocrx_word' id='word_1_309' title='bbox 1986 3830 2240 3886; x_wconf 80' lang='lat' dir='ltr'><strong>propera-</strong></span> 
     </span>
    </p>
   </div>
   <div class='ocr_carea' id='block_1_40' title="bbox 654 3903 2241 3976">
    <p class='ocr_par' dir='ltr' id='par_1_40' title="bbox 654 3903 2241 3976">
     <span class='ocr_line' id='line_1_40' title="bbox 654 3903 2241 3976; baseline 0.004 -19"><span class='ocrx_word' id='word_1_310' title='bbox 654 3903 758 3971; x_wconf 89' lang='lat' dir='ltr'><strong>rit;</strong></span> <span class='ocrx_word' id='word_1_311' title='bbox 790 3910 949 3973; x_wconf 88' lang='lat' dir='ltr'><strong>atque</strong></span> <span class='ocrx_word' id='word_1_312' title='bbox 974 3903 1059 3959; x_wconf 86' lang='lat' dir='ltr'><strong>his</strong></span> <span class='ocrx_word' id='word_1_313' title='bbox 1084 3919 1149 3959; x_wconf 87' lang='lat' dir='ltr'><strong>ac</strong></span> <span class='ocrx_word' id='word_1_314' title='bbox 1174 3905 1411 3974; x_wconf 86' lang='lat' dir='ltr'><strong>pluribus</strong></span> <span class='ocrx_word' id='word_1_315' title='bbox 1434 3906 1552 3961; x_wconf 88' lang='lat' dir='ltr'><strong>aliis</strong></span> <span class='ocrx_word' id='word_1_316' title='bbox 1579 3906 1754 3963; x_wconf 83' lang='lat' dir='ltr'><strong>verbis</strong></span> <span class='ocrx_word' id='word_1_317' title='bbox 1782 3923 1903 3962; x_wconf 93' lang='lat' dir='ltr'><strong>cum</strong></span> <span class='ocrx_word' id='word_1_318' title='bbox 1946 3908 2117 3976; x_wconf 89' lang='lat' dir='ltr'><strong>ipsum</strong></span> <span class='ocrx_word' id='word_1_319' title='bbox 2146 3907 2241 3964; x_wconf 86' lang='lat' dir='ltr'><strong>dc-</strong></span> 
     </span>
    </p>
   </div>
   <div class='ocr_carea' id='block_1_41' title="bbox 650 3995 2239 4065">
    <p class='ocr_par' dir='ltr' id='par_1_41' title="bbox 650 3995 2239 4065">
     <span class='ocr_line' id='line_1_41' title="bbox 650 3995 2239 4065; baseline 0.004 -17"><span class='ocrx_word' id='word_1_320' title='bbox 650 3995 919 4064; x_wconf 80' lang='lat' dir='ltr'><strong>vinxeris,</strong></span> <span class='ocrx_word' id='word_1_321' title='bbox 949 3995 1017 4051; x_wconf 87' lang='lat' dir='ltr'><strong>ad</strong></span> <span class='ocrx_word' id='word_1_322' title='bbox 1046 4010 1252 4052; x_wconf 89' lang='lat' dir='ltr'><strong>sacram</strong></span> <span class='ocrx_word' id='word_1_323' title='bbox 1282 3998 1435 4053; x_wconf 82' lang='lat' dir='ltr'><strong>istam</strong></span> <span class='ocrx_word' id='word_1_324' title='bbox 1475 4014 1714 4054; x_wconf 87' lang='lat' dir='ltr'><strong>mensam</strong></span> <span class='ocrx_word' id='word_1_325' title='bbox 1740 3999 2021 4065; x_wconf 85' lang='lat' dir='ltr'><strong>deducito,</strong></span> <span class='ocrx_word' id='word_1_326' title='bbox 2054 4008 2113 4055; x_wconf 85' lang='lat' dir='ltr'><strong>ut</strong></span> <span class='ocrx_word' id='word_1_327' title='bbox 2142 3999 2239 4054; x_wconf 84' lang='lat' dir='ltr'><strong>du-</strong></span> 
     </span>
    </p>
   </div>
   <div class='ocr_carea' id='block_1_42' title="bbox 648 4087 2241 4159">
    <p class='ocr_par' dir='ltr' id='par_1_42' title="bbox 648 4087 2241 4159">
     <span class='ocr_line' id='line_1_42' title="bbox 648 4087 2241 4159; baseline 0.003 -17"><span class='ocrx_word' id='word_1_328' title='bbox 648 4087 841 4159; x_wconf 88' lang='lat' dir='ltr'><strong>plicem</strong></span> <span class='ocrx_word' id='word_1_329' title='bbox 870 4089 1174 4144; x_wconf 87' lang='lat' dir='ltr'><strong>mercedem</strong></span> <span class='ocrx_word' id='word_1_330' title='bbox 1214 4090 1495 4156; x_wconf 87' lang='lat' dir='ltr'><strong>obtineas,</strong></span> <span class='ocrx_word' id='word_1_331' title='bbox 1526 4106 1646 4147; x_wconf 90' lang='lat' dir='ltr'><strong>eum</strong></span> <span class='ocrx_word' id='word_1_332' title='bbox 1697 4090 1768 4146; x_wconf 92' lang='lat' dir='ltr'><strong>ob</strong></span> <span class='ocrx_word' id='word_1_333' title='bbox 1810 4100 1977 4157; x_wconf 90' lang='lat' dir='ltr'><strong>tuum,</strong></span> <span class='ocrx_word' id='word_1_334' title='bbox 2030 4099 2141 4145; x_wconf 90' lang='lat' dir='ltr'><strong>tum</strong></span> <span class='ocrx_word' id='word_1_335' title='bbox 2170 4092 2241 4147; x_wconf 94' lang='lat' dir='ltr'><strong>ob</strong></span> 
     </span>
    </p>
   </div>
   <div class='ocr_carea' id='block_1_43' title="bbox 648 4177 2241 4253">
    <p class='ocr_par' dir='ltr' id='par_1_43' title="bbox 648 4177 2241 4253">
     <span class='ocr_line' id='line_1_43' title="bbox 648 4177 2241 4253; baseline 0.004 -22"><span class='ocrx_word' id='word_1_336' title='bbox 648 4177 793 4233; x_wconf 86' lang='lat' dir='ltr'><strong>illius</strong></span> <span class='ocrx_word' id='word_1_337' title='bbox 824 4178 1132 4233; x_wconf 81' lang='lat' dir='ltr'><strong>adventum.</strong></span> <span class='ocrx_word' id='word_1_338' title='bbox 1163 4178 1395 4236; x_wconf 84' lang='lat' dir='ltr'><strong>Omnino</strong></span> <span class='ocrx_word' id='word_1_339' title='bbox 1422 4181 1467 4235; x_wconf 88' lang='lat' dir='ltr'><strong>si</strong></span> <span class='ocrx_word' id='word_1_340' title='bbox 1508 4187 1712 4235; x_wconf 90' lang='lat' dir='ltr'><strong>tantum</strong></span> <span class='ocrx_word' id='word_1_341' title='bbox 1742 4181 1901 4235; x_wconf 88' lang='lat' dir='ltr'><strong>studii</strong></span> <span class='ocrx_word' id='word_1_342' title='bbox 1929 4190 2241 4253; x_wconf 89' lang='lat' dir='ltr'><strong>tantumque</strong></span> 
     </span>
    </p>
   </div>
   <div class='ocr_carea' id='block_1_44' title="bbox 647 4267 2244 4343">
    <p class='ocr_par' dir='ltr' id='par_1_44' title="bbox 647 4267 2244 4343">
     <span class='ocr_line' id='line_1_44' title="bbox 647 4267 2244 4343; baseline 0.003 -19"><span class='ocrx_word' id='word_1_343' title='bbox 647 4267 935 4338; x_wconf 70' lang='lat' dir='ltr'><strong>diligentia:</strong></span> <span class='ocrx_word' id='word_1_344' title='bbox 964 4268 1031 4323; x_wconf 82' lang='lat' dir='ltr'><strong>ad</strong></span> <span class='ocrx_word' id='word_1_345' title='bbox 1056 4268 1174 4324; x_wconf 85' lang='lat' dir='ltr'><strong>illos</strong></span> <span class='ocrx_word' id='word_1_346' title='bbox 1200 4270 1470 4327; x_wconf 88' lang='lat' dir='ltr'><strong>venandos</strong></span> <span class='ocrx_word' id='word_1_347' title='bbox 1498 4280 1553 4326; x_wconf 91' lang='lat' dir='ltr'><strong>et</strong></span> <span class='ocrx_word' id='word_1_348' title='bbox 1592 4270 1925 4339; x_wconf 88' lang='lat' dir='ltr'><strong>alliciendos,</strong></span> <span class='ocrx_word' id='word_1_349' title='bbox 1954 4272 2046 4343; x_wconf 89' lang='lat' dir='ltr'><strong>qui</strong></span> <span class='ocrx_word' id='word_1_350' title='bbox 2075 4274 2244 4342; x_wconf 86' lang='lat' dir='ltr'><strong>negli-</strong></span> 
     </span>
    </p>
   </div>
   <div class='ocr_carea' id='block_1_45' title="bbox 646 4361 2238 4435">
    <p class='ocr_par' dir='ltr' id='par_1_45' title="bbox 646 4361 2238 4435">
     <span class='ocr_line' id='line_1_45' title="bbox 646 4361 2238 4435; baseline 0.006 -22"><span class='ocrx_word' id='word_1_351' title='bbox 646 4361 919 4430; x_wconf 87' lang='lat' dir='ltr'><strong>gentiores</strong></span> <span class='ocrx_word' id='word_1_352' title='bbox 953 4368 1099 4428; x_wconf 89' lang='lat' dir='ltr'><strong>sunt,</strong></span> <span class='ocrx_word' id='word_1_353' title='bbox 1131 4361 1561 4431; x_wconf 85' lang='lat' dir='ltr'><strong>adhibuerimus,</strong></span> <span class='ocrx_word' id='word_1_354' title='bbox 1600 4363 1826 4421; x_wconf 88' lang='lat' dir='ltr'><strong>salutem</strong></span> <span class='ocrx_word' id='word_1_355' title='bbox 1867 4379 2238 4435; x_wconf 87' lang='lat' dir='ltr'><strong>assequemur.</strong></span> 
     </span>
    </p>
   </div>
   <div class='ocr_carea' id='block_1_46' title="bbox 646 4451 2235 4528">
    <p class='ocr_par' dir='ltr' id='par_1_46' title="bbox 646 4451 2235 4528">
     <span class='ocr_line' id='line_1_46' title="bbox 646 4451 2235 4528; baseline 0.004 -22"><span class='ocrx_word' id='word_1_356' title='bbox 646 4451 995 4520; x_wconf 85' lang='lat' dir='ltr'><strong>Quantumvis</strong></span> <span class='ocrx_word' id='word_1_357' title='bbox 1033 4455 1179 4509; x_wconf 86' lang='lat' dir='ltr'><strong>enim</strong></span> <span class='ocrx_word' id='word_1_358' title='bbox 1216 4455 1545 4525; x_wconf 70' lang='lat' dir='ltr'><strong>negligentes</strong></span> <span class='ocrx_word' id='word_1_359' title='bbox 1581 4456 1723 4522; x_wconf 88' lang='lat' dir='ltr'><strong>sint,</strong></span> <span class='ocrx_word' id='word_1_360' title='bbox 1772 4464 1828 4512; x_wconf 90' lang='lat' dir='ltr'><strong>et</strong></span> <span class='ocrx_word' id='word_1_361' title='bbox 1866 4456 2235 4528; x_wconf 81' lang='lat' dir='ltr'><strong>impudentes,</strong></span> 
     </span>
    </p>
   </div>
   <div class='ocr_carea' id='block_1_47' title="bbox 642 4542 2232 4617">
    <p class='ocr_par' dir='ltr' id='par_1_47' title="bbox 642 4542 2232 4617">
     <span class='ocr_line' id='line_1_47' title="bbox 642 4542 2232 4617; baseline 0.004 -20"><span class='ocrx_word' id='word_1_362' title='bbox 642 4549 704 4597; x_wconf 82' lang='lat' dir='ltr'><strong>et</strong></span> <span class='ocrx_word' id='word_1_363' title='bbox 726 4542 1046 4607; x_wconf 78' lang='lat' dir='ltr'><strong>truculenti,</strong></span> <span class='ocrx_word' id='word_1_364' title='bbox 1099 4543 1464 4601; x_wconf 84' lang='lat' dir='ltr'><strong>assiduitatem</strong></span> <span class='ocrx_word' id='word_1_365' title='bbox 1503 4547 1766 4617; x_wconf 90' lang='lat' dir='ltr'><strong>.propositi</strong></span> <span class='ocrx_word' id='word_1_366' title='bbox 1795 4548 1959 4604; x_wconf 86' lang='lat' dir='ltr'><strong>vestri</strong></span> <span class='ocrx_word' id='word_1_367' title='bbox 1982 4549 2232 4616; x_wconf 86' lang='lat' dir='ltr'><strong>reveriti,</strong></span> 
     </span>
    </p>
   </div>
   <div class='ocr_carea' id='block_1_48' title="bbox 645 4632 2238 4710">
    <p class='ocr_par' dir='ltr' id='par_1_48' title="bbox 645 4632 2238 4710">
     <span class='ocr_line' id='line_1_48' title="bbox 645 4632 2238 4710; baseline 0.004 -23"><span class='ocrx_word' id='word_1_368' title='bbox 645 4632 861 4688; x_wconf 84' lang='lat' dir='ltr'><strong>tandem</strong></span> <span class='ocrx_word' id='word_1_369' title='bbox 887 4648 919 4689; x_wconf 91' lang='lat' dir='ltr'><strong>a</strong></span> <span class='ocrx_word' id='word_1_370' title='bbox 940 4633 1258 4705; x_wconf 86' lang='lat' dir='ltr'><strong>negligentia</strong></span> <span class='ocrx_word' id='word_1_371' title='bbox 1286 4634 1565 4693; x_wconf 85' lang='lat' dir='ltr'><strong>desistent.</strong></span> <span class='ocrx_word' id='word_1_372' title='bbox 1592 4636 1776 4709; x_wconf 80' lang='lat' dir='ltr'><strong>Neque</strong></span> <span class='ocrx_word' id='word_1_373' title='bbox 1798 4639 1943 4694; x_wconf 90' lang='lat' dir='ltr'><strong>enim</strong></span> <span class='ocrx_word' id='word_1_374' title='bbox 1970 4639 2064 4694; x_wconf 90' lang='lat' dir='ltr'><strong>illo</strong></span> <span class='ocrx_word' id='word_1_375' title='bbox 2092 4639 2238 4710; x_wconf 85' lang='lat' dir='ltr'><strong>judi-</strong></span> 
     </span>
    </p>
   </div>
   <div class='ocr_carea' id='block_1_49' title="bbox 642 4723 2233 4799">
    <p class='ocr_par' dir='ltr' id='par_1_49' title="bbox 642 4723 2233 4799">
     <span class='ocr_line' id='line_1_49' title="bbox 642 4723 2233 4799; baseline 0.003 -19"><span class='ocrx_word' id='word_1_376' title='bbox 642 4738 709 4780; x_wconf 80' lang='lat' dir='ltr'><strong>ce</strong></span> <span class='ocrx_word' id='word_1_377' title='bbox 733 4724 823 4795; x_wconf 92' lang='lat' dir='ltr'><strong>qui</strong></span> <span class='ocrx_word' id='word_1_378' title='bbox 862 4723 1029 4780; x_wconf 83' lang='lat' dir='ltr'><strong>Deum</strong></span> <span class='ocrx_word' id='word_1_379' title='bbox 1059 4741 1168 4781; x_wconf 90' lang='lat' dir='ltr'><strong>non</strong></span> <span class='ocrx_word' id='word_1_380' title='bbox 1192 4736 1432 4793; x_wconf 86' lang='lat' dir='ltr'><strong>noverat,</strong></span> <span class='ocrx_word' id='word_1_381' title='bbox 1461 4743 1641 4799; x_wconf 84' lang='lat' dir='ltr'><strong>neque</strong></span> <span class='ocrx_word' id='word_1_382' title='bbox 1666 4729 1912 4785; x_wconf 90' lang='lat' dir='ltr'><strong>homines</strong></span> <span class='ocrx_word' id='word_1_383' title='bbox 1950 4730 2233 4787; x_wconf 87' lang='lat' dir='ltr'><strong>revereba-</strong></span> 
     </span>
    </p>
   </div>
   <div class='ocr_carea' id='block_1_50' title="bbox 640 4816 2229 4894">
    <p class='ocr_par' dir='ltr' id='par_1_50' title="bbox 640 4816 2229 4894">
     <span class='ocr_line' id='line_1_50' title="bbox 640 4816 2229 4894; baseline 0.004 -23"><span class='ocrx_word' id='word_1_384' title='bbox 640 4824 749 4881; x_wconf 88' lang='lat' dir='ltr'><strong>tur,</strong></span> <span class='ocrx_word' id='word_1_385' title='bbox 777 4816 1081 4886; x_wconf 76' lang='lat' dir='ltr'><strong>asperiores</strong></span> <span class='ocrx_word' id='word_1_386' title='bbox 1095 4826 1239 4882; x_wconf 85' lang='lat' dir='ltr'><strong>sunt,</strong></span> <span class='ocrx_word' id='word_1_387' title='bbox 1266 4819 1608 4889; x_wconf 86' lang='lat' dir='ltr'><strong>quantumvis</strong></span> <span class='ocrx_word' id='word_1_388' title='bbox 1632 4820 1740 4876; x_wconf 90' lang='lat' dir='ltr'><strong>sint</strong></span> <span class='ocrx_word' id='word_1_389' title='bbox 1757 4819 1876 4876; x_wconf 86' lang='lat' dir='ltr'><strong>duri</strong></span> <span class='ocrx_word' id='word_1_390' title='bbox 1903 4836 1968 4879; x_wconf 83' lang='lat' dir='ltr'><strong>ac</strong></span> <span class='ocrx_word' id='word_1_391' title='bbox 1994 4824 2229 4894; x_wconf 89' lang='lat' dir='ltr'><strong>stupidi:</strong></span> 
     </span>
    </p>
   </div>
   <div class='ocr_carea' id='block_1_51' title="bbox 638 4908 2232 4984">
    <p class='ocr_par' dir='ltr' id='par_1_51' title="bbox 638 4908 2232 4984">
     <span class='ocr_line' id='line_1_51' title="bbox 638 4908 2232 4984; baseline 0.006 -21"><span class='ocrx_word' id='word_1_392' title='bbox 638 4916 874 4963; x_wconf 83' lang='lat' dir='ltr'><strong>attamen</strong></span> <span class='ocrx_word' id='word_1_393' title='bbox 906 4908 1054 4964; x_wconf 87' lang='lat' dir='ltr'><strong>illum</strong></span> <span class='ocrx_word' id='word_1_394' title='bbox 1082 4910 1373 4978; x_wconf 78' lang='lat' dir='ltr'><strong>crudelem,</strong></span> <span class='ocrx_word' id='word_1_395' title='bbox 1418 4928 1642 4982; x_wconf 62' lang='lat' dir='ltr'><strong>saevum,</strong></span> <span class='ocrx_word' id='word_1_396' title='bbox 1681 4915 1943 4984; x_wconf 86' lang='lat' dir='ltr'><strong>ferreum,</strong></span> <span class='ocrx_word' id='word_1_397' title='bbox 1970 4915 2232 4973; x_wconf 84' lang='lat' dir='ltr'><strong>adaman-</strong></span> 
     </span>
    </p>
   </div>
   <div class='ocr_carea' id='block_1_52' title="bbox 637 4999 2231 5065">
    <p class='ocr_par' dir='ltr' id='par_1_52' title="bbox 637 4999 2231 5065">
     <span class='ocr_line' id='line_1_52' title="bbox 637 4999 2231 5065; baseline 0.004 -8"><span class='ocrx_word' id='word_1_398' title='bbox 637 5011 747 5057; x_wconf 87' lang='lat' dir='ltr'><strong>tem</strong></span> <span class='ocrx_word' id='word_1_399' title='bbox 796 4999 945 5055; x_wconf 83' lang='lat' dir='ltr'><strong>illum</strong></span> <span class='ocrx_word' id='word_1_400' title='bbox 989 5002 1147 5058; x_wconf 77' lang='lat' dir='ltr'><strong>unius</strong></span> <span class='ocrx_word' id='word_1_401' title='bbox 1182 4999 1426 5059; x_wconf 87' lang='lat' dir='ltr'><strong>mulieris</strong></span> <span class='ocrx_word' id='word_1_402' title='bbox 1454 5004 1627 5061; x_wconf 65' lang='lat' dir='ltr'><strong>vidua:</strong></span> <span class='ocrx_word' id='word_1_403' title='bbox 1664 5018 1919 5065; x_wconf 81' lang='lat' dir='ltr'><strong>constans</strong></span> <span class='ocrx_word' id='word_1_404' title='bbox 1944 5006 2231 5063; x_wconf 85' lang='lat' dir='ltr'><strong>assiduitas</strong></span> 
     </span>
    </p>
   </div>
   <div class='ocr_carea' id='block_1_53' title="bbox 632 5090 2230 5172">
    <p class='ocr_par' dir='ltr' id='par_1_53' title="bbox 632 5090 2230 5172">
     <span class='ocr_line' id='line_1_53' title="bbox 632 5090 2230 5172; baseline 0.004 -24"><span class='ocrx_word' id='word_1_405' title='bbox 632 5091 879 5148; x_wconf 76' lang='lat' dir='ltr'><strong>exoravit</strong></span> <span class='ocrx_word' id='word_1_406' title='bbox 902 5090 1066 5162; x_wconf 83' lang='lat' dir='ltr'><strong>(Luc.</strong></span> <span class='ocrx_word' id='word_1_407' title='bbox 1100 5094 1185 5149; x_wconf 83' lang='grc'><strong>18.</strong></span> <span class='ocrx_word' id='word_1_408' title='bbox 1230 5095 1405 5167; x_wconf 77' lang='grc'><strong>2-5).</strong></span> <span class='ocrx_word' id='word_1_409' title='bbox 1439 5095 1680 5165; x_wconf 85' lang='lat' dir='ltr'><strong>Quanam</strong></span> <span class='ocrx_word' id='word_1_410' title='bbox 1710 5097 1872 5169; x_wconf 85' lang='lat' dir='ltr'><strong>igitur</strong></span> <span class='ocrx_word' id='word_1_411' title='bbox 1897 5098 2054 5154; x_wconf 86' lang='lat' dir='ltr'><strong>venia</strong></span> <span class='ocrx_word' id='word_1_412' title='bbox 2083 5098 2230 5172; x_wconf 84' lang='lat' dir='ltr'><strong>digni</strong></span> 
     </span>
    </p>
   </div>
   <div class='ocr_carea' id='block_1_54' title="bbox 629 5185 2225 5263">
    <p class='ocr_par' dir='ltr' id='par_1_54' title="bbox 629 5185 2225 5263">
     <span class='ocr_line' id='line_1_54' title="bbox 629 5185 2225 5263; baseline 0.004 -20"><span class='ocrx_word' id='word_1_413' title='bbox 629 5185 859 5253; x_wconf 77' lang='lat' dir='ltr'><strong>erimus,</strong></span> <span class='ocrx_word' id='word_1_414' title='bbox 888 5186 956 5254; x_wconf 87' lang='lat' dir='ltr'><strong>si,</strong></span> <span class='ocrx_word' id='word_1_415' title='bbox 978 5200 1101 5242; x_wconf 86' lang='lat' dir='ltr'><strong>eum</strong></span> <span class='ocrx_word' id='word_1_416' title='bbox 1129 5189 1318 5245; x_wconf 82' lang='lat' dir='ltr'><strong>mulier</strong></span> <span class='ocrx_word' id='word_1_417' title='bbox 1344 5189 1504 5245; x_wconf 88' lang='lat' dir='ltr'><strong>vidua</strong></span> <span class='ocrx_word' id='word_1_418' title='bbox 1530 5190 1807 5247; x_wconf 87' lang='lat' dir='ltr'><strong>crudelem</strong></span> <span class='ocrx_word' id='word_1_419' title='bbox 1842 5191 2076 5262; x_wconf 63' lang='lat' dir='ltr'><strong>iudicem</strong></span> <span class='ocrx_word' id='word_1_420' title='bbox 2094 5236 2108 5257; x_wconf 93' lang='lat'><strong>,</strong></span> <span class='ocrx_word' id='word_1_421' title='bbox 2135 5193 2225 5263; x_wconf 87' lang='lat' dir='ltr'><strong>qui</strong></span> 
     </span>
    </p>
   </div>
   <div class='ocr_carea' id='block_1_55' title="bbox 630 5277 2226 5352">
    <p class='ocr_par' dir='ltr' id='par_1_55' title="bbox 630 5277 2226 5352">
     <span class='ocr_line' id='line_1_55' title="bbox 630 5277 2226 5352; baseline 0.006 -21"><span class='ocrx_word' id='word_1_422' title='bbox 630 5292 803 5348; x_wconf 82' lang='lat' dir='ltr'><strong>neque</strong></span> <span class='ocrx_word' id='word_1_423' title='bbox 824 5277 990 5334; x_wconf 81' lang='lat' dir='ltr'><strong>Deum</strong></span> <span class='ocrx_word' id='word_1_424' title='bbox 1016 5278 1259 5346; x_wconf 76' lang='lat' dir='ltr'><strong>timebat,</strong></span> <span class='ocrx_word' id='word_1_425' title='bbox 1282 5296 1383 5338; x_wconf 86' lang='lat' dir='ltr'><strong>nec</strong></span> <span class='ocrx_word' id='word_1_426' title='bbox 1400 5280 1649 5339; x_wconf 84' lang='lat' dir='ltr'><strong>homines</strong></span> <span class='ocrx_word' id='word_1_427' title='bbox 1672 5284 2045 5352; x_wconf 85' lang='lat' dir='ltr'><strong>reverebatur,</strong></span> <span class='ocrx_word' id='word_1_428' title='bbox 2075 5285 2226 5341; x_wconf 80' lang='lat' dir='ltr'><strong>intle-</strong></span> 
     </span>
    </p>
   </div>
   <div class='ocr_carea' id='block_1_56' title="bbox 626 5370 2223 5448">
    <p class='ocr_par' dir='ltr' id='par_1_56' title="bbox 626 5370 2223 5448">
     <span class='ocr_line' id='line_1_56' title="bbox 626 5370 2223 5448; baseline 0.004 -21"><span class='ocrx_word' id='word_1_429' title='bbox 626 5379 775 5428; x_wconf 89' lang='lat' dir='ltr'><strong>cterc</strong></span> <span class='ocrx_word' id='word_1_430' title='bbox 804 5370 1053 5447; x_wconf 83' lang='lat' dir='ltr'><strong>potuerit,</strong></span> <span class='ocrx_word' id='word_1_431' title='bbox 1084 5382 1139 5430; x_wconf 88' lang='lat' dir='ltr'><strong>et</strong></span> <span class='ocrx_word' id='word_1_432' title='bbox 1162 5372 1231 5428; x_wconf 83' lang='lat' dir='ltr'><strong>ad</strong></span> <span class='ocrx_word' id='word_1_433' title='bbox 1263 5372 1578 5431; x_wconf 75' lang='lat' dir='ltr'><strong>beneficium</strong></span> <span class='ocrx_word' id='word_1_434' title='bbox 1616 5374 1999 5443; x_wconf 85' lang='lat' dir='ltr'><strong>conferendum</strong></span> <span class='ocrx_word' id='word_1_435' title='bbox 2032 5379 2223 5448; x_wconf 82' lang='lat' dir='ltr'><strong>impel-</strong></span> 
     </span>
    </p>
   </div>
   <div class='ocr_carea' id='block_1_57' title="bbox 628 5460 2224 5529">
    <p class='ocr_par' dir='ltr' id='par_1_57' title="bbox 628 5460 2224 5529">
     <span class='ocr_line' id='line_1_57' title="bbox 628 5460 2224 5529; baseline 0.006 -14"><span class='ocrx_word' id='word_1_436' title='bbox 628 5460 759 5525; x_wconf 83' lang='lat' dir='ltr'><strong>lere.</strong></span> <span class='ocrx_word' id='word_1_437' title='bbox 794 5475 895 5517; x_wconf 85' lang='lat' dir='ltr'><strong>nos</strong></span> <span class='ocrx_word' id='word_1_438' title='bbox 920 5460 1116 5529; x_wconf 78' lang='lat' dir='ltr'><strong>fratres</strong></span> <span class='ocrx_word' id='word_1_439' title='bbox 1135 5470 1348 5521; x_wconf 88' lang='lat' dir='ltr'><strong>nostros</strong></span> <span class='ocrx_word' id='word_1_440' title='bbox 1368 5466 1535 5522; x_wconf 91' lang='lat' dir='ltr'><strong>multo</strong></span> <span class='ocrx_word' id='word_1_441' title='bbox 1559 5466 1653 5522; x_wconf 89' lang='lat' dir='ltr'><strong>illo</strong></span> <span class='ocrx_word' id='word_1_442' title='bbox 1675 5467 2061 5524; x_wconf 83' lang='lat' dir='ltr'><strong>tolerabiliores</strong></span> <span class='ocrx_word' id='word_1_443' title='bbox 2085 5472 2224 5525; x_wconf 87' lang='lat' dir='ltr'><strong>mul-</strong></span> 
     </span>
    </p>
   </div>
   <div class='ocr_carea' id='block_1_58' title="bbox 1374 308 3196 375">
    <p class='ocr_par' dir='ltr' id='par_1_58' title="bbox 1374 308 3196 375">
     <span class='ocr_line' id='line_1_58' title="bbox 1374 308 3196 375; baseline -0.001 -1"><span class='ocrx_word' id='word_1_444' title='bbox 1374 318 1431 374; x_wconf 78' lang='lat'><strong>3.</strong></span> <span class='ocrx_word' id='word_1_445' title='bbox 1470 314 1749 375; x_wconf 73' lang='grc' dir='ltr'><strong>ιωΝΝις</strong></span> <span class='ocrx_word' id='word_1_446' title='bbox 1785 308 2259 372; x_wconf 66' lang='grc' dir='ltr'><strong>ΒΙῙΙΠΞΟΞΤΟΜΙ</strong></span> <span class='ocrx_word' id='word_1_447' title='bbox 2297 308 2620 370; x_wconf 77' lang='lat' dir='ltr'><strong>ARClllEP.</strong></span> <span class='ocrx_word' id='word_1_448' title='bbox 2656 313 3196 372; x_wconf 73' lang='lat' dir='ltr'><strong>CONSTANTINOP.</strong></span> 
     </span>
    </p>
   </div>
   <div class='ocr_carea' id='block_1_59' title="bbox 3840 315 3948 374">
    <p class='ocr_par' dir='ltr' id='par_1_59' title="bbox 3840 315 3948 374">
     <span class='ocr_line' id='line_1_59' title="bbox 3840 315 3948 374; baseline -0.009 0"><span class='ocrx_word' id='word_1_449' title='bbox 3840 315 3948 374; x_wconf 58' lang='lat'><strong>“3</strong></span> 
     </span>
    </p>
   </div>
   <div class='ocr_carea' id='block_1_60' title="bbox 2352 422 3947 509">
    <p class='ocr_par' dir='ltr' id='par_1_60' title="bbox 2352 422 3947 509">
     <span class='ocr_line' id='line_1_60' title="bbox 2352 422 3947 509; baseline 0.004 -31"><span class='ocrx_word' id='word_1_450' title='bbox 2352 422 2503 493; x_wconf 88' lang='lat' dir='ltr'><strong>dero,</strong></span> <span class='ocrx_word' id='word_1_451' title='bbox 2540 428 2628 497; x_wconf 88' lang='lat' dir='ltr'><strong>qui</strong></span> <span class='ocrx_word' id='word_1_452' title='bbox 2653 436 2933 500; x_wconf 56' lang='lat' dir='ltr'><strong>a‘grotant.</strong></span> <span class='ocrx_word' id='word_1_453' title='bbox 2964 428 3197 500; x_wconf 82' lang='lat' dir='ltr'><strong>Singulis</strong></span> <span class='ocrx_word' id='word_1_454' title='bbox 3221 426 3410 484; x_wconf 86' lang='lat' dir='ltr'><strong>diebus</strong></span> <span class='ocrx_word' id='word_1_455' title='bbox 3444 426 3567 509; x_wconf 67' lang='lat' dir='ltr'><strong>illos</strong></span> <span class='ocrx_word' id='word_1_456' title='bbox 3602 442 3820 509; x_wconf 64' lang='lat' dir='ltr'><strong>qun-ro.</strong></span> <span class='ocrx_word' id='word_1_457' title='bbox 3844 431 3947 485; x_wconf 71' lang='grc'><strong>(10·-</strong></span> 
     </span>
    </p>
   </div>
   <div class='ocr_carea' id='block_1_61' title="bbox 2348 492 3947 585">
    <p class='ocr_par' dir='ltr' id='par_1_61' title="bbox 2348 492 3947 585">
     <span class='ocr_line' id='line_1_61' title="bbox 2348 492 3947 585; baseline 0.004 -17"><span class='ocrx_word' id='word_1_458' title='bbox 2348 528 2448 569; x_wconf 88' lang='lat' dir='ltr'><strong>nec</strong></span> <span class='ocrx_word' id='word_1_459' title='bbox 2472 492 2633 585; x_wconf 76' lang='lat' dir='ltr'><strong>opera</strong></span> <span class='ocrx_word' id='word_1_460' title='bbox 2662 492 2841 574; x_wconf 69' lang='lat' dir='ltr'><strong>vestra</strong></span> <span class='ocrx_word' id='word_1_461' title='bbox 2871 518 2990 575; x_wconf 88' lang='lat' dir='ltr'><strong>illos</strong></span> <span class='ocrx_word' id='word_1_462' title='bbox 3018 492 3305 575; x_wconf 43' lang='lat' dir='ltr'><strong>in&#39;veniam.</strong></span> <span class='ocrx_word' id='word_1_463' title='bbox 3334 520 3377 574; x_wconf 82' lang='lat' dir='ltr'><strong>A</strong></span> <span class='ocrx_word' id='word_1_464' title='bbox 3405 492 3559 576; x_wconf 47' lang='lat' dir='ltr'><strong>vobis</strong></span> <span class='ocrx_word' id='word_1_465' title='bbox 3595 492 3758 575; x_wconf 43' lang='lat' dir='ltr'><strong>e‘tiam</strong></span> <span class='ocrx_word' id='word_1_466' title='bbox 3798 492 3947 574; x_wconf 83' lang='lat' dir='ltr'><strong>sum-</strong></span> 
     </span>
    </p>
   </div>
   <div class='ocr_carea' id='block_1_62' title="bbox 2348 608 3949 677">
    <p class='ocr_par' dir='ltr' id='par_1_62' title="bbox 2348 608 3949 677">
     <span class='ocr_line' id='line_1_62' title="bbox 2348 608 3949 677; baseline 0.004 -17"><span class='ocrx_word' id='word_1_467' title='bbox 2348 620 2569 675; x_wconf 89' lang='lat' dir='ltr'><strong>mopere</strong></span> <span class='ocrx_word' id='word_1_468' title='bbox 2603 610 2897 677; x_wconf 88' lang='lat' dir='ltr'><strong>contendo,</strong></span> <span class='ocrx_word' id='word_1_469' title='bbox 2944 618 3003 666; x_wconf 92' lang='lat' dir='ltr'><strong>ut</strong></span> <span class='ocrx_word' id='word_1_470' title='bbox 3028 610 3216 671; x_wconf 89' lang='lat' dir='ltr'><strong>eodem</strong></span> <span class='ocrx_word' id='word_1_471' title='bbox 3238 626 3360 666; x_wconf 90' lang='lat' dir='ltr'><strong>cum</strong></span> <span class='ocrx_word' id='word_1_472' title='bbox 3385 609 3551 665; x_wconf 87' lang='lat' dir='ltr'><strong>animi</strong></span> <span class='ocrx_word' id='word_1_473' title='bbox 3577 608 3801 675; x_wconf 63' lang='lat' dir='ltr'><strong>dolore,</strong></span> <span class='ocrx_word' id='word_1_474' title='bbox 3819 625 3949 666; x_wconf 85' lang='lat' dir='ltr'><strong>cum</strong></span> 
     </span>
    </p>
   </div>
   <div class='ocr_carea' id='block_1_63' title="bbox 2348 696 3951 770">
    <p class='ocr_par' dir='ltr' id='par_1_63' title="bbox 2348 696 3951 770">
     <span class='ocr_line' id='line_1_63' title="bbox 2348 696 3951 770; baseline 0.002 -21"><span class='ocrx_word' id='word_1_475' title='bbox 2348 711 2456 766; x_wconf 90' lang='lat' dir='ltr'><strong>quo</strong></span> <span class='ocrx_word' id='word_1_476' title='bbox 2487 696 2601 752; x_wconf 72' lang='lat' dir='ltr'><strong>haec</strong></span> <span class='ocrx_word' id='word_1_477' title='bbox 2627 714 2656 751; x_wconf 92' lang='lat' dir='ltr'><strong>a</strong></span> <span class='ocrx_word' id='word_1_478' title='bbox 2682 714 2770 755; x_wconf 91' lang='lat' dir='ltr'><strong>me</strong></span> <span class='ocrx_word' id='word_1_479' title='bbox 2800 716 2942 756; x_wconf 90' lang='lat' dir='ltr'><strong>nunc</strong></span> <span class='ocrx_word' id='word_1_480' title='bbox 2972 702 3243 768; x_wconf 82' lang='lat' dir='ltr'><strong>dicuntur,</strong></span> <span class='ocrx_word' id='word_1_481' title='bbox 3271 716 3392 755; x_wconf 90' lang='lat' dir='ltr'><strong>cum</strong></span> <span class='ocrx_word' id='word_1_482' title='bbox 3417 700 3608 770; x_wconf 77' lang='lat' dir='ltr'><strong>eodem</strong></span> <span class='ocrx_word' id='word_1_483' title='bbox 3636 699 3824 755; x_wconf 90' lang='lat' dir='ltr'><strong>labore</strong></span> <span class='ocrx_word' id='word_1_484' title='bbox 3851 715 3951 754; x_wconf 59' lang='lat' dir='ltr'><strong>ne.</strong></span> 
     </span>
    </p>
   </div>
   <div class='ocr_carea' id='block_1_64' title="bbox 2349 786 3953 861">
    <p class='ocr_par' dir='ltr' id='par_1_64' title="bbox 2349 786 3953 861">
     <span class='ocr_line' id='line_1_64' title="bbox 2349 786 3953 861; baseline 0.004 -22"><span class='ocrx_word' id='word_1_485' title='bbox 2349 786 2692 857; x_wconf 78' lang='lat' dir='ltr'><strong>gligentiores</strong></span> <span class='ocrx_word' id='word_1_486' title='bbox 2731 790 3060 861; x_wconf 85' lang='lat' dir='ltr'><strong>disquiratis.</strong></span> <span class='ocrx_word' id='word_1_487' title='bbox 3088 792 3205 847; x_wconf 83' lang='lat' dir='ltr'><strong>Non</strong></span> <span class='ocrx_word' id='word_1_488' title='bbox 3236 791 3380 848; x_wconf 84' lang='lat' dir='ltr'><strong>enim</strong></span> <span class='ocrx_word' id='word_1_489' title='bbox 3410 791 3541 846; x_wconf 87' lang='lat' dir='ltr'><strong>mihi</strong></span> <span class='ocrx_word' id='word_1_490' title='bbox 3572 799 3777 846; x_wconf 87' lang='lat' dir='ltr'><strong>tantum</strong></span> <span class='ocrx_word' id='word_1_491' title='bbox 3800 830 3820 857; x_wconf 83' lang='lat'><strong>,</strong></span> <span class='ocrx_word' id='word_1_492' title='bbox 3848 790 3953 845; x_wconf 79' lang='lat' dir='ltr'><strong>sed</strong></span> 
     </span>
    </p>
   </div>
   <div class='ocr_carea' id='block_1_65' title="bbox 2349 878 3955 953">
    <p class='ocr_par' dir='ltr' id='par_1_65' title="bbox 2349 878 3955 953">
     <span class='ocr_line' id='line_1_65' title="bbox 2349 878 3955 953; baseline 0.003 -21"><span class='ocrx_word' id='word_1_493' title='bbox 2349 887 2405 932; x_wconf 90' lang='lat' dir='ltr'><strong>et</strong></span> <span class='ocrx_word' id='word_1_494' title='bbox 2431 878 2581 935; x_wconf 86' lang='lat' dir='ltr'><strong>vobis</strong></span> <span class='ocrx_word' id='word_1_495' title='bbox 2604 879 2805 936; x_wconf 87' lang='lat' dir='ltr'><strong>Paulus</strong></span> <span class='ocrx_word' id='word_1_496' title='bbox 2840 882 3124 953; x_wconf 67' lang='lat' dir='ltr'><strong>praecepit,</strong></span> <span class='ocrx_word' id='word_1_497' title='bbox 3152 891 3211 937; x_wconf 91' lang='lat' dir='ltr'><strong>ut</strong></span> <span class='ocrx_word' id='word_1_498' title='bbox 3238 883 3603 950; x_wconf 85' lang='lat' dir='ltr'><strong>membrorum</strong></span> <span class='ocrx_word' id='word_1_499' title='bbox 3643 890 3955 937; x_wconf 59' lang='lat' dir='ltr'><strong>vestrorum</strong></span> 
     </span>
    </p>
   </div>
   <div class='ocr_carea' id='block_1_66' title="bbox 2349 960 3957 1044">
    <p class='ocr_par' dir='ltr' id='par_1_66' title="bbox 2349 960 3957 1044">
     <span class='ocr_line' id='line_1_66' title="bbox 2349 960 3957 1044; baseline 0.004 -22"><span class='ocrx_word' id='word_1_500' title='bbox 2349 981 2532 1024; x_wconf 89' lang='lat' dir='ltr'><strong>curam</strong></span> <span class='ocrx_word' id='word_1_501' title='bbox 2562 972 2785 1041; x_wconf 84' lang='lat' dir='ltr'><strong>geratis.</strong></span> <span class='ocrx_word' id='word_1_502' title='bbox 2814 972 3160 1028; x_wconf 75' lang='lat' dir='ltr'><strong>Comolamiui</strong></span> <span class='ocrx_word' id='word_1_503' title='bbox 3197 974 3339 1029; x_wconf 88' lang='lat' dir='ltr'><strong>enim</strong></span> <span class='ocrx_word' id='word_1_504' title='bbox 3361 1015 3377 1041; x_wconf 92' lang='lat'><strong>,</strong></span> <span class='ocrx_word' id='word_1_505' title='bbox 3420 960 3626 1044; x_wconf 69' lang='lat' dir='ltr'><strong>inquit,</strong></span> <span class='ocrx_word' id='word_1_506' title='bbox 3654 974 3864 1028; x_wconf 74' lang='lat' dir='ltr'><strong>invicem</strong></span> <span class='ocrx_word' id='word_1_507' title='bbox 3895 975 3957 1028; x_wconf 72' lang='lat' dir='ltr'><strong>in</strong></span> 
     </span>
    </p>
   </div>
   <div class='ocr_carea' id='block_1_67' title="bbox 2350 1054 3955 1133">
    <p class='ocr_par' dir='ltr' id='par_1_67' title="bbox 2350 1054 3955 1133">
     <span class='ocr_line' id='line_1_67' title="bbox 2350 1054 3955 1133; baseline 0.003 -20"><span class='ocrx_word' id='word_1_508' title='bbox 2350 1060 2512 1115; x_wconf 72' lang='lat' dir='ltr'><strong>verbis</strong></span> <span class='ocrx_word' id='word_1_509' title='bbox 2530 1061 2659 1127; x_wconf 83' lang='lat' dir='ltr'><strong>istis,</strong></span> <span class='ocrx_word' id='word_1_510' title='bbox 2688 1063 2818 1118; x_wconf 80' lang='lat' dir='ltr'><strong>sicut</strong></span> <span class='ocrx_word' id='word_1_511' title='bbox 2841 1074 2887 1119; x_wconf 89' lang='lat' dir='ltr'><strong>et</strong></span> <span class='ocrx_word' id='word_1_512' title='bbox 2915 1064 3085 1133; x_wconf 76' lang='lat' dir='ltr'><strong>facitis</strong></span> <span class='ocrx_word' id='word_1_513' title='bbox 3106 1079 3127 1117; x_wconf 90' lang='lat'><strong><em>:</em></strong></span> <span class='ocrx_word' id='word_1_514' title='bbox 3154 1074 3211 1128; x_wconf 72' lang='lat' dir='ltr'><strong>et</strong></span> <span class='ocrx_word' id='word_1_515' title='bbox 3238 1062 3446 1132; x_wconf 73' lang='lat' dir='ltr'><strong>rursus,</strong></span> <span class='ocrx_word' id='word_1_516' title='bbox 3485 1054 3955 1133; x_wconf 24' lang='lat' dir='ltr'><strong>(Ediﬁcate‘alter-</strong></span> 
     </span>
    </p>
   </div>
   <div class='ocr_carea' id='block_1_68' title="bbox 2352 1155 3957 1229">
    <p class='ocr_par' dir='ltr' id='par_1_68' title="bbox 2352 1155 3957 1229">
     <span class='ocr_line' id='line_1_68' title="bbox 2352 1155 3957 1229; baseline 0.002 -22"><span class='ocrx_word' id='word_1_517' title='bbox 2352 1161 2521 1208; x_wconf 76' lang='lat' dir='ltr'><strong>utrum</strong></span> <span class='ocrx_word' id='word_1_518' title='bbox 2543 1155 2590 1226; x_wconf 89' lang='lat' dir='ltr'><strong>(l</strong></span> <span class='ocrx_word' id='word_1_519' title='bbox 2622 1155 2772 1211; x_wconf 85' lang='lat' dir='ltr'><strong>Thes.</strong></span> <span class='ocrx_word' id='word_1_520' title='bbox 2802 1157 2857 1213; x_wconf 84' lang='lat'><strong>5.</strong></span> <span class='ocrx_word' id='word_1_521' title='bbox 2888 1157 3003 1229; x_wconf 86' lang='grc'><strong>11).</strong></span> <span class='ocrx_word' id='word_1_522' title='bbox 3031 1156 3217 1229; x_wconf 79' lang='lat' dir='ltr'><strong>Magna</strong></span> <span class='ocrx_word' id='word_1_523' title='bbox 3246 1156 3445 1227; x_wconf 86' lang='lat' dir='ltr'><strong>quippe</strong></span> <span class='ocrx_word' id='word_1_524' title='bbox 3472 1170 3680 1212; x_wconf 85' lang='lat' dir='ltr'><strong>merces</strong></span> <span class='ocrx_word' id='word_1_525' title='bbox 3708 1170 3803 1211; x_wconf 85' lang='lat' dir='ltr'><strong>eos</strong></span> <span class='ocrx_word' id='word_1_526' title='bbox 3834 1171 3957 1211; x_wconf 87' lang='lat' dir='ltr'><strong>ma-</strong></span> 
     </span>
    </p>
   </div>
   <div class='ocr_carea' id='block_1_69' title="bbox 2351 1244 3959 1318">
    <p class='ocr_par' dir='ltr' id='par_1_69' title="bbox 2351 1244 3959 1318">
     <span class='ocr_line' id='line_1_69' title="bbox 2351 1244 3959 1318; baseline 0.002 -20"><span class='ocrx_word' id='word_1_527' title='bbox 2351 1251 2464 1309; x_wconf 86' lang='lat' dir='ltr'><strong>net,</strong></span> <span class='ocrx_word' id='word_1_528' title='bbox 2489 1246 2578 1315; x_wconf 86' lang='lat' dir='ltr'><strong>qui</strong></span> <span class='ocrx_word' id='word_1_529' title='bbox 2605 1244 2674 1301; x_wconf 93' lang='lat' dir='ltr'><strong>de</strong></span> <span class='ocrx_word' id='word_1_530' title='bbox 2696 1245 2951 1303; x_wconf 83' lang='lat' dir='ltr'><strong>fratribus</strong></span> <span class='ocrx_word' id='word_1_531' title='bbox 2978 1257 3101 1302; x_wconf 88' lang='lat' dir='ltr'><strong>sunt</strong></span> <span class='ocrx_word' id='word_1_532' title='bbox 3131 1246 3370 1315; x_wconf 77' lang='lat' dir='ltr'><strong>solliciti,</strong></span> <span class='ocrx_word' id='word_1_533' title='bbox 3398 1246 3799 1318; x_wconf 70' lang='lat' dir='ltr'><strong>maximumque</strong></span> <span class='ocrx_word' id='word_1_534' title='bbox 3820 1262 3959 1317; x_wconf 87' lang='lat' dir='ltr'><strong>sup-</strong></span> 
     </span>
    </p>
   </div>
   <div class='ocr_carea' id='block_1_70' title="bbox 2352 1334 3960 1409">
    <p class='ocr_par' dir='ltr' id='par_1_70' title="bbox 2352 1334 3960 1409">
     <span class='ocr_line' id='line_1_70' title="bbox 2352 1334 3960 1409; baseline 0.002 -19"><span class='ocrx_word' id='word_1_535' title='bbox 2352 1334 2571 1406; x_wconf 85' lang='lat' dir='ltr'><strong>plicium</strong></span> <span class='ocrx_word' id='word_1_536' title='bbox 2592 1336 2696 1392; x_wconf 90' lang='lat' dir='ltr'><strong>illis</strong></span> <span class='ocrx_word' id='word_1_537' title='bbox 2717 1338 2982 1406; x_wconf 88' lang='lat' dir='ltr'><strong>imminet,</strong></span> <span class='ocrx_word' id='word_1_538' title='bbox 3006 1338 3098 1409; x_wconf 90' lang='lat' dir='ltr'><strong>qui</strong></span> <span class='ocrx_word' id='word_1_539' title='bbox 3126 1338 3353 1393; x_wconf 81' lang='lat' dir='ltr'><strong>salutem</strong></span> <span class='ocrx_word' id='word_1_540' title='bbox 3384 1337 3595 1399; x_wconf 79' lang='lat' dir='ltr'><strong>illorum</strong></span> <span class='ocrx_word' id='word_1_541' title='bbox 3613 1337 3833 1394; x_wconf 86' lang='lat' dir='ltr'><strong>minime</strong></span> <span class='ocrx_word' id='word_1_542' title='bbox 3854 1353 3960 1393; x_wconf 85' lang='lat' dir='ltr'><strong>cu-</strong></span> 
     </span>
    </p>
   </div>
   <div class='ocr_carea' id='block_1_71' title="bbox 2353 1430 2875 1501">
    <p class='ocr_par' dir='ltr' id='par_1_71' title="bbox 2353 1430 2875 1501">
     <span class='ocr_line' id='line_1_71' title="bbox 2353 1430 2875 1501; baseline 0.004 -18"><span class='ocrx_word' id='word_1_543' title='bbox 2353 1436 2477 1483; x_wconf 89' lang='lat' dir='ltr'><strong>rant</strong></span> <span class='ocrx_word' id='word_1_544' title='bbox 2503 1436 2559 1484; x_wconf 91' lang='lat' dir='ltr'><strong>et</strong></span> <span class='ocrx_word' id='word_1_545' title='bbox 2582 1430 2875 1501; x_wconf 79' lang='lat' dir='ltr'><strong>negligant.</strong></span> 
     </span>
    </p>
   </div>
   <div class='ocr_carea' id='block_1_72' title="bbox 2421 1518 3963 1592">
    <p class='ocr_par' dir='ltr' id='par_1_72' title="bbox 2421 1518 3963 1592">
     <span class='ocr_line' id='line_1_72' title="bbox 2421 1518 3963 1592; baseline 0.001 -17"><span class='ocrx_word' id='word_1_546' title='bbox 2421 1518 2474 1576; x_wconf 77' lang='lat'><strong>3.</strong></span> <span class='ocrx_word' id='word_1_547' title='bbox 2518 1518 2724 1575; x_wconf 78' lang='lat' dir='ltr'><strong>Auditio</strong></span> <span class='ocrx_word' id='word_1_548' title='bbox 2762 1530 2851 1575; x_wconf 76' lang='lat' dir='ltr'><strong>aut</strong></span> <span class='ocrx_word' id='word_1_549' title='bbox 2891 1520 3036 1576; x_wconf 80' lang='lat' dir='ltr'><strong>lectio</strong></span> <span class='ocrx_word' id='word_1_550' title='bbox 3066 1520 3389 1592; x_wconf 73' lang='lat' dir='ltr'><strong>Scriptum,</strong></span> <span class='ocrx_word' id='word_1_551' title='bbox 3420 1522 3529 1577; x_wconf 82' lang='lat' dir='ltr'><strong>sine</strong></span> <span class='ocrx_word' id='word_1_552' title='bbox 3552 1522 3828 1587; x_wconf 77' lang='lat' dir='ltr'><strong>intellectu,</strong></span> <span class='ocrx_word' id='word_1_553' title='bbox 3875 1520 3963 1577; x_wconf 71' lang='lat' dir='ltr'><strong>nil</strong></span> 
     </span>
    </p>
   </div>
   <div class='ocr_carea' id='block_1_73' title="bbox 2352 1612 3967 1685">
    <p class='ocr_par' dir='ltr' id='par_1_73' title="bbox 2352 1612 3967 1685">
     <span class='ocr_line' id='line_1_73' title="bbox 2352 1612 3967 1685; baseline 0.002 -21"><span class='ocrx_word' id='word_1_554' title='bbox 2352 1620 2605 1681; x_wconf 79' lang='lat' dir='ltr'><strong>prosunt;</strong></span> <span class='ocrx_word' id='word_1_555' title='bbox 2636 1613 3059 1683; x_wconf 69' lang='lat' dir='ltr'><strong>:ommonefactio</strong></span> <span class='ocrx_word' id='word_1_556' title='bbox 3086 1612 3337 1667; x_wconf 78' lang='lat' dir='ltr'><strong>dictorum</strong></span> <span class='ocrx_word' id='word_1_557' title='bbox 3370 1615 3621 1685; x_wconf 70' lang='lat' dir='ltr'><strong>superius.</strong></span> <span class='ocrx_word' id='word_1_558' title='bbox 3654 1645 3725 1655; x_wconf 96' lang='lat'>—</span> <span class='ocrx_word' id='word_1_559' title='bbox 3752 1614 3967 1683; x_wconf 80' lang='lat' dir='ltr'><strong>Quam-</strong></span> 
     </span>
    </p>
   </div>
   <div class='ocr_carea' id='block_1_74' title="bbox 2352 1701 3960 1777">
    <p class='ocr_par' dir='ltr' id='par_1_74' title="bbox 2352 1701 3960 1777">
     <span class='ocr_line' id='line_1_74' title="bbox 2352 1701 3960 1777; baseline 0.003 -20"><span class='ocrx_word' id='word_1_560' title='bbox 2352 1702 2538 1757; x_wconf 89' lang='lat' dir='ltr'><strong>obrem</strong></span> <span class='ocrx_word' id='word_1_561' title='bbox 2582 1701 2741 1759; x_wconf 82' lang='lat' dir='ltr'><strong>valde</strong></span> <span class='ocrx_word' id='word_1_562' title='bbox 2768 1703 2982 1759; x_wconf 82' lang='lat' dir='ltr'><strong>confido</strong></span> <span class='ocrx_word' id='word_1_563' title='bbox 3019 1705 3292 1777; x_wconf 89' lang='lat' dir='ltr'><strong>credoque</strong></span> <span class='ocrx_word' id='word_1_564' title='bbox 3317 1720 3417 1762; x_wconf 89' lang='lat' dir='ltr'><strong>vos</strong></span> <span class='ocrx_word' id='word_1_565' title='bbox 3452 1722 3515 1761; x_wconf 89' lang='lat' dir='ltr'><strong>ea</strong></span> <span class='ocrx_word' id='word_1_566' title='bbox 3559 1722 3680 1777; x_wconf 75' lang='lat' dir='ltr'><strong>qute</strong></span> <span class='ocrx_word' id='word_1_567' title='bbox 3718 1706 3960 1763; x_wconf 82' lang='lat' dir='ltr'><strong>diximus</strong></span> 
     </span>
    </p>
   </div>
   <div class='ocr_carea' id='block_1_75' title="bbox 2352 1791 3962 1877">
    <p class='ocr_par' dir='ltr' id='par_1_75' title="bbox 2352 1791 3962 1877">
     <span class='ocr_line' id='line_1_75' title="bbox 2352 1791 3962 1877; baseline 0.003 -30"><span class='ocrx_word' id='word_1_568' title='bbox 2352 1809 2553 1877; x_wconf 62' lang='lat' dir='ltr'><strong>magnq</strong></span> <span class='ocrx_word' id='word_1_569' title='bbox 2584 1791 2715 1850; x_wconf 81' lang='lat' dir='ltr'><strong>‘cum</strong></span> <span class='ocrx_word' id='word_1_570' title='bbox 2763 1797 2926 1850; x_wconf 88' lang='lat' dir='ltr'><strong>animi</strong></span> <span class='ocrx_word' id='word_1_571' title='bbox 2953 1797 3229 1853; x_wconf 85' lang='lat' dir='ltr'><strong>alacritate</strong></span> <span class='ocrx_word' id='word_1_572' title='bbox 3272 1797 3605 1867; x_wconf 67' lang='lat' dir='ltr'><strong>praestituros</strong></span> <span class='ocrx_word' id='word_1_573' title='bbox 3636 1817 3655 1852; x_wconf 67' lang='grc' dir='ltr'>ε</span> <span class='ocrx_word' id='word_1_574' title='bbox 3679 1813 3840 1868; x_wconf 90' lang='lat' dir='ltr'><strong>quam</strong></span> <span class='ocrx_word' id='word_1_575' title='bbox 3880 1799 3962 1854; x_wconf 74' lang='lat' dir='ltr'><strong>ob</strong></span> 
     </span>
    </p>
   </div>
   <div class='ocr_carea' id='block_1_76' title="bbox 2353 1885 4013 1971">
    <p class='ocr_par' dir='ltr' id='par_1_76' title="bbox 2353 1885 4013 1971">
     <span class='ocr_line' id='line_1_76' title="bbox 2353 1885 4013 1971; baseline 0.002 -30"><span class='ocrx_word' id='word_1_576' title='bbox 2353 1894 2568 1971; x_wconf 59' lang='lat' dir='ltr'><strong>cauum</strong></span> <span class='ocrx_word' id='word_1_577' title='bbox 2597 1885 2683 1943; x_wconf 89' lang='lat' dir='ltr'><strong>hic</strong></span> <span class='ocrx_word' id='word_1_578' title='bbox 2712 1888 3033 1943; x_wconf 87' lang='lat' dir='ltr'><strong>adhortandi</strong></span> <span class='ocrx_word' id='word_1_579' title='bbox 3060 1888 3223 1944; x_wconf 82' lang='lat' dir='ltr'><strong>linem</strong></span> <span class='ocrx_word' id='word_1_580' title='bbox 3259 1888 3463 1945; x_wconf 85' lang='lat' dir='ltr'><strong>faciens</strong></span> <span class='ocrx_word' id='word_1_581' title='bbox 3483 1930 3499 1956; x_wconf 93' lang='lat'><strong>,</strong></span> <span class='ocrx_word' id='word_1_582' title='bbox 3532 1889 3597 1944; x_wconf 91' lang='lat' dir='ltr'><strong>ad</strong></span> <span class='ocrx_word' id='word_1_583' title='bbox 3629 1890 3779 1944; x_wconf 88' lang='lat' dir='ltr'><strong>Pauli</strong></span> <span class='ocrx_word' id='word_1_584' title='bbox 3802 1905 3962 1945; x_wconf 80' lang='lat' dir='ltr'><strong>men-</strong></span> <span class='ocrx_word' id='word_1_585' title='bbox 3998 1962 4013 1971; x_wconf 24' lang='grc' dir='ltr'>χ</span> 
     </span>
    </p>
   </div>
   <div class='ocr_carea' id='block_1_77' title="bbox 2353 1966 3959 2052">
    <p class='ocr_par' dir='ltr' id='par_1_77' title="bbox 2353 1966 3959 2052">
     <span class='ocr_line' id='line_1_77' title="bbox 2353 1966 3959 2052; baseline 0.002 -19"><span class='ocrx_word' id='word_1_586' title='bbox 2353 1966 2468 2033; x_wconf 71' lang='lat' dir='ltr'><strong>sain</strong></span> <span class='ocrx_word' id='word_1_587' title='bbox 2496 1978 2761 2035; x_wconf 90' lang='lat' dir='ltr'><strong>deducere</strong></span> <span class='ocrx_word' id='word_1_588' title='bbox 2804 1995 2900 2035; x_wconf 91' lang='lat' dir='ltr'><strong>vos</strong></span> <span class='ocrx_word' id='word_1_589' title='bbox 2938 1981 3195 2036; x_wconf 90' lang='lat' dir='ltr'><strong>conabor.</strong></span> <span class='ocrx_word' id='word_1_590' title='bbox 3246 1980 3438 2036; x_wconf 81' lang='lat' dir='ltr'><strong>Paulus</strong></span> <span class='ocrx_word' id='word_1_591' title='bbox 3463 1991 3668 2037; x_wconf 76' lang='lat' dir='ltr'><strong>uocatus</strong></span> <span class='ocrx_word' id='word_1_592' title='bbox 3692 1984 3959 2052; x_wconf 85' lang='lat' dir='ltr'><strong>apostolus</strong></span> 
     </span>
    </p>
   </div>
   <div class='ocr_carea' id='block_1_78' title="bbox 2358 2071 3960 2144">
    <p class='ocr_par' dir='ltr' id='par_1_78' title="bbox 2358 2071 3960 2144">
     <span class='ocr_line' id='line_1_78' title="bbox 2358 2071 3960 2144; baseline 0.002 -18"><span class='ocrx_word' id='word_1_593' title='bbox 2358 2072 2435 2144; x_wconf 94' lang='grc'><strong>(1.</strong></span> <span class='ocrx_word' id='word_1_594' title='bbox 2473 2071 2593 2127; x_wconf 87' lang='lat' dir='ltr'><strong>Cor.</strong></span> <span class='ocrx_word' id='word_1_595' title='bbox 2618 2074 2669 2128; x_wconf 90' lang='grc'><strong>1.</strong></span> <span class='ocrx_word' id='word_1_596' title='bbox 2698 2074 2774 2144; x_wconf 88' lang='grc'><strong>1).</strong></span> <span class='ocrx_word' id='word_1_597' title='bbox 2801 2073 2927 2129; x_wconf 67' lang='lat' dir='ltr'><strong>llaec</strong></span> <span class='ocrx_word' id='word_1_598' title='bbox 2950 2088 3322 2143; x_wconf 72' lang='lat' dir='ltr'><strong>smpenumero</strong></span> <span class='ocrx_word' id='word_1_599' title='bbox 3349 2084 3403 2129; x_wconf 88' lang='lat' dir='ltr'><strong>ct</strong></span> <span class='ocrx_word' id='word_1_600' title='bbox 3430 2076 3461 2127; x_wconf 90' lang='lat' dir='ltr'><strong>a</strong></span> <span class='ocrx_word' id='word_1_601' title='bbox 3489 2074 3641 2130; x_wconf 86' lang='lat' dir='ltr'><strong>vobis</strong></span> <span class='ocrx_word' id='word_1_602' title='bbox 3668 2075 3872 2141; x_wconf 88' lang='lat' dir='ltr'><strong>audita,</strong></span> <span class='ocrx_word' id='word_1_603' title='bbox 3897 2083 3960 2129; x_wconf 84' lang='lat' dir='ltr'><strong>et</strong></span> 
     </span>
    </p>
   </div>
   <div class='ocr_carea' id='block_1_79' title="bbox 2351 2164 3969 2235">
    <p class='ocr_par' dir='ltr' id='par_1_79' title="bbox 2351 2164 3969 2235">
     <span class='ocr_line' id='line_1_79' title="bbox 2351 2164 3969 2235; baseline 0.001 -17"><span class='ocrx_word' id='word_1_604' title='bbox 2351 2179 2381 2218; x_wconf 92' lang='lat' dir='ltr'><strong>a</strong></span> <span class='ocrx_word' id='word_1_605' title='bbox 2398 2165 2553 2220; x_wconf 88' lang='lat' dir='ltr'><strong>nobis</strong></span> <span class='ocrx_word' id='word_1_606' title='bbox 2568 2175 2694 2221; x_wconf 91' lang='lat' dir='ltr'><strong>sunt</strong></span> <span class='ocrx_word' id='word_1_607' title='bbox 2713 2164 2848 2221; x_wconf 87' lang='lat' dir='ltr'><strong>lecta</strong></span> <span class='ocrx_word' id='word_1_608' title='bbox 2870 2182 2886 2228; x_wconf 89' lang='lat'><strong>;</strong></span> <span class='ocrx_word' id='word_1_609' title='bbox 2906 2166 2999 2222; x_wconf 89' lang='lat' dir='ltr'><strong>sed</strong></span> <span class='ocrx_word' id='word_1_610' title='bbox 3018 2181 3121 2220; x_wconf 93' lang='lat' dir='ltr'><strong>non</strong></span> <span class='ocrx_word' id='word_1_611' title='bbox 3139 2166 3316 2235; x_wconf 81' lang='lat' dir='ltr'><strong>legere</strong></span> <span class='ocrx_word' id='word_1_612' title='bbox 3336 2173 3565 2233; x_wconf 89' lang='lat' dir='ltr'><strong>tantum,</strong></span> <span class='ocrx_word' id='word_1_613' title='bbox 3580 2182 3767 2221; x_wconf 89' lang='lat' dir='ltr'><strong>verum</strong></span> <span class='ocrx_word' id='word_1_614' title='bbox 3788 2166 3969 2221; x_wconf 81' lang='lat' dir='ltr'><strong>etiam</strong></span> 
     </span>
    </p>
   </div>
   <div class='ocr_carea' id='block_1_80' title="bbox 2351 2253 3964 2327">
    <p class='ocr_par' dir='ltr' id='par_1_80' title="bbox 2351 2253 3964 2327">
     <span class='ocr_line' id='line_1_80' title="bbox 2351 2253 3964 2327; baseline 0.001 -17"><span class='ocrx_word' id='word_1_615' title='bbox 2351 2253 2651 2325; x_wconf 81' lang='lat' dir='ltr'><strong>intelligere</strong></span> <span class='ocrx_word' id='word_1_616' title='bbox 2669 2271 2791 2327; x_wconf 62' lang='lat' dir='ltr'><strong>quas</strong></span> <span class='ocrx_word' id='word_1_617' title='bbox 2819 2256 3069 2311; x_wconf 88' lang='lat' dir='ltr'><strong>dicuntur</strong></span> <span class='ocrx_word' id='word_1_618' title='bbox 3092 2254 3305 2325; x_wconf 78' lang='lat' dir='ltr'><strong>oportet</strong></span> <span class='ocrx_word' id='word_1_619' title='bbox 3335 2274 3348 2309; x_wconf 92' lang='lat'>:</span> <span class='ocrx_word' id='word_1_620' title='bbox 3376 2256 3575 2326; x_wconf 89' lang='lat' dir='ltr'><strong>alioqui</strong></span> <span class='ocrx_word' id='word_1_621' title='bbox 3608 2255 3813 2311; x_wconf 90' lang='lat' dir='ltr'><strong>nullum</strong></span> <span class='ocrx_word' id='word_1_622' title='bbox 3856 2270 3964 2311; x_wconf 89' lang='lat' dir='ltr'><strong>uo-</strong></span> 
     </span>
    </p>
   </div>
   <div class='ocr_carea' id='block_1_81' title="bbox 2351 2347 3953 2422">
    <p class='ocr_par' dir='ltr' id='par_1_81' title="bbox 2351 2347 3953 2422">
     <span class='ocr_line' id='line_1_81' title="bbox 2351 2347 3953 2422; baseline -0.003 -16"><span class='ocrx_word' id='word_1_623' title='bbox 2351 2347 2435 2406; x_wconf 86' lang='lat' dir='ltr'><strong>bis</strong></span> <span class='ocrx_word' id='word_1_624' title='bbox 2458 2348 2667 2405; x_wconf 88' lang='lat' dir='ltr'><strong>lucrum</strong></span> <span class='ocrx_word' id='word_1_625' title='bbox 2689 2365 2755 2406; x_wconf 81' lang='lat' dir='ltr'><strong>ex</strong></span> <span class='ocrx_word' id='word_1_626' title='bbox 2785 2351 3017 2407; x_wconf 89' lang='lat' dir='ltr'><strong>lectione</strong></span> <span class='ocrx_word' id='word_1_627' title='bbox 3036 2351 3323 2407; x_wconf 87' lang='lat' dir='ltr'><strong>constabit.</strong></span> <span class='ocrx_word' id='word_1_628' title='bbox 3344 2349 3620 2422; x_wconf 87' lang='lat' dir='ltr'><strong>Siquidem</strong></span> <span class='ocrx_word' id='word_1_629' title='bbox 3645 2348 3953 2406; x_wconf 77' lang='lat' dir='ltr'><strong>thesaurus.</strong></span> 
     </span>
    </p>
   </div>
   <div class='ocr_carea' id='block_1_82' title="bbox 2350 2438 3963 2511">
    <p class='ocr_par' dir='ltr' id='par_1_82' title="bbox 2350 2438 3963 2511">
     <span class='ocr_line' id='line_1_82' title="bbox 2350 2438 3963 2511; baseline -0.002 -14"><span class='ocrx_word' id='word_1_630' title='bbox 2350 2442 2395 2497; x_wconf 90' lang='lat' dir='ltr'><strong>si</strong></span> <span class='ocrx_word' id='word_1_631' title='bbox 2422 2456 2655 2511; x_wconf 90' lang='lat' dir='ltr'><strong>superne</strong></span> <span class='ocrx_word' id='word_1_632' title='bbox 2692 2442 2950 2511; x_wconf 87' lang='lat' dir='ltr'><strong>calcetur,</strong></span> <span class='ocrx_word' id='word_1_633' title='bbox 2979 2442 3193 2497; x_wconf 88' lang='lat' dir='ltr'><strong>divitias</strong></span> <span class='ocrx_word' id='word_1_634' title='bbox 3223 2457 3329 2497; x_wconf 88' lang='lat' dir='ltr'><strong>non</strong></span> <span class='ocrx_word' id='word_1_635' title='bbox 3371 2441 3643 2507; x_wconf 77' lang='lat' dir='ltr'><strong>ostendit;</strong></span> <span class='ocrx_word' id='word_1_636' title='bbox 3687 2438 3783 2497; x_wconf 88' lang='lat' dir='ltr'><strong>sed</strong></span> <span class='ocrx_word' id='word_1_637' title='bbox 3821 2439 3963 2495; x_wconf 84' lang='lat' dir='ltr'><strong>effo-</strong></span> 
     </span>
    </p>
   </div>
   <div class='ocr_carea' id='block_1_83' title="bbox 2352 2531 3960 2604">
    <p class='ocr_par' dir='ltr' id='par_1_83' title="bbox 2352 2531 3960 2604">
     <span class='ocr_line' id='line_1_83' title="bbox 2352 2531 3960 2604; baseline 0.001 -17"><span class='ocrx_word' id='word_1_638' title='bbox 2352 2531 2579 2587; x_wconf 86' lang='lat' dir='ltr'><strong>dicndus</strong></span> <span class='ocrx_word' id='word_1_639' title='bbox 2617 2534 2911 2603; x_wconf 84' lang='lat' dir='ltr'><strong>estprius,</strong></span> <span class='ocrx_word' id='word_1_640' title='bbox 2953 2542 3008 2590; x_wconf 90' lang='lat' dir='ltr'><strong>et</strong></span> <span class='ocrx_word' id='word_1_641' title='bbox 3049 2542 3329 2604; x_wconf 85' lang='lat' dir='ltr'><strong>postquam</strong></span> <span class='ocrx_word' id='word_1_642' title='bbox 3381 2533 3519 2590; x_wconf 90' lang='lat' dir='ltr'><strong>infra</strong></span> <span class='ocrx_word' id='word_1_643' title='bbox 3559 2532 3960 2599; x_wconf 82' lang='lat' dir='ltr'><strong>descenderis,</strong></span> 
     </span>
    </p>
   </div>
   <div class='ocr_carea' id='block_1_84' title="bbox 2351 2624 3961 2696">
    <p class='ocr_par' dir='ltr' id='par_1_84' title="bbox 2351 2624 3961 2696">
     <span class='ocr_line' id='line_1_84' title="bbox 2351 2624 3961 2696; baseline 0.002 -19"><span class='ocrx_word' id='word_1_644' title='bbox 2351 2638 2566 2679; x_wconf 88' lang='lat' dir='ltr'><strong>omnem</strong></span> <span class='ocrx_word' id='word_1_645' title='bbox 2596 2624 2791 2680; x_wconf 85' lang='lat' dir='ltr'><strong>deinde</strong></span> <span class='ocrx_word' id='word_1_646' title='bbox 2817 2634 3075 2696; x_wconf 67' lang='lat' dir='ltr'><strong>qumstum</strong></span> <span class='ocrx_word' id='word_1_647' title='bbox 3119 2625 3363 2681; x_wconf 87' lang='lat' dir='ltr'><strong>invenies</strong></span> <span class='ocrx_word' id='word_1_648' title='bbox 3396 2643 3410 2679; x_wconf 90' lang='lat'><strong>:</strong></span> <span class='ocrx_word' id='word_1_649' title='bbox 3443 2625 3514 2680; x_wconf 90' lang='lat' dir='ltr'><strong>ita</strong></span> <span class='ocrx_word' id='word_1_650' title='bbox 3555 2640 3770 2696; x_wconf 87' lang='lat' dir='ltr'><strong>quoque</strong></span> <span class='ocrx_word' id='word_1_651' title='bbox 3810 2625 3870 2679; x_wconf 88' lang='lat' dir='ltr'><strong>tit</strong></span> <span class='ocrx_word' id='word_1_652' title='bbox 3900 2624 3961 2681; x_wconf 84' lang='lat' dir='ltr'><strong>in</strong></span> 
     </span>
    </p>
   </div>
   <div class='ocr_carea' id='block_1_85' title="bbox 2351 2716 3960 2787">
    <p class='ocr_par' dir='ltr' id='par_1_85' title="bbox 2351 2716 3960 2787">
     <span class='ocr_line' id='line_1_85' title="bbox 2351 2716 3960 2787; baseline 0 -13"><span class='ocrx_word' id='word_1_653' title='bbox 2351 2716 2678 2787; x_wconf 74' lang='lat' dir='ltr'><strong>Scripturis;</strong></span> <span class='ocrx_word' id='word_1_654' title='bbox 2709 2735 2814 2773; x_wconf 91' lang='lat' dir='ltr'><strong>non</strong></span> <span class='ocrx_word' id='word_1_655' title='bbox 2840 2720 2951 2774; x_wconf 88' lang='lat' dir='ltr'><strong>sola</strong></span> <span class='ocrx_word' id='word_1_656' title='bbox 2979 2718 3179 2774; x_wconf 80' lang='lat' dir='ltr'><strong>sufﬁcit</strong></span> <span class='ocrx_word' id='word_1_657' title='bbox 3215 2720 3374 2775; x_wconf 81' lang='lat' dir='ltr'><strong>lectio</strong></span> <span class='ocrx_word' id='word_1_658' title='bbox 3398 2719 3465 2774; x_wconf 90' lang='lat' dir='ltr'><strong>ad</strong></span> <span class='ocrx_word' id='word_1_659' title='bbox 3506 2719 3813 2783; x_wconf 77' lang='lat' dir='ltr'><strong>reconditos</strong></span> <span class='ocrx_word' id='word_1_660' title='bbox 3851 2718 3960 2774; x_wconf 79' lang='lat' dir='ltr'><strong>bo-</strong></span> 
     </span>
    </p>
   </div>
   <div class='ocr_carea' id='block_1_86' title="bbox 2352 2809 3961 2883">
    <p class='ocr_par' dir='ltr' id='par_1_86' title="bbox 2352 2809 3961 2883">
     <span class='ocr_line' id='line_1_86' title="bbox 2352 2809 3961 2883; baseline 0.003 -20"><span class='ocrx_word' id='word_1_661' title='bbox 2352 2824 2541 2865; x_wconf 90' lang='lat' dir='ltr'><strong>norum</strong></span> <span class='ocrx_word' id='word_1_662' title='bbox 2573 2809 2855 2866; x_wconf 87' lang='lat' dir='ltr'><strong>thesauros</strong></span> <span class='ocrx_word' id='word_1_663' title='bbox 2884 2812 3196 2868; x_wconf 88' lang='lat' dir='ltr'><strong>iudicandos</strong></span> <span class='ocrx_word' id='word_1_664' title='bbox 3216 2855 3231 2881; x_wconf 95' lang='lat'><strong>,</strong></span> <span class='ocrx_word' id='word_1_665' title='bbox 3258 2812 3359 2867; x_wconf 89' lang='lat' dir='ltr'><strong>nisi</strong></span> <span class='ocrx_word' id='word_1_666' title='bbox 3384 2812 3705 2883; x_wconf 88' lang='lat' dir='ltr'><strong>profundum</strong></span> <span class='ocrx_word' id='word_1_667' title='bbox 3742 2822 3961 2868; x_wconf 50' lang='lat' dir='ltr'><strong>scrutcd</strong></span> 
     </span>
    </p>
   </div>
   <div class='ocr_carea' id='block_1_87' title="bbox 2350 2900 3957 2974">
    <p class='ocr_par' dir='ltr' id='par_1_87' title="bbox 2350 2900 3957 2974">
     <span class='ocr_line' id='line_1_87' title="bbox 2350 2900 3957 2974; baseline 0.004 -20"><span class='ocrx_word' id='word_1_668' title='bbox 2350 2900 2446 2955; x_wconf 87' lang='lat' dir='ltr'><strong>ris.</strong></span> <span class='ocrx_word' id='word_1_669' title='bbox 2466 2900 2520 2956; x_wconf 90' lang='lat' dir='ltr'><strong>Si</strong></span> <span class='ocrx_word' id='word_1_670' title='bbox 2540 2901 2697 2957; x_wconf 91' lang='lat' dir='ltr'><strong>lectio</strong></span> <span class='ocrx_word' id='word_1_671' title='bbox 2712 2902 3002 2967; x_wconf 75' lang='lat' dir='ltr'><strong>sufﬁceret,</strong></span> <span class='ocrx_word' id='word_1_672' title='bbox 3019 2918 3124 2958; x_wconf 91' lang='lat' dir='ltr'><strong>non</strong></span> <span class='ocrx_word' id='word_1_673' title='bbox 3141 2903 3362 2958; x_wconf 77' lang='lat' dir='ltr'><strong>dixisset</strong></span> <span class='ocrx_word' id='word_1_674' title='bbox 3378 2903 3624 2959; x_wconf 90' lang='lat' dir='ltr'><strong>eunucho</strong></span> <span class='ocrx_word' id='word_1_675' title='bbox 3640 2904 3957 2974; x_wconf 86' lang='lat' dir='ltr'><strong>Philippus:</strong></span> 
     </span>
    </p>
   </div>
   <div class='ocr_carea' id='block_1_88' title="bbox 2354 2989 3960 3065">
    <p class='ocr_par' dir='ltr' id='par_1_88' title="bbox 2354 2989 3960 3065">
     <span class='ocr_line' id='line_1_88' title="bbox 2354 2989 3960 3065; baseline 0.003 -21"><span class='ocrx_word' id='word_1_676' title='bbox 2354 2989 2583 3046; x_wconf 85' lang='lat' dir='ltr'><strong>Putasne</strong></span> <span class='ocrx_word' id='word_1_677' title='bbox 2610 2993 2850 3063; x_wconf 83' lang='lat' dir='ltr'><strong>intelligis</strong></span> <span class='ocrx_word' id='word_1_678' title='bbox 2873 3010 2988 3064; x_wconf 69' lang='lat' dir='ltr'><strong>quae</strong></span> <span class='ocrx_word' id='word_1_679' title='bbox 3009 2995 3130 3065; x_wconf 85' lang='lat' dir='ltr'><strong>legis</strong></span> <span class='ocrx_word' id='word_1_680' title='bbox 3155 2994 3292 3064; x_wconf 78' lang='lat' dir='ltr'><strong>(Act.</strong></span> <span class='ocrx_word' id='word_1_681' title='bbox 3323 2996 3375 3051; x_wconf 87' lang='lat'><strong>8.</strong></span> <span class='ocrx_word' id='word_1_682' title='bbox 3399 2995 3534 3063; x_wconf 74' lang='lat'><strong>30)?</strong></span> <span class='ocrx_word' id='word_1_683' title='bbox 3558 2994 3614 3051; x_wconf 90' lang='lat' dir='ltr'><strong>Si</strong></span> <span class='ocrx_word' id='word_1_684' title='bbox 3644 2996 3805 3050; x_wconf 87' lang='lat' dir='ltr'><strong>lectio</strong></span> <span class='ocrx_word' id='word_1_685' title='bbox 3833 2995 3960 3049; x_wconf 75' lang='lat' dir='ltr'><strong>suf-</strong></span> 
     </span>
    </p>
   </div>
   <div class='ocr_carea' id='block_1_89' title="bbox 2352 3081 3963 3149">
    <p class='ocr_par' dir='ltr' id='par_1_89' title="bbox 2352 3081 3963 3149">
     <span class='ocr_line' id='line_1_89' title="bbox 2352 3081 3963 3149; baseline 0.004 -13"><span class='ocrx_word' id='word_1_686' title='bbox 2352 3081 2566 3149; x_wconf 84' lang='lat' dir='ltr'><strong>liceret,</strong></span> <span class='ocrx_word' id='word_1_687' title='bbox 2610 3084 2809 3140; x_wconf 73' lang='lat' dir='ltr'><strong>Judteis</strong></span> <span class='ocrx_word' id='word_1_688' title='bbox 2850 3086 3093 3141; x_wconf 86' lang='lat' dir='ltr'><strong>Christus</strong></span> <span class='ocrx_word' id='word_1_689' title='bbox 3139 3102 3249 3143; x_wconf 86' lang='lat' dir='ltr'><strong>non</strong></span> <span class='ocrx_word' id='word_1_690' title='bbox 3294 3086 3518 3142; x_wconf 78' lang='lat' dir='ltr'><strong>dixisset</strong></span> <span class='ocrx_word' id='word_1_691' title='bbox 3566 3105 3578 3141; x_wconf 92' lang='lat'><strong>:</strong></span> <span class='ocrx_word' id='word_1_692' title='bbox 3635 3088 3963 3144; x_wconf 81' lang='lat' dir='ltr'><strong>Scmtamini</strong></span> 
     </span>
    </p>
   </div>
   <div class='ocr_carea' id='block_1_90' title="bbox 2351 3172 3960 3249">
    <p class='ocr_par' dir='ltr' id='par_1_90' title="bbox 2351 3172 3960 3249">
     <span class='ocr_line' id='line_1_90' title="bbox 2351 3172 3960 3249; baseline 0.004 -21"><span class='ocrx_word' id='word_1_693' title='bbox 2351 3172 2648 3245; x_wconf 84' lang='lat' dir='ltr'><strong>Scripturas</strong></span> <span class='ocrx_word' id='word_1_694' title='bbox 2674 3175 2854 3248; x_wconf 81' lang='lat' dir='ltr'><strong>(Joan.</strong></span> <span class='ocrx_word' id='word_1_695' title='bbox 2881 3177 2934 3232; x_wconf 83' lang='lat'><strong>5.</strong></span> <span class='ocrx_word' id='word_1_696' title='bbox 2966 3177 3059 3249; x_wconf 80' lang='lat'><strong>39)</strong></span> <span class='ocrx_word' id='word_1_697' title='bbox 3090 3192 3106 3231; x_wconf 87' lang='lat'><strong>:</strong></span> <span class='ocrx_word' id='word_1_698' title='bbox 3134 3187 3188 3231; x_wconf 90' lang='lat' dir='ltr'><strong>at</strong></span> <span class='ocrx_word' id='word_1_699' title='bbox 3214 3178 3258 3232; x_wconf 92' lang='lat' dir='ltr'><strong>is</strong></span> <span class='ocrx_word' id='word_1_700' title='bbox 3284 3178 3373 3249; x_wconf 91' lang='lat' dir='ltr'><strong>qui</strong></span> <span class='ocrx_word' id='word_1_701' title='bbox 3399 3188 3691 3244; x_wconf 86' lang='lat' dir='ltr'><strong>scrutatur,</strong></span> <span class='ocrx_word' id='word_1_702' title='bbox 3726 3195 3833 3234; x_wconf 90' lang='lat' dir='ltr'><strong>non</strong></span> <span class='ocrx_word' id='word_1_703' title='bbox 3863 3196 3960 3235; x_wconf 89' lang='lat' dir='ltr'><strong>su-</strong></span> 
     </span>
    </p>
   </div>
   <div class='ocr_carea' id='block_1_91' title="bbox 2350 3265 3959 3341">
    <p class='ocr_par' dir='ltr' id='par_1_91' title="bbox 2350 3265 3959 3341">
     <span class='ocr_line' id='line_1_91' title="bbox 2350 3265 3959 3341; baseline 0.006 -20"><span class='ocrx_word' id='word_1_704' title='bbox 2350 3265 2567 3333; x_wconf 87' lang='lat' dir='ltr'><strong>perficie</strong></span> <span class='ocrx_word' id='word_1_705' title='bbox 2589 3274 2744 3321; x_wconf 89' lang='lat' dir='ltr'><strong>tenus</strong></span> <span class='ocrx_word' id='word_1_706' title='bbox 2758 3267 3017 3334; x_wconf 84' lang='lat' dir='ltr'><strong>subsistit,</strong></span> <span class='ocrx_word' id='word_1_707' title='bbox 3034 3269 3126 3324; x_wconf 85' lang='lat' dir='ltr'><strong>sed</strong></span> <span class='ocrx_word' id='word_1_708' title='bbox 3148 3268 3215 3324; x_wconf 92' lang='lat' dir='ltr'><strong>ad</strong></span> <span class='ocrx_word' id='word_1_709' title='bbox 3241 3269 3559 3337; x_wconf 84' lang='lat' dir='ltr'><strong>profundum</strong></span> <span class='ocrx_word' id='word_1_710' title='bbox 3584 3270 3756 3340; x_wconf 82' lang='lat' dir='ltr'><strong>ipsum</strong></span> <span class='ocrx_word' id='word_1_711' title='bbox 3780 3277 3959 3341; x_wconf 73' lang='lat' dir='ltr'><strong>usque</strong></span> 
     </span>
    </p>
   </div>
   <div class='ocr_carea' id='block_1_92' title="bbox 2348 3354 3958 3428">
    <p class='ocr_par' dir='ltr' id='par_1_92' title="bbox 2348 3354 3958 3428">
     <span class='ocr_line' id='line_1_92' title="bbox 2348 3354 3958 3428; baseline 0.007 -20"><span class='ocrx_word' id='word_1_712' title='bbox 2348 3354 2642 3412; x_wconf 89' lang='lat' dir='ltr'><strong>descendit.</strong></span> <span class='ocrx_word' id='word_1_713' title='bbox 2672 3356 2886 3413; x_wconf 83' lang='lat' dir='ltr'><strong>Etenim</strong></span> <span class='ocrx_word' id='word_1_714' title='bbox 2913 3359 2965 3412; x_wconf 87' lang='lat' dir='ltr'><strong>in</strong></span> <span class='ocrx_word' id='word_1_715' title='bbox 3008 3359 3122 3428; x_wconf 80' lang='lat' dir='ltr'><strong>ipso</strong></span> <span class='ocrx_word' id='word_1_716' title='bbox 3158 3359 3381 3415; x_wconf 78' lang='lat' dir='ltr'><strong>exordio</strong></span> <span class='ocrx_word' id='word_1_717' title='bbox 3424 3362 3650 3417; x_wconf 91' lang='lat' dir='ltr'><strong>multum</strong></span> <span class='ocrx_word' id='word_1_718' title='bbox 3691 3376 3958 3419; x_wconf 86' lang='lat' dir='ltr'><strong>sensuum</strong></span> 
     </span>
    </p>
   </div>
   <div class='ocr_carea' id='block_1_93' title="bbox 2350 3446 3963 3524">
    <p class='ocr_par' dir='ltr' id='par_1_93' title="bbox 2350 3446 3963 3524">
     <span class='ocr_line' id='line_1_93' title="bbox 2350 3446 3963 3524; baseline 0.007 -24"><span class='ocrx_word' id='word_1_719' title='bbox 2350 3446 2568 3518; x_wconf 87' lang='lat' dir='ltr'><strong>pelagus</strong></span> <span class='ocrx_word' id='word_1_720' title='bbox 2594 3463 2778 3504; x_wconf 89' lang='lat' dir='ltr'><strong>cerno.</strong></span> <span class='ocrx_word' id='word_1_721' title='bbox 2814 3452 2985 3520; x_wconf 76' lang='lat' dir='ltr'><strong>Atque</strong></span> <span class='ocrx_word' id='word_1_722' title='bbox 3014 3451 3064 3505; x_wconf 90' lang='lat' dir='ltr'><strong>in</strong></span> <span class='ocrx_word' id='word_1_723' title='bbox 3094 3450 3443 3507; x_wconf 74' lang='lat' dir='ltr'><strong>stecularib&#39;us</strong></span> <span class='ocrx_word' id='word_1_724' title='bbox 3462 3452 3675 3524; x_wconf 87' lang='lat' dir='ltr'><strong>quidem</strong></span> <span class='ocrx_word' id='word_1_725' title='bbox 3706 3454 3963 3523; x_wconf 81' lang='lat' dir='ltr'><strong>epistolis</strong></span> 
     </span>
    </p>
   </div>
   <div class='ocr_carea' id='block_1_94' title="bbox 2348 3536 3955 3609">
    <p class='ocr_par' dir='ltr' id='par_1_94' title="bbox 2348 3536 3955 3609">
     <span class='ocr_line' id='line_1_94' title="bbox 2348 3536 3955 3609; baseline 0.007 -20"><span class='ocrx_word' id='word_1_726' title='bbox 2348 3536 2696 3593; x_wconf 87' lang='lat' dir='ltr'><strong>salutationes</strong></span> <span class='ocrx_word' id='word_1_727' title='bbox 2725 3552 2943 3609; x_wconf 90' lang='lat' dir='ltr'><strong>quoquo</strong></span> <span class='ocrx_word' id='word_1_728' title='bbox 2966 3539 3129 3595; x_wconf 92' lang='lat' dir='ltr'><strong>modo</strong></span> <span class='ocrx_word' id='word_1_729' title='bbox 3152 3540 3303 3607; x_wconf 86' lang='lat' dir='ltr'><strong>fiunt,</strong></span> <span class='ocrx_word' id='word_1_730' title='bbox 3332 3540 3507 3596; x_wconf 89' lang='lat' dir='ltr'><strong>solum</strong></span> <span class='ocrx_word' id='word_1_731' title='bbox 3537 3541 3798 3598; x_wconf 89' lang='lat' dir='ltr'><strong>honorent</strong></span> <span class='ocrx_word' id='word_1_732' title='bbox 3827 3546 3955 3600; x_wconf 83' lang='lat' dir='ltr'><strong>cul-</strong></span> 
     </span>
    </p>
   </div>
   <div class='ocr_carea' id='block_1_95' title="bbox 2350 3626 3955 3699">
    <p class='ocr_par' dir='ltr' id='par_1_95' title="bbox 2350 3626 3955 3699">
     <span class='ocr_line' id='line_1_95' title="bbox 2350 3626 3955 3699; baseline 0.006 -19"><span class='ocrx_word' id='word_1_733' title='bbox 2350 3634 2567 3698; x_wconf 91' lang='lat' dir='ltr'><strong>tumque</strong></span> <span class='ocrx_word' id='word_1_734' title='bbox 2596 3626 2899 3685; x_wconf 85' lang='lat' dir='ltr'><strong>deferentes</strong></span> <span class='ocrx_word' id='word_1_735' title='bbox 2923 3647 2936 3682; x_wconf 88' lang='lat'><strong>:</strong></span> <span class='ocrx_word' id='word_1_736' title='bbox 2965 3629 3050 3685; x_wconf 93' lang='lat' dir='ltr'><strong>hic</strong></span> <span class='ocrx_word' id='word_1_737' title='bbox 3076 3647 3207 3686; x_wconf 80' lang='lat' dir='ltr'><strong>vero</strong></span> <span class='ocrx_word' id='word_1_738' title='bbox 3232 3646 3339 3687; x_wconf 89' lang='lat' dir='ltr'><strong>non</strong></span> <span class='ocrx_word' id='word_1_739' title='bbox 3358 3632 3448 3699; x_wconf 89' lang='lat' dir='ltr'><strong>ita,</strong></span> <span class='ocrx_word' id='word_1_740' title='bbox 3476 3632 3570 3688; x_wconf 90' lang='lat' dir='ltr'><strong>sed</strong></span> <span class='ocrx_word' id='word_1_741' title='bbox 3593 3634 3757 3689; x_wconf 87' lang='lat' dir='ltr'><strong>multa</strong></span> <span class='ocrx_word' id='word_1_742' title='bbox 3782 3649 3955 3690; x_wconf 77' lang='lat' dir='ltr'><strong>exor-</strong></span> 
     </span>
    </p>
   </div>
   <div class='ocr_carea' id='block_1_96' title="bbox 2345 3717 3958 3800">
    <p class='ocr_par' dir='ltr' id='par_1_96' title="bbox 2345 3717 3958 3800">
     <span class='ocr_line' id='line_1_96' title="bbox 2345 3717 3958 3800; baseline 0.005 -29"><span class='ocrx_word' id='word_1_743' title='bbox 2345 3717 2492 3772; x_wconf 90' lang='lat' dir='ltr'><strong>dium</strong></span> <span class='ocrx_word' id='word_1_744' title='bbox 2525 3719 2783 3789; x_wconf 88' lang='lat' dir='ltr'><strong>sapientia</strong></span> <span class='ocrx_word' id='word_1_745' title='bbox 2814 3719 3097 3776; x_wconf 83' lang='lat' dir='ltr'><strong>redundat.</strong></span> <span class='ocrx_word' id='word_1_746' title='bbox 3148 3721 3265 3777; x_wconf 85' lang='lat' dir='ltr'><strong>Non</strong></span> <span class='ocrx_word' id='word_1_747' title='bbox 3306 3724 3449 3778; x_wconf 88' lang='lat' dir='ltr'><strong>enim</strong></span> <span class='ocrx_word' id='word_1_748' title='bbox 3495 3723 3688 3779; x_wconf 87' lang='lat' dir='ltr'><strong>Paulus</strong></span> <span class='ocrx_word' id='word_1_749' title='bbox 3726 3732 3809 3779; x_wconf 88' lang='lat' dir='ltr'><strong>est</strong></span> <span class='ocrx_word' id='word_1_750' title='bbox 3854 3727 3958 3800; x_wconf 77' lang='lat' dir='ltr'><strong>qui</strong></span> 
     </span>
    </p>
   </div>
   <div class='ocr_carea' id='block_1_97' title="bbox 2344 3806 3956 3883">
    <p class='ocr_par' dir='ltr' id='par_1_97' title="bbox 2344 3806 3956 3883">
     <span class='ocr_line' id='line_1_97' title="bbox 2344 3806 3956 3883; baseline 0.003 -18"><span class='ocrx_word' id='word_1_751' title='bbox 2344 3806 2608 3880; x_wconf 86' lang='lat' dir='ltr'><strong>loquitur,</strong></span> <span class='ocrx_word' id='word_1_752' title='bbox 2638 3810 2731 3867; x_wconf 87' lang='lat' dir='ltr'><strong>sed</strong></span> <span class='ocrx_word' id='word_1_753' title='bbox 2756 3810 2848 3880; x_wconf 84' lang='lat' dir='ltr'><strong>qui</strong></span> <span class='ocrx_word' id='word_1_754' title='bbox 2872 3812 3103 3867; x_wconf 90' lang='lat' dir='ltr'><strong>animam</strong></span> <span class='ocrx_word' id='word_1_755' title='bbox 3131 3809 3249 3883; x_wconf 75' lang='lat' dir='ltr'><strong>eius</strong></span> <span class='ocrx_word' id='word_1_756' title='bbox 3291 3823 3470 3870; x_wconf 83' lang='lat' dir='ltr'><strong>movet</strong></span> <span class='ocrx_word' id='word_1_757' title='bbox 3497 3813 3763 3871; x_wconf 85' lang='lat' dir='ltr'><strong>Christus.</strong></span> <span class='ocrx_word' id='word_1_758' title='bbox 3794 3813 3956 3870; x_wconf 78' lang='lat' dir='ltr'><strong>Pau-</strong></span> 
     </span>
    </p>
   </div>
   <div class='ocr_carea' id='block_1_98' title="bbox 2345 3900 3959 3979">
    <p class='ocr_par' dir='ltr' id='par_1_98' title="bbox 2345 3900 3959 3979">
     <span class='ocr_line' id='line_1_98' title="bbox 2345 3900 3959 3979; baseline 0.006 -25"><span class='ocrx_word' id='word_1_759' title='bbox 2345 3900 2425 3970; x_wconf 80' lang='lat' dir='ltr'><strong>lus</strong></span> <span class='ocrx_word' id='word_1_760' title='bbox 2452 3912 2675 3957; x_wconf 80' lang='lat' dir='ltr'><strong>uocatus.</strong></span> <span class='ocrx_word' id='word_1_761' title='bbox 2709 3902 2823 3958; x_wconf 85' lang='lat' dir='ltr'><strong>Hoc</strong></span> <span class='ocrx_word' id='word_1_762' title='bbox 2870 3918 3090 3972; x_wconf 79' lang='lat' dir='ltr'><strong>nomen,</strong></span> <span class='ocrx_word' id='word_1_763' title='bbox 3128 3906 3343 3970; x_wconf 84' lang='lat' dir='ltr'><strong>Paulus,</strong></span> <span class='ocrx_word' id='word_1_764' title='bbox 3386 3922 3549 3961; x_wconf 90' lang='lat' dir='ltr'><strong>unum</strong></span> <span class='ocrx_word' id='word_1_765' title='bbox 3597 3907 3810 3979; x_wconf 86' lang='lat' dir='ltr'><strong>quidem</strong></span> <span class='ocrx_word' id='word_1_766' title='bbox 3861 3917 3959 3965; x_wconf 76' lang='lat' dir='ltr'><strong>est</strong></span> 
     </span>
    </p>
   </div>
   <div class='ocr_carea' id='block_1_99' title="bbox 2345 3994 3951 4073">
    <p class='ocr_par' dir='ltr' id='par_1_99' title="bbox 2345 3994 3951 4073">
     <span class='ocr_line' id='line_1_99' title="bbox 2345 3994 3951 4073; baseline 0.005 -25"><span class='ocrx_word' id='word_1_767' title='bbox 2345 3994 2651 4065; x_wconf 88' lang='lat' dir='ltr'><strong>nudumque</strong></span> <span class='ocrx_word' id='word_1_768' title='bbox 2681 4010 2875 4051; x_wconf 86' lang='lat' dir='ltr'><strong>nomen</strong></span> <span class='ocrx_word' id='word_1_769' title='bbox 2910 4014 2923 4050; x_wconf 92' lang='lat'><strong>:</strong></span> <span class='ocrx_word' id='word_1_770' title='bbox 2957 3995 3055 4052; x_wconf 89' lang='lat' dir='ltr'><strong>sed</strong></span> <span class='ocrx_word' id='word_1_771' title='bbox 3102 4005 3307 4073; x_wconf 82' lang='lat' dir='ltr'><strong>tantum</strong></span> <span class='ocrx_word' id='word_1_772' title='bbox 3349 4014 3602 4054; x_wconf 81' lang='lat' dir='ltr'><strong>sensuum</strong></span> <span class='ocrx_word' id='word_1_773' title='bbox 3636 3998 3951 4056; x_wconf 86' lang='lat' dir='ltr'><strong>thesaurum</strong></span> 
     </span>
    </p>
   </div>
   <div class='ocr_carea' id='block_1_100' title="bbox 2346 4074 3950 4161">
    <p class='ocr_par' dir='ltr' id='par_1_100' title="bbox 2346 4074 3950 4161">
     <span class='ocr_line' id='line_1_100' title="bbox 2346 4074 3950 4161; baseline 0.005 -23"><span class='ocrx_word' id='word_1_774' title='bbox 2346 4084 2505 4140; x_wconf 74' lang='lat' dir='ltr'><strong>habet</strong></span> <span class='ocrx_word' id='word_1_775' title='bbox 2532 4085 2890 4154; x_wconf 78' lang='lat' dir='ltr'><strong>reconditum,</strong></span> <span class='ocrx_word' id='word_1_776' title='bbox 2930 4074 3189 4158; x_wconf 87' lang='lat' dir='ltr'><strong>quantum</strong></span> <span class='ocrx_word' id='word_1_777' title='bbox 3219 4088 3549 4158; x_wconf 82' lang='lat' dir='ltr'><strong>experientia</strong></span> <span class='ocrx_word' id='word_1_778' title='bbox 3578 4091 3950 4161; x_wconf 73' lang='lat' dir='ltr'><strong>comperistis.</strong></span> 
     </span>
    </p>
   </div>
   <div class='ocr_carea' id='block_1_101' title="bbox 2343 4175 3953 4251">
    <p class='ocr_par' dir='ltr' id='par_1_101' title="bbox 2343 4175 3953 4251">
     <span class='ocr_line' id='line_1_101' title="bbox 2343 4175 3953 4251; baseline 0.007 -22"><span class='ocrx_word' id='word_1_779' title='bbox 2343 4175 2476 4229; x_wconf 75' lang='lat' dir='ltr'><strong>Nam</strong></span> <span class='ocrx_word' id='word_1_780' title='bbox 2508 4178 2552 4231; x_wconf 87' lang='lat' dir='ltr'><strong>si</strong></span> <span class='ocrx_word' id='word_1_781' title='bbox 2580 4177 2962 4244; x_wconf 89' lang='lat' dir='ltr'><strong>recordamini,</strong></span> <span class='ocrx_word' id='word_1_782' title='bbox 2995 4178 3106 4235; x_wconf 78' lang='lat' dir='ltr'><strong>tres</strong></span> <span class='ocrx_word' id='word_1_783' title='bbox 3136 4179 3373 4251; x_wconf 82' lang='lat' dir='ltr'><strong>integros</strong></span> <span class='ocrx_word' id='word_1_784' title='bbox 3415 4180 3533 4237; x_wconf 87' lang='lat' dir='ltr'><strong>dies</strong></span> <span class='ocrx_word' id='word_1_785' title='bbox 3568 4180 3638 4237; x_wconf 93' lang='lat' dir='ltr'><strong>de</strong></span> <span class='ocrx_word' id='word_1_786' title='bbox 3683 4182 3799 4237; x_wconf 86' lang='lat' dir='ltr'><strong>solo</strong></span> <span class='ocrx_word' id='word_1_787' title='bbox 3840 4182 3953 4240; x_wconf 89' lang='lat' dir='ltr'><strong>hoc</strong></span> 
     </span>
    </p>
   </div>
   <div class='ocr_carea' id='block_1_102' title="bbox 2346 4268 3947 4341">
    <p class='ocr_par' dir='ltr' id='par_1_102' title="bbox 2346 4268 3947 4341">
     <span class='ocr_line' id='line_1_102' title="bbox 2346 4268 3947 4341; baseline 0.004 -20"><span class='ocrx_word' id='word_1_788' title='bbox 2346 4268 2559 4323; x_wconf 89' lang='lat' dir='ltr'><strong>nomine</strong></span> <span class='ocrx_word' id='word_1_789' title='bbox 2588 4268 2907 4326; x_wconf 84' lang='lat' dir='ltr'><strong>disseruisse</strong></span> <span class='ocrx_word' id='word_1_790' title='bbox 2932 4284 3018 4325; x_wconf 87' lang='lat' dir='ltr'><strong>me</strong></span> <span class='ocrx_word' id='word_1_791' title='bbox 3047 4270 3196 4325; x_wconf 85' lang='lat' dir='ltr'><strong>scitis</strong></span> <span class='ocrx_word' id='word_1_792' title='bbox 3215 4313 3231 4338; x_wconf 91' lang='lat'><strong>,</strong></span> <span class='ocrx_word' id='word_1_793' title='bbox 3263 4270 3391 4325; x_wconf 90' lang='lat' dir='ltr'><strong>dum</strong></span> <span class='ocrx_word' id='word_1_794' title='bbox 3415 4285 3606 4327; x_wconf 88' lang='lat' dir='ltr'><strong>causas</strong></span> <span class='ocrx_word' id='word_1_795' title='bbox 3651 4272 3902 4329; x_wconf 81' lang='lat' dir='ltr'><strong>offerrem</strong></span> <span class='ocrx_word' id='word_1_796' title='bbox 3926 4316 3947 4341; x_wconf 93' lang='lat'><strong>,</strong></span> 
     </span>
    </p>
   </div>
   <div class='ocr_carea' id='block_1_103' title="bbox 2343 4358 3950 4432">
    <p class='ocr_par' dir='ltr' id='par_1_103' title="bbox 2343 4358 3950 4432">
     <span class='ocr_line' id='line_1_103' title="bbox 2343 4358 3950 4432; baseline 0.006 -20"><span class='ocrx_word' id='word_1_797' title='bbox 2343 4358 2413 4413; x_wconf 92' lang='lat' dir='ltr'><strong>ob</strong></span> <span class='ocrx_word' id='word_1_798' title='bbox 2442 4375 2571 4427; x_wconf 87' lang='lat' dir='ltr'><strong>quas</strong></span> <span class='ocrx_word' id='word_1_799' title='bbox 2596 4376 2718 4415; x_wconf 91' lang='lat' dir='ltr'><strong>cum</strong></span> <span class='ocrx_word' id='word_1_800' title='bbox 2757 4362 2952 4419; x_wconf 90' lang='lat' dir='ltr'><strong>Saulus</strong></span> <span class='ocrx_word' id='word_1_801' title='bbox 2987 4372 3143 4427; x_wconf 89' lang='lat' dir='ltr'><strong>antea</strong></span> <span class='ocrx_word' id='word_1_802' title='bbox 3174 4372 3482 4432; x_wconf 81' lang='lat' dir='ltr'><strong>vocaretur,</strong></span> <span class='ocrx_word' id='word_1_803' title='bbox 3509 4364 3704 4419; x_wconf 87' lang='lat' dir='ltr'><strong>Paulus</strong></span> <span class='ocrx_word' id='word_1_804' title='bbox 3746 4363 3950 4422; x_wconf 77' lang='lat' dir='ltr'><strong>deinde</strong></span> 
     </span>
    </p>
   </div>
   <div class='ocr_carea' id='block_1_104' title="bbox 2342 4450 3946 4523">
    <p class='ocr_par' dir='ltr' id='par_1_104' title="bbox 2342 4450 3946 4523">
     <span class='ocr_line' id='line_1_104' title="bbox 2342 4450 3946 4523; baseline 0.005 -20"><span class='ocrx_word' id='word_1_805' title='bbox 2342 4458 2561 4504; x_wconf 81' lang='lat' dir='ltr'><strong>vocatus</strong></span> <span class='ocrx_word' id='word_1_806' title='bbox 2587 4460 2690 4518; x_wconf 89' lang='lat' dir='ltr'><strong>est,</strong></span> <span class='ocrx_word' id='word_1_807' title='bbox 2713 4459 2767 4506; x_wconf 89' lang='lat' dir='ltr'><strong>et</strong></span> <span class='ocrx_word' id='word_1_808' title='bbox 2788 4466 2892 4523; x_wconf 92' lang='lat' dir='ltr'><strong>qua</strong></span> <span class='ocrx_word' id='word_1_809' title='bbox 2918 4450 2985 4508; x_wconf 87' lang='lat' dir='ltr'><strong>de</strong></span> <span class='ocrx_word' id='word_1_810' title='bbox 3005 4467 3166 4509; x_wconf 86' lang='lat' dir='ltr'><strong>causa</strong></span> <span class='ocrx_word' id='word_1_811' title='bbox 3195 4468 3301 4509; x_wconf 87' lang='lat' dir='ltr'><strong>non</strong></span> <span class='ocrx_word' id='word_1_812' title='bbox 3324 4453 3502 4509; x_wconf 89' lang='lat' dir='ltr'><strong>statim</strong></span> <span class='ocrx_word' id='word_1_813' title='bbox 3530 4453 3597 4508; x_wconf 92' lang='lat' dir='ltr'><strong>ad</strong></span> <span class='ocrx_word' id='word_1_814' title='bbox 3622 4454 3780 4519; x_wconf 80' lang='lat' dir='ltr'><strong>ﬁdem</strong></span> <span class='ocrx_word' id='word_1_815' title='bbox 3807 4470 3946 4511; x_wconf 81' lang='lat' dir='ltr'><strong>cou-</strong></span> 
     </span>
    </p>
   </div>
   <div class='ocr_carea' id='block_1_105' title="bbox 2341 4540 3945 4615">
    <p class='ocr_par' dir='ltr' id='par_1_105' title="bbox 2341 4540 3945 4615">
     <span class='ocr_line' id='line_1_105' title="bbox 2341 4540 3945 4615; baseline 0.006 -21"><span class='ocrx_word' id='word_1_816' title='bbox 2341 4556 2529 4595; x_wconf 88' lang='lat' dir='ltr'><strong>versus</strong></span> <span class='ocrx_word' id='word_1_817' title='bbox 2556 4540 2694 4600; x_wconf 87' lang='lat' dir='ltr'><strong>hanc</strong></span> <span class='ocrx_word' id='word_1_818' title='bbox 2735 4543 3145 4613; x_wconf 87' lang='lat' dir='ltr'><strong>appellationem</strong></span> <span class='ocrx_word' id='word_1_819' title='bbox 3192 4545 3443 4615; x_wconf 87' lang='lat' dir='ltr'><strong>accepit,</strong></span> <span class='ocrx_word' id='word_1_820' title='bbox 3480 4544 3576 4601; x_wconf 88' lang='lat' dir='ltr'><strong>sed</strong></span> <span class='ocrx_word' id='word_1_821' title='bbox 3614 4544 3679 4600; x_wconf 86' lang='lat' dir='ltr'><strong>ad</strong></span> <span class='ocrx_word' id='word_1_822' title='bbox 3712 4544 3945 4605; x_wconf 80' lang='lat' dir='ltr'><strong>multum</strong></span> 
     </span>
    </p>
   </div>
   <div class='ocr_carea' id='block_1_106' title="bbox 2342 4634 3946 4708">
    <p class='ocr_par' dir='ltr' id='par_1_106' title="bbox 2342 4634 3946 4708">
     <span class='ocr_line' id='line_1_106' title="bbox 2342 4634 3946 4708; baseline 0.004 -21"><span class='ocrx_word' id='word_1_823' title='bbox 2342 4642 2551 4703; x_wconf 89' lang='lat' dir='ltr'><strong>tempus</strong></span> <span class='ocrx_word' id='word_1_824' title='bbox 2578 4648 2773 4688; x_wconf 88' lang='lat' dir='ltr'><strong>nomen</strong></span> <span class='ocrx_word' id='word_1_825' title='bbox 2802 4634 3042 4701; x_wconf 87' lang='lat' dir='ltr'><strong>retinuit,</strong></span> <span class='ocrx_word' id='word_1_826' title='bbox 3072 4634 3215 4706; x_wconf 85' lang='lat' dir='ltr'><strong>quod</strong></span> <span class='ocrx_word' id='word_1_827' title='bbox 3244 4636 3320 4690; x_wconf 89' lang='lat' dir='ltr'><strong>illi</strong></span> <span class='ocrx_word' id='word_1_828' title='bbox 3346 4650 3377 4690; x_wconf 87' lang='lat' dir='ltr'><strong>a</strong></span> <span class='ocrx_word' id='word_1_829' title='bbox 3405 4636 3670 4707; x_wconf 84' lang='lat' dir='ltr'><strong>principio</strong></span> <span class='ocrx_word' id='word_1_830' title='bbox 3686 4648 3946 4708; x_wconf 74' lang='lat' dir='ltr'><strong>parentes</strong></span> 
     </span>
    </p>
   </div>
   <div class='ocr_carea' id='block_1_107' title="bbox 2340 4722 3945 4799">
    <p class='ocr_par' dir='ltr' id='par_1_107' title="bbox 2340 4722 3945 4799">
     <span class='ocr_line' id='line_1_107' title="bbox 2340 4722 3945 4799; baseline 0.003 -20"><span class='ocrx_word' id='word_1_831' title='bbox 2340 4722 2750 4792; x_wconf 85' lang='lat' dir='ltr'><strong>imposuerant:</strong></span> <span class='ocrx_word' id='word_1_832' title='bbox 2794 4723 3122 4795; x_wconf 90' lang='lat' dir='ltr'><strong>multamque</strong></span> <span class='ocrx_word' id='word_1_833' title='bbox 3163 4724 3258 4781; x_wconf 91' lang='lat' dir='ltr'><strong>Dei</strong></span> <span class='ocrx_word' id='word_1_834' title='bbox 3302 4726 3623 4796; x_wconf 85' lang='lat' dir='ltr'><strong>sapientiam</strong></span> <span class='ocrx_word' id='word_1_835' title='bbox 3663 4736 3718 4783; x_wconf 89' lang='lat' dir='ltr'><strong>et</strong></span> <span class='ocrx_word' id='word_1_836' title='bbox 3760 4728 3945 4799; x_wconf 74' lang='lat' dir='ltr'><strong>provi-</strong></span> 
     </span>
    </p>
   </div>
   <div class='ocr_carea' id='block_1_108' title="bbox 2339 4815 3942 4890">
    <p class='ocr_par' dir='ltr' id='par_1_108' title="bbox 2339 4815 3942 4890">
     <span class='ocr_line' id='line_1_108' title="bbox 2339 4815 3942 4890; baseline 0.005 -22"><span class='ocrx_word' id='word_1_837' title='bbox 2339 4815 2571 4870; x_wconf 74' lang='lat' dir='ltr'><strong>dentiam</strong></span> <span class='ocrx_word' id='word_1_838' title='bbox 2613 4831 2680 4885; x_wconf 65' lang='lat' dir='ltr'><strong>es</strong></span> <span class='ocrx_word' id='word_1_839' title='bbox 2718 4830 2785 4872; x_wconf 92' lang='lat' dir='ltr'><strong>eo</strong></span> <span class='ocrx_word' id='word_1_840' title='bbox 2826 4816 3310 4871; x_wconf 87' lang='lat' dir='ltr'><strong>demonstravimus</strong></span> <span class='ocrx_word' id='word_1_841' title='bbox 3352 4832 3475 4874; x_wconf 87' lang='lat' dir='ltr'><strong>eum</strong></span> <span class='ocrx_word' id='word_1_842' title='bbox 3516 4833 3646 4890; x_wconf 84' lang='lat' dir='ltr'><strong>erga</strong></span> <span class='ocrx_word' id='word_1_843' title='bbox 3673 4834 3792 4887; x_wconf 87' lang='lat' dir='ltr'><strong>nos,</strong></span> <span class='ocrx_word' id='word_1_844' title='bbox 3822 4828 3942 4877; x_wconf 83' lang='lat' dir='ltr'><strong>tum</strong></span> 
     </span>
    </p>
   </div>
   <div class='ocr_carea' id='block_1_109' title="bbox 2338 4907 3940 4979">
    <p class='ocr_par' dir='ltr' id='par_1_109' title="bbox 2338 4907 3940 4979">
     <span class='ocr_line' id='line_1_109' title="bbox 2338 4907 3940 4979; baseline 0.002 -18"><span class='ocrx_word' id='word_1_845' title='bbox 2338 4921 2464 4979; x_wconf 85' lang='lat' dir='ltr'><strong>erga</strong></span> <span class='ocrx_word' id='word_1_846' title='bbox 2490 4916 2704 4963; x_wconf 86' lang='lat' dir='ltr'><strong>sanctos</strong></span> <span class='ocrx_word' id='word_1_847' title='bbox 2744 4907 2864 4963; x_wconf 81' lang='lat' dir='ltr'><strong>illos</strong></span> <span class='ocrx_word' id='word_1_848' title='bbox 2893 4907 3207 4964; x_wconf 79' lang='lat' dir='ltr'><strong>exhibitam.</strong></span> <span class='ocrx_word' id='word_1_849' title='bbox 3250 4908 3383 4964; x_wconf 85' lang='lat' dir='ltr'><strong>Nam</strong></span> <span class='ocrx_word' id='word_1_850' title='bbox 3413 4908 3458 4964; x_wconf 84' lang='lat' dir='ltr'><strong>si</strong></span> <span class='ocrx_word' id='word_1_851' title='bbox 3487 4908 3671 4965; x_wconf 81' lang='lat' dir='ltr'><strong>liberis</strong></span> <span class='ocrx_word' id='word_1_852' title='bbox 3692 4912 3807 4968; x_wconf 87' lang='lat' dir='ltr'><strong>suis</strong></span> <span class='ocrx_word' id='word_1_853' title='bbox 3832 4909 3940 4966; x_wconf 91' lang='lat' dir='ltr'><strong>ho-</strong></span> 
     </span>
    </p>
   </div>
   <div class='ocr_carea' id='block_1_110' title="bbox 2338 4999 3940 5074">
    <p class='ocr_par' dir='ltr' id='par_1_110' title="bbox 2338 4999 3940 5074">
     <span class='ocr_line' id='line_1_110' title="bbox 2338 4999 3940 5074; baseline 0.005 -23"><span class='ocrx_word' id='word_1_854' title='bbox 2338 4999 2510 5055; x_wconf 85' lang='lat' dir='ltr'><strong>mines</strong></span> <span class='ocrx_word' id='word_1_855' title='bbox 2530 5013 2635 5055; x_wconf 91' lang='lat' dir='ltr'><strong>non</strong></span> <span class='ocrx_word' id='word_1_856' title='bbox 2665 5007 2869 5055; x_wconf 84' lang='lat' dir='ltr'><strong>temere</strong></span> <span class='ocrx_word' id='word_1_857' title='bbox 2898 5015 3095 5055; x_wconf 89' lang='lat' dir='ltr'><strong>nomen</strong></span> <span class='ocrx_word' id='word_1_858' title='bbox 3126 5002 3437 5071; x_wconf 89' lang='lat' dir='ltr'><strong>imponunt,</strong></span> <span class='ocrx_word' id='word_1_859' title='bbox 3465 5000 3561 5058; x_wconf 88' lang='lat' dir='ltr'><strong>sed</strong></span> <span class='ocrx_word' id='word_1_860' title='bbox 3588 5002 3669 5058; x_wconf 78' lang='lat' dir='ltr'><strong>vel</strong></span> <span class='ocrx_word' id='word_1_861' title='bbox 3694 5017 3728 5058; x_wconf 86' lang='lat' dir='ltr'><strong>a</strong></span> <span class='ocrx_word' id='word_1_862' title='bbox 3757 5014 3940 5074; x_wconf 55' lang='lat' dir='ltr'><strong>patre,</strong></span> 
     </span>
    </p>
   </div>
   <div class='ocr_carea' id='block_1_111' title="bbox 2337 5086 3938 5163">
    <p class='ocr_par' dir='ltr' id='par_1_111' title="bbox 2337 5086 3938 5163">
     <span class='ocr_line' id='line_1_111' title="bbox 2337 5086 3938 5163; baseline 0.005 -19"><span class='ocrx_word' id='word_1_863' title='bbox 2337 5091 2423 5148; x_wconf 89' lang='lat' dir='ltr'><strong>vel</strong></span> <span class='ocrx_word' id='word_1_864' title='bbox 2445 5091 2513 5156; x_wconf 89' lang='lat' dir='ltr'><strong>ab</strong></span> <span class='ocrx_word' id='word_1_865' title='bbox 2536 5107 2636 5147; x_wconf 90' lang='lat' dir='ltr'><strong>avo</strong></span> <span class='ocrx_word' id='word_1_866' title='bbox 2656 5134 2672 5161; x_wconf 93' lang='lat'><strong>,</strong></span> <span class='ocrx_word' id='word_1_867' title='bbox 2700 5086 2782 5148; x_wconf 64' lang='lat' dir='ltr'><strong>\‘el</strong></span> <span class='ocrx_word' id='word_1_868' title='bbox 2808 5108 2838 5147; x_wconf 87' lang='lat' dir='ltr'><strong>a</strong></span> <span class='ocrx_word' id='word_1_869' title='bbox 2866 5091 3158 5163; x_wconf 75' lang='lat' dir='ltr'><strong>majoribus</strong></span> <span class='ocrx_word' id='word_1_870' title='bbox 3182 5092 3393 5149; x_wconf 55' lang='lat' dir='ltr'><strong>steteris</strong></span> <span class='ocrx_word' id='word_1_871' title='bbox 3432 5094 3647 5149; x_wconf 88' lang='lat' dir='ltr'><strong>nomina</strong></span> <span class='ocrx_word' id='word_1_872' title='bbox 3680 5098 3938 5153; x_wconf 82' lang='lat' dir='ltr'><strong>mutuan-</strong></span> 
     </span>
    </p>
   </div>
   <div class='ocr_carea' id='block_1_112' title="bbox 2335 5185 3936 5260">
    <p class='ocr_par' dir='ltr' id='par_1_112' title="bbox 2335 5185 3936 5260">
     <span class='ocr_line' id='line_1_112' title="bbox 2335 5185 3936 5260; baseline 0.003 -19"><span class='ocrx_word' id='word_1_873' title='bbox 2335 5194 2424 5241; x_wconf 90' lang='lat' dir='ltr'><strong>tur</strong></span> <span class='ocrx_word' id='word_1_874' title='bbox 2453 5202 2467 5239; x_wconf 92' lang='lat'><strong>:</strong></span> <span class='ocrx_word' id='word_1_875' title='bbox 2498 5185 2665 5241; x_wconf 89' lang='lat' dir='ltr'><strong>multo</strong></span> <span class='ocrx_word' id='word_1_876' title='bbox 2704 5186 2876 5258; x_wconf 84' lang='lat' dir='ltr'><strong>magis</strong></span> <span class='ocrx_word' id='word_1_877' title='bbox 2910 5185 3055 5242; x_wconf 87' lang='lat' dir='ltr'><strong>Deus</strong></span> <span class='ocrx_word' id='word_1_878' title='bbox 3092 5186 3263 5244; x_wconf 85' lang='lat' dir='ltr'><strong>servis</strong></span> <span class='ocrx_word' id='word_1_879' title='bbox 3298 5188 3411 5243; x_wconf 88' lang='lat' dir='ltr'><strong>suis</strong></span> <span class='ocrx_word' id='word_1_880' title='bbox 3436 5203 3543 5244; x_wconf 88' lang='lat' dir='ltr'><strong>non</strong></span> <span class='ocrx_word' id='word_1_881' title='bbox 3590 5188 3708 5245; x_wconf 91' lang='lat' dir='ltr'><strong>sine</strong></span> <span class='ocrx_word' id='word_1_882' title='bbox 3732 5204 3936 5260; x_wconf 84' lang='lat' dir='ltr'><strong>causa,</strong></span> 
     </span>
    </p>
   </div>
   <div class='ocr_carea' id='block_1_113' title="bbox 2333 5278 3935 5353">
    <p class='ocr_par' dir='ltr' id='par_1_113' title="bbox 2333 5278 3935 5353">
     <span class='ocr_line' id='line_1_113' title="bbox 2333 5278 3935 5353; baseline 0.004 -19"><span class='ocrx_word' id='word_1_883' title='bbox 2333 5294 2435 5334; x_wconf 81' lang='lat' dir='ltr'><strong>nec</strong></span> <span class='ocrx_word' id='word_1_884' title='bbox 2459 5278 2575 5335; x_wconf 83' lang='lat' dir='ltr'><strong>sine</strong></span> <span class='ocrx_word' id='word_1_885' title='bbox 2607 5282 2815 5335; x_wconf 76' lang='lat' dir='ltr'><strong>ratione</strong></span> <span class='ocrx_word' id='word_1_886' title='bbox 2860 5278 3033 5351; x_wconf 89' lang='lat' dir='ltr'><strong>aliqua</strong></span> <span class='ocrx_word' id='word_1_887' title='bbox 3080 5280 3468 5353; x_wconf 82' lang='lat' dir='ltr'><strong>appellationes</strong></span> <span class='ocrx_word' id='word_1_888' title='bbox 3512 5282 3786 5352; x_wconf 88' lang='lat' dir='ltr'><strong>imposuit,</strong></span> <span class='ocrx_word' id='word_1_889' title='bbox 3832 5284 3935 5341; x_wconf 82' lang='lat' dir='ltr'><strong>sed</strong></span> 
     </span>
    </p>
   </div>
   <div class='ocr_carea' id='block_1_114' title="bbox 2333 5370 3930 5454">
    <p class='ocr_par' dir='ltr' id='par_1_114' title="bbox 2333 5370 3930 5454">
     <span class='ocr_line' id='line_1_114' title="bbox 2333 5370 3930 5454; baseline 0.004 -29"><span class='ocrx_word' id='word_1_890' title='bbox 2333 5370 2521 5443; x_wconf 85' lang='lat' dir='ltr'><strong>majori</strong></span> <span class='ocrx_word' id='word_1_891' title='bbox 2548 5387 2669 5427; x_wconf 91' lang='lat' dir='ltr'><strong>cum</strong></span> <span class='ocrx_word' id='word_1_892' title='bbox 2684 5371 2890 5442; x_wconf 81' lang='lat' dir='ltr'><strong>judicio</strong></span> <span class='ocrx_word' id='word_1_893' title='bbox 2910 5388 2973 5429; x_wconf 90' lang='lat' dir='ltr'><strong>ac</strong></span> <span class='ocrx_word' id='word_1_894' title='bbox 2993 5374 3278 5454; x_wconf 82' lang='lat' dir='ltr'><strong>sapientia.</strong></span> <span class='ocrx_word' id='word_1_895' title='bbox 3301 5371 3576 5443; x_wconf 87' lang='lat' dir='ltr'><strong>Siquidem</strong></span> <span class='ocrx_word' id='word_1_896' title='bbox 3600 5372 3848 5430; x_wconf 88' lang='lat' dir='ltr'><strong>homines</strong></span> <span class='ocrx_word' id='word_1_897' title='bbox 3875 5376 3930 5432; x_wconf 88' lang='lat' dir='ltr'><strong>in</strong></span> 
     </span>
    </p>
   </div>
   <div class='ocr_carea' id='block_1_115' title="bbox 2333 5462 3933 5532">
    <p class='ocr_par' dir='ltr' id='par_1_115' title="bbox 2333 5462 3933 5532">
     <span class='ocr_line' id='line_1_115' title="bbox 2333 5462 3933 5532; baseline 0.003 -14"><span class='ocrx_word' id='word_1_898' title='bbox 2333 5462 2590 5519; x_wconf 88' lang='lat' dir='ltr'><strong>honorem</strong></span> <span class='ocrx_word' id='word_1_899' title='bbox 2619 5464 2990 5521; x_wconf 88' lang='lat' dir='ltr'><strong>defunctorum</strong></span> <span class='ocrx_word' id='word_1_900' title='bbox 3018 5506 3033 5532; x_wconf 96' lang='lat'><strong>,</strong></span> <span class='ocrx_word' id='word_1_901' title='bbox 3082 5465 3166 5519; x_wconf 88' lang='lat' dir='ltr'><strong>vel</strong></span> <span class='ocrx_word' id='word_1_902' title='bbox 3214 5464 3282 5519; x_wconf 86' lang='lat' dir='ltr'><strong>ad</strong></span> <span class='ocrx_word' id='word_1_903' title='bbox 3310 5474 3466 5521; x_wconf 85' lang='lat' dir='ltr'><strong>suam</strong></span> <span class='ocrx_word' id='word_1_904' title='bbox 3507 5463 3933 5522; x_wconf 86' lang='lat' dir='ltr'><strong>consolationem</strong></span> 
     </span>
    </p>
   </div>
   <div class='ocr_carea' id='block_1_116' title="bbox 623 5554 3935 5631">
    <p class='ocr_par' dir='ltr' id='par_1_116' title="bbox 623 5554 3935 5631">
     <span class='ocr_line' id='line_1_116' title="bbox 623 5554 3935 5631; baseline 0.002 -26"><span class='ocrx_word' id='word_1_905' title='bbox 623 5561 785 5624; x_wconf 90' lang='lat' dir='ltr'><strong>toque</strong></span> <span class='ocrx_word' id='word_1_906' title='bbox 814 5554 1170 5613; x_wconf 83' lang='lat' dir='ltr'><strong>modestiores</strong></span> <span class='ocrx_word' id='word_1_907' title='bbox 1203 5557 1421 5615; x_wconf 88' lang='lat' dir='ltr'><strong>allicere</strong></span> <span class='ocrx_word' id='word_1_908' title='bbox 1453 5575 1560 5615; x_wconf 91' lang='lat' dir='ltr'><strong>non</strong></span> <span class='ocrx_word' id='word_1_909' title='bbox 1593 5559 1959 5631; x_wconf 79' lang='lat' dir='ltr'><strong>potuerimus,</strong></span> <span class='ocrx_word' id='word_1_910' title='bbox 1991 5562 2116 5617; x_wconf 90' lang='lat' dir='ltr'><strong>dum</strong></span> <span class='ocrx_word' id='word_1_911' title='bbox 2153 5563 2219 5619; x_wconf 86' lang='lat' dir='ltr'><strong>ad</strong></span> <span class='ocrx_word' id='word_1_912' title='bbox 2328 5572 2701 5628; x_wconf 62' lang='lat' dir='ltr'><strong>saepenumero</strong></span> <span class='ocrx_word' id='word_1_913' title='bbox 2730 5558 3039 5613; x_wconf 87' lang='lat' dir='ltr'><strong>nominibus</strong></span> <span class='ocrx_word' id='word_1_914' title='bbox 3062 5568 3395 5613; x_wconf 88' lang='lat' dir='ltr'><strong>mortuorum</strong></span> <span class='ocrx_word' id='word_1_915' title='bbox 3426 5555 3565 5613; x_wconf 80' lang='lat' dir='ltr'><strong>filios</strong></span> <span class='ocrx_word' id='word_1_916' title='bbox 3591 5571 3719 5613; x_wconf 86' lang='lat' dir='ltr'><strong>suos</strong></span> <span class='ocrx_word' id='word_1_917' title='bbox 3743 5558 3935 5628; x_wconf 79' lang='lat' dir='ltr'><strong>appel-</strong></span> 
     </span>
    </p>
   </div>
   <div class='ocr_carea' id='block_1_117' title="bbox 621 5645 3936 5727">
    <p class='ocr_par' dir='ltr' id='par_1_117' title="bbox 621 5645 3936 5727">
     <span class='ocr_line' id='line_1_117' title="bbox 621 5645 3936 5727; baseline -0.002 -17"><span class='ocrx_word' id='word_1_918' title='bbox 621 5647 837 5717; x_wconf 65' lang='lat' dir='ltr'><strong>ttropria</strong></span> <span class='ocrx_word' id='word_1_919' title='bbox 865 5645 993 5705; x_wconf 79' lang='lat' dir='ltr'><strong>illos</strong></span> <span class='ocrx_word' id='word_1_920' title='bbox 1019 5648 1302 5705; x_wconf 68' lang='lat' dir='ltr'><strong>cor-mods</strong></span> <span class='ocrx_word' id='word_1_921' title='bbox 1327 5651 1651 5721; x_wconf 78' lang='lat' dir='ltr'><strong>capessenda</strong></span> <span class='ocrx_word' id='word_1_922' title='bbox 1681 5652 2064 5727; x_wconf 77' lang='lat' dir='ltr'><strong>cohortamur?</strong></span> <span class='ocrx_word' id='word_1_923' title='bbox 2093 5655 2218 5711; x_wconf 76' lang='lat' dir='ltr'><strong>llzrc</strong></span> <span class='ocrx_word' id='word_1_924' title='bbox 2262 5663 2265 5666; x_wconf 76' lang='lat'><strong><em>&#39;</em></strong></span> <span class='ocrx_word' id='word_1_925' title='bbox 2329 5650 2462 5717; x_wconf 87' lang='lat' dir='ltr'><strong>lant,</strong></span> <span class='ocrx_word' id='word_1_926' title='bbox 2503 5658 2865 5724; x_wconf 61' lang='lat' dir='ltr'><strong>wquepacto</strong></span> <span class='ocrx_word' id='word_1_927' title='bbox 2894 5664 2989 5720; x_wconf 90' lang='lat' dir='ltr'><strong>per</strong></span> <span class='ocrx_word' id='word_1_928' title='bbox 3026 5648 3438 5721; x_wconf 82' lang='lat' dir='ltr'><strong>appellationem</strong></span> <span class='ocrx_word' id='word_1_929' title='bbox 3467 5647 3759 5705; x_wconf 88' lang='lat' dir='ltr'><strong>liberorum</strong></span> <span class='ocrx_word' id='word_1_930' title='bbox 3787 5648 3936 5705; x_wconf 79' lang='lat' dir='ltr'><strong>sola-</strong></span> 
     </span>
    </p>
   </div>
   <div class='ocr_carea' id='block_1_118' title="bbox 618 5736 2211 5814">
    <p class='ocr_par' dir='ltr' id='par_1_118' title="bbox 618 5736 2211 5814">
     <span class='ocr_line' id='line_1_118' title="bbox 618 5736 2211 5814; baseline 0.01 -25"><span class='ocrx_word' id='word_1_931' title='bbox 618 5747 693 5789; x_wconf 65' lang='lat' dir='ltr'><strong>sa‘.</strong></span> <span class='ocrx_word' id='word_1_932' title='bbox 714 5757 757 5794; x_wconf 73' lang='lat' dir='ltr'><strong>lc</strong></span> <span class='ocrx_word' id='word_1_933' title='bbox 792 5737 925 5801; x_wconf 77' lang='lat' dir='ltr'><strong>dixi.</strong></span> <span class='ocrx_word' id='word_1_934' title='bbox 959 5753 1141 5801; x_wconf 80' lang='lat' dir='ltr'><strong>neque</strong></span> <span class='ocrx_word' id='word_1_935' title='bbox 1158 5736 1339 5798; x_wconf 84' lang='lat' dir='ltr'><strong>dicere</strong></span> <span class='ocrx_word' id='word_1_936' title='bbox 1364 5744 1608 5814; x_wconf 84' lang='lat' dir='ltr'><strong>cessabo,</strong></span> <span class='ocrx_word' id='word_1_937' title='bbox 1630 5744 1805 5803; x_wconf 85' lang='lat' dir='ltr'><strong>donec</strong></span> <span class='ocrx_word' id='word_1_938' title='bbox 1827 5760 1921 5803; x_wconf 80' lang='lat' dir='ltr'><strong>eos</strong></span> <span class='ocrx_word' id='word_1_939' title='bbox 1947 5761 2112 5804; x_wconf 83' lang='lat' dir='ltr'><strong>sanos</strong></span> <span class='ocrx_word' id='word_1_940' title='bbox 2132 5748 2211 5804; x_wconf 82' lang='lat' dir='ltr'><strong>vi-</strong></span> 
     </span>
    </p>
   </div>
   <div class='ocr_carea' id='block_1_119' title="bbox 2331 5739 3934 5813">
    <p class='ocr_par' dir='ltr' id='par_1_119' title="bbox 2331 5739 3934 5813">
     <span class='ocr_line' id='line_1_119' title="bbox 2331 5739 3934 5813; baseline -0.003 -10"><span class='ocrx_word' id='word_1_941' title='bbox 2331 5745 2465 5803; x_wconf 85' lang='lat' dir='ltr'><strong>tium</strong></span> <span class='ocrx_word' id='word_1_942' title='bbox 2491 5742 2590 5800; x_wconf 78' lang='lat' dir='ltr'><strong>sibi</strong></span> <span class='ocrx_word' id='word_1_943' title='bbox 2614 5742 2815 5799; x_wconf 86' lang='lat' dir='ltr'><strong>doloris</strong></span> <span class='ocrx_word' id='word_1_944' title='bbox 2846 5739 3165 5813; x_wconf 71' lang='lat' dir='ltr'><strong>excogitant,</strong></span> <span class='ocrx_word' id='word_1_945' title='bbox 3199 5756 3358 5813; x_wconf 87' lang='lat' dir='ltr'><strong>quem</strong></span> <span class='ocrx_word' id='word_1_946' title='bbox 3384 5755 3450 5798; x_wconf 74' lang='lat' dir='ltr'><strong>ex</strong></span> <span class='ocrx_word' id='word_1_947' title='bbox 3473 5739 3624 5797; x_wconf 83' lang='lat' dir='ltr'><strong>obitu</strong></span> <span class='ocrx_word' id='word_1_948' title='bbox 3646 5739 3934 5799; x_wconf 80' lang='lat' dir='ltr'><strong>defuncto-</strong></span> 
     </span>
    </p>
   </div>
  </div>
