4212 6290
328 430 431 492 ηε»

328 567 447 611 rum
471 546 839 615 conceperant
864 555 879 594 :
910 536 1055 594 Deus
1077 540 1259 589 autem
1288 520 1604 581 memoriam
1631 510 1843 615 virtutis
1872 520 1937 561 ac

327 603 625 703 doctrinam
648 603 932 706 tamquam
958 627 1014 685 in
1040 626 1183 682 area
1208 617 1458 677 columna
1493 613 1548 668 in
1577 603 1937 680 appellatione

326 743 637 795 sanctorum
664 724 931 787 recondit.
1747 788 1761 801 ο

400 824 546 884 Petri
571 836 754 880 nomen
774 815 902 890 quid
922 811 1174 883 designet.
1218 803 1604 893 Praccptorum
1622 799 1829 893 manna
1848 799 1939 839 oc-

320 918 581 977 nertntda.
606 943 680 957 -—-
708 910 930 971 Petrum
956 901 1174 976 quidem
1202 904 1349 954 certe
1374 907 1402 946 a
1432 890 1630 946 virtute
1669 890 1748 937 sic
1778 891 1943 977 vocas

324 1014 419 1079 ιὶι,
453 1018 510 1067 et
538 1009 592 1064 in
621 1004 739 1076 ejus
762 999 983 1059 nomine
1021 990 1292 1051 firmitatis
1326 983 1450 1040 lidei
1484 981 1863 1079 argumentum
1884 976 1940 1022 et
1984 1054 1991 1059 ⁸

326 1072 590 1160 iudicium
637 1072 959 1156 collocavit,
1002 1095 1063 1144 ut
1099 1077 1457 1155 appellatione
1498 1086 1633 1135 sua,
1681 1072 1939 1137 perpetua

326 1207 603 1267 tamquam
630 1188 885 1261 magistra
913 1179 1146 1254 quadam
1173 1167 1439 1245 ejusmodi
1467 1160 1776 1267 ﬁrmitatis,
1818 1161 1935 1267 uta:

327 1251 411 1345 tur
438 1251 657 1359 ('lfattlt.
688 1251 1209 1348 13.18).—.loannem
1250 1274 1467 1359 quoque
1502 1271 1566 1312 ac
1592 1251 1937 1359 ‘iacobumAa

328 1345 700 1448 magnitudine
728 1345 885 1427 vocis
904 1367 957 1421 in
983 1358 1267 1431 evangelio
1304 1345 1647 1448 praedicando
1675 1349 1935 1448 nota‘vo-

325 1435 488 1527 cavit.
532 1466 643 1524 Sed
683 1479 752 1519 ne
787 1460 977 1518 eadem
1006 1466 1194 1511 rursus
1233 1440 1587 1504 memorando
1632 1435 1938 1492 molestiam

325 1561 502 1633 pariat
520 1557 695 1614 oratio
720 1560 927 1617 nostra,
951 1547 1035 1603 his
1055 1541 1272 1601 omissis
1296 1535 1430 1594 illud
1450 1534 1650 1633 dicam,
1674 1529 1792 1633 ipsa
1812 1539 1939 1632 san-

324 1617 536 1711 ctorum
569 1649 788 1705 nomina
816 1640 1047 1701 seorsim
1071 1650 1286 1706 semper
1307 1627 1573 1702 religiosis
1602 1633 1657 1681 et
1684 1622 1785 1694 piis
1805 1617 1937 1675 viris

323 1743 677 1803 veneratione
714 1739 875 1809 digna
906 1748 1049 1799 esse,
1080 1745 1145 1787 ac
1174 1721 1547 1800 peccatoribus
1574 1712 1935 1809 formidanda.

323 1836 638 1896 Onesimum
667 1806 886 1903 quidem
925 1834 1096 1892 certe,
1126 1820 1216 1892 qui
1247 1817 1500 1889 fugitivus
1525 1821 1581 1869 et
1606 1811 1691 1865 fur
1714 1806 1941 1865 exstite-

324 1939 429 1997 rat,
450 1935 507 1984 et
535 1925 604 1981 de
632 1921 862 1994 pecunia
890 1915 1049 1974 herili
1078 1910 1353 1986 quidpiam
1382 1908 1781 1997 intervenerat,
1811 1911 1936 1953 cum

324 1991 651 2089 suscepisset
673 2012 890 2075 Paulus,
918 2020 1148 2079 eumque
1175 2004 1533 2063 immolasset,
1558 2004 1718 2065 atque
1733 1991 1818 2089 ita
1845 2002 1938 2089 sa-

324 2114 432 2170 cris
470 2081 745 2183 mysteriis
784 2102 1078 2167 initiasset;
1118 2112 1242 2153 cum
1277 2092 1532 2161 deinceps
1559 2100 1685 2183 eum
1714 2081 1937 2183 domino

323 2218 425 2261 suo
449 2173 758 2259 redditurus
792 2204 959 2262 esset,
989 2192 1107 2247 haec
1132 2187 1201 2244 ad
1230 2186 1379 2242 illum
1423 2178 1633 2250 scripsit
1668 2193 1683 2230 :
1714 2173 1939 2262 Propter

323 2294 465 2365 quod
490 2290 705 2347 ntultam
727 2287 977 2358 fiduciam
1002 2281 1193 2339 habens
1218 2280 1272 2333 in
1298 2274 1501 2333 Christo
1529 2264 1820 2365 imperandi
1845 2261 1936 2317 tibi

325 2357 463 2460 quod
488 2385 558 2440 ad
582 2400 689 2439 rem
723 2381 938 2454 pertinet
973 2383 1181 2449 propter
1209 2370 1494 2435 caritatem,
1517 2362 1681 2434 magis
1700 2357 1933 2460 obsecro,

326 2453 441 2534 cum
460 2477 559 2532 sim
579 2453 802 2539 talis,ut
826 2469 1026 2527 Paulus
1047 2480 1222 2531 senex,
1250 2477 1385 2516 nunc
1410 2466 1580 2513 autem
1602 2463 1648 2508 et
1665 2453 1860 2506 vinctus
1880 2453 1936 2501 its

325 2569 528 2625 Christo
550 2565 681 2623 Iesu
703 2561 880 2637 (Phil.
898 2578 948 2617 υ.
974 2559 1030 2617 8.
1054 2554 1135 2630 9).
1160 2554 1325 2610 Vides
1345 2550 1494 2607 illum
1514 2544 1785 2637 addidisse
1813 2539 1934 2624 tria,

326 2657 540 2714 vincula
567 2634 789 2726 propter
802 2651 1099 2716 Christum,
1118 2642 1585 2703 conversationem
1606 2634 1678 2691 ob
1697 2639 1931 2726 atatem,

327 2758 383 2807 et
406 2718 642 2805 nominis
664 2718 1063 2801 reverentiam?
1087 2736 1220 2793 Nam
1241 2748 1365 2790 cum
1392 2743 1533 2786 unus
1550 2734 1696 2782 esset
1724 2720 1816 2793 qui
1839 2718 1938 2774 ob-

329 2838 577 2897 secrabat
597 2878 615 2905 ,
647 2835 913 2905 triplicem
942 2845 1065 2887 eum
1094 2824 1390 2884 conabatur
1431 2818 1648 2876 eflicere
1667 2857 1683 2882 ,
1715 2812 1808 2885 qui

328 2903 607 2989 Onesimo-
628 2903 987 2998 supplicabat,
1019 2920 1290 2980 vinctum,
1322 2926 1532 2977 senem,
1562 2906 1812 2998 Paulum.
1848 2903 1937 2957 Vi-

327 3024 425 3080 des
452 3024 565 3093 ipsa
608 2997 837 3075 seorsim
867 3012 1085 3070 nomina
1117 3004 1421 3066 veneranda
1446 3016 1568 3060 esse
1594 2997 1842 3055 ﬁdelibus
1874 3008 1938 3049 ac

328 3112 619 3187 religiosa?
641 3111 699 3167 Si
727 3110 872 3165 enim
893 3105 1075 3163 dilecti
1104 3100 1254 3158 ﬁlioli
1277 3111 1476 3154 nomen
1500 3098 1810 3187 usurpatum
1830 3102 1941 3187 sae-

330 3223 399 3279 pe
424 3181 511 3263 vel
540 3204 765 3260 invitum
794 3205 1071 3271 parentem
1102 3193 1171 3249 ad
1198 3188 1587 3248 conferendum
1616 3181 1938 3279 beneﬁcium

333 3271 541 3357 inﬂexit
572 3297 644 3354 ob
669 3292 905 3351 nominis
928 3302 1171 3345 amorem
1190 3327 1206 3354 ,
1252 3283 1425 3340 multo
1453 3278 1625 3350 magis
1654 3277 1707 3333 in
1739 3271 1940 3329 sanctis

329 3396 383 3452 id
414 3394 616 3450 habere
642 3392 822 3447 locum
861 3386 1108 3445 decebat.
1140 3384 1309 3439 Porro
1345 3374 1700 3435 formidabilis
1727 3384 1942 3444 quoque

332 3484 703 3558 peccatoribus
730 3496 873 3548 esse,
904 3474 1361 3551 quemadmodum
1389 3470 1551 3543 pigris
1574 3464 1816 3558 puerulis
1843 3476 1942 3558 no:

209 3559 213 3569 5
332 3553 474 3635 initia
492 3575 895 3647 magistrorum,
925 3569 1052 3627 audi
1076 3582 1184 3639 quo
1202 3574 1359 3638 pacto
1380 3561 1577 3620 Paulus
1604 3556 1847 3615 scribens
1871 3553 1941 3609 ad

332 3670 551 3727 Galatas
576 3665 949 3724 subindicarit.
971 3661 1106 3719 Nam
1125 3659 1380 3732 quoniam
1402 3655 1470 3712 ad
1489 3653 1766 3711 Judaieam
1792 3648 1943 3707 infir-

333 3763 575 3818 mitatem
604 3759 971 3824 declinarent,
1000 3763 1057 3812 et
1077 3754 1149 3811 de
1174 3754 1288 3823 ipsa
1330 3750 1437 3806 (ide
1477 3745 1938 3821 periclitabantur,

334 3871 453 3911 cum
480 3854 601 3910 illos
621 3852 784 3908 vellet
806 3850 1015 3923 erigere
1038 3863 1104 3905 ac
1123 3847 1230 3903 illis
1252 3841 1595 3917 persuadere,
1620 3847 1679 3894 nt
1698 3838 1750 3893 in
1779 3851 1945 3893 evan-

334 3945 559 4017 gelicam
584 3943 888 4018 doctrinam
915 3940 1049 3997 nihil
1087 3938 1369 3995 iudaicum
1393 3932 1803 3992 introducerent
1823 3971 1836 3996 ,
1870 3928 1943 3984 ita

337 4033 549 4106 scripsit
580 4050 595 4088 :
629 4030 766 4089 Ecce
794 4049 888 4105 ego
931 4031 1132 4087 Paulus
1166 4029 1281 4083 dico
1323 4027 1483 4095 vobis,
1509 4026 1751 4096 quoniam
1774 4022 1820 4077 si
1844 4021 1945 4077 cir-

338 4125 721 4194 cumcidamini,
751 4123 984 4181 Christus
1019 4122 1159 4178 vobis
1187 4121 1315 4176 nihil
1342 4118 1574 4190 proderit
1598 4115 1740 4188 (Gal.
1769 4115 1825 4171 ὅ.
1859 4112 1943 4183 2).

341 4218 550 4286 Dixisti,
582 4217 698 4290 Ego
727 4231 747 4273 :
777 4231 875 4273 cur
898 4214 1151 4272 addidisti
1181 4211 1419 4269 nomen?
1448 4210 1585 4266 Num
1615 4207 1763 4265 enim
1790 4204 1944 4273 illud,

340 4309 473 4382 Ego,
495 4307 798 4365 sufficiebat
820 4306 889 4363 ad
911 4321 1035 4363 eum
1063 4302 1407 4361 indicandum
1429 4301 1521 4373 qui
1545 4299 1853 4357 scribebat?
1874 4296 1947 4353 Ut

340 4403 596 4459 nimirum
644 4400 823 4457 discas
875 4401 1050 4470 ipsum
1116 4395 1824 4453 nominis‘additamentum
1878 4388 1948 4445 ad

340 4491 765 4550 commovendos
790 4490 1096 4546 auditorum
1141 4489 1352 4545 animos
1376 4486 1678 4549 sull‘ecisse,
1704 4493 1948 4555 propter-

342 4600 402 4641 ea
426 4598 626 4641 nomen
650 4582 817 4649 addit,
848 4590 908 4638 ut
948 4582 1030 4638 eis
1058 4580 1375 4637 memoriam
1402 4578 1620 4635 refricct
1646 4583 1948 4647 praecepto-

341 4676 433 4732 ris.
473 4675 623 4731 Idem
664 4689 880 4747 quoque
908 4673 1063 4729 nobis
1092 4672 1283 4728 accidit
1314 4689 1330 4727 :
1362 4686 1487 4726 cum
1516 4669 1661 4726 enim
1692 4666 1847 4723 nobis
1891 4666 1947 4722 in

341 4768 657 4824 memoriam
685 4765 856 4823 sancti
893 4773 1235 4831 revocantur,
1268 4762 1483 4820 tametsi
1518 4760 1723 4817 desidia
1765 4769 1949 4829 torpe-

339 4861 579 4927 scimus,
634 4857 967 4924 excitamur;
1007 4857 1147 4911 ‘licet
1191 4863 1623 4915 contemnamus,
1658 4861 1948 4908 terremur.

342 4952 564 5009 Paulum
604 4950 819 5022 quidem
856 4958 1004 5006 certe
1036 4949 1339 5019 apostolum
1387 4963 1511 5002 cum
1542 4946 1723 5012 audio,
1767 4946 1951 5001 animo

342 5044 555 5100 intueor
590 5041 775 5111 illum,
820 5042 913 5114 qui
948 5041 1004 5097 in
1051 5040 1483 5097 tribulationibus
1524 5039 1861 5105 versabatur,
1895 5038 1949 5095 in

341 5136 624 5208 angustiis,
652 5135 707 5191 in
738 5134 930 5207 plagis,
961 5135 1014 5190 in
1042 5133 1367 5199 carceribus,
1398 5134 1490 5205 qui
1532 5134 1691 5189 unius
1716 5133 1823 5189 diei
1854 5149 1953 5190 no-

343 5228 551 5299 ctisque
575 5226 753 5298 spatio
778 5225 832 5281 in
866 5224 1134 5296 profundo
1161 5227 1325 5281 maris
1351 5224 1470 5293 fuit,
1492 5225 1583 5296 qui
1609 5225 1828 5281 tertium
1857 5241 1948 5281 ra-

346 5329 465 5388 ptus
491 5320 544 5373 in
585 5318 780 5374 caelum
805 5317 925 5385 fuit,
957 5318 1048 5389 qui
1078 5319 1130 5373 in
1163 5316 1413 5388 paradiso
1442 5317 1605 5375 verba
1634 5317 1841 5374 audivit
1864 5335 1953 5375 ar—

344 5425 513 5480 cana,
548 5425 647 5466 vas
682 5405 1226 5478 electionis,Cbristi
1272 5410 1736 5482 paranympbum,
1782 5412 1875 5483 qui
1920 5427 1952 5467 a

346 5501 561 5558 Christo
600 5503 885 5559 anathema
910 5517 1033 5560 esse
1073 5518 1170 5574 pro
1198 5502 1454 5559 fratribus
1497 5503 1722 5574 optavit.
1771 5503 1954 5574 Itaque

349 5605 619 5667 tamquam
646 5610 809 5651 aurea
838 5595 1082 5667 quadam
1112 5605 1299 5652 catena
1331 5605 1476 5652 recte
1504 5596 1767 5658 factorum
1795 5597 1951 5654 turba

347 5703 468 5744 cum
490 5688 724 5745 nominis
761 5690 1022 5745 memoria
1062 5705 1183 5746 sese
1222 5690 1417 5762 ingerit
1444 5689 1637 5761 iis,qui
1666 5690 1954 5762 diligenter

350 5782 671 5839 attenderint
699 5799 712 5836 :
745 5797 922 5854 neque
950 5783 1220 5840 mediocre
1249 5784 1374 5842 inde
1400 5786 1607 5842 lucrum
1620 5786 1952 5858 decerpitur.

422 5874 476 5930 ι.
517 5873 593 5932 De
626 5874 866 5945 dictione,
905 5875 1153 5946 Vocatus,
1186 5880 1329 5949 agit;
1371 5879 1701 5937 salutationes
1724 5881 1951 5955 pratmit-

908 419 977 479 IN
1016 414 1243 482 ILLUD,
1285 403 1564 470 PAULUS
1604 390 1943 457 \’OC.\TUS.

2048 382 2081 441 τ
2124 381 2214 439 DE
2254 380 2516 440 MUTAT.
2558 377 2895 438 NOlllNUM.
2940 376 3030 435 ιν.

3550 375 3652 435 too

2048 508 2225 555 tantur
2246 497 2495 571 epistolis.
2521 528 2596 539 -
2621 497 2995 555 Potuissemus
3039 496 3125 553 bis
3170 496 3332 553 etiam
3379 497 3533 569 plura
3582 499 3654 553 de

2045 592 2266 647 nomine
2287 590 2513 665 dicere:
2541 588 2635 645 sed
2666 599 2725 645 ut
2762 589 3057 647 secundam
3103 603 3321 660 quoque
3357 588 3653 645 dictionem

2042 683 2370 754 attingamus
2395 723 2414 753 ,
2463 681 2555 739 hic
2590 680 2737 738 linita
2780 680 2849 737 de
2894 680 3114 737 nomine
3158 681 3654 752 contemplatione,

2043 780 2301 852 deinceps
2324 777 2553 853 gradum
2578 780 2646 836 ad
2670 781 2812 836 illam
2845 780 3125 837 faciemus.
3152 780 3219 838 Ut
3246 782 3393 838 enim
3430 797 3654 847 nomen,

2044 870 2273 943 Paulus,
2304 874 2534 931 multum
2559 872 2717 929 nobis
2755 873 2893 929 lucri
2920 874 3277 944 comparavit,
3324 876 3397 930 ita
3428 883 3483 930 et
3524 875 3657 931 illud

2051 964 2293 1031 Vocatus,
2318 965 2737 1035 siconvenienti
2753 966 2934 1022 studio
2961 966 3193 1023 velimus
3214 966 3346 1022 illud
3364 967 3620 1036 indagare
3642 1008 3656 1033 ,

2043 1073 2153 1113 non
2200 1056 2395 1113 minori
2450 1056 2534 1113 vel
2584 1057 2746 1113 etiam
2793 1058 2983 1129 majori
3038 1073 3141 1114 nos
3194 1058 3660 1130 contemplatione

2043 1148 2355 1219 complebit.
2386 1149 2455 1204 Et
2472 1148 2930 1221 quemadmodum
2947 1148 2993 1206 si
3015 1150 3138 1221 quis
3167 1165 3233 1207 ex
3256 1150 3460 1217 mundo
3488 1164 3660 1205 aureo

2043 1243 2130 1299 vel
2156 1243 2307 1315 regio
2326 1242 2633 1301 diademate
2661 1243 2905 1314 lapillum
2940 1260 3105 1300 unum
3137 1244 3361 1312 eximat,
3388 1252 3445 1300 et
3461 1243 3658 1299 domos

2042 1335 2377 1405 splendidas,
2409 1344 2464 1390 et
2493 1351 2655 1406 agros
2675 1336 2853 1405 magni
2878 1336 3059 1407 pretii,
3089 1350 3154 1392 ac
3181 1336 3503 1393 famulorum
3531 1350 3659 1405 gre-

2040 1444 2137 1501 ges
2181 1428 2397 1500 aliaque
2436 1427 2605 1484 multo
2634 1428 2719 1483 bis
2764 1429 2970 1499 majora
3011 1442 3263 1484 coemere
3291 1427 3519 1497 poterit,
3564 1427 3658 1483 illa

2042 1522 2335 1591 margarita
2359 1520 2639 1578 divendita
2669 1538 2683 1576 :
2712 1521 2783 1577 ita
2814 1536 3027 1593 quoque
3050 1519 3144 1577 flet
3168 1520 3223 1575 in
3250 1520 3430 1576 verbis
3454 1518 3655 1577 sacris:

2042 1614 2089 1670 si
2117 1613 2275 1668 unius
2299 1612 2552 1670 dictionis
2573 1628 2795 1670 sensum
2821 1613 2956 1670 velis
2985 1613 3261 1681 evolvere,
3291 1612 3515 1667 multam
3546 1613 3659 1682 spi-

2042 1706 2250 1762 ritualis
2278 1706 2374 1762 tibi
2420 1716 2659 1777 quaestus
2697 1706 2979 1762 materiam
3034 1704 3329 1776 prmbebit;
3374 1718 3484 1759 non
3509 1702 3657 1774 quod

2042 1796 2235 1854 domos
2259 1804 2353 1853 aut
2378 1796 2645 1868 mancipia
2682 1798 2766 1853 vel
2799 1805 2954 1851 terra:
2976 1796 3166 1867 jugera
3214 1795 3307 1850 tibi
3354 1788 3660 1866 comparet,

2041 1889 2138 1947 sed
2158 1888 2305 1961 quod
2345 1890 2562 1960 pietatis
2609 1904 2673 1945 ac
2718 1886 3079 1960 pbilosOpbia:
3113 1882 3430 1943 occasiones
3468 1886 3661 1942 all'erat

2042 1996 2231 2040 eorum
2262 1982 2566 2050 animabus,
2588 1982 2679 2054 qui
2706 1982 2897 2038 attenti
2923 1998 2987 2038 ac
3012 1981 3184 2037 seduli
3220 1980 3441 2037 fuerint.
3478 1978 3657 2049 ipsum

2043 2075 2206 2147 igitur
2235 2073 2387 2141 illud,
2430 2072 2675 2141 Vocatus,
2698 2073 2983 2129 considera
3014 2072 3085 2128 ad
3114 2080 3371 2143 quantam
3399 2070 3659 2142 spiritua-

2042 2166 2173 2220 lium
2205 2179 2387 2220 rerum
2414 2162 2696 2221 historiam
2720 2178 2821 2219 nos
2844 2162 3100 2218 deducat.
3130 2162 3289 2218 Prius
3314 2171 3495 2241 autem
3525 2159 3658 2216 illud

2041 2254 2359 2314 discendum
2407 2264 2511 2324 est,
2556 2256 2687 2328 quid
2732 2256 2803 2312 sit
2854 2255 2985 2312 illud
3030 2256 3233 2326 ipsum,
3294 2252 3533 2322 Vocatus,
3592 2269 3659 2311 ac

2041 2349 2240 2406 deinde
2258 2348 2633 2419 scrutandum,
2657 2365 2819 2421 quam
2850 2348 3068 2406 tandem
3093 2348 3164 2405 ob
3214 2364 3433 2404 causam
3460 2346 3528 2402 ad
3557 2347 3663 2403 ευ.

2049 2443 2292 2502 rintbios
2323 2445 2507 2502 solum
2538 2454 2595 2502 et
2623 2444 2692 2501 ad
2724 2443 3012 2503 Romanos
3038 2443 3221 2517 (Rom.
3257 2446 3310 2500 l.
3340 2444 3413 2517 l),
3442 2461 3553 2500 non
3590 2443 3664 2499 ad

2052 2536 2230 2593 ullum
2248 2535 2623 2594 aliumliteras
2639 2537 2864 2593 mittens
2883 2535 2960 2592 ita
2978 2535 3497 2609 scripserit.Neque
3509 2538 3661 2592 enim

2043 2627 2165 2684 sine
2194 2640 2357 2683 causa
2388 2627 2472 2684 vel
2502 2636 2708 2684 temere
2750 2625 2805 2682 id
2856 2626 3004 2682 facit.
3033 2624 3167 2681 Nam
3199 2625 3245 2681 si
3290 2638 3393 2681 nos
3418 2621 3665 2696 epistolis

2043 2732 2151 2774 non
2182 2726 2389 2776 temere
2417 2717 2802 2788 inscriptiones
2824 2717 3175 2790 praaligimus,
3199 2714 3295 2773 sed
3339 2714 3388 2771 si
3423 2714 3492 2769 ad
3522 2713 3663 2770 infe.

2045 2810 2220 2867 riores
2264 2811 2451 2868 literas
2482 2811 2783 2879 mittamus,
2816 2809 2963 2865 Talis
3005 2808 3135 2876 tali,
3176 2808 3506 2873 scribimus;
3538 2822 3664 2862 cum

2043 2909 2226 2956 autem
2276 2902 2344 2957 ad
2374 2902 2635 2971 aequales,
2677 2902 2842 2958 etiam
2878 2899 3159 2957 dominum
3206 2899 3261 2955 in
3310 2897 3667 2968 inscriptione

2045 3006 2302 3048 vocamus
2332 3007 2480 3061 eum,
2505 2994 2594 3063 qui
2635 2994 2923 3063 epistolam
2964 2992 3189 3063 recipit;
3232 3007 3357 3048 cum
3397 3007 3529 3048 vero
3563 3005 3666 3047 no-

2046 3093 2215 3140 stram
2235 3083 2555 3153 dignitatem
2596 3084 2756 3154 longe
2783 3084 3089 3152 excedunt,
3132 3084 3237 3139 alia
3259 3098 3479 3155 quoque
3509 3083 3663 3155 plura

2045 3176 2331 3247 adjicimus
2360 3178 2601 3246 nomina,
2633 3192 2755 3248 qua:
2788 3177 3051 3248 majorem
3073 3178 3280 3233 cultum
3318 3186 3373 3233 ct
3399 3177 3665 3233 honorem

2048 3287 2160 3343 pra:
2186 3286 2246 3326 se
2278 3269 2473 3327 ferant.
2503 3269 2657 3338 Quod
2681 3271 2729 3326 si
2754 3285 2855 3327 nos
2881 3278 3083 3326 tantam
3109 3286 3295 3326 curam
3318 3270 3662 3337 adhibemus,

2048 3379 2224 3436 neque
2278 3363 2471 3420 eodem
2504 3363 2669 3420 modo
2717 3364 2787 3420 ad
2829 3379 3022 3422 omnes
3068 3363 3380 3431 scribimus,
3427 3363 3525 3420 sed
3566 3378 3667 3435 pro

2045 3457 2310 3513 varietate
2354 3470 2708 3526 personarum
2739 3471 2861 3527 qua:
2888 3455 3075 3512 literas
3123 3456 3426 3527 recipiunt,
3458 3470 3665 3512 conve-

2047 3552 2262 3607 nientes
2283 3549 2675 3621 appellationes
2696 3549 3075 3621 praemittimus
3095 3566 3109 3604 :
3145 3549 3313 3604 multo
3331 3549 3502 3620 magis
3522 3547 3667 3604 Pau-

2048 3646 2133 3702 lns
2161 3659 2271 3700 non
2317 3653 2545 3710 temere,
2575 3654 2668 3699 aut
2696 3645 2813 3700 sine
2831 3658 2995 3699 causa
3029 3642 3133 3700 hoc
3174 3641 3338 3698 modo
3356 3642 3427 3698 ad
3451 3641 3573 3710 hos,
3596 3640 3667 3699 ad

2047 3738 2170 3795 illos
2198 3737 2305 3794 alio
2342 3736 2506 3795 modo
2533 3736 2827 3804 scribebat,
2868 3734 2965 3791 sed
3015 3749 3138 3791 cum
3186 3734 3368 3805 aliqua
3396 3732 3667 3805 spirituali

2049 3828 2335 3901 sapientia.
2363 3818 2443 3885 Ac
2473 3828 2611 3884 nulli
2640 3826 2862 3899 quidem
2913 3826 3067 3883 alteri
3122 3826 3441 3882 mittentem-
3480 3824 3669 3881 literas

2048 3930 2287 3977 vocatum
2315 3936 2439 3977 eum
2472 3920 2525 3976 in
2558 3920 2784 3976 exordio
2804 3919 3049 3990 epistola:
3070 3919 3312 3989 seipsum
3333 3915 3661 3990 appellasse,

2048 4014 2296 4071 decursis
2322 4014 2453 4085 ipsis
2482 4014 2835 4085 epistolarum
2888 4013 3056 4068 initiis
3098 4011 3312 4067 discere
3353 4024 3665 4082 possumus.

2049 4105 2161 4162 Cur
2212 4114 2396 4162 autem
2426 4105 2481 4169 id
2531 4114 2737 4177 ageret,
2788 4104 2904 4176 jam
2959 4112 3207 4159 nostrum
3254 4109 3338 4158 est
3368 4101 3573 4168 dicere,
3620 4100 3668 4156 si

2049 4200 2200 4273 prius
2229 4198 2356 4269 quid
2384 4200 2475 4266 sit,
2516 4207 2726 4253 uocatus
2750 4240 2765 4265 ,
2792 4195 3353 4253 dcmonstraverimus
3375 4234 3393 4259 ,
3428 4191 3670 4264 quidque

2050 4306 2153 4347 nos
2182 4305 2278 4362 per
2303 4291 2442 4346 hanc
2468 4289 2760 4346 dictionem
2788 4288 2989 4343 docere
3018 4286 3217 4342 Paulus
3237 4284 3490 4353 voluerit.
3523 4281 3663 4351 Quid

2050 4398 2182 4454 ergo
2210 4382 2410 4439 docere
2454 4396 2556 4437 nos
2581 4380 2695 4436 vult
2733 4379 2957 4445 Paulus,
3002 4393 3127 4434 cum
3164 4376 3403 4447 seipsum
3431 4384 3671 4430 vocatum

2051 4474 2327 4546 appellat?
2355 4473 2427 4530 Se
2453 4473 2711 4529 nimirum
2743 4472 2979 4544 priorem
3000 4470 3071 4526 ad
3097 4469 3384 4525 Dominum
3438 4482 3547 4523 non
3581 4480 3674 4522 ac-

2052 4571 2323 4638 cessisse,
2385 4584 2574 4626 verum
2628 4577 2880 4625 vocatum
2929 4563 3287 4621 obedivisse:
3333 4577 3441 4618 non
3493 4562 3672 4633 ipsum

2052 4661 2373 4733 quiesivisse
2400 4670 2564 4731 atque
2594 4658 2892 4725 invenisse,
2922 4656 3020 4715 sed
3065 4671 3190 4713 cum
3228 4656 3560 4722 aberrasset,
3590 4654 3676 4708 in-

2053 4766 2274 4813 ventum
2291 4771 2413 4813 esse
2439 4774 2453 4811 :
2472 4770 2581 4811 non
2598 4755 2775 4825 ipsum
2800 4753 2868 4809 ad
2888 4753 3067 4808 lucem
3083 4750 3398 4822 respexisse
3415 4748 3672 4819 primum,

2054 4851 2153 4909 sed
2181 4851 2359 4908 lucem
2385 4848 2569 4905 radios
2589 4863 2721 4905 suos
2768 4848 2823 4904 in
2862 4847 2981 4919 ejus
3007 4845 3293 4917 palpebras
3321 4842 3590 4910 vibrasse,
3619 4849 3677 4897 et

2056 4944 2421 5002 exterioribus
2461 4942 2634 4999 oculis
2688 4942 2912 5009 orbato,
2962 4940 3249 4995 interiores
3310 4935 3507 4993 deinde
3553 4948 3678 4993 esse

2058 5047 2355 5095 reseratos.
2387 5036 2523 5091 Cum
2556 5036 2718 5106 igitur
2756 5034 2957 5090 docere
2997 5047 3100 5088 nos
3142 5031 3340 5099 vellet,
3372 5044 3433 5086 se
3466 5029 3677 5085 nullum

2058 5148 2126 5188 ex
2156 5132 2272 5189 suis
2299 5140 2446 5187 recte
2497 5128 2657 5185 lactis
2696 5127 2950 5183 omnibus
3004 5125 3218 5197 sibitpsi
3270 5125 3529 5190 tribuere,
3579 5122 3674 5178 sed

2059 5227 2172 5282 Deo
2197 5225 2289 5298 qui
2312 5224 2544 5291 vocavit,
2576 5223 2815 5294 seipsum
2864 5228 3097 5275 vocatum
3134 5218 3391 5290 appellat.
3423 5217 3557 5273 Nam
3586 5215 3680 5287 qui

2058 5317 2223 5375 stadii
2248 5314 2381 5372 mihi
2402 5314 2551 5371 fores
2595 5314 2830 5385 aperuit,
2878 5311 3076 5383 inquit,
3105 5319 3162 5366 et
3209 5310 3543 5375 scammatis,
3588 5307 3680 5363 ille

2058 5423 2386 5467 coronarum
2409 5407 2573 5465 etiam
2612 5415 2698 5462 est
2723 5414 2912 5460 auctor
2936 5420 2949 5457 :
2978 5403 3071 5474 qui
3101 5399 3337 5472 praebuit
3380 5399 3595 5455 initium
3625 5406 3683 5454 et

2058 5506 2299 5563 radicem
2354 5499 2636 5575 plantavit,
2688 5498 2778 5555 bic
2823 5496 2958 5553 milii
2998 5496 3292 5565 fructuum,
3344 5493 3439 5566 qui
3481 5489 3682 5548 deinde

2059 5597 2435 5669 germinarunt
2464 5634 2482 5662 ,
2522 5590 2842 5649 occasiones
2881 5587 3265 5660 suppeditavit.
3332 5584 3679 5655 Quapropter

2059 5688 2187 5745 alibi
2214 5700 2432 5759 quoque
2460 5700 2652 5741 rursus
2678 5700 2803 5740 cum
2829 5682 3079 5749 dixisset,
3111 5679 3243 5735 Plus
3259 5678 3491 5733 omnibus
3524 5674 3671 5732 labo—

2060 5784 2192 5851 ravi,
2222 5781 2523 5854 subiunxit,
2541 5778 2664 5835 Non
2685 5795 2778 5851 ego
2802 5786 2994 5845 autem,
3020 5774 3111 5831 sed
3135 5774 3326 5847 gratia,
3346 5787 3459 5843 qua:
3476 5785 3673 5826 mecum

2058 5890 2132 5941 est
2161 5876 2386 5955 (l._Cor.
2429 5874 2665 5951 $.10).
2722 5873 2906 5945 itaque
2960 5886 3159 5929 nomen
3210 5868 3361 5940 illud,
3416 5865 3675 5935 Vocatus,
3792 5948 3803 5967 Γ
