  <div class='ocr_page' id='page_1' title='image "/cluster/home/n/w/nwhite01/storage/ocr_20150623/51/pst.000005712502/151.png"; bbox 0 0 4212 6290; ppageno 0'>
   <div class='ocr_carea' id='block_1_1' title="bbox 554 344 657 401">
    <p class='ocr_par' dir='ltr' id='par_1_1' title="bbox 554 344 657 401">
     <span class='ocr_line' id='line_1_1' title="bbox 554 344 657 401; baseline 0.019 -2"><span class='ocrx_word' id='word_1_1' title='bbox 554 344 657 401; x_wconf 66' lang='lat' dir='ltr'><strong>lli</strong></span> 
     </span>
    </p>
   </div>
   <div class='ocr_carea' id='block_1_2' title="bbox 558 454 2150 524">
    <p class='ocr_par' dir='ltr' id='par_1_2' title="bbox 558 454 2150 524">
     <span class='ocr_line' id='line_1_2' title="bbox 558 454 2150 524; baseline -0.001 -14"><span class='ocrx_word' id='word_1_2' title='bbox 558 456 705 514; x_wconf 69' lang='lat' dir='ltr'><strong>aliud</strong></span> <span class='ocrx_word' id='word_1_3' title='bbox 737 457 870 514; x_wconf 87' lang='lat' dir='ltr'><strong>nihil</strong></span> <span class='ocrx_word' id='word_1_4' title='bbox 899 457 1121 524; x_wconf 85' lang='lat' dir='ltr'><strong>indicat,</strong></span> <span class='ocrx_word' id='word_1_5' title='bbox 1152 456 1257 512; x_wconf 86' lang='lat' dir='ltr'><strong>nisi</strong></span> <span class='ocrx_word' id='word_1_6' title='bbox 1301 456 1526 512; x_wconf 83' lang='lat' dir='ltr'><strong>Paulum</strong></span> <span class='ocrx_word' id='word_1_7' title='bbox 1571 454 1704 512; x_wconf 82' lang='lat' dir='ltr'><strong>nihil</strong></span> <span class='ocrx_word' id='word_1_8' title='bbox 1732 469 1801 511; x_wconf 76' lang='lat' dir='ltr'><strong>ex</strong></span> <span class='ocrx_word' id='word_1_9' title='bbox 1845 456 1959 512; x_wconf 88' lang='lat' dir='ltr'><strong>suis</strong></span> <span class='ocrx_word' id='word_1_10' title='bbox 2002 460 2150 511; x_wconf 88' lang='lat' dir='ltr'><strong>recte</strong></span> 
     </span>
    </p>
   </div>
   <div class='ocr_carea' id='block_1_3' title="bbox 556 544 2150 619">
    <p class='ocr_par' dir='ltr' id='par_1_3' title="bbox 556 544 2150 619">
     <span class='ocr_line' id='line_1_3' title="bbox 556 544 2150 619; baseline 0 -18"><span class='ocrx_word' id='word_1_11' title='bbox 556 544 711 605; x_wconf 72' lang='lat' dir='ltr'><strong>factis</strong></span> <span class='ocrx_word' id='word_1_12' title='bbox 734 547 836 605; x_wconf 89' lang='lat' dir='ltr'><strong>sibi</strong></span> <span class='ocrx_word' id='word_1_13' title='bbox 856 546 1128 619; x_wconf 84' lang='lat' dir='ltr'><strong>proprium</strong></span> <span class='ocrx_word' id='word_1_14' title='bbox 1157 546 1429 615; x_wconf 87' lang='lat' dir='ltr'><strong>arbitrari,</strong></span> <span class='ocrx_word' id='word_1_15' title='bbox 1460 546 1556 603; x_wconf 89' lang='lat' dir='ltr'><strong>sed</strong></span> <span class='ocrx_word' id='word_1_16' title='bbox 1579 546 1758 603; x_wconf 82' lang='lat' dir='ltr'><strong>omnia</strong></span> <span class='ocrx_word' id='word_1_17' title='bbox 1779 546 2009 602; x_wconf 88' lang='lat' dir='ltr'><strong>Domino</strong></span> <span class='ocrx_word' id='word_1_18' title='bbox 2039 545 2150 601; x_wconf 86' lang='lat' dir='ltr'><strong>Deo</strong></span> 
     </span>
    </p>
   </div>
   <div class='ocr_carea' id='block_1_4' title="bbox 558 635 2150 709">
    <p class='ocr_par' dir='ltr' id='par_1_4' title="bbox 558 635 2150 709">
     <span class='ocr_line' id='line_1_4' title="bbox 558 635 2150 709; baseline -0.001 -14"><span class='ocrx_word' id='word_1_19' title='bbox 558 637 819 695; x_wconf 84' lang='lat' dir='ltr'><strong>tribuere.</strong></span> <span class='ocrx_word' id='word_1_20' title='bbox 846 635 998 703; x_wconf 84' lang='lat' dir='ltr'><strong>Quod</strong></span> <span class='ocrx_word' id='word_1_21' title='bbox 1027 636 1215 709; x_wconf 81' lang='lat' dir='ltr'><strong>utique</strong></span> <span class='ocrx_word' id='word_1_22' title='bbox 1243 636 1486 695; x_wconf 73' lang='lat' dir='ltr'><strong>Christus</strong></span> <span class='ocrx_word' id='word_1_23' title='bbox 1514 637 1811 709; x_wconf 84' lang='lat' dir='ltr'><strong>discipulos</strong></span> <span class='ocrx_word' id='word_1_24' title='bbox 1832 652 1961 694; x_wconf 90' lang='lat' dir='ltr'><strong>suos</strong></span> <span class='ocrx_word' id='word_1_25' title='bbox 1989 637 2150 694; x_wconf 83' lang='lat' dir='ltr'><strong>doce-</strong></span> 
     </span>
    </p>
   </div>
   <div class='ocr_carea' id='block_1_5' title="bbox 558 726 2149 801">
    <p class='ocr_par' dir='ltr' id='par_1_5' title="bbox 558 726 2149 801">
     <span class='ocr_line' id='line_1_5' title="bbox 558 726 2149 801; baseline 0 -20"><span class='ocrx_word' id='word_1_26' title='bbox 558 726 649 782; x_wconf 81' lang='lat' dir='ltr'><strong>bet</strong></span> <span class='ocrx_word' id='word_1_27' title='bbox 672 726 875 791; x_wconf 89' lang='lat' dir='ltr'><strong>dicens,</strong></span> <span class='ocrx_word' id='word_1_28' title='bbox 898 726 1018 783; x_wconf 84' lang='lat' dir='ltr'><strong>Non</strong></span> <span class='ocrx_word' id='word_1_29' title='bbox 1035 743 1121 783; x_wconf 76' lang='lat' dir='ltr'><strong>vos</strong></span> <span class='ocrx_word' id='word_1_30' title='bbox 1142 728 1467 800; x_wconf 77' lang='lat' dir='ltr'><strong>meelcgistis,</strong></span> <span class='ocrx_word' id='word_1_31' title='bbox 1495 729 1689 801; x_wconf 76' lang='lat' dir='ltr'><strong>sedch</strong></span> <span class='ocrx_word' id='word_1_32' title='bbox 1713 729 1839 799; x_wconf 83' lang='lat' dir='ltr'><strong>elegi</strong></span> <span class='ocrx_word' id='word_1_33' title='bbox 1863 745 1950 783; x_wconf 82' lang='lat' dir='ltr'><strong>uos</strong></span> <span class='ocrx_word' id='word_1_34' title='bbox 1966 727 2149 799; x_wconf 76' lang='lat' dir='ltr'><strong>(Joan.</strong></span> 
     </span>
    </p>
   </div>
   <div class='ocr_carea' id='block_1_6' title="bbox 557 817 2150 891">
    <p class='ocr_par' dir='ltr' id='par_1_6' title="bbox 557 817 2150 891">
     <span class='ocr_line' id='line_1_6' title="bbox 557 817 2150 891; baseline 0.001 -20"><span class='ocrx_word' id='word_1_35' title='bbox 557 817 646 872; x_wconf 79' lang='grc'><strong>15.</strong></span> <span class='ocrx_word' id='word_1_36' title='bbox 681 817 804 888; x_wconf 83' lang='grc'><strong>16);</strong></span> <span class='ocrx_word' id='word_1_37' title='bbox 834 828 996 888; x_wconf 89' lang='lat' dir='ltr'><strong>atque</strong></span> <span class='ocrx_word' id='word_1_38' title='bbox 1012 820 1288 890; x_wconf 74' lang='lat' dir='ltr'><strong>apostolus</strong></span> <span class='ocrx_word' id='word_1_39' title='bbox 1317 820 1455 875; x_wconf 92' lang='lat' dir='ltr'><strong>istud</strong></span> <span class='ocrx_word' id='word_1_40' title='bbox 1483 821 1654 891; x_wconf 90' lang='lat' dir='ltr'><strong>ipsum</strong></span> <span class='ocrx_word' id='word_1_41' title='bbox 1677 834 1863 875; x_wconf 84' lang='lat' dir='ltr'><strong>rursus</strong></span> <span class='ocrx_word' id='word_1_42' title='bbox 1888 820 1942 875; x_wconf 91' lang='lat' dir='ltr'><strong>in</strong></span> <span class='ocrx_word' id='word_1_43' title='bbox 1962 819 2150 876; x_wconf 86' lang='lat' dir='ltr'><strong>eadem</strong></span> 
     </span>
    </p>
   </div>
   <div class='ocr_carea' id='block_1_7' title="bbox 558 906 2152 982">
    <p class='ocr_par' dir='ltr' id='par_1_7' title="bbox 558 906 2152 982">
     <span class='ocr_line' id='line_1_7' title="bbox 558 906 2152 982; baseline 0.001 -21"><span class='ocrx_word' id='word_1_44' title='bbox 558 906 737 963; x_wconf 82' lang='lat' dir='ltr'><strong>innuit</strong></span> <span class='ocrx_word' id='word_1_45' title='bbox 778 908 1024 979; x_wconf 79' lang='lat' dir='ltr'><strong>epistola,</strong></span> <span class='ocrx_word' id='word_1_46' title='bbox 1076 926 1196 965; x_wconf 87' lang='lat' dir='ltr'><strong>cum</strong></span> <span class='ocrx_word' id='word_1_47' title='bbox 1227 909 1519 965; x_wconf 75' lang='lat' dir='ltr'><strong>ait:Tune</strong></span> <span class='ocrx_word' id='word_1_48' title='bbox 1572 926 1893 982; x_wconf 78' lang='lat' dir='ltr'><strong>cognoscam,</strong></span> <span class='ocrx_word' id='word_1_49' title='bbox 1950 909 2079 964; x_wconf 88' lang='lat' dir='ltr'><strong>sicut</strong></span> <span class='ocrx_word' id='word_1_50' title='bbox 2105 916 2152 964; x_wconf 87' lang='lat' dir='ltr'><strong>et</strong></span> 
     </span>
    </p>
   </div>
   <div class='ocr_carea' id='block_1_8' title="bbox 557 1000 2151 1074">
    <p class='ocr_par' dir='ltr' id='par_1_8' title="bbox 557 1000 2151 1074">
     <span class='ocr_line' id='line_1_8' title="bbox 557 1000 2151 1074; baseline 0.003 -21"><span class='ocrx_word' id='word_1_51' title='bbox 557 1000 793 1071; x_wconf 77' lang='lat' dir='ltr'><strong>cognitus</strong></span> <span class='ocrx_word' id='word_1_52' title='bbox 818 1018 933 1055; x_wconf 74' lang='lat' dir='ltr'><strong>sum</strong></span> <span class='ocrx_word' id='word_1_53' title='bbox 956 1000 1034 1073; x_wconf 83' lang='grc'><strong>(1.</strong></span> <span class='ocrx_word' id='word_1_54' title='bbox 1054 1001 1174 1058; x_wconf 85' lang='lat' dir='ltr'><strong>Cor.</strong></span> <span class='ocrx_word' id='word_1_55' title='bbox 1198 1003 1285 1059; x_wconf 79' lang='lat' dir='ltr'><strong>i3.</strong></span> <span class='ocrx_word' id='word_1_56' title='bbox 1321 1003 1411 1074; x_wconf 72' lang='grc'><strong>12)</strong></span> <span class='ocrx_word' id='word_1_57' title='bbox 1434 1022 1448 1058; x_wconf 86' lang='lat'><strong>:</strong></span> <span class='ocrx_word' id='word_1_58' title='bbox 1482 1018 1623 1059; x_wconf 84' lang='lat' dir='ltr'><strong>nunc</strong></span> <span class='ocrx_word' id='word_1_59' title='bbox 1648 1004 1811 1070; x_wconf 84' lang='lat' dir='ltr'><strong>enim,</strong></span> <span class='ocrx_word' id='word_1_60' title='bbox 1832 1002 2022 1073; x_wconf 80' lang='lat' dir='ltr'><strong>inquit,</strong></span> <span class='ocrx_word' id='word_1_61' title='bbox 2043 1019 2151 1058; x_wconf 87' lang='lat' dir='ltr'><strong>non</strong></span> 
     </span>
    </p>
   </div>
   <div class='ocr_carea' id='block_1_9' title="bbox 560 1091 2149 1165">
    <p class='ocr_par' dir='ltr' id='par_1_9' title="bbox 560 1091 2149 1165">
     <span class='ocr_line' id='line_1_9' title="bbox 560 1091 2149 1165; baseline 0.003 -22"><span class='ocrx_word' id='word_1_62' title='bbox 560 1103 660 1162; x_wconf 78' lang='lat' dir='ltr'><strong>ego</strong></span> <span class='ocrx_word' id='word_1_63' title='bbox 689 1091 837 1161; x_wconf 88' lang='lat' dir='ltr'><strong>prior</strong></span> <span class='ocrx_word' id='word_1_64' title='bbox 854 1093 1102 1163; x_wconf 86' lang='lat' dir='ltr'><strong>cognovi,</strong></span> <span class='ocrx_word' id='word_1_65' title='bbox 1134 1093 1227 1149; x_wconf 88' lang='lat' dir='ltr'><strong>sed</strong></span> <span class='ocrx_word' id='word_1_66' title='bbox 1250 1094 1397 1164; x_wconf 90' lang='lat' dir='ltr'><strong>prior</strong></span> <span class='ocrx_word' id='word_1_67' title='bbox 1420 1110 1538 1149; x_wconf 84' lang='lat' dir='ltr'><strong>sum</strong></span> <span class='ocrx_word' id='word_1_68' title='bbox 1563 1096 1825 1165; x_wconf 84' lang='lat' dir='ltr'><strong>cognitus.</strong></span> <span class='ocrx_word' id='word_1_69' title='bbox 1857 1093 1990 1149; x_wconf 84' lang='lat' dir='ltr'><strong>Dum</strong></span> <span class='ocrx_word' id='word_1_70' title='bbox 2007 1093 2149 1148; x_wconf 88' lang='lat' dir='ltr'><strong>enim</strong></span> 
     </span>
    </p>
   </div>
   <div class='ocr_carea' id='block_1_10' title="bbox 559 1185 2153 1254">
    <p class='ocr_par' dir='ltr' id='par_1_10' title="bbox 559 1185 2153 1254">
     <span class='ocr_line' id='line_1_10' title="bbox 559 1185 2153 1254; baseline 0.003 -18"><span class='ocrx_word' id='word_1_71' title='bbox 559 1191 973 1253; x_wconf 84' lang='lat' dir='ltr'><strong>persequeretur</strong></span> <span class='ocrx_word' id='word_1_72' title='bbox 1014 1192 1071 1239; x_wconf 88' lang='lat' dir='ltr'><strong>et</strong></span> <span class='ocrx_word' id='word_1_73' title='bbox 1113 1185 1460 1254; x_wconf 76' lang='lat' dir='ltr'><strong>popularetur</strong></span> <span class='ocrx_word' id='word_1_74' title='bbox 1518 1187 1813 1243; x_wconf 73' lang='lat' dir='ltr'><strong>Ecclesium</strong></span> <span class='ocrx_word' id='word_1_75' title='bbox 1846 1229 1859 1254; x_wconf 90' lang='lat'><strong>,</strong></span> <span class='ocrx_word' id='word_1_76' title='bbox 1908 1186 2153 1242; x_wconf 83' lang='lat' dir='ltr'><strong>Christus</strong></span> 
     </span>
    </p>
   </div>
   <div class='ocr_carea' id='block_1_11' title="bbox 559 1272 2155 1348">
    <p class='ocr_par' dir='ltr' id='par_1_11' title="bbox 559 1272 2155 1348">
     <span class='ocr_line' id='line_1_11' title="bbox 559 1272 2155 1348; baseline 0.003 -21"><span class='ocrx_word' id='word_1_77' title='bbox 559 1285 684 1327; x_wconf 83' lang='lat' dir='ltr'><strong>eum</strong></span> <span class='ocrx_word' id='word_1_78' title='bbox 712 1273 921 1327; x_wconf 83' lang='lat' dir='ltr'><strong>vocavit</strong></span> <span class='ocrx_word' id='word_1_79' title='bbox 949 1273 1157 1341; x_wconf 89' lang='lat' dir='ltr'><strong>dicens,</strong></span> <span class='ocrx_word' id='word_1_80' title='bbox 1182 1272 1361 1343; x_wconf 79' lang='lat' dir='ltr'><strong>Saule,</strong></span> <span class='ocrx_word' id='word_1_81' title='bbox 1399 1275 1582 1345; x_wconf 84' lang='lat' dir='ltr'><strong>Saule,</strong></span> <span class='ocrx_word' id='word_1_82' title='bbox 1601 1278 1723 1347; x_wconf 83' lang='lat' dir='ltr'><strong>quid</strong></span> <span class='ocrx_word' id='word_1_83' title='bbox 1744 1295 1823 1332; x_wconf 74' lang='lat' dir='ltr'><strong>me</strong></span> <span class='ocrx_word' id='word_1_84' title='bbox 1842 1278 2155 1348; x_wconf 83' lang='lat' dir='ltr'><strong>persequeris</strong></span> 
     </span>
    </p>
   </div>
   <div class='ocr_carea' id='block_1_12' title="bbox 558 1361 2151 1440">
    <p class='ocr_par' dir='ltr' id='par_1_12' title="bbox 558 1361 2151 1440">
     <span class='ocr_line' id='line_1_12' title="bbox 558 1361 2151 1440; baseline 0.005 -25"><span class='ocrx_word' id='word_1_85' title='bbox 558 1361 697 1431; x_wconf 81' lang='lat' dir='ltr'><strong>(Act.</strong></span> <span class='ocrx_word' id='word_1_86' title='bbox 738 1361 794 1418; x_wconf 85' lang='lat'><strong>9.</strong></span> <span class='ocrx_word' id='word_1_87' title='bbox 846 1361 944 1435; x_wconf 66' lang='grc' dir='ltr'>ψ</span> <span class='ocrx_word' id='word_1_88' title='bbox 996 1373 1284 1436; x_wconf 77' lang='lat' dir='ltr'><strong>propterea</strong></span> <span class='ocrx_word' id='word_1_89' title='bbox 1338 1377 1571 1421; x_wconf 75' lang='lat' dir='ltr'><strong>vocatum</strong></span> <span class='ocrx_word' id='word_1_90' title='bbox 1617 1369 1851 1439; x_wconf 90' lang='lat' dir='ltr'><strong>seipsum</strong></span> <span class='ocrx_word' id='word_1_91' title='bbox 1896 1369 2151 1440; x_wconf 82' lang='lat' dir='ltr'><strong>appellat.</strong></span> 
     </span>
    </p>
   </div>
   <div class='ocr_carea' id='block_1_13' title="bbox 556 1449 2153 1519">
    <p class='ocr_par' dir='ltr' id='par_1_13' title="bbox 556 1449 2153 1519">
     <span class='ocr_line' id='line_1_13' title="bbox 556 1449 2153 1519; baseline 0.004 -13"><span class='ocrx_word' id='word_1_92' title='bbox 556 1449 731 1519; x_wconf 83' lang='lat' dir='ltr'><strong>Quam</strong></span> <span class='ocrx_word' id='word_1_93' title='bbox 756 1452 826 1507; x_wconf 91' lang='lat' dir='ltr'><strong>ob</strong></span> <span class='ocrx_word' id='word_1_94' title='bbox 849 1467 1065 1509; x_wconf 81' lang='lat' dir='ltr'><strong>causam</strong></span> <span class='ocrx_word' id='word_1_95' title='bbox 1096 1454 1164 1510; x_wconf 86' lang='lat' dir='ltr'><strong>ad</strong></span> <span class='ocrx_word' id='word_1_96' title='bbox 1192 1453 1500 1512; x_wconf 83' lang='lat' dir='ltr'><strong>Corinthios</strong></span> <span class='ocrx_word' id='word_1_97' title='bbox 1529 1457 1603 1511; x_wconf 87' lang='lat' dir='ltr'><strong>ita</strong></span> <span class='ocrx_word' id='word_1_98' title='bbox 1634 1458 1943 1514; x_wconf 74' lang='lat' dir='ltr'><strong>scribebat?</strong></span> <span class='ocrx_word' id='word_1_99' title='bbox 1962 1458 2153 1514; x_wconf 87' lang='lat' dir='ltr'><strong>Corin-</strong></span> 
     </span>
    </p>
   </div>
   <div class='ocr_carea' id='block_1_14' title="bbox 557 1539 2157 1620">
    <p class='ocr_par' dir='ltr' id='par_1_14' title="bbox 557 1539 2157 1620">
     <span class='ocr_line' id='line_1_14' title="bbox 557 1539 2157 1620; baseline 0.006 -24"><span class='ocrx_word' id='word_1_100' title='bbox 557 1539 685 1597; x_wconf 88' lang='lat' dir='ltr'><strong>thus</strong></span> <span class='ocrx_word' id='word_1_101' title='bbox 703 1542 819 1598; x_wconf 62' lang='lat' dir='ltr'><strong>haec</strong></span> <span class='ocrx_word' id='word_1_102' title='bbox 848 1542 1164 1614; x_wconf 76' lang='lat' dir='ltr'><strong>metropolis</strong></span> <span class='ocrx_word' id='word_1_103' title='bbox 1187 1554 1270 1602; x_wconf 87' lang='lat' dir='ltr'><strong>est</strong></span> <span class='ocrx_word' id='word_1_104' title='bbox 1298 1548 1536 1615; x_wconf 67' lang='lat' dir='ltr'><strong>Achaiae,</strong></span> <span class='ocrx_word' id='word_1_105' title='bbox 1569 1563 1632 1604; x_wconf 91' lang='lat' dir='ltr'><strong>ac</strong></span> <span class='ocrx_word' id='word_1_106' title='bbox 1659 1549 2024 1620; x_wconf 87' lang='lat' dir='ltr'><strong>spirituaiibus</strong></span> <span class='ocrx_word' id='word_1_107' title='bbox 2058 1550 2157 1606; x_wconf 92' lang='lat' dir='ltr'><strong>do-</strong></span> 
     </span>
    </p>
   </div>
   <div class='ocr_carea' id='block_1_15' title="bbox 558 1630 2156 1712">
    <p class='ocr_par' dir='ltr' id='par_1_15' title="bbox 558 1630 2156 1712">
     <span class='ocr_line' id='line_1_15' title="bbox 558 1630 2156 1712; baseline 0.005 -24"><span class='ocrx_word' id='word_1_108' title='bbox 558 1630 643 1688; x_wconf 82' lang='lat' dir='ltr'><strong>nis</strong></span> <span class='ocrx_word' id='word_1_109' title='bbox 668 1631 989 1700; x_wconf 83' lang='lat' dir='ltr'><strong>abundabat,</strong></span> <span class='ocrx_word' id='word_1_110' title='bbox 1021 1644 1075 1691; x_wconf 89' lang='lat' dir='ltr'><strong>et</strong></span> <span class='ocrx_word' id='word_1_111' title='bbox 1101 1636 1295 1693; x_wconf 85' lang='lat' dir='ltr'><strong>merito</strong></span> <span class='ocrx_word' id='word_1_112' title='bbox 1328 1653 1461 1695; x_wconf 83' lang='lat' dir='ltr'><strong>sane</strong></span> <span class='ocrx_word' id='word_1_113' title='bbox 1486 1656 1499 1693; x_wconf 89' lang='lat'>:</span> <span class='ocrx_word' id='word_1_114' title='bbox 1524 1640 1787 1710; x_wconf 82' lang='lat' dir='ltr'><strong>siquidem</strong></span> <span class='ocrx_word' id='word_1_115' title='bbox 1804 1641 1976 1712; x_wconf 83' lang='lat' dir='ltr'><strong>prima</strong></span> <span class='ocrx_word' id='word_1_116' title='bbox 2004 1641 2156 1698; x_wconf 81' lang='lat' dir='ltr'><strong>Pauli</strong></span> 
     </span>
    </p>
   </div>
   <div class='ocr_carea' id='block_1_16' title="bbox 559 1722 2155 1801">
    <p class='ocr_par' dir='ltr' id='par_1_16' title="bbox 559 1722 2155 1801">
     <span class='ocr_line' id='line_1_16' title="bbox 559 1722 2155 1801; baseline 0.007 -26"><span class='ocrx_word' id='word_1_117' title='bbox 559 1722 730 1793; x_wconf 74' lang='lat' dir='ltr'><strong>potita</strong></span> <span class='ocrx_word' id='word_1_118' title='bbox 776 1731 861 1778; x_wconf 87' lang='lat' dir='ltr'><strong>est</strong></span> <span class='ocrx_word' id='word_1_119' title='bbox 897 1722 1111 1795; x_wconf 81' lang='lat' dir='ltr'><strong>lingua;</strong></span> <span class='ocrx_word' id='word_1_120' title='bbox 1149 1734 1203 1781; x_wconf 88' lang='lat' dir='ltr'><strong>et</strong></span> <span class='ocrx_word' id='word_1_121' title='bbox 1248 1728 1698 1798; x_wconf 85' lang='lat' dir='ltr'><strong>quemadmodum</strong></span> <span class='ocrx_word' id='word_1_122' title='bbox 1746 1730 1870 1785; x_wconf 82' lang='lat' dir='ltr'><strong>vitis</strong></span> <span class='ocrx_word' id='word_1_123' title='bbox 1919 1746 2041 1801; x_wconf 70' lang='lat' dir='ltr'><strong>qua:</strong></span> <span class='ocrx_word' id='word_1_124' title='bbox 2087 1731 2155 1786; x_wconf 91' lang='lat' dir='ltr'><strong>ab</strong></span> 
     </span>
    </p>
   </div>
   <div class='ocr_carea' id='block_1_17' title="bbox 559 1810 2157 1889">
    <p class='ocr_par' dir='ltr' id='par_1_17' title="bbox 559 1810 2157 1889">
     <span class='ocr_line' id='line_1_17' title="bbox 559 1810 2157 1889; baseline 0.009 -25"><span class='ocrx_word' id='word_1_125' title='bbox 559 1811 767 1881; x_wconf 79' lang='lat' dir='ltr'><strong>optimo</strong></span> <span class='ocrx_word' id='word_1_126' title='bbox 790 1828 855 1868; x_wconf 85' lang='lat' dir='ltr'><strong>ac</strong></span> <span class='ocrx_word' id='word_1_127' title='bbox 878 1810 1120 1887; x_wconf 72' lang='lat' dir='ltr'><strong>diligenti</strong></span> <span class='ocrx_word' id='word_1_128' title='bbox 1149 1818 1381 1888; x_wconf 76' lang='lat' dir='ltr'><strong>agricola</strong></span> <span class='ocrx_word' id='word_1_129' title='bbox 1403 1820 1688 1889; x_wconf 80' lang='lat' dir='ltr'><strong>excolitur,</strong></span> <span class='ocrx_word' id='word_1_130' title='bbox 1716 1822 1897 1877; x_wconf 91' lang='lat' dir='ltr'><strong>multis</strong></span> <span class='ocrx_word' id='word_1_131' title='bbox 1922 1822 2157 1878; x_wconf 75' lang='lat' dir='ltr'><strong>luxuriat</strong></span> 
     </span>
    </p>
   </div>
   <div class='ocr_carea' id='block_1_18' title="bbox 558 1899 2155 1982">
    <p class='ocr_par' dir='ltr' id='par_1_18' title="bbox 558 1899 2155 1982">
     <span class='ocr_line' id='line_1_18' title="bbox 558 1899 2155 1982; baseline 0.008 -25"><span class='ocrx_word' id='word_1_132' title='bbox 558 1899 722 1968; x_wconf 70' lang='lat' dir='ltr'><strong>foliis,</strong></span> <span class='ocrx_word' id='word_1_133' title='bbox 757 1906 940 1961; x_wconf 88' lang='lat' dir='ltr'><strong>multis</strong></span> <span class='ocrx_word' id='word_1_134' title='bbox 961 1906 1223 1965; x_wconf 87' lang='lat' dir='ltr'><strong>fructibus</strong></span> <span class='ocrx_word' id='word_1_135' title='bbox 1249 1925 1462 1982; x_wconf 88' lang='lat' dir='ltr'><strong>semper</strong></span> <span class='ocrx_word' id='word_1_136' title='bbox 1485 1921 1742 1969; x_wconf 82' lang='lat' dir='ltr'><strong>oneratur</strong></span> <span class='ocrx_word' id='word_1_137' title='bbox 1773 1932 1788 1968; x_wconf 92' lang='lat'>:</span> <span class='ocrx_word' id='word_1_138' title='bbox 1815 1914 1885 1968; x_wconf 86' lang='lat' dir='ltr'><strong>ita</strong></span> <span class='ocrx_word' id='word_1_139' title='bbox 1904 1915 2155 1969; x_wconf 84' lang='lat' dir='ltr'><strong>nimirum</strong></span> 
     </span>
    </p>
   </div>
   <div class='ocr_carea' id='block_1_19' title="bbox 558 1993 2157 2075">
    <p class='ocr_par' dir='ltr' id='par_1_19' title="bbox 558 1993 2157 2075">
     <span class='ocr_line' id='line_1_19' title="bbox 558 1993 2157 2075; baseline 0.008 -26"><span class='ocrx_word' id='word_1_140' title='bbox 558 2001 616 2049; x_wconf 89' lang='lat' dir='ltr'><strong>et</strong></span> <span class='ocrx_word' id='word_1_141' title='bbox 644 1993 773 2049; x_wconf 87' lang='lat' dir='ltr'><strong>urbs</strong></span> <span class='ocrx_word' id='word_1_142' title='bbox 797 1996 883 2050; x_wconf 84' lang='lat' dir='ltr'><strong>illa</strong></span> <span class='ocrx_word' id='word_1_143' title='bbox 915 2012 1036 2053; x_wconf 92' lang='lat' dir='ltr'><strong>cum</strong></span> <span class='ocrx_word' id='word_1_144' title='bbox 1062 2007 1334 2071; x_wconf 83' lang='lat' dir='ltr'><strong>tamquam</strong></span> <span class='ocrx_word' id='word_1_145' title='bbox 1363 2005 1626 2073; x_wconf 90' lang='lat' dir='ltr'><strong>optimum</strong></span> <span class='ocrx_word' id='word_1_146' title='bbox 1669 2005 1960 2075; x_wconf 78' lang='lat' dir='ltr'><strong>agricolam</strong></span> <span class='ocrx_word' id='word_1_147' title='bbox 2008 2006 2157 2061; x_wconf 87' lang='lat' dir='ltr'><strong>Pauli</strong></span> 
     </span>
    </p>
   </div>
   <div class='ocr_carea' id='block_1_20' title="bbox 557 2082 2155 2166">
    <p class='ocr_par' dir='ltr' id='par_1_20' title="bbox 557 2082 2155 2166">
     <span class='ocr_line' id='line_1_20' title="bbox 557 2082 2155 2166; baseline 0.007 -28"><span class='ocrx_word' id='word_1_148' title='bbox 557 2082 861 2140; x_wconf 82' lang='lat' dir='ltr'><strong>doctrinam</strong></span> <span class='ocrx_word' id='word_1_149' title='bbox 916 2088 1087 2157; x_wconf 88' lang='lat' dir='ltr'><strong>prima</strong></span> <span class='ocrx_word' id='word_1_150' title='bbox 1145 2098 1292 2145; x_wconf 88' lang='lat' dir='ltr'><strong>esset</strong></span> <span class='ocrx_word' id='word_1_151' title='bbox 1336 2103 1577 2162; x_wconf 75' lang='lat' dir='ltr'><strong>experta,</strong></span> <span class='ocrx_word' id='word_1_152' title='bbox 1633 2094 1857 2166; x_wconf 86' lang='lat' dir='ltr'><strong>ejusque</strong></span> <span class='ocrx_word' id='word_1_153' title='bbox 1895 2097 2155 2165; x_wconf 83' lang='lat' dir='ltr'><strong>sapientia</strong></span> 
     </span>
    </p>
   </div>
   <div class='ocr_carea' id='block_1_21' title="bbox 559 2173 2154 2253">
    <p class='ocr_par' dir='ltr' id='par_1_21' title="bbox 559 2173 2154 2253">
     <span class='ocr_line' id='line_1_21' title="bbox 559 2173 2154 2253; baseline 0.007 -25"><span class='ocrx_word' id='word_1_154' title='bbox 559 2173 723 2245; x_wconf 81' lang='lat' dir='ltr'><strong>longo</strong></span> <span class='ocrx_word' id='word_1_155' title='bbox 750 2184 855 2231; x_wconf 90' lang='lat' dir='ltr'><strong>tem</strong></span> <span class='ocrx_word' id='word_1_156' title='bbox 866 2192 996 2247; x_wconf 81' lang='lat' dir='ltr'><strong>pore</strong></span> <span class='ocrx_word' id='word_1_157' title='bbox 1020 2194 1080 2235; x_wconf 87' lang='lat' dir='ltr'><strong>se</strong></span> <span class='ocrx_word' id='word_1_158' title='bbox 1108 2181 1452 2250; x_wconf 87' lang='lat' dir='ltr'><strong>oblectasset,</strong></span> <span class='ocrx_word' id='word_1_159' title='bbox 1477 2185 1631 2241; x_wconf 88' lang='lat' dir='ltr'><strong>bonis</strong></span> <span class='ocrx_word' id='word_1_160' title='bbox 1642 2186 1892 2242; x_wconf 88' lang='lat' dir='ltr'><strong>omnibus</strong></span> <span class='ocrx_word' id='word_1_161' title='bbox 1910 2186 2154 2253; x_wconf 84' lang='lat' dir='ltr'><strong>liorebat;</strong></span> 
     </span>
    </p>
   </div>
   <div class='ocr_carea' id='block_1_22' title="bbox 561 2271 2158 2344">
    <p class='ocr_par' dir='ltr' id='par_1_22' title="bbox 561 2271 2158 2344">
     <span class='ocr_line' id='line_1_22' title="bbox 561 2271 2158 2344; baseline 0.009 -24"><span class='ocrx_word' id='word_1_162' title='bbox 561 2280 737 2338; x_wconf 86' lang='lat' dir='ltr'><strong>neque</strong></span> <span class='ocrx_word' id='word_1_163' title='bbox 758 2282 886 2324; x_wconf 85' lang='lat' dir='ltr'><strong>vero</strong></span> <span class='ocrx_word' id='word_1_164' title='bbox 911 2271 1276 2340; x_wconf 87' lang='lat' dir='ltr'><strong>spiritualibus</strong></span> <span class='ocrx_word' id='word_1_165' title='bbox 1300 2282 1503 2330; x_wconf 88' lang='lat' dir='ltr'><strong>tantum</strong></span> <span class='ocrx_word' id='word_1_166' title='bbox 1530 2272 1688 2333; x_wconf 89' lang='lat' dir='ltr'><strong>donis</strong></span> <span class='ocrx_word' id='word_1_167' title='bbox 1717 2278 2036 2344; x_wconf 77' lang='lat' dir='ltr'><strong>abundabat,</strong></span> <span class='ocrx_word' id='word_1_168' title='bbox 2061 2277 2158 2334; x_wconf 88' lang='lat' dir='ltr'><strong>sed</strong></span> 
     </span>
    </p>
   </div>
   <div class='ocr_carea' id='block_1_23' title="bbox 560 2359 2153 2438">
    <p class='ocr_par' dir='ltr' id='par_1_23' title="bbox 560 2359 2153 2438">
     <span class='ocr_line' id='line_1_23' title="bbox 560 2359 2153 2438; baseline 0.01 -29"><span class='ocrx_word' id='word_1_169' title='bbox 560 2364 617 2411; x_wconf 89' lang='lat' dir='ltr'><strong>et</strong></span> <span class='ocrx_word' id='word_1_170' title='bbox 644 2359 928 2415; x_wconf 89' lang='lat' dir='ltr'><strong>commoda</strong></span> <span class='ocrx_word' id='word_1_171' title='bbox 956 2362 1232 2418; x_wconf 62' lang='lat' dir='ltr'><strong>saecularia</strong></span> <span class='ocrx_word' id='word_1_172' title='bbox 1254 2363 1329 2419; x_wconf 88' lang='lat' dir='ltr'><strong>illi</strong></span> <span class='ocrx_word' id='word_1_173' title='bbox 1361 2364 1562 2421; x_wconf 78' lang='lat' dir='ltr'><strong>aﬂ‘atim</strong></span> <span class='ocrx_word' id='word_1_174' title='bbox 1602 2368 1977 2438; x_wconf 83' lang='lat' dir='ltr'><strong>suppetebant.</strong></span> <span class='ocrx_word' id='word_1_175' title='bbox 2020 2370 2153 2425; x_wconf 81' lang='lat' dir='ltr'><strong>Nam</strong></span> 
     </span>
    </p>
   </div>
   <div class='ocr_carea' id='block_1_24' title="bbox 560 2447 2157 2530">
    <p class='ocr_par' dir='ltr' id='par_1_24' title="bbox 560 2447 2157 2530">
     <span class='ocr_line' id='line_1_24' title="bbox 560 2447 2157 2530; baseline 0.008 -30"><span class='ocrx_word' id='word_1_176' title='bbox 560 2454 617 2500; x_wconf 86' lang='lat' dir='ltr'><strong>et</strong></span> <span class='ocrx_word' id='word_1_177' title='bbox 646 2447 882 2516; x_wconf 73' lang='lat' dir='ltr'><strong>profana:</strong></span> <span class='ocrx_word' id='word_1_178' title='bbox 908 2450 1226 2508; x_wconf 81' lang='lat' dir='ltr'><strong>eruditionis</strong></span> <span class='ocrx_word' id='word_1_179' title='bbox 1249 2454 1531 2523; x_wconf 84' lang='lat' dir='ltr'><strong>sapientia,</strong></span> <span class='ocrx_word' id='word_1_180' title='bbox 1558 2465 1614 2511; x_wconf 91' lang='lat' dir='ltr'><strong>et</strong></span> <span class='ocrx_word' id='word_1_181' title='bbox 1632 2455 1857 2525; x_wconf 86' lang='lat' dir='ltr'><strong>divitiis,</strong></span> <span class='ocrx_word' id='word_1_182' title='bbox 1879 2468 1934 2513; x_wconf 90' lang='lat' dir='ltr'><strong>et</strong></span> <span class='ocrx_word' id='word_1_183' title='bbox 1961 2468 2157 2530; x_wconf 80' lang='lat' dir='ltr'><strong>puteu-</strong></span> 
     </span>
    </p>
   </div>
   <div class='ocr_carea' id='block_1_25' title="bbox 562 2537 2159 2617">
    <p class='ocr_par' dir='ltr' id='par_1_25' title="bbox 562 2537 2159 2617">
     <span class='ocr_line' id='line_1_25' title="bbox 562 2537 2159 2617; baseline 0.009 -27"><span class='ocrx_word' id='word_1_184' title='bbox 562 2537 634 2591; x_wconf 91' lang='lat' dir='ltr'><strong>tia</strong></span> <span class='ocrx_word' id='word_1_185' title='bbox 660 2538 875 2595; x_wconf 71' lang='lat' dir='ltr'><strong>cteteris</strong></span> <span class='ocrx_word' id='word_1_186' title='bbox 899 2538 1120 2597; x_wconf 89' lang='lat' dir='ltr'><strong>urbibus</strong></span> <span class='ocrx_word' id='word_1_187' title='bbox 1145 2545 1522 2602; x_wconf 82' lang='lat' dir='ltr'><strong>antecellebat.</strong></span> <span class='ocrx_word' id='word_1_188' title='bbox 1556 2548 1733 2617; x_wconf 82' lang='lat' dir='ltr'><strong>Atque</strong></span> <span class='ocrx_word' id='word_1_189' title='bbox 1777 2546 1862 2603; x_wconf 89' lang='lat' dir='ltr'><strong>his</strong></span> <span class='ocrx_word' id='word_1_190' title='bbox 1893 2550 1979 2603; x_wconf 88' lang='lat' dir='ltr'><strong>illa</strong></span> <span class='ocrx_word' id='word_1_191' title='bbox 2007 2549 2159 2605; x_wconf 82' lang='lat' dir='ltr'><strong>iulia-</strong></span> 
     </span>
    </p>
   </div>
   <div class='ocr_carea' id='block_1_26' title="bbox 562 2627 2155 2713">
    <p class='ocr_par' dir='ltr' id='par_1_26' title="bbox 562 2627 2155 2713">
     <span class='ocr_line' id='line_1_26' title="bbox 562 2627 2155 2713; baseline 0.01 -30"><span class='ocrx_word' id='word_1_192' title='bbox 562 2627 744 2696; x_wconf 86' lang='lat' dir='ltr'><strong>batur,</strong></span> <span class='ocrx_word' id='word_1_193' title='bbox 775 2640 827 2685; x_wconf 90' lang='lat' dir='ltr'><strong>et</strong></span> <span class='ocrx_word' id='word_1_194' title='bbox 856 2632 910 2686; x_wconf 90' lang='lat' dir='ltr'><strong>in</strong></span> <span class='ocrx_word' id='word_1_195' title='bbox 939 2633 1242 2704; x_wconf 81' lang='lat' dir='ltr'><strong>superbiam</strong></span> <span class='ocrx_word' id='word_1_196' title='bbox 1270 2637 1615 2706; x_wconf 65' lang='lat' dir='ltr'><strong>efferebatur,</strong></span> <span class='ocrx_word' id='word_1_197' title='bbox 1647 2648 1702 2696; x_wconf 90' lang='lat' dir='ltr'><strong>ct</strong></span> <span class='ocrx_word' id='word_1_198' title='bbox 1729 2656 1823 2711; x_wconf 91' lang='lat' dir='ltr'><strong>per</strong></span> <span class='ocrx_word' id='word_1_199' title='bbox 1852 2642 2155 2713; x_wconf 84' lang='lat' dir='ltr'><strong>superbiam</strong></span> 
     </span>
    </p>
   </div>
   <div class='ocr_carea' id='block_1_27' title="bbox 564 2720 1353 2793">
    <p class='ocr_par' dir='ltr' id='par_1_27' title="bbox 564 2720 1353 2793">
     <span class='ocr_line' id='line_1_27' title="bbox 564 2720 1353 2793; baseline 0.006 -17"><span class='ocrx_word' id='word_1_200' title='bbox 564 2720 622 2776; x_wconf 85' lang='lat' dir='ltr'><strong>in</strong></span> <span class='ocrx_word' id='word_1_201' title='bbox 648 2723 823 2779; x_wconf 87' lang='lat' dir='ltr'><strong>varias</strong></span> <span class='ocrx_word' id='word_1_202' title='bbox 848 2734 1025 2793; x_wconf 86' lang='lat' dir='ltr'><strong>partes</strong></span> <span class='ocrx_word' id='word_1_203' title='bbox 1051 2727 1221 2783; x_wconf 83' lang='lat' dir='ltr'><strong>divisa</strong></span> <span class='ocrx_word' id='word_1_204' title='bbox 1250 2739 1353 2784; x_wconf 90' lang='lat' dir='ltr'><strong>est.</strong></span> 
     </span>
    </p>
   </div>
   <div class='ocr_carea' id='block_1_28' title="bbox 637 2814 2158 2892">
    <p class='ocr_par' dir='ltr' id='par_1_28' title="bbox 637 2814 2158 2892">
     <span class='ocr_line' id='line_1_28' title="bbox 637 2814 2158 2892; baseline 0.011 -26"><span class='ocrx_word' id='word_1_205' title='bbox 637 2814 942 2887; x_wconf 79' lang='lat' dir='ltr'><strong>Arrogantia</strong></span> <span class='ocrx_word' id='word_1_206' title='bbox 971 2818 1105 2872; x_wconf 85' lang='lat' dir='ltr'><strong>mala</strong></span> <span class='ocrx_word' id='word_1_207' title='bbox 1121 2835 1142 2885; x_wconf 82' lang='lat'><strong>,°</strong></span> <span class='ocrx_word' id='word_1_208' title='bbox 1172 2817 1425 2874; x_wconf 88' lang='lat' dir='ltr'><strong>Corinthii</strong></span> <span class='ocrx_word' id='word_1_209' title='bbox 1452 2823 1607 2892; x_wconf 84' lang='lat' dir='ltr'><strong>primi</strong></span> <span class='ocrx_word' id='word_1_210' title='bbox 1631 2822 1790 2878; x_wconf 82' lang='lat' dir='ltr'><strong>Pauli</strong></span> <span class='ocrx_word' id='word_1_211' title='bbox 1816 2825 2046 2880; x_wconf 79' lang='lat' dir='ltr'><strong>doctrina</strong></span> <span class='ocrx_word' id='word_1_212' title='bbox 2069 2844 2158 2881; x_wconf 75' lang='lat' dir='ltr'><strong>ex-</strong></span> 
     </span>
    </p>
   </div>
   <div class='ocr_carea' id='block_1_29' title="bbox 568 2904 2158 2986">
    <p class='ocr_par' dir='ltr' id='par_1_29' title="bbox 568 2904 2158 2986">
     <span class='ocr_line' id='line_1_29' title="bbox 568 2904 2158 2986; baseline 0.011 -27"><span class='ocrx_word' id='word_1_213' title='bbox 568 2906 711 2960; x_wconf 83' lang='lat' dir='ltr'><strong>culti.</strong></span> <span class='ocrx_word' id='word_1_214' title='bbox 743 2904 975 2978; x_wconf 77' lang='lat' dir='ltr'><strong>Profana</strong></span> <span class='ocrx_word' id='word_1_215' title='bbox 997 2914 1245 2981; x_wconf 78' lang='lat' dir='ltr'><strong>sapiattia</strong></span> <span class='ocrx_word' id='word_1_216' title='bbox 1266 2931 1367 2967; x_wconf 86' lang='lat' dir='ltr'><strong>non</strong></span> <span class='ocrx_word' id='word_1_217' title='bbox 1394 2915 1588 2985; x_wconf 75' lang='lat' dir='ltr'><strong>con/ert</strong></span> <span class='ocrx_word' id='word_1_218' title='bbox 1606 2915 1676 2969; x_wconf 82' lang='lat' dir='ltr'><strong>ad</strong></span> <span class='ocrx_word' id='word_1_219' title='bbox 1698 2919 1957 2986; x_wconf 76' lang='lat' dir='ltr'><strong>pietatem.</strong></span> <span class='ocrx_word' id='word_1_220' title='bbox 1980 2951 2053 2962; x_wconf 93' lang='lat'><strong><em>—</em></strong></span> <span class='ocrx_word' id='word_1_221' title='bbox 2080 2921 2158 2977; x_wconf 89' lang='lat' dir='ltr'><strong>Ea</strong></span> 
     </span>
    </p>
   </div>
   <div class='ocr_carea' id='block_1_30' title="bbox 565 2994 2159 3074">
    <p class='ocr_par' dir='ltr' id='par_1_30' title="bbox 565 2994 2159 3074">
     <span class='ocr_line' id='line_1_30' title="bbox 565 2994 2159 3074; baseline 0.014 -27"><span class='ocrx_word' id='word_1_222' title='bbox 565 2994 767 3066; x_wconf 85' lang='lat' dir='ltr'><strong>quippe</strong></span> <span class='ocrx_word' id='word_1_223' title='bbox 814 3008 1003 3054; x_wconf 88' lang='lat' dir='ltr'><strong>natura</strong></span> <span class='ocrx_word' id='word_1_224' title='bbox 1062 3008 1149 3056; x_wconf 88' lang='lat' dir='ltr'><strong>est</strong></span> <span class='ocrx_word' id='word_1_225' title='bbox 1206 3005 1528 3074; x_wconf 72' lang='lat' dir='ltr'><strong>arrogantia:</strong></span> <span class='ocrx_word' id='word_1_226' title='bbox 1588 3024 1601 3059; x_wconf 92' lang='lat'><strong>:</strong></span> <span class='ocrx_word' id='word_1_227' title='bbox 1656 3010 1896 3067; x_wconf 86' lang='lat' dir='ltr'><strong>caritatis</strong></span> <span class='ocrx_word' id='word_1_228' title='bbox 1945 3013 2159 3070; x_wconf 86' lang='lat' dir='ltr'><strong>vincula</strong></span> 
     </span>
    </p>
   </div>
   <div class='ocr_carea' id='block_1_31' title="bbox 563 3084 2160 3164">
    <p class='ocr_par' dir='ltr' id='par_1_31' title="bbox 563 3084 2160 3164">
     <span class='ocr_line' id='line_1_31' title="bbox 563 3084 2160 3164; baseline 0.014 -25"><span class='ocrx_word' id='word_1_229' title='bbox 563 3084 851 3157; x_wconf 82' lang='lat' dir='ltr'><strong>disrumpit</strong></span> <span class='ocrx_word' id='word_1_230' title='bbox 885 3100 940 3144; x_wconf 89' lang='lat' dir='ltr'><strong>et</strong></span> <span class='ocrx_word' id='word_1_231' title='bbox 979 3094 1280 3160; x_wconf 83' lang='lat' dir='ltr'><strong>proximum</strong></span> <span class='ocrx_word' id='word_1_232' title='bbox 1329 3097 1533 3164; x_wconf 77' lang='lat' dir='ltr'><strong>avellit,</strong></span> <span class='ocrx_word' id='word_1_233' title='bbox 1564 3107 1619 3153; x_wconf 91' lang='lat' dir='ltr'><strong>et</strong></span> <span class='ocrx_word' id='word_1_234' title='bbox 1644 3098 1808 3155; x_wconf 80' lang='lat' dir='ltr'><strong>efﬁcit</strong></span> <span class='ocrx_word' id='word_1_235' title='bbox 1837 3113 1896 3157; x_wconf 91' lang='lat' dir='ltr'><strong>ut</strong></span> <span class='ocrx_word' id='word_1_236' title='bbox 1932 3106 2160 3160; x_wconf 85' lang='lat' dir='ltr'><strong>seorsim</strong></span> 
     </span>
    </p>
   </div>
   <div class='ocr_carea' id='block_1_32' title="bbox 563 3177 2163 3262">
    <p class='ocr_par' dir='ltr' id='par_1_32' title="bbox 563 3177 2163 3262">
     <span class='ocr_line' id='line_1_32' title="bbox 563 3177 2163 3262; baseline 0.016 -31"><span class='ocrx_word' id='word_1_237' title='bbox 563 3177 705 3249; x_wconf 84' lang='lat' dir='ltr'><strong>apud</strong></span> <span class='ocrx_word' id='word_1_238' title='bbox 724 3195 781 3234; x_wconf 89' lang='lat' dir='ltr'><strong>se</strong></span> <span class='ocrx_word' id='word_1_239' title='bbox 806 3180 963 3252; x_wconf 80' lang='lat' dir='ltr'><strong>degat</strong></span> <span class='ocrx_word' id='word_1_240' title='bbox 994 3183 1059 3249; x_wconf 73' lang='lat' dir='ltr'><strong>is,</strong></span> <span class='ocrx_word' id='word_1_241' title='bbox 1091 3186 1180 3254; x_wconf 91' lang='lat' dir='ltr'><strong>qui</strong></span> <span class='ocrx_word' id='word_1_242' title='bbox 1206 3187 1273 3240; x_wconf 89' lang='lat' dir='ltr'><strong>ab</strong></span> <span class='ocrx_word' id='word_1_243' title='bbox 1300 3187 1386 3242; x_wconf 80' lang='lat' dir='ltr'><strong>illa</strong></span> <span class='ocrx_word' id='word_1_244' title='bbox 1402 3200 1679 3262; x_wconf 87' lang='lat' dir='ltr'><strong>correptus</strong></span> <span class='ocrx_word' id='word_1_245' title='bbox 1718 3193 1899 3251; x_wconf 89' lang='lat' dir='ltr'><strong>fuerit.</strong></span> <span class='ocrx_word' id='word_1_246' title='bbox 1930 3197 1992 3253; x_wconf 90' lang='lat' dir='ltr'><strong>Et</strong></span> <span class='ocrx_word' id='word_1_247' title='bbox 2024 3200 2163 3257; x_wconf 87' lang='lat' dir='ltr'><strong>sicut</strong></span> 
     </span>
    </p>
   </div>
   <div class='ocr_carea' id='block_1_33' title="bbox 568 3270 2162 3349">
    <p class='ocr_par' dir='ltr' id='par_1_33' title="bbox 568 3270 2162 3349">
     <span class='ocr_line' id='line_1_33' title="bbox 568 3270 2162 3349; baseline 0.016 -26"><span class='ocrx_word' id='word_1_248' title='bbox 568 3270 769 3341; x_wconf 82' lang='lat' dir='ltr'><strong>paries,</strong></span> <span class='ocrx_word' id='word_1_249' title='bbox 796 3275 886 3344; x_wconf 89' lang='lat' dir='ltr'><strong>qui</strong></span> <span class='ocrx_word' id='word_1_250' title='bbox 920 3276 1249 3346; x_wconf 87' lang='lat' dir='ltr'><strong>intumttcrit,</strong></span> <span class='ocrx_word' id='word_1_251' title='bbox 1282 3281 1563 3339; x_wconf 69' lang='lat' dir='ltr'><strong>mdilicium</strong></span> <span class='ocrx_word' id='word_1_252' title='bbox 1582 3284 1808 3343; x_wconf 82' lang='lat' dir='ltr'><strong>destruit</strong></span> <span class='ocrx_word' id='word_1_253' title='bbox 1840 3308 1853 3344; x_wconf 91' lang='lat'><strong>:</strong></span> <span class='ocrx_word' id='word_1_254' title='bbox 1877 3292 1955 3345; x_wconf 89' lang='lat' dir='ltr'><strong>sic</strong></span> <span class='ocrx_word' id='word_1_255' title='bbox 1983 3293 2162 3349; x_wconf 73' lang='lat' dir='ltr'><strong>animo</strong></span> 
     </span>
    </p>
   </div>
   <div class='ocr_carea' id='block_1_34' title="bbox 568 3360 2161 3452">
    <p class='ocr_par' dir='ltr' id='par_1_34' title="bbox 568 3360 2161 3452">
     <span class='ocr_line' id='line_1_34' title="bbox 568 3360 2161 3452; baseline 0.013 -36"><span class='ocrx_word' id='word_1_256' title='bbox 568 3360 753 3417; x_wconf 78' lang='lat' dir='ltr'><strong>innata</strong></span> <span class='ocrx_word' id='word_1_257' title='bbox 776 3363 915 3421; x_wconf 86' lang='lat' dir='ltr'><strong>ferre</strong></span> <span class='ocrx_word' id='word_1_258' title='bbox 936 3380 1041 3421; x_wconf 91' lang='lat' dir='ltr'><strong>non</strong></span> <span class='ocrx_word' id='word_1_259' title='bbox 1064 3377 1240 3437; x_wconf 91' lang='lat' dir='ltr'><strong>potest</strong></span> <span class='ocrx_word' id='word_1_260' title='bbox 1265 3385 1326 3426; x_wconf 88' lang='lat' dir='ltr'><strong>se</strong></span> <span class='ocrx_word' id='word_1_261' title='bbox 1348 3388 1471 3429; x_wconf 91' lang='lat' dir='ltr'><strong>cum</strong></span> <span class='ocrx_word' id='word_1_262' title='bbox 1501 3377 1670 3431; x_wconf 81' lang='lat' dir='ltr'><strong>altero</strong></span> <span class='ocrx_word' id='word_1_263' title='bbox 1695 3380 1936 3447; x_wconf 82' lang='lat' dir='ltr'><strong>copulari</strong></span> <span class='ocrx_word' id='word_1_264' title='bbox 1970 3399 1984 3436; x_wconf 92' lang='lat'><strong>:</strong></span> <span class='ocrx_word' id='word_1_265' title='bbox 2018 3383 2161 3452; x_wconf 88' lang='lat' dir='ltr'><strong>quod</strong></span> 
     </span>
    </p>
   </div>
   <div class='ocr_carea' id='block_1_35' title="bbox 566 3453 2164 3539">
    <p class='ocr_par' dir='ltr' id='par_1_35' title="bbox 566 3453 2164 3539">
     <span class='ocr_line' id='line_1_35' title="bbox 566 3453 2164 3539; baseline 0.013 -29"><span class='ocrx_word' id='word_1_266' title='bbox 566 3462 624 3510; x_wconf 89' lang='lat' dir='ltr'><strong>et</strong></span> <span class='ocrx_word' id='word_1_267' title='bbox 644 3453 899 3510; x_wconf 88' lang='lat' dir='ltr'><strong>Corintho</strong></span> <span class='ocrx_word' id='word_1_268' title='bbox 925 3464 1034 3512; x_wconf 91' lang='lat' dir='ltr'><strong>tum</strong></span> <span class='ocrx_word' id='word_1_269' title='bbox 1070 3458 1249 3516; x_wconf 86' lang='lat' dir='ltr'><strong>evenit</strong></span> <span class='ocrx_word' id='word_1_270' title='bbox 1285 3479 1299 3516; x_wconf 76' lang='grc' dir='ltr'><strong>ε</strong></span> <span class='ocrx_word' id='word_1_271' title='bbox 1343 3463 1486 3521; x_wconf 89' lang='lat' dir='ltr'><strong>inter</strong></span> <span class='ocrx_word' id='word_1_272' title='bbox 1514 3482 1573 3523; x_wconf 87' lang='lat' dir='ltr'><strong>se</strong></span> <span class='ocrx_word' id='word_1_273' title='bbox 1623 3466 1971 3539; x_wconf 88' lang='lat' dir='ltr'><strong>dissidebant,</strong></span> <span class='ocrx_word' id='word_1_274' title='bbox 2019 3482 2075 3529; x_wconf 89' lang='lat' dir='ltr'><strong>et</strong></span> <span class='ocrx_word' id='word_1_275' title='bbox 2108 3475 2164 3531; x_wconf 88' lang='lat' dir='ltr'><strong>in</strong></span> 
     </span>
    </p>
   </div>
   <div class='ocr_carea' id='block_1_36' title="bbox 566 3545 2165 3633">
    <p class='ocr_par' dir='ltr' id='par_1_36' title="bbox 566 3545 2165 3633">
     <span class='ocr_line' id='line_1_36' title="bbox 566 3545 2165 3633; baseline 0.013 -32"><span class='ocrx_word' id='word_1_276' title='bbox 566 3545 766 3604; x_wconf 89' lang='lat' dir='ltr'><strong>multas</strong></span> <span class='ocrx_word' id='word_1_277' title='bbox 795 3558 974 3618; x_wconf 88' lang='lat' dir='ltr'><strong>partes</strong></span> <span class='ocrx_word' id='word_1_278' title='bbox 996 3549 1288 3610; x_wconf 86' lang='lat' dir='ltr'><strong>Ecclesiam</strong></span> <span class='ocrx_word' id='word_1_279' title='bbox 1314 3555 1627 3615; x_wconf 79' lang='lat' dir='ltr'><strong>dividebant</strong></span> <span class='ocrx_word' id='word_1_280' title='bbox 1665 3578 1679 3614; x_wconf 91' lang='lat'><strong>:</strong></span> <span class='ocrx_word' id='word_1_281' title='bbox 1709 3570 1872 3633; x_wconf 87' lang='lat' dir='ltr'><strong>atque</strong></span> <span class='ocrx_word' id='word_1_282' title='bbox 1915 3565 2165 3622; x_wconf 88' lang='lat' dir='ltr'><strong>innume-</strong></span> 
     </span>
    </p>
   </div>
   <div class='ocr_carea' id='block_1_37' title="bbox 566 3639 2163 3719">
    <p class='ocr_par' dir='ltr' id='par_1_37' title="bbox 566 3639 2163 3719">
     <span class='ocr_line' id='line_1_37' title="bbox 566 3639 2163 3719; baseline 0.011 -24"><span class='ocrx_word' id='word_1_283' title='bbox 566 3654 660 3696; x_wconf 87' lang='lat' dir='ltr'><strong>ros</strong></span> <span class='ocrx_word' id='word_1_284' title='bbox 685 3639 787 3696; x_wconf 89' lang='lat' dir='ltr'><strong>sibi</strong></span> <span class='ocrx_word' id='word_1_285' title='bbox 813 3642 949 3698; x_wconf 88' lang='lat' dir='ltr'><strong>alios</strong></span> <span class='ocrx_word' id='word_1_286' title='bbox 974 3642 1225 3701; x_wconf 87' lang='lat' dir='ltr'><strong>doctores</strong></span> <span class='ocrx_word' id='word_1_287' title='bbox 1250 3663 1371 3701; x_wconf 91' lang='lat' dir='ltr'><strong>cum</strong></span> <span class='ocrx_word' id='word_1_288' title='bbox 1402 3650 1793 3719; x_wconf 67' lang='lat' dir='ltr'><strong>praefecissem,</strong></span> <span class='ocrx_word' id='word_1_289' title='bbox 1824 3655 1877 3709; x_wconf 92' lang='lat' dir='ltr'><strong>in</strong></span> <span class='ocrx_word' id='word_1_290' title='bbox 1908 3658 2086 3712; x_wconf 85' lang='lat' dir='ltr'><strong>curias</strong></span> <span class='ocrx_word' id='word_1_291' title='bbox 2107 3667 2163 3713; x_wconf 87' lang='lat' dir='ltr'><strong>et</strong></span> 
     </span>
    </p>
   </div>
   <div class='ocr_carea' id='block_1_38' title="bbox 568 3730 2157 3814">
    <p class='ocr_par' dir='ltr' id='par_1_38' title="bbox 568 3730 2157 3814">
     <span class='ocr_line' id='line_1_38' title="bbox 568 3730 2157 3814; baseline 0.013 -31"><span class='ocrx_word' id='word_1_292' title='bbox 568 3730 774 3785; x_wconf 86' lang='lat' dir='ltr'><strong>classes</strong></span> <span class='ocrx_word' id='word_1_293' title='bbox 796 3731 1064 3797; x_wconf 83' lang='lat' dir='ltr'><strong>distributi</strong></span> <span class='ocrx_word' id='word_1_294' title='bbox 1091 3734 1402 3805; x_wconf 88' lang='lat' dir='ltr'><strong>dignitatem</strong></span> <span class='ocrx_word' id='word_1_295' title='bbox 1432 3739 1690 3797; x_wconf 70' lang='lat' dir='ltr'><strong>Ecclesia:</strong></span> <span class='ocrx_word' id='word_1_296' title='bbox 1717 3742 2157 3814; x_wconf 88' lang='lat' dir='ltr'><strong>pessumdabant.</strong></span> 
     </span>
    </p>
   </div>
   <div class='ocr_carea' id='block_1_39' title="bbox 572 3819 2162 3909">
    <p class='ocr_par' dir='ltr' id='par_1_39' title="bbox 572 3819 2162 3909">
     <span class='ocr_line' id='line_1_39' title="bbox 572 3819 2162 3909; baseline 0.011 -34"><span class='ocrx_word' id='word_1_297' title='bbox 572 3819 813 3891; x_wconf 82' lang='lat' dir='ltr'><strong>Dignitas</strong></span> <span class='ocrx_word' id='word_1_298' title='bbox 838 3823 980 3877; x_wconf 92' lang='lat' dir='ltr'><strong>enim</strong></span> <span class='ocrx_word' id='word_1_299' title='bbox 1009 3834 1091 3880; x_wconf 88' lang='lat' dir='ltr'><strong>est</strong></span> <span class='ocrx_word' id='word_1_300' title='bbox 1138 3823 1426 3895; x_wconf 55' lang='lat' dir='ltr'><strong>Ecclesia,</strong></span> <span class='ocrx_word' id='word_1_301' title='bbox 1455 3845 1575 3886; x_wconf 91' lang='lat' dir='ltr'><strong>cum</strong></span> <span class='ocrx_word' id='word_1_302' title='bbox 1607 3831 1682 3887; x_wconf 89' lang='lat' dir='ltr'><strong>illi</strong></span> <span class='ocrx_word' id='word_1_303' title='bbox 1724 3835 1813 3903; x_wconf 91' lang='lat' dir='ltr'><strong>qui</strong></span> <span class='ocrx_word' id='word_1_304' title='bbox 1855 3840 2162 3909; x_wconf 81' lang='lat' dir='ltr'><strong>congregati</strong></span> 
     </span>
    </p>
   </div>
   <div class='ocr_carea' id='block_1_40' title="bbox 569 3914 2165 3997">
    <p class='ocr_par' dir='ltr' id='par_1_40' title="bbox 569 3914 2165 3997">
     <span class='ocr_line' id='line_1_40' title="bbox 569 3914 2165 3997; baseline 0.012 -32"><span class='ocrx_word' id='word_1_305' title='bbox 569 3920 711 3979; x_wconf 87' lang='lat' dir='ltr'><strong>sunt,</strong></span> <span class='ocrx_word' id='word_1_306' title='bbox 749 3914 949 3983; x_wconf 88' lang='lat' dir='ltr'><strong>optime</strong></span> <span class='ocrx_word' id='word_1_307' title='bbox 975 3915 1193 3972; x_wconf 88' lang='lat' dir='ltr'><strong>intersc</strong></span> <span class='ocrx_word' id='word_1_308' title='bbox 1231 3920 1573 3977; x_wconf 88' lang='lat' dir='ltr'><strong>concordiam</strong></span> <span class='ocrx_word' id='word_1_309' title='bbox 1604 3938 1898 3997; x_wconf 85' lang='lat' dir='ltr'><strong>pacemque</strong></span> <span class='ocrx_word' id='word_1_310' title='bbox 1942 3942 2165 3984; x_wconf 84' lang='lat' dir='ltr'><strong>conser-</strong></span> 
     </span>
    </p>
   </div>
   <div class='ocr_carea' id='block_1_41' title="bbox 570 4015 714 4061">
    <p class='ocr_par' dir='ltr' id='par_1_41' title="bbox 570 4015 714 4061">
     <span class='ocr_line' id='line_1_41' title="bbox 570 4015 714 4061; baseline 0.007 -4"><span class='ocrx_word' id='word_1_311' title='bbox 570 4015 714 4061; x_wconf 80' lang='lat' dir='ltr'><strong>vant.</strong></span> 
     </span>
    </p>
   </div>
   <div class='ocr_carea' id='block_1_42' title="bbox 642 4092 2165 4179">
    <p class='ocr_par' dir='ltr' id='par_1_42' title="bbox 642 4092 2165 4179">
     <span class='ocr_line' id='line_1_42' title="bbox 642 4092 2165 4179; baseline 0.011 -27"><span class='ocrx_word' id='word_1_312' title='bbox 642 4095 696 4153; x_wconf 82' lang='lat'><strong>5.</strong></span> <span class='ocrx_word' id='word_1_313' title='bbox 737 4092 1065 4155; x_wconf 69' lang='lat' dir='ltr'><strong>[iamautem</strong></span> <span class='ocrx_word' id='word_1_314' title='bbox 1092 4103 1273 4159; x_wconf 86' lang='lat' dir='ltr'><strong>omnia</strong></span> <span class='ocrx_word' id='word_1_315' title='bbox 1305 4104 1452 4159; x_wconf 82' lang='lat' dir='ltr'><strong>vobis</strong></span> <span class='ocrx_word' id='word_1_316' title='bbox 1468 4105 1889 4164; x_wconf 88' lang='lat' dir='ltr'><strong>demonstranda</strong></span> <span class='ocrx_word' id='word_1_317' title='bbox 1926 4119 2072 4179; x_wconf 86' lang='lat' dir='ltr'><strong>sunt,</strong></span> <span class='ocrx_word' id='word_1_318' title='bbox 2111 4122 2165 4168; x_wconf 87' lang='lat' dir='ltr'><strong>et</strong></span> 
     </span>
    </p>
   </div>
   <div class='ocr_carea' id='block_1_43' title="bbox 566 4185 2159 4273">
    <p class='ocr_par' dir='ltr' id='par_1_43' title="bbox 566 4185 2159 4273">
     <span class='ocr_line' id='line_1_43' title="bbox 566 4185 2159 4273; baseline 0.009 -32"><span class='ocrx_word' id='word_1_319' title='bbox 566 4185 881 4246; x_wconf 85' lang='lat' dir='ltr'><strong>Corinthios</strong></span> <span class='ocrx_word' id='word_1_320' title='bbox 898 4190 1045 4247; x_wconf 85' lang='lat' dir='ltr'><strong>Pauli</strong></span> <span class='ocrx_word' id='word_1_321' title='bbox 1072 4191 1314 4248; x_wconf 76' lang='lat' dir='ltr'><strong>doctrina</strong></span> <span class='ocrx_word' id='word_1_322' title='bbox 1336 4202 1448 4250; x_wconf 90' lang='lat' dir='ltr'><strong>tum</strong></span> <span class='ocrx_word' id='word_1_323' title='bbox 1479 4198 1720 4253; x_wconf 77' lang='lat' dir='ltr'><strong>excultos</strong></span> <span class='ocrx_word' id='word_1_324' title='bbox 1748 4197 1912 4256; x_wconf 77' lang='lat' dir='ltr'><strong>fuisse</strong></span> <span class='ocrx_word' id='word_1_325' title='bbox 1938 4202 2159 4273; x_wconf 84' lang='lat' dir='ltr'><strong>primos,</strong></span> 
     </span>
    </p>
   </div>
   <div class='ocr_carea' id='block_1_44' title="bbox 568 4278 2165 4357">
    <p class='ocr_par' dir='ltr' id='par_1_44' title="bbox 568 4278 2165 4357">
     <span class='ocr_line' id='line_1_44' title="bbox 568 4278 2165 4357; baseline 0.009 -23"><span class='ocrx_word' id='word_1_326' title='bbox 568 4294 667 4334; x_wconf 86' lang='lat' dir='ltr'><strong>eos</strong></span> <span class='ocrx_word' id='word_1_327' title='bbox 690 4278 847 4336; x_wconf 87' lang='lat' dir='ltr'><strong>donis</strong></span> <span class='ocrx_word' id='word_1_328' title='bbox 896 4282 1263 4351; x_wconf 86' lang='lat' dir='ltr'><strong>spiritualibus</strong></span> <span class='ocrx_word' id='word_1_329' title='bbox 1308 4283 1503 4341; x_wconf 83' lang='lat' dir='ltr'><strong>divites</strong></span> <span class='ocrx_word' id='word_1_330' title='bbox 1553 4286 1737 4357; x_wconf 88' lang='lat' dir='ltr'><strong>fuisse,</strong></span> <span class='ocrx_word' id='word_1_331' title='bbox 1771 4298 1825 4345; x_wconf 89' lang='lat' dir='ltr'><strong>et</strong></span> <span class='ocrx_word' id='word_1_332' title='bbox 1866 4294 2165 4350; x_wconf 87' lang='lat' dir='ltr'><strong>commodis</strong></span> 
     </span>
    </p>
   </div>
   <div class='ocr_carea' id='block_1_45' title="bbox 568 4368 2159 4455">
    <p class='ocr_par' dir='ltr' id='par_1_45' title="bbox 568 4368 2159 4455">
     <span class='ocr_line' id='line_1_45' title="bbox 568 4368 2159 4455; baseline 0.01 -32"><span class='ocrx_word' id='word_1_333' title='bbox 568 4368 919 4427; x_wconf 72' lang='lat' dir='ltr'><strong>sarcuiaribus</strong></span> <span class='ocrx_word' id='word_1_334' title='bbox 938 4375 1331 4445; x_wconf 88' lang='lat' dir='ltr'><strong>antecelluisse,</strong></span> <span class='ocrx_word' id='word_1_335' title='bbox 1357 4387 1517 4449; x_wconf 88' lang='lat' dir='ltr'><strong>atque</strong></span> <span class='ocrx_word' id='word_1_336' title='bbox 1545 4378 1744 4435; x_wconf 91' lang='lat' dir='ltr'><strong>idcirco</strong></span> <span class='ocrx_word' id='word_1_337' title='bbox 1773 4381 1827 4436; x_wconf 91' lang='lat' dir='ltr'><strong>in</strong></span> <span class='ocrx_word' id='word_1_338' title='bbox 1854 4384 2159 4455; x_wconf 88' lang='lat' dir='ltr'><strong>superbiam</strong></span> 
     </span>
    </p>
   </div>
   <div class='ocr_carea' id='block_1_46' title="bbox 566 4458 2158 4544">
    <p class='ocr_par' dir='ltr' id='par_1_46' title="bbox 566 4458 2158 4544">
     <span class='ocr_line' id='line_1_46' title="bbox 566 4458 2158 4544; baseline 0.008 -27"><span class='ocrx_word' id='word_1_339' title='bbox 566 4458 740 4517; x_wconf 87' lang='lat' dir='ltr'><strong>elatos</strong></span> <span class='ocrx_word' id='word_1_340' title='bbox 768 4477 798 4516; x_wconf 92' lang='lat' dir='ltr'><strong>a</strong></span> <span class='ocrx_word' id='word_1_341' title='bbox 816 4478 875 4519; x_wconf 89' lang='lat' dir='ltr'><strong>se</strong></span> <span class='ocrx_word' id='word_1_342' title='bbox 904 4461 1131 4521; x_wconf 80' lang='lat' dir='ltr'><strong>invicem</strong></span> <span class='ocrx_word' id='word_1_343' title='bbox 1162 4481 1283 4523; x_wconf 89' lang='lat' dir='ltr'><strong>esse</strong></span> <span class='ocrx_word' id='word_1_344' title='bbox 1304 4464 1560 4535; x_wconf 87' lang='lat' dir='ltr'><strong>divulsos,</strong></span> <span class='ocrx_word' id='word_1_345' title='bbox 1589 4479 1643 4525; x_wconf 89' lang='lat' dir='ltr'><strong>et</strong></span> <span class='ocrx_word' id='word_1_346' title='bbox 1670 4469 1769 4525; x_wconf 89' lang='lat' dir='ltr'><strong>hos</strong></span> <span class='ocrx_word' id='word_1_347' title='bbox 1798 4472 2013 4543; x_wconf 89' lang='lat' dir='ltr'><strong>quidem</strong></span> <span class='ocrx_word' id='word_1_348' title='bbox 2055 4473 2158 4544; x_wconf 91' lang='lat' dir='ltr'><strong>bis,</strong></span> 
     </span>
    </p>
   </div>
   <div class='ocr_carea' id='block_1_47' title="bbox 572 4550 2161 4637">
    <p class='ocr_par' dir='ltr' id='par_1_47' title="bbox 572 4550 2161 4637">
     <span class='ocr_line' id='line_1_47' title="bbox 572 4550 2161 4637; baseline 0.01 -32"><span class='ocrx_word' id='word_1_349' title='bbox 572 4550 692 4607; x_wconf 87' lang='lat' dir='ltr'><strong>illos</strong></span> <span class='ocrx_word' id='word_1_350' title='bbox 713 4561 892 4610; x_wconf 81' lang='lat' dir='ltr'><strong>autem</strong></span> <span class='ocrx_word' id='word_1_351' title='bbox 934 4553 1040 4609; x_wconf 87' lang='lat' dir='ltr'><strong>illis</strong></span> <span class='ocrx_word' id='word_1_352' title='bbox 1082 4569 1205 4613; x_wconf 86' lang='lat' dir='ltr'><strong>sese</strong></span> <span class='ocrx_word' id='word_1_353' title='bbox 1258 4555 1549 4615; x_wconf 78' lang='lat' dir='ltr'><strong>addixisse.</strong></span> <span class='ocrx_word' id='word_1_354' title='bbox 1581 4560 1647 4617; x_wconf 88' lang='lat' dir='ltr'><strong>Ut</strong></span> <span class='ocrx_word' id='word_1_355' title='bbox 1694 4562 1852 4633; x_wconf 89' lang='lat' dir='ltr'><strong>igitur</strong></span> <span class='ocrx_word' id='word_1_356' title='bbox 1895 4563 2161 4637; x_wconf 85' lang='lat' dir='ltr'><strong>intelligas</strong></span> 
     </span>
    </p>
   </div>
   <div class='ocr_carea' id='block_1_48' title="bbox 574 4645 2162 4727">
    <p class='ocr_par' dir='ltr' id='par_1_48' title="bbox 574 4645 2162 4727">
     <span class='ocr_line' id='line_1_48' title="bbox 574 4645 2162 4727; baseline 0.01 -30"><span class='ocrx_word' id='word_1_357' title='bbox 574 4646 777 4714; x_wconf 84' lang='lat' dir='ltr'><strong>primos</strong></span> <span class='ocrx_word' id='word_1_358' title='bbox 803 4660 899 4701; x_wconf 90' lang='lat' dir='ltr'><strong>eos</strong></span> <span class='ocrx_word' id='word_1_359' title='bbox 924 4645 1167 4705; x_wconf 83' lang='lat' dir='ltr'><strong>doctrina</strong></span> <span class='ocrx_word' id='word_1_360' title='bbox 1194 4646 1345 4705; x_wconf 86' lang='lat' dir='ltr'><strong>Pauli</strong></span> <span class='ocrx_word' id='word_1_361' title='bbox 1385 4649 1630 4708; x_wconf 81' lang='lat' dir='ltr'><strong>excultos</strong></span> <span class='ocrx_word' id='word_1_362' title='bbox 1671 4651 1837 4710; x_wconf 88' lang='lat' dir='ltr'><strong>fuisse</strong></span> <span class='ocrx_word' id='word_1_363' title='bbox 1856 4697 1872 4723; x_wconf 95' lang='lat'><strong>,</strong></span> <span class='ocrx_word' id='word_1_364' title='bbox 1901 4656 2023 4711; x_wconf 87' lang='lat' dir='ltr'><strong>audi</strong></span> <span class='ocrx_word' id='word_1_365' title='bbox 2055 4672 2162 4727; x_wconf 91' lang='lat' dir='ltr'><strong>quo</strong></span> 
     </span>
    </p>
   </div>
   <div class='ocr_carea' id='block_1_49' title="bbox 576 4734 2157 4819">
    <p class='ocr_par' dir='ltr' id='par_1_49' title="bbox 576 4734 2157 4819">
     <span class='ocr_line' id='line_1_49' title="bbox 576 4734 2157 4819; baseline 0.009 -30"><span class='ocrx_word' id='word_1_366' title='bbox 576 4745 731 4807; x_wconf 88' lang='lat' dir='ltr'><strong>pacto</strong></span> <span class='ocrx_word' id='word_1_367' title='bbox 756 4734 985 4807; x_wconf 82' lang='lat' dir='ltr'><strong>idipsum</strong></span> <span class='ocrx_word' id='word_1_368' title='bbox 1008 4737 1210 4798; x_wconf 80' lang='lat' dir='ltr'><strong>indicet</strong></span> <span class='ocrx_word' id='word_1_369' title='bbox 1238 4739 1433 4797; x_wconf 81' lang='lat' dir='ltr'><strong>Paulus</strong></span> <span class='ocrx_word' id='word_1_370' title='bbox 1458 4761 1470 4797; x_wconf 94' lang='lat'>:</span> <span class='ocrx_word' id='word_1_371' title='bbox 1497 4740 1637 4797; x_wconf 83' lang='lat' dir='ltr'><strong>Nam</strong></span> <span class='ocrx_word' id='word_1_372' title='bbox 1666 4745 1708 4798; x_wconf 87' lang='lat' dir='ltr'><strong>si</strong></span> <span class='ocrx_word' id='word_1_373' title='bbox 1734 4745 1937 4814; x_wconf 84' lang='lat' dir='ltr'><strong>multos,</strong></span> <span class='ocrx_word' id='word_1_374' title='bbox 1967 4746 2157 4819; x_wconf 90' lang='lat' dir='ltr'><strong>inquit,</strong></span> 
     </span>
    </p>
   </div>
   <div class='ocr_carea' id='block_1_50' title="bbox 574 4826 2160 4911">
    <p class='ocr_par' dir='ltr' id='par_1_50' title="bbox 574 4826 2160 4911">
     <span class='ocr_line' id='line_1_50' title="bbox 574 4826 2160 4911; baseline 0.012 -34"><span class='ocrx_word' id='word_1_375' title='bbox 574 4826 881 4899; x_wconf 69' lang='lat' dir='ltr'><strong>pedagogos</strong></span> <span class='ocrx_word' id='word_1_376' title='bbox 909 4827 1134 4886; x_wconf 76' lang='lat' dir='ltr'><strong>habeatis</strong></span> <span class='ocrx_word' id='word_1_377' title='bbox 1154 4828 1207 4886; x_wconf 82' lang='lat' dir='ltr'><strong>in</strong></span> <span class='ocrx_word' id='word_1_378' title='bbox 1228 4826 1448 4902; x_wconf 77' lang='lat' dir='ltr'><strong>Christo,</strong></span> <span class='ocrx_word' id='word_1_379' title='bbox 1478 4836 1571 4890; x_wconf 80' lang='lat' dir='ltr'><strong>sed</strong></span> <span class='ocrx_word' id='word_1_380' title='bbox 1612 4852 1715 4891; x_wconf 84' lang='lat' dir='ltr'><strong>non</strong></span> <span class='ocrx_word' id='word_1_381' title='bbox 1758 4838 1944 4895; x_wconf 80' lang='lat' dir='ltr'><strong>multos</strong></span> <span class='ocrx_word' id='word_1_382' title='bbox 1971 4847 2160 4911; x_wconf 79' lang='lat' dir='ltr'><strong>patres.</strong></span> 
     </span>
    </p>
   </div>
   <div class='ocr_carea' id='block_1_51' title="bbox 577 4915 2159 5003">
    <p class='ocr_par' dir='ltr' id='par_1_51' title="bbox 577 4915 2159 5003">
     <span class='ocr_line' id='line_1_51' title="bbox 577 4915 2159 5003; baseline 0.009 -30"><span class='ocrx_word' id='word_1_383' title='bbox 577 4915 717 4974; x_wconf 81' lang='lat' dir='ltr'><strong>Nam</strong></span> <span class='ocrx_word' id='word_1_384' title='bbox 744 4920 798 4975; x_wconf 79' lang='lat' dir='ltr'><strong>in</strong></span> <span class='ocrx_word' id='word_1_385' title='bbox 818 4916 1017 4977; x_wconf 85' lang='lat' dir='ltr'><strong>Christo</strong></span> <span class='ocrx_word' id='word_1_386' title='bbox 1041 4918 1169 4979; x_wconf 72' lang='lat' dir='ltr'><strong>Iesu</strong></span> <span class='ocrx_word' id='word_1_387' title='bbox 1188 4942 1280 4996; x_wconf 83' lang='lat' dir='ltr'><strong>per</strong></span> <span class='ocrx_word' id='word_1_388' title='bbox 1311 4925 1623 4999; x_wconf 73' lang='lat' dir='ltr'><strong>euangelium</strong></span> <span class='ocrx_word' id='word_1_389' title='bbox 1643 4946 1734 5000; x_wconf 85' lang='lat' dir='ltr'><strong>ego</strong></span> <span class='ocrx_word' id='word_1_390' title='bbox 1758 4945 1844 4985; x_wconf 77' lang='lat' dir='ltr'><strong>vos</strong></span> <span class='ocrx_word' id='word_1_391' title='bbox 1873 4932 2027 5002; x_wconf 83' lang='lat' dir='ltr'><strong>genui</strong></span> <span class='ocrx_word' id='word_1_392' title='bbox 2056 4933 2076 5003; x_wconf 89' lang='lat'><strong>(</strong></span> <span class='ocrx_word' id='word_1_393' title='bbox 2107 4934 2159 4989; x_wconf 87' lang='grc'><strong>1.</strong></span> 
     </span>
    </p>
   </div>
   <div class='ocr_carea' id='block_1_52' title="bbox 566 5009 2165 5096">
    <p class='ocr_par' dir='ltr' id='par_1_52' title="bbox 566 5009 2165 5096">
     <span class='ocr_line' id='line_1_52' title="bbox 566 5009 2165 5096; baseline 0.008 -29"><span class='ocrx_word' id='word_1_394' title='bbox 566 5009 689 5067; x_wconf 88' lang='lat' dir='ltr'><strong>Cor.</strong></span> <span class='ocrx_word' id='word_1_395' title='bbox 713 5012 768 5079; x_wconf 70' lang='grc'><strong>1.</strong></span> <span class='ocrx_word' id='word_1_396' title='bbox 798 5013 887 5084; x_wconf 86' lang='grc'><strong>15)</strong></span> <span class='ocrx_word' id='word_1_397' title='bbox 916 5032 931 5069; x_wconf 90' lang='lat'><strong>:</strong></span> <span class='ocrx_word' id='word_1_398' title='bbox 963 5016 1106 5085; x_wconf 89' lang='lat' dir='ltr'><strong>atqui</strong></span> <span class='ocrx_word' id='word_1_399' title='bbox 1130 5014 1175 5074; x_wconf 80' lang='lat' dir='ltr'><strong>is</strong></span> <span class='ocrx_word' id='word_1_400' title='bbox 1198 5018 1286 5088; x_wconf 91' lang='lat' dir='ltr'><strong>qui</strong></span> <span class='ocrx_word' id='word_1_401' title='bbox 1315 5016 1498 5089; x_wconf 86' lang='lat' dir='ltr'><strong>gignit,</strong></span> <span class='ocrx_word' id='word_1_402' title='bbox 1528 5019 1732 5090; x_wconf 86' lang='lat' dir='ltr'><strong>primus</strong></span> <span class='ocrx_word' id='word_1_403' title='bbox 1753 5020 1805 5077; x_wconf 89' lang='lat' dir='ltr'><strong>in</strong></span> <span class='ocrx_word' id='word_1_404' title='bbox 1831 5022 2004 5079; x_wconf 85' lang='lat' dir='ltr'><strong>lucem</strong></span> <span class='ocrx_word' id='word_1_405' title='bbox 2035 5035 2165 5096; x_wconf 79' lang='lat' dir='ltr'><strong>pro-</strong></span> 
     </span>
    </p>
   </div>
   <div class='ocr_carea' id='block_1_53' title="bbox 570 5106 2158 5187">
    <p class='ocr_par' dir='ltr' id='par_1_53' title="bbox 570 5106 2158 5187">
     <span class='ocr_line' id='line_1_53' title="bbox 570 5106 2158 5187; baseline 0.008 -27"><span class='ocrx_word' id='word_1_406' title='bbox 570 5106 722 5162; x_wconf 82' lang='lat' dir='ltr'><strong>ducit</strong></span> <span class='ocrx_word' id='word_1_407' title='bbox 762 5107 907 5178; x_wconf 87' lang='lat' dir='ltr'><strong>quod</strong></span> <span class='ocrx_word' id='word_1_408' title='bbox 959 5110 1198 5180; x_wconf 82' lang='lat' dir='ltr'><strong>genitum</strong></span> <span class='ocrx_word' id='word_1_409' title='bbox 1242 5115 1346 5167; x_wconf 84' lang='lat' dir='ltr'><strong>est.</strong></span> <span class='ocrx_word' id='word_1_410' title='bbox 1377 5108 1444 5167; x_wconf 87' lang='lat' dir='ltr'><strong>Et</strong></span> <span class='ocrx_word' id='word_1_411' title='bbox 1491 5120 1717 5182; x_wconf 87' lang='lat' dir='ltr'><strong>rursus,</strong></span> <span class='ocrx_word' id='word_1_412' title='bbox 1755 5106 1869 5187; x_wconf 77' lang='lat' dir='ltr'><strong>Ego</strong></span> <span class='ocrx_word' id='word_1_413' title='bbox 1911 5113 2158 5187; x_wconf 74' lang='lat' dir='ltr'><strong>plantari,</strong></span> 
     </span>
    </p>
   </div>
   <div class='ocr_carea' id='block_1_54' title="bbox 572 5194 2163 5280">
    <p class='ocr_par' dir='ltr' id='par_1_54' title="bbox 572 5194 2163 5280">
     <span class='ocr_line' id='line_1_54' title="bbox 572 5194 2163 5280; baseline 0.008 -27"><span class='ocrx_word' id='word_1_414' title='bbox 572 5194 761 5271; x_wconf 79' lang='lat' dir='ltr'><strong>Apollo</strong></span> <span class='ocrx_word' id='word_1_415' title='bbox 786 5200 967 5273; x_wconf 74' lang='lat' dir='ltr'><strong>rigavit</strong></span> <span class='ocrx_word' id='word_1_416' title='bbox 994 5199 1069 5277; x_wconf 88' lang='grc'><strong>(1.</strong></span> <span class='ocrx_word' id='word_1_417' title='bbox 1098 5201 1215 5259; x_wconf 86' lang='lat' dir='ltr'><strong>Cor.</strong></span> <span class='ocrx_word' id='word_1_418' title='bbox 1243 5201 1297 5259; x_wconf 76' lang='lat'><strong>3.</strong></span> <span class='ocrx_word' id='word_1_419' title='bbox 1325 5202 1381 5278; x_wconf 86' lang='lat'><strong>6)</strong></span> <span class='ocrx_word' id='word_1_420' title='bbox 1415 5222 1429 5260; x_wconf 93' lang='lat'><strong>:</strong></span> <span class='ocrx_word' id='word_1_421' title='bbox 1459 5207 1748 5263; x_wconf 88' lang='lat' dir='ltr'><strong>ostendens</strong></span> <span class='ocrx_word' id='word_1_422' title='bbox 1773 5220 1805 5263; x_wconf 84' lang='lat' dir='ltr'><strong>a</strong></span> <span class='ocrx_word' id='word_1_423' title='bbox 1837 5223 1896 5264; x_wconf 88' lang='lat' dir='ltr'><strong>se</strong></span> <span class='ocrx_word' id='word_1_424' title='bbox 1932 5210 2163 5280; x_wconf 89' lang='lat' dir='ltr'><strong>primum</strong></span> 
     </span>
    </p>
   </div>
   <div class='ocr_carea' id='block_1_55' title="bbox 566 5286 2167 5371">
    <p class='ocr_par' dir='ltr' id='par_1_55' title="bbox 566 5286 2167 5371">
     <span class='ocr_line' id='line_1_55' title="bbox 566 5286 2167 5371; baseline 0.007 -25"><span class='ocrx_word' id='word_1_425' title='bbox 566 5300 809 5362; x_wconf 82' lang='lat' dir='ltr'><strong>sparsam</strong></span> <span class='ocrx_word' id='word_1_426' title='bbox 831 5308 952 5350; x_wconf 88' lang='lat' dir='ltr'><strong>esse</strong></span> <span class='ocrx_word' id='word_1_427' title='bbox 977 5286 1296 5352; x_wconf 78' lang='lat' dir='ltr'><strong>doctrinam.</strong></span> <span class='ocrx_word' id='word_1_428' title='bbox 1314 5295 1483 5353; x_wconf 78' lang='lat' dir='ltr'><strong>Pot-ro</strong></span> <span class='ocrx_word' id='word_1_429' title='bbox 1506 5295 1662 5353; x_wconf 89' lang='lat' dir='ltr'><strong>donis</strong></span> <span class='ocrx_word' id='word_1_430' title='bbox 1684 5313 1779 5354; x_wconf 89' lang='lat' dir='ltr'><strong>eos</strong></span> <span class='ocrx_word' id='word_1_431' title='bbox 1802 5299 2167 5371; x_wconf 85' lang='lat' dir='ltr'><strong>spirituallhus</strong></span> 
     </span>
    </p>
   </div>
   <div class='ocr_carea' id='block_1_56' title="bbox 573 5383 2164 5467">
    <p class='ocr_par' dir='ltr' id='par_1_56' title="bbox 573 5383 2164 5467">
     <span class='ocr_line' id='line_1_56' title="bbox 573 5383 2164 5467; baseline 0.008 -28"><span class='ocrx_word' id='word_1_432' title='bbox 573 5383 905 5442; x_wconf 83' lang='lat' dir='ltr'><strong>redundasse</strong></span> <span class='ocrx_word' id='word_1_433' title='bbox 930 5388 1056 5444; x_wconf 87' lang='lat' dir='ltr'><strong>inde</strong></span> <span class='ocrx_word' id='word_1_434' title='bbox 1084 5399 1293 5445; x_wconf 87' lang='lat' dir='ltr'><strong>constat</strong></span> <span class='ocrx_word' id='word_1_435' title='bbox 1323 5407 1337 5444; x_wconf 89' lang='lat'><strong>:</strong></span> <span class='ocrx_word' id='word_1_436' title='bbox 1372 5385 1576 5445; x_wconf 82' lang='lat' dir='ltr'><strong>Gratias</strong></span> <span class='ocrx_word' id='word_1_437' title='bbox 1601 5407 1699 5463; x_wconf 88' lang='lat' dir='ltr'><strong>ago</strong></span> <span class='ocrx_word' id='word_1_438' title='bbox 1730 5390 1837 5448; x_wconf 80' lang='lat' dir='ltr'><strong>Deo</strong></span> <span class='ocrx_word' id='word_1_439' title='bbox 1862 5393 1925 5449; x_wconf 83' lang='lat' dir='ltr'><strong>ob</strong></span> <span class='ocrx_word' id='word_1_440' title='bbox 1948 5396 2164 5467; x_wconf 84' lang='lat' dir='ltr'><strong>gratiam</strong></span> 
     </span>
    </p>
   </div>
   <div class='ocr_carea' id='block_1_57' title="bbox 570 5474 2157 5555">
    <p class='ocr_par' dir='ltr' id='par_1_57' title="bbox 570 5474 2157 5555">
     <span class='ocr_line' id='line_1_57' title="bbox 570 5474 2157 5555; baseline 0.007 -25"><span class='ocrx_word' id='word_1_441' title='bbox 570 5474 686 5544; x_wconf 83' lang='lat' dir='ltr'><strong>Dei,</strong></span> <span class='ocrx_word' id='word_1_442' title='bbox 718 5492 831 5546; x_wconf 72' lang='lat' dir='ltr'><strong>quae</strong></span> <span class='ocrx_word' id='word_1_443' title='bbox 858 5478 980 5532; x_wconf 78' lang='lat' dir='ltr'><strong>data</strong></span> <span class='ocrx_word' id='word_1_444' title='bbox 1004 5488 1077 5534; x_wconf 83' lang='lat' dir='ltr'><strong>est</strong></span> <span class='ocrx_word' id='word_1_445' title='bbox 1104 5480 1241 5535; x_wconf 75' lang='lat' dir='ltr'><strong>vobis</strong></span> <span class='ocrx_word' id='word_1_446' title='bbox 1268 5480 1320 5535; x_wconf 85' lang='lat' dir='ltr'><strong>in</strong></span> <span class='ocrx_word' id='word_1_447' title='bbox 1342 5480 1541 5537; x_wconf 76' lang='lat' dir='ltr'><strong>Christo</strong></span> <span class='ocrx_word' id='word_1_448' title='bbox 1568 5480 1715 5547; x_wconf 68' lang='lat' dir='ltr'><strong>Iesu,</strong></span> <span class='ocrx_word' id='word_1_449' title='bbox 1734 5484 1873 5555; x_wconf 75' lang='lat' dir='ltr'><strong>quod</strong></span> <span class='ocrx_word' id='word_1_450' title='bbox 1905 5485 1959 5539; x_wconf 83' lang='lat' dir='ltr'><strong>in</strong></span> <span class='ocrx_word' id='word_1_451' title='bbox 1986 5488 2157 5542; x_wconf 79' lang='lat' dir='ltr'><strong>ontul—</strong></span> 
     </span>
    </p>
   </div>
   <div class='ocr_carea' id='block_1_58' title="bbox 572 5564 2163 5643">
    <p class='ocr_par' dir='ltr' id='par_1_58' title="bbox 572 5564 2163 5643">
     <span class='ocr_line' id='line_1_58' title="bbox 572 5564 2163 5643; baseline 0.008 -22"><span class='ocrx_word' id='word_1_452' title='bbox 572 5571 671 5623; x_wconf 69' lang='lat' dir='ltr'><strong>bus’</strong></span> <span class='ocrx_word' id='word_1_453' title='bbox 693 5564 872 5626; x_wconf 78' lang='lat' dir='ltr'><strong>diuites</strong></span> <span class='ocrx_word' id='word_1_454' title='bbox 897 5568 1022 5643; x_wconf 80' lang='lat' dir='ltr'><strong>facti</strong></span> <span class='ocrx_word' id='word_1_455' title='bbox 1050 5573 1169 5628; x_wconf 80' lang='lat' dir='ltr'><strong>estis</strong></span> <span class='ocrx_word' id='word_1_456' title='bbox 1215 5573 1268 5627; x_wconf 76' lang='lat' dir='ltr'><strong>in</strong></span> <span class='ocrx_word' id='word_1_457' title='bbox 1290 5570 1399 5641; x_wconf 86' lang='lat' dir='ltr'><strong>illo,</strong></span> <span class='ocrx_word' id='word_1_458' title='bbox 1442 5573 1517 5630; x_wconf 82' lang='lat' dir='ltr'><strong>ita</strong></span> <span class='ocrx_word' id='word_1_459' title='bbox 1546 5582 1598 5629; x_wconf 86' lang='lat' dir='ltr'><strong>ut</strong></span> <span class='ocrx_word' id='word_1_460' title='bbox 1627 5575 1757 5632; x_wconf 80' lang='lat' dir='ltr'><strong>nihil</strong></span> <span class='ocrx_word' id='word_1_461' title='bbox 1793 5575 1930 5633; x_wconf 74' lang='lat' dir='ltr'><strong>vobis</strong></span> <span class='ocrx_word' id='word_1_462' title='bbox 1955 5578 2083 5634; x_wconf 85' lang='lat' dir='ltr'><strong>desit</strong></span> <span class='ocrx_word' id='word_1_463' title='bbox 2109 5582 2163 5634; x_wconf 86' lang='lat' dir='ltr'><strong>in</strong></span> 
     </span>
    </p>
   </div>
   <div class='ocr_carea' id='block_1_59' title="bbox 573 5659 2162 5741">
    <p class='ocr_par' dir='ltr' id='par_1_59' title="bbox 573 5659 2162 5741">
     <span class='ocr_line' id='line_1_59' title="bbox 573 5659 2162 5741; baseline 0.011 -28"><span class='ocrx_word' id='word_1_464' title='bbox 573 5660 682 5716; x_wconf 84' lang='lat' dir='ltr'><strong>ulla</strong></span> <span class='ocrx_word' id='word_1_465' title='bbox 705 5663 871 5735; x_wconf 83' lang='lat' dir='ltr'><strong>gratia</strong></span> <span class='ocrx_word' id='word_1_466' title='bbox 902 5659 979 5736; x_wconf 86' lang='grc'><strong>(1.</strong></span> <span class='ocrx_word' id='word_1_467' title='bbox 1010 5664 1129 5722; x_wconf 83' lang='lat' dir='ltr'><strong>Cor.</strong></span> <span class='ocrx_word' id='word_1_468' title='bbox 1161 5665 1213 5723; x_wconf 90' lang='grc'><strong>1.</strong></span> <span class='ocrx_word' id='word_1_469' title='bbox 1246 5667 1298 5723; x_wconf 73' lang='grc'><strong>4.</strong></span> <span class='ocrx_word' id='word_1_470' title='bbox 1330 5666 1407 5740; x_wconf 80' lang='lat'><strong>5).</strong></span> <span class='ocrx_word' id='word_1_471' title='bbox 1435 5662 1503 5724; x_wconf 81' lang='lat' dir='ltr'><strong>Et</strong></span> <span class='ocrx_word' id='word_1_472' title='bbox 1519 5684 1649 5727; x_wconf 86' lang='lat' dir='ltr'><strong>vero</strong></span> <span class='ocrx_word' id='word_1_473' title='bbox 1668 5669 1903 5741; x_wconf 74' lang='lat' dir='ltr'><strong>profante</strong></span> <span class='ocrx_word' id='word_1_474' title='bbox 1930 5671 2050 5729; x_wconf 89' lang='lat' dir='ltr'><strong>illos</strong></span> <span class='ocrx_word' id='word_1_475' title='bbox 2074 5689 2162 5729; x_wconf 81' lang='lat' dir='ltr'><strong>sa-</strong></span> 
     </span>
    </p>
   </div>
   <div class='ocr_carea' id='block_1_60' title="bbox 576 5752 2163 5832">
    <p class='ocr_par' dir='ltr' id='par_1_60' title="bbox 576 5752 2163 5832">
     <span class='ocr_line' id='line_1_60' title="bbox 576 5752 2163 5832; baseline 0.008 -23"><span class='ocrx_word' id='word_1_476' title='bbox 576 5754 791 5823; x_wconf 74' lang='lat' dir='ltr'><strong>pientia:</strong></span> <span class='ocrx_word' id='word_1_477' title='bbox 819 5752 983 5814; x_wconf 85' lang='lat' dir='ltr'><strong>fuisse</strong></span> <span class='ocrx_word' id='word_1_478' title='bbox 1003 5759 1307 5832; x_wconf 83' lang='lat' dir='ltr'><strong>participes,</strong></span> <span class='ocrx_word' id='word_1_479' title='bbox 1335 5758 1463 5819; x_wconf 82' lang='lat' dir='ltr'><strong>satis</strong></span> <span class='ocrx_word' id='word_1_480' title='bbox 1488 5760 1639 5819; x_wconf 83' lang='lat' dir='ltr'><strong>nobis</strong></span> <span class='ocrx_word' id='word_1_481' title='bbox 1660 5762 1954 5821; x_wconf 82' lang='lat' dir='ltr'><strong>declaravit</strong></span> <span class='ocrx_word' id='word_1_482' title='bbox 1981 5763 2163 5821; x_wconf 85' lang='lat' dir='ltr'><strong>multis</strong></span> 
     </span>
    </p>
   </div>
   <div class='ocr_carea' id='block_1_61' title="bbox 1280 336 3105 406">
    <p class='ocr_par' dir='ltr' id='par_1_61' title="bbox 1280 336 3105 406">
     <span class='ocr_line' id='line_1_61' title="bbox 1280 336 3105 406; baseline -0.002 -5"><span class='ocrx_word' id='word_1_483' title='bbox 1280 347 1338 401; x_wconf 75' lang='lat'><strong>5.</strong></span> <span class='ocrx_word' id='word_1_484' title='bbox 1378 342 1658 406; x_wconf 67' lang='lat' dir='ltr'><strong>IO&#39;ANNIS</strong></span> <span class='ocrx_word' id='word_1_485' title='bbox 1694 336 2189 401; x_wconf 61' lang='lat' dir='ltr'><strong>CﬂRTSOSTOiﬂ&#39;</strong></span> <span class='ocrx_word' id='word_1_486' title='bbox 2213 340 2528 399; x_wconf 76' lang='lat' dir='ltr'><strong>ARCiiiEP.</strong></span> <span class='ocrx_word' id='word_1_487' title='bbox 2566 340 3105 401; x_wconf 72' lang='lat' dir='ltr'><strong>CONSTAN&#39;HNOP.</strong></span> 
     </span>
    </p>
   </div>
   <div class='ocr_carea' id='block_1_62' title="bbox 3752 346 3864 405">
    <p class='ocr_par' dir='ltr' id='par_1_62' title="bbox 3752 346 3864 405">
     <span class='ocr_line' id='line_1_62' title="bbox 3752 346 3864 405; baseline -0.018 0"><span class='ocrx_word' id='word_1_488' title='bbox 3752 346 3864 405; x_wconf 65' lang='grc' dir='ltr'><strong>ΒΞ</strong></span> 
     </span>
    </p>
   </div>
   <div class='ocr_carea' id='block_1_63' title="bbox 2260 452 3853 527">
    <p class='ocr_par' dir='ltr' id='par_1_63' title="bbox 2260 452 3853 527">
     <span class='ocr_line' id='line_1_63' title="bbox 2260 452 3853 527; baseline 0.004 -21"><span class='ocrx_word' id='word_1_489' title='bbox 2260 452 2364 507; x_wconf 87' lang='lat' dir='ltr'><strong>illis</strong></span> <span class='ocrx_word' id='word_1_490' title='bbox 2394 453 2672 525; x_wconf 82' lang='lat' dir='ltr'><strong>longisque</strong></span> <span class='ocrx_word' id='word_1_491' title='bbox 2701 455 3060 521; x_wconf 82' lang='lat' dir='ltr'><strong>sermonibus,</strong></span> <span class='ocrx_word' id='word_1_492' title='bbox 3083 455 3276 527; x_wconf 87' lang='lat' dir='ltr'><strong>quibus</strong></span> <span class='ocrx_word' id='word_1_493' title='bbox 3304 454 3853 527; x_wconf 65' lang='lat' dir='ltr'><strong>in‘sapientiamillam</strong></span> 
     </span>
    </p>
   </div>
   <div class='ocr_carea' id='block_1_64' title="bbox 2258 541 3853 617">
    <p class='ocr_par' dir='ltr' id='par_1_64' title="bbox 2258 541 3853 617">
     <span class='ocr_line' id='line_1_64' title="bbox 2258 541 3853 617; baseline 0.004 -20"><span class='ocrx_word' id='word_1_494' title='bbox 2258 541 2553 599; x_wconf 83' lang='lat' dir='ltr'><strong>invehitur.</strong></span> <span class='ocrx_word' id='word_1_495' title='bbox 2581 544 2717 600; x_wconf 90' lang='lat' dir='ltr'><strong>Cum</strong></span> <span class='ocrx_word' id='word_1_496' title='bbox 2743 546 2889 602; x_wconf 89' lang='lat' dir='ltr'><strong>enim</strong></span> <span class='ocrx_word' id='word_1_497' title='bbox 2916 546 3019 602; x_wconf 85' lang='lat' dir='ltr'><strong>alia</strong></span> <span class='ocrx_word' id='word_1_498' title='bbox 3076 546 3130 602; x_wconf 91' lang='lat' dir='ltr'><strong>in</strong></span> <span class='ocrx_word' id='word_1_499' title='bbox 3180 546 3408 617; x_wconf 87' lang='lat' dir='ltr'><strong>epistola</strong></span> <span class='ocrx_word' id='word_1_500' title='bbox 3451 561 3559 602; x_wconf 91' lang='lat' dir='ltr'><strong>non</strong></span> <span class='ocrx_word' id='word_1_501' title='bbox 3604 542 3763 604; x_wconf 82' lang='lat' dir='ltr'><strong>facile</strong></span> <span class='ocrx_word' id='word_1_502' title='bbox 3802 549 3853 604; x_wconf 88' lang='lat' dir='ltr'><strong>id</strong></span> 
     </span>
    </p>
   </div>
   <div class='ocr_carea' id='block_1_65' title="bbox 2259 634 3857 709">
    <p class='ocr_par' dir='ltr' id='par_1_65' title="bbox 2259 634 3857 709">
     <span class='ocr_line' id='line_1_65' title="bbox 2259 634 3857 709; baseline 0.005 -20"><span class='ocrx_word' id='word_1_503' title='bbox 2259 634 2573 703; x_wconf 75' lang='lat' dir='ltr'><strong>pmstitisse</strong></span> <span class='ocrx_word' id='word_1_504' title='bbox 2613 638 2934 706; x_wconf 84' lang='lat' dir='ltr'><strong>reperiatur,</strong></span> <span class='ocrx_word' id='word_1_505' title='bbox 2964 638 3051 693; x_wconf 91' lang='lat' dir='ltr'><strong>hic</strong></span> <span class='ocrx_word' id='word_1_506' title='bbox 3104 638 3308 709; x_wconf 67' lang='lat' dir='ltr'><strong>proliXa</strong></span> <span class='ocrx_word' id='word_1_507' title='bbox 3350 637 3471 695; x_wconf 85' lang='lat' dir='ltr'><strong>illos</strong></span> <span class='ocrx_word' id='word_1_508' title='bbox 3513 640 3857 697; x_wconf 78' lang='lat' dir='ltr'><strong>accusatione</strong></span> 
     </span>
    </p>
   </div>
   <div class='ocr_carea' id='block_1_66' title="bbox 2257 724 3866 800">
    <p class='ocr_par' dir='ltr' id='par_1_66' title="bbox 2257 724 3866 800">
     <span class='ocr_line' id='line_1_66' title="bbox 2257 724 3866 800; baseline 0.005 -22"><span class='ocrx_word' id='word_1_509' title='bbox 2257 724 2551 779; x_wconf 84' lang='lat' dir='ltr'><strong>insectatur</strong></span> <span class='ocrx_word' id='word_1_510' title='bbox 2580 742 2595 780; x_wconf 93' lang='lat'>:</span> <span class='ocrx_word' id='word_1_511' title='bbox 2628 742 2691 781; x_wconf 87' lang='lat' dir='ltr'><strong>ac</strong></span> <span class='ocrx_word' id='word_1_512' title='bbox 2714 730 2908 783; x_wconf 86' lang='lat' dir='ltr'><strong>merito</strong></span> <span class='ocrx_word' id='word_1_513' title='bbox 2928 744 3078 784; x_wconf 88' lang='lat' dir='ltr'><strong>sane.</strong></span> <span class='ocrx_word' id='word_1_514' title='bbox 3099 728 3229 784; x_wconf 83' lang='lat' dir='ltr'><strong>Nam</strong></span> <span class='ocrx_word' id='word_1_515' title='bbox 3266 729 3518 800; x_wconf 85' lang='lat' dir='ltr'><strong>quoniam</strong></span> <span class='ocrx_word' id='word_1_516' title='bbox 3537 726 3665 785; x_wconf 87' lang='lat' dir='ltr'><strong>hinc</strong></span> <span class='ocrx_word' id='word_1_517' title='bbox 3681 726 3866 786; x_wconf 87' lang='lat' dir='ltr'><strong>tumor</strong></span> 
     </span>
    </p>
   </div>
   <div class='ocr_carea' id='block_1_67' title="bbox 2258 819 3859 884">
    <p class='ocr_par' dir='ltr' id='par_1_67' title="bbox 2258 819 3859 884">
     <span class='ocr_line' id='line_1_67' title="bbox 2258 819 3859 884; baseline 0.003 -12"><span class='ocrx_word' id='word_1_518' title='bbox 2258 826 2311 872; x_wconf 89' lang='lat' dir='ltr'><strong>et</strong></span> <span class='ocrx_word' id='word_1_519' title='bbox 2331 819 2499 871; x_wconf 81' lang='lat' dir='ltr'><strong>fastus</strong></span> <span class='ocrx_word' id='word_1_520' title='bbox 2524 828 2745 874; x_wconf 74' lang='lat' dir='ltr'><strong>estortus</strong></span> <span class='ocrx_word' id='word_1_521' title='bbox 2768 829 2871 884; x_wconf 91' lang='lat' dir='ltr'><strong>est,</strong></span> <span class='ocrx_word' id='word_1_522' title='bbox 2917 820 3026 875; x_wconf 89' lang='lat' dir='ltr'><strong>illic</strong></span> <span class='ocrx_word' id='word_1_523' title='bbox 3070 823 3230 877; x_wconf 84' lang='lat' dir='ltr'><strong>etiam</strong></span> <span class='ocrx_word' id='word_1_524' title='bbox 3282 823 3573 878; x_wconf 78' lang='lat' dir='ltr'><strong>sectionem</strong></span> <span class='ocrx_word' id='word_1_525' title='bbox 3618 821 3859 877; x_wconf 86' lang='lat' dir='ltr'><strong>admovit</strong></span> 
     </span>
    </p>
   </div>
   <div class='ocr_carea' id='block_1_68' title="bbox 2258 904 3862 981">
    <p class='ocr_par' dir='ltr' id='par_1_68' title="bbox 2258 904 3862 981">
     <span class='ocr_line' id='line_1_68' title="bbox 2258 904 3862 981; baseline 0.005 -23"><span class='ocrx_word' id='word_1_526' title='bbox 2258 904 2337 959; x_wconf 82' lang='lat' dir='ltr'><strong>sic</strong></span> <span class='ocrx_word' id='word_1_527' title='bbox 2364 904 2545 961; x_wconf 84' lang='lat' dir='ltr'><strong>dicens</strong></span> <span class='ocrx_word' id='word_1_528' title='bbox 2574 923 2588 961; x_wconf 89' lang='lat'><strong>:</strong></span> <span class='ocrx_word' id='word_1_529' title='bbox 2620 905 2742 962; x_wconf 83' lang='lat' dir='ltr'><strong>Non</strong></span> <span class='ocrx_word' id='word_1_530' title='bbox 2770 908 2907 963; x_wconf 83' lang='lat' dir='ltr'><strong>enim</strong></span> <span class='ocrx_word' id='word_1_531' title='bbox 2931 909 3072 962; x_wconf 82' lang='lat' dir='ltr'><strong>misit</strong></span> <span class='ocrx_word' id='word_1_532' title='bbox 3101 926 3181 964; x_wconf 86' lang='lat' dir='ltr'><strong>me</strong></span> <span class='ocrx_word' id='word_1_533' title='bbox 3210 907 3445 966; x_wconf 72' lang='lat' dir='ltr'><strong>Ghristss</strong></span> <span class='ocrx_word' id='word_1_534' title='bbox 3469 910 3742 981; x_wconf 64' lang='lat' dir='ltr'><strong>baptizare,</strong></span> <span class='ocrx_word' id='word_1_535' title='bbox 3770 911 3862 966; x_wconf 78' lang='lat' dir='ltr'><strong>sed</strong></span> 
     </span>
    </p>
   </div>
   <div class='ocr_carea' id='block_1_69' title="bbox 2259 994 3861 1069">
    <p class='ocr_par' dir='ltr' id='par_1_69' title="bbox 2259 994 3861 1069">
     <span class='ocr_line' id='line_1_69' title="bbox 2259 994 3861 1069; baseline 0.004 -22"><span class='ocrx_word' id='word_1_536' title='bbox 2259 994 2605 1067; x_wconf 59' lang='lat' dir='ltr'><strong>evangeliea”</strong></span> <span class='ocrx_word' id='word_1_537' title='bbox 2635 1013 2653 1051; x_wconf 88' lang='lat'><strong><em>:</em></strong></span> <span class='ocrx_word' id='word_1_538' title='bbox 2684 1014 2785 1051; x_wconf 80' lang='lat' dir='ltr'><strong>non</strong></span> <span class='ocrx_word' id='word_1_539' title='bbox 2813 999 2867 1053; x_wconf 86' lang='lat' dir='ltr'><strong>in</strong></span> <span class='ocrx_word' id='word_1_540' title='bbox 2888 1000 3141 1069; x_wconf 82' lang='lat' dir='ltr'><strong>sapientia</strong></span> <span class='ocrx_word' id='word_1_541' title='bbox 3166 1001 3323 1068; x_wconf 76' lang='lat' dir='ltr'><strong>uerbi,</strong></span> <span class='ocrx_word' id='word_1_542' title='bbox 3368 1010 3421 1054; x_wconf 88' lang='lat' dir='ltr'><strong>ut</strong></span> <span class='ocrx_word' id='word_1_543' title='bbox 3448 1017 3552 1056; x_wconf 79' lang='lat' dir='ltr'><strong>non</strong></span> <span class='ocrx_word' id='word_1_544' title='bbox 3588 1010 3861 1056; x_wconf 69' lang='lat' dir='ltr'><strong>sanentur</strong></span> 
     </span>
    </p>
   </div>
   <div class='ocr_carea' id='block_1_70' title="bbox 2258 1084 3855 1162">
    <p class='ocr_par' dir='ltr' id='par_1_70' title="bbox 2258 1084 3855 1162">
     <span class='ocr_line' id='line_1_70' title="bbox 2258 1084 3855 1162; baseline 0.004 -24"><span class='ocrx_word' id='word_1_545' title='bbox 2258 1100 2387 1139; x_wconf 73' lang='lat' dir='ltr'><strong>crux</strong></span> <span class='ocrx_word' id='word_1_546' title='bbox 2411 1086 2595 1143; x_wconf 80' lang='lat' dir='ltr'><strong>Christi</strong></span> <span class='ocrx_word' id='word_1_547' title='bbox 2628 1090 2720 1159; x_wconf 86' lang='lat' dir='ltr'><strong>(l.</strong></span> <span class='ocrx_word' id='word_1_548' title='bbox 2746 1087 2864 1144; x_wconf 86' lang='lat' dir='ltr'><strong>Cor.</strong></span> <span class='ocrx_word' id='word_1_549' title='bbox 2897 1090 2947 1144; x_wconf 92' lang='grc'><strong>1.</strong></span> <span class='ocrx_word' id='word_1_550' title='bbox 2978 1090 3107 1159; x_wconf 83' lang='lat' dir='ltr'><strong>i7).</strong></span> <span class='ocrx_word' id='word_1_551' title='bbox 3138 1084 3275 1146; x_wconf 67' lang='lat' dir='ltr'><strong>Vide</strong></span> <span class='ocrx_word' id='word_1_552' title='bbox 3304 1104 3462 1160; x_wconf 86' lang='lat' dir='ltr'><strong>quam</strong></span> <span class='ocrx_word' id='word_1_553' title='bbox 3502 1094 3702 1149; x_wconf 81' lang='lat' dir='ltr'><strong>acriter</strong></span> <span class='ocrx_word' id='word_1_554' title='bbox 3730 1106 3855 1162; x_wconf 68' lang='lat' dir='ltr'><strong>pro-</strong></span> 
     </span>
    </p>
   </div>
   <div class='ocr_carea' id='block_1_71' title="bbox 2259 1173 3862 1251">
    <p class='ocr_par' dir='ltr' id='par_1_71' title="bbox 2259 1173 3862 1251">
     <span class='ocr_line' id='line_1_71' title="bbox 2259 1173 3862 1251; baseline 0.005 -22"><span class='ocrx_word' id='word_1_555' title='bbox 2259 1173 2437 1230; x_wconf 79' lang='lat' dir='ltr'><strong>fartam</strong></span> <span class='ocrx_word' id='word_1_556' title='bbox 2466 1178 2787 1249; x_wconf 86' lang='lat' dir='ltr'><strong>sapientiam</strong></span> <span class='ocrx_word' id='word_1_557' title='bbox 2830 1190 3065 1246; x_wconf 87' lang='lat' dir='ltr'><strong>accuset,</strong></span> <span class='ocrx_word' id='word_1_558' title='bbox 3116 1176 3259 1251; x_wconf 83' lang='lat' dir='ltr'><strong>quod</strong></span> <span class='ocrx_word' id='word_1_559' title='bbox 3287 1194 3392 1235; x_wconf 92' lang='lat' dir='ltr'><strong>non</strong></span> <span class='ocrx_word' id='word_1_560' title='bbox 3420 1182 3583 1237; x_wconf 88' lang='lat' dir='ltr'><strong>modo</strong></span> <span class='ocrx_word' id='word_1_561' title='bbox 3619 1182 3756 1243; x_wconf 82' lang='lat' dir='ltr'><strong>nihil</strong></span> <span class='ocrx_word' id='word_1_562' title='bbox 3793 1182 3862 1237; x_wconf 85' lang='lat' dir='ltr'><strong>ad</strong></span> 
     </span>
    </p>
   </div>
   <div class='ocr_carea' id='block_1_72' title="bbox 2260 1265 3860 1342">
    <p class='ocr_par' dir='ltr' id='par_1_72' title="bbox 2260 1265 3860 1342">
     <span class='ocr_line' id='line_1_72' title="bbox 2260 1265 3860 1342; baseline 0.007 -25"><span class='ocrx_word' id='word_1_563' title='bbox 2260 1265 2515 1333; x_wconf 89' lang='lat' dir='ltr'><strong>pietatem</strong></span> <span class='ocrx_word' id='word_1_564' title='bbox 2538 1267 2787 1325; x_wconf 91' lang='lat' dir='ltr'><strong>conferre</strong></span> <span class='ocrx_word' id='word_1_565' title='bbox 2810 1270 3070 1336; x_wconf 84' lang='lat' dir='ltr'><strong>videatur,</strong></span> <span class='ocrx_word' id='word_1_566' title='bbox 3102 1267 3195 1326; x_wconf 86' lang='lat' dir='ltr'><strong>sed</strong></span> <span class='ocrx_word' id='word_1_567' title='bbox 3221 1271 3383 1326; x_wconf 82' lang='lat' dir='ltr'><strong>etiam</strong></span> <span class='ocrx_word' id='word_1_568' title='bbox 3414 1271 3860 1342; x_wconf 79' lang='lat' dir='ltr'><strong>impedimentum</strong></span> 
     </span>
    </p>
   </div>
   <div class='ocr_carea' id='block_1_73' title="bbox 2259 1358 3862 1435">
    <p class='ocr_par' dir='ltr' id='par_1_73' title="bbox 2259 1358 3862 1435">
     <span class='ocr_line' id='line_1_73' title="bbox 2259 1358 3862 1435; baseline 0.005 -24"><span class='ocrx_word' id='word_1_569' title='bbox 2259 1365 2313 1411; x_wconf 87' lang='lat' dir='ltr'><strong>et</strong></span> <span class='ocrx_word' id='word_1_570' title='bbox 2340 1358 2673 1416; x_wconf 80' lang='lat' dir='ltr'><strong>ubstaculum</strong></span> <span class='ocrx_word' id='word_1_571' title='bbox 2700 1361 2810 1416; x_wconf 84' lang='lat' dir='ltr'><strong>iiat.</strong></span> <span class='ocrx_word' id='word_1_572' title='bbox 2836 1361 2907 1419; x_wconf 89' lang='lat' dir='ltr'><strong>Ut</strong></span> <span class='ocrx_word' id='word_1_573' title='bbox 2934 1364 3077 1418; x_wconf 88' lang='lat' dir='ltr'><strong>enim</strong></span> <span class='ocrx_word' id='word_1_574' title='bbox 3101 1363 3353 1434; x_wconf 65' lang='lat' dir='ltr'><strong>praeclara</strong></span> <span class='ocrx_word' id='word_1_575' title='bbox 3382 1378 3632 1435; x_wconf 85' lang='lat' dir='ltr'><strong>corpora,</strong></span> <span class='ocrx_word' id='word_1_576' title='bbox 3661 1376 3716 1421; x_wconf 85' lang='lat' dir='ltr'><strong>et</strong></span> <span class='ocrx_word' id='word_1_577' title='bbox 3744 1364 3862 1420; x_wconf 83' lang='lat' dir='ltr'><strong>for-</strong></span> 
     </span>
    </p>
   </div>
   <div class='ocr_carea' id='block_1_74' title="bbox 2261 1449 3862 1523">
    <p class='ocr_par' dir='ltr' id='par_1_74' title="bbox 2261 1449 3862 1523">
     <span class='ocr_line' id='line_1_74' title="bbox 2261 1449 3862 1523; baseline 0.006 -22"><span class='ocrx_word' id='word_1_578' title='bbox 2261 1449 2397 1502; x_wconf 83' lang='lat' dir='ltr'><strong>mosi</strong></span> <span class='ocrx_word' id='word_1_579' title='bbox 2431 1450 2744 1521; x_wconf 88' lang='lat' dir='ltr'><strong>pulchrique</strong></span> <span class='ocrx_word' id='word_1_580' title='bbox 2758 1453 2973 1520; x_wconf 49' lang='lat' dir='ltr'><strong>rvultus,</strong></span> <span class='ocrx_word' id='word_1_581' title='bbox 3003 1454 3046 1509; x_wconf 88' lang='lat' dir='ltr'><strong>si</strong></span> <span class='ocrx_word' id='word_1_582' title='bbox 3075 1454 3216 1523; x_wconf 88' lang='lat' dir='ltr'><strong>quod</strong></span> <span class='ocrx_word' id='word_1_583' title='bbox 3244 1467 3464 1509; x_wconf 88' lang='lat' dir='ltr'><strong>ornatus</strong></span> <span class='ocrx_word' id='word_1_584' title='bbox 3505 1455 3742 1511; x_wconf 82' lang='lat' dir='ltr'><strong>exterius</strong></span> <span class='ocrx_word' id='word_1_585' title='bbox 3768 1456 3862 1511; x_wconf 81' lang='lat' dir='ltr'><strong>ad-</strong></span> 
     </span>
    </p>
   </div>
   <div class='ocr_carea' id='block_1_75' title="bbox 2261 1540 3859 1616">
    <p class='ocr_par' dir='ltr' id='par_1_75' title="bbox 2261 1540 3859 1616">
     <span class='ocr_line' id='line_1_75' title="bbox 2261 1540 3859 1616; baseline 0.004 -21"><span class='ocrx_word' id='word_1_586' title='bbox 2261 1540 2613 1596; x_wconf 80' lang='lat' dir='ltr'><strong>ditamentum</strong></span> <span class='ocrx_word' id='word_1_587' title='bbox 2660 1542 2965 1611; x_wconf 88' lang='lat' dir='ltr'><strong>admittant,</strong></span> <span class='ocrx_word' id='word_1_588' title='bbox 3016 1557 3130 1599; x_wconf 67' lang='lat' dir='ltr'><strong>sum</strong></span> <span class='ocrx_word' id='word_1_589' title='bbox 3176 1542 3592 1615; x_wconf 85' lang='lat' dir='ltr'><strong>pulchritudinis</strong></span> <span class='ocrx_word' id='word_1_590' title='bbox 3635 1546 3859 1616; x_wconf 76' lang='lat' dir='ltr'><strong>gloriam</strong></span> 
     </span>
    </p>
   </div>
   <div class='ocr_carea' id='block_1_76' title="bbox 2262 1631 3860 1706">
    <p class='ocr_par' dir='ltr' id='par_1_76' title="bbox 2262 1631 3860 1706">
     <span class='ocr_line' id='line_1_76' title="bbox 2262 1631 3860 1706; baseline 0.006 -24"><span class='ocrx_word' id='word_1_591' title='bbox 2262 1631 2529 1698; x_wconf 71' lang='lat' dir='ltr'><strong>tninmunt,</strong></span> <span class='ocrx_word' id='word_1_592' title='bbox 2562 1632 2706 1704; x_wconf 90' lang='lat' dir='ltr'><strong>quod</strong></span> <span class='ocrx_word' id='word_1_593' title='bbox 2735 1632 2842 1688; x_wconf 83' lang='lat' dir='ltr'><strong>fuci</strong></span> <span class='ocrx_word' id='word_1_594' title='bbox 2865 1642 2920 1689; x_wconf 88' lang='lat' dir='ltr'><strong>et</strong></span> <span class='ocrx_word' id='word_1_595' title='bbox 2950 1634 3241 1705; x_wconf 86' lang='lat' dir='ltr'><strong>pigmenta,</strong></span> <span class='ocrx_word' id='word_1_596' title='bbox 3279 1644 3333 1691; x_wconf 86' lang='lat' dir='ltr'><strong>et</strong></span> <span class='ocrx_word' id='word_1_597' title='bbox 3362 1636 3568 1706; x_wconf 80' lang='lat' dir='ltr'><strong>reliqua</strong></span> <span class='ocrx_word' id='word_1_598' title='bbox 3596 1636 3860 1706; x_wconf 79' lang='lat' dir='ltr'><strong>ejusmodi</strong></span> 
     </span>
    </p>
   </div>
   <div class='ocr_carea' id='block_1_77' title="bbox 2262 1720 3864 1783">
    <p class='ocr_par' dir='ltr' id='par_1_77' title="bbox 2262 1720 3864 1783">
     <span class='ocr_line' id='line_1_77' title="bbox 2262 1720 3864 1783; baseline 0.006 -9"><span class='ocrx_word' id='word_1_599' title='bbox 2262 1720 2527 1777; x_wconf 87' lang='lat' dir='ltr'><strong>lenocinia</strong></span> <span class='ocrx_word' id='word_1_600' title='bbox 2572 1731 2628 1778; x_wconf 92' lang='lat' dir='ltr'><strong>ct</strong></span> <span class='ocrx_word' id='word_1_601' title='bbox 2672 1723 2895 1779; x_wconf 83' lang='lat' dir='ltr'><strong>artificia</strong></span> <span class='ocrx_word' id='word_1_602' title='bbox 2936 1723 3122 1780; x_wconf 69' lang='lat' dir='ltr'><strong>formai</strong></span> <span class='ocrx_word' id='word_1_603' title='bbox 3169 1724 3383 1781; x_wconf 84' lang='lat' dir='ltr'><strong>laudem</strong></span> <span class='ocrx_word' id='word_1_604' title='bbox 3420 1724 3649 1780; x_wconf 84' lang='lat' dir='ltr'><strong>divisam</strong></span> <span class='ocrx_word' id='word_1_605' title='bbox 3692 1724 3760 1782; x_wconf 87' lang='lat' dir='ltr'><strong>ad</strong></span> <span class='ocrx_word' id='word_1_606' title='bbox 3803 1742 3864 1783; x_wconf 85' lang='lat' dir='ltr'><strong>se</strong></span> 
     </span>
    </p>
   </div>
   <div class='ocr_carea' id='block_1_78' title="bbox 2264 1812 3863 1886">
    <p class='ocr_par' dir='ltr' id='par_1_78' title="bbox 2264 1812 3863 1886">
     <span class='ocr_line' id='line_1_78' title="bbox 2264 1812 3863 1886; baseline 0.004 -20"><span class='ocrx_word' id='word_1_607' title='bbox 2264 1812 2479 1868; x_wconf 83' lang='lat' dir='ltr'><strong>trahant</strong></span> <span class='ocrx_word' id='word_1_608' title='bbox 2506 1832 2518 1867; x_wconf 88' lang='lat'><strong>:</strong></span> <span class='ocrx_word' id='word_1_609' title='bbox 2546 1815 2689 1885; x_wconf 90' lang='lat' dir='ltr'><strong>quod</strong></span> <span class='ocrx_word' id='word_1_610' title='bbox 2716 1815 2760 1870; x_wconf 89' lang='lat' dir='ltr'><strong>si</strong></span> <span class='ocrx_word' id='word_1_611' title='bbox 2790 1812 2924 1870; x_wconf 82' lang='lat' dir='ltr'><strong>nihil</strong></span> <span class='ocrx_word' id='word_1_612' title='bbox 2951 1815 3031 1871; x_wconf 89' lang='lat' dir='ltr'><strong>eis</strong></span> <span class='ocrx_word' id='word_1_613' title='bbox 3073 1814 3367 1883; x_wconf 79' lang='lat' dir='ltr'><strong>addideris,</strong></span> <span class='ocrx_word' id='word_1_614' title='bbox 3408 1815 3863 1886; x_wconf 85' lang='lat' dir='ltr'><strong>pulchritudinem</strong></span> 
     </span>
    </p>
   </div>
   <div class='ocr_carea' id='block_1_79' title="bbox 2264 1906 3865 1979">
    <p class='ocr_par' dir='ltr' id='par_1_79' title="bbox 2264 1906 3865 1979">
     <span class='ocr_line' id='line_1_79' title="bbox 2264 1906 3865 1979; baseline 0.001 -19"><span class='ocrx_word' id='word_1_615' title='bbox 2264 1920 2449 1960; x_wconf 88' lang='lat' dir='ltr'><strong>eorum</strong></span> <span class='ocrx_word' id='word_1_616' title='bbox 2476 1908 2643 1976; x_wconf 87' lang='lat' dir='ltr'><strong>magis</strong></span> <span class='ocrx_word' id='word_1_617' title='bbox 2667 1906 2891 1979; x_wconf 84' lang='lat' dir='ltr'><strong>detegis,</strong></span> <span class='ocrx_word' id='word_1_618' title='bbox 2916 1907 3043 1963; x_wconf 90' lang='lat' dir='ltr'><strong>dum</strong></span> <span class='ocrx_word' id='word_1_619' title='bbox 3075 1908 3189 1962; x_wconf 86' lang='lat' dir='ltr'><strong>sola</strong></span> <span class='ocrx_word' id='word_1_620' title='bbox 3216 1908 3387 1964; x_wconf 84' lang='lat' dir='ltr'><strong>forma</strong></span> <span class='ocrx_word' id='word_1_621' title='bbox 3411 1907 3674 1974; x_wconf 84' lang='lat' dir='ltr'><strong>decertat,</strong></span> <span class='ocrx_word' id='word_1_622' title='bbox 3705 1915 3761 1961; x_wconf 92' lang='lat' dir='ltr'><strong>et</strong></span> <span class='ocrx_word' id='word_1_623' title='bbox 3782 1908 3865 1962; x_wconf 87' lang='lat' dir='ltr'><strong>in—</strong></span> 
     </span>
    </p>
   </div>
   <div class='ocr_carea' id='block_1_80' title="bbox 2265 1998 3864 2069">
    <p class='ocr_par' dir='ltr' id='par_1_80' title="bbox 2265 1998 3864 2069">
     <span class='ocr_line' id='line_1_80' title="bbox 2265 1998 3864 2069; baseline 0.003 -19"><span class='ocrx_word' id='word_1_624' title='bbox 2265 2005 2412 2066; x_wconf 76' lang='lat' dir='ltr'><strong>tegra</strong></span> <span class='ocrx_word' id='word_1_625' title='bbox 2461 1998 2617 2053; x_wconf 86' lang='lat' dir='ltr'><strong>laude</strong></span> <span class='ocrx_word' id='word_1_626' title='bbox 2646 2006 2700 2054; x_wconf 87' lang='lat' dir='ltr'><strong>et</strong></span> <span class='ocrx_word' id='word_1_627' title='bbox 2729 2000 3200 2055; x_wconf 72' lang='lat' dir='ltr'><strong>commendatione</strong></span> <span class='ocrx_word' id='word_1_628' title='bbox 3232 2000 3521 2069; x_wconf 74' lang='lat' dir='ltr'><strong>perimitur</strong></span> <span class='ocrx_word' id='word_1_629' title='bbox 3552 2018 3567 2054; x_wconf 89' lang='lat'><strong>:</strong></span> <span class='ocrx_word' id='word_1_630' title='bbox 3596 1999 3666 2054; x_wconf 89' lang='lat' dir='ltr'><strong>ita</strong></span> <span class='ocrx_word' id='word_1_631' title='bbox 3710 1998 3768 2054; x_wconf 84' lang='lat' dir='ltr'><strong>lit</strong></span> <span class='ocrx_word' id='word_1_632' title='bbox 3809 1999 3864 2054; x_wconf 90' lang='lat' dir='ltr'><strong>in</strong></span> 
     </span>
    </p>
   </div>
   <div class='ocr_carea' id='block_1_81' title="bbox 2265 2088 3862 2164">
    <p class='ocr_par' dir='ltr' id='par_1_81' title="bbox 2265 2088 3862 2164">
     <span class='ocr_line' id='line_1_81' title="bbox 2265 2088 3862 2164; baseline 0.001 -22"><span class='ocrx_word' id='word_1_633' title='bbox 2265 2088 2547 2159; x_wconf 81' lang='lat' dir='ltr'><strong>religione,</strong></span> <span class='ocrx_word' id='word_1_634' title='bbox 2580 2101 2634 2146; x_wconf 89' lang='lat' dir='ltr'><strong>et</strong></span> <span class='ocrx_word' id='word_1_635' title='bbox 2661 2091 2923 2161; x_wconf 85' lang='lat' dir='ltr'><strong>spirituaii</strong></span> <span class='ocrx_word' id='word_1_636' title='bbox 2954 2107 3151 2164; x_wconf 87' lang='lat' dir='ltr'><strong>sponsa</strong></span> <span class='ocrx_word' id='word_1_637' title='bbox 3186 2110 3200 2146; x_wconf 88' lang='lat'><strong>:</strong></span> <span class='ocrx_word' id='word_1_638' title='bbox 3232 2092 3276 2146; x_wconf 91' lang='lat' dir='ltr'><strong>si</strong></span> <span class='ocrx_word' id='word_1_639' title='bbox 3302 2091 3426 2161; x_wconf 87' lang='lat' dir='ltr'><strong>quid</strong></span> <span class='ocrx_word' id='word_1_640' title='bbox 3465 2102 3748 2146; x_wconf 81' lang='lat' dir='ltr'><strong>externum</strong></span> <span class='ocrx_word' id='word_1_641' title='bbox 3790 2091 3862 2144; x_wconf 90' lang='lat' dir='ltr'><strong>illi</strong></span> 
     </span>
    </p>
   </div>
   <div class='ocr_carea' id='block_1_82' title="bbox 2262 2179 3867 2254">
    <p class='ocr_par' dir='ltr' id='par_1_82' title="bbox 2262 2179 3867 2254">
     <span class='ocr_line' id='line_1_82' title="bbox 2262 2179 3867 2254; baseline 0.003 -23"><span class='ocrx_word' id='word_1_642' title='bbox 2262 2179 2540 2251; x_wconf 80' lang='lat' dir='ltr'><strong>adjuugas,</strong></span> <span class='ocrx_word' id='word_1_643' title='bbox 2576 2184 2689 2238; x_wconf 88' lang='lat' dir='ltr'><strong>sive</strong></span> <span class='ocrx_word' id='word_1_644' title='bbox 2720 2184 2951 2249; x_wconf 84' lang='lat' dir='ltr'><strong>divitias,</strong></span> <span class='ocrx_word' id='word_1_645' title='bbox 2978 2184 3093 2239; x_wconf 87' lang='lat' dir='ltr'><strong>sive</strong></span> <span class='ocrx_word' id='word_1_646' title='bbox 3114 2184 3439 2254; x_wconf 73' lang='lat' dir='ltr'><strong>potentiam,</strong></span> <span class='ocrx_word' id='word_1_647' title='bbox 3458 2184 3574 2238; x_wconf 88' lang='lat' dir='ltr'><strong>sive</strong></span> <span class='ocrx_word' id='word_1_648' title='bbox 3607 2182 3867 2237; x_wconf 88' lang='lat' dir='ltr'><strong>eruditio-</strong></span> 
     </span>
    </p>
   </div>
   <div class='ocr_carea' id='block_1_83' title="bbox 2264 2272 3866 2346">
    <p class='ocr_par' dir='ltr' id='par_1_83' title="bbox 2264 2272 3866 2346">
     <span class='ocr_line' id='line_1_83' title="bbox 2264 2272 3866 2346; baseline 0.003 -21"><span class='ocrx_word' id='word_1_649' title='bbox 2264 2273 2346 2325; x_wconf 86' lang='lat' dir='ltr'><strong>nis</strong></span> <span class='ocrx_word' id='word_1_650' title='bbox 2371 2272 2497 2339; x_wconf 87' lang='lat' dir='ltr'><strong>vim,</strong></span> <span class='ocrx_word' id='word_1_651' title='bbox 2533 2272 2759 2343; x_wconf 84' lang='lat' dir='ltr'><strong>gloriam</strong></span> <span class='ocrx_word' id='word_1_652' title='bbox 2786 2276 2903 2346; x_wconf 89' lang='lat' dir='ltr'><strong>ejus</strong></span> <span class='ocrx_word' id='word_1_653' title='bbox 2922 2275 3121 2345; x_wconf 88' lang='lat' dir='ltr'><strong>pcrdis,</strong></span> <span class='ocrx_word' id='word_1_654' title='bbox 3147 2291 3245 2330; x_wconf 90' lang='lat' dir='ltr'><strong>nec</strong></span> <span class='ocrx_word' id='word_1_655' title='bbox 3267 2276 3399 2330; x_wconf 87' lang='lat' dir='ltr'><strong>sinis</strong></span> <span class='ocrx_word' id='word_1_656' title='bbox 3429 2284 3484 2329; x_wconf 90' lang='lat' dir='ltr'><strong>ut</strong></span> <span class='ocrx_word' id='word_1_657' title='bbox 3512 2275 3718 2345; x_wconf 83' lang='lat' dir='ltr'><strong>integra</strong></span> <span class='ocrx_word' id='word_1_658' title='bbox 3748 2274 3866 2330; x_wconf 82' lang='lat' dir='ltr'><strong>laus</strong></span> 
     </span>
    </p>
   </div>
   <div class='ocr_carea' id='block_1_84' title="bbox 2263 2360 3866 2436">
    <p class='ocr_par' dir='ltr' id='par_1_84' title="bbox 2263 2360 3866 2436">
     <span class='ocr_line' id='line_1_84' title="bbox 2263 2360 3866 2436; baseline 0.002 -19"><span class='ocrx_word' id='word_1_659' title='bbox 2263 2360 2381 2431; x_wconf 88' lang='lat' dir='ltr'><strong>ejus</strong></span> <span class='ocrx_word' id='word_1_660' title='bbox 2406 2373 2687 2433; x_wconf 86' lang='lat' dir='ltr'><strong>appareat,</strong></span> <span class='ocrx_word' id='word_1_661' title='bbox 2717 2365 2809 2419; x_wconf 91' lang='lat' dir='ltr'><strong>sed</strong></span> <span class='ocrx_word' id='word_1_662' title='bbox 2844 2367 2895 2420; x_wconf 90' lang='lat' dir='ltr'><strong>in</strong></span> <span class='ocrx_word' id='word_1_663' title='bbox 2923 2367 3117 2420; x_wconf 87' lang='lat' dir='ltr'><strong>multas</strong></span> <span class='ocrx_word' id='word_1_664' title='bbox 3144 2375 3321 2435; x_wconf 88' lang='lat' dir='ltr'><strong>partes</strong></span> <span class='ocrx_word' id='word_1_665' title='bbox 3368 2365 3484 2435; x_wconf 90' lang='lat' dir='ltr'><strong>ejus</strong></span> <span class='ocrx_word' id='word_1_666' title='bbox 3526 2365 3755 2436; x_wconf 85' lang='lat' dir='ltr'><strong>gloriam</strong></span> <span class='ocrx_word' id='word_1_667' title='bbox 3784 2366 3866 2421; x_wconf 86' lang='lat' dir='ltr'><strong>di-</strong></span> 
     </span>
    </p>
   </div>
   <div class='ocr_carea' id='block_1_85' title="bbox 2259 2453 3868 2528">
    <p class='ocr_par' dir='ltr' id='par_1_85' title="bbox 2259 2453 3868 2528">
     <span class='ocr_line' id='line_1_85' title="bbox 2259 2453 3868 2528; baseline 0.002 -21"><span class='ocrx_word' id='word_1_668' title='bbox 2259 2453 2399 2509; x_wconf 74' lang='lat' dir='ltr'><strong>Vidis</strong></span> <span class='ocrx_word' id='word_1_669' title='bbox 2424 2474 2436 2509; x_wconf 89' lang='lat'>;</span> <span class='ocrx_word' id='word_1_670' title='bbox 2466 2455 2546 2510; x_wconf 77' lang='lat' dir='ltr'><strong>sin</strong></span> <span class='ocrx_word' id='word_1_671' title='bbox 2572 2471 2690 2511; x_wconf 89' lang='lat' dir='ltr'><strong>eam</strong></span> <span class='ocrx_word' id='word_1_672' title='bbox 2719 2457 2887 2511; x_wconf 86' lang='lat' dir='ltr'><strong>solam</strong></span> <span class='ocrx_word' id='word_1_673' title='bbox 2918 2457 3061 2512; x_wconf 90' lang='lat' dir='ltr'><strong>sinas</strong></span> <span class='ocrx_word' id='word_1_674' title='bbox 3086 2456 3391 2526; x_wconf 78' lang='lat' dir='ltr'><strong>simplicem</strong></span> <span class='ocrx_word' id='word_1_675' title='bbox 3412 2456 3717 2528; x_wconf 83' lang='lat' dir='ltr'><strong>nudamque</strong></span> <span class='ocrx_word' id='word_1_676' title='bbox 3740 2472 3868 2512; x_wconf 84' lang='lat' dir='ltr'><strong>cer-</strong></span> 
     </span>
    </p>
   </div>
   <div class='ocr_carea' id='block_1_86' title="bbox 2267 2546 3869 2611">
    <p class='ocr_par' dir='ltr' id='par_1_86' title="bbox 2267 2546 3869 2611">
     <span class='ocr_line' id='line_1_86' title="bbox 2267 2546 3869 2611; baseline 0.005 -15"><span class='ocrx_word' id='word_1_677' title='bbox 2267 2550 2402 2609; x_wconf 78' lang='lat' dir='ltr'><strong>tare,</strong></span> <span class='ocrx_word' id='word_1_678' title='bbox 2430 2547 2625 2600; x_wconf 87' lang='lat' dir='ltr'><strong>amotis</strong></span> <span class='ocrx_word' id='word_1_679' title='bbox 2652 2547 2900 2601; x_wconf 89' lang='lat' dir='ltr'><strong>omnibus</strong></span> <span class='ocrx_word' id='word_1_680' title='bbox 2948 2546 3109 2602; x_wconf 85' lang='lat' dir='ltr'><strong>rebus</strong></span> <span class='ocrx_word' id='word_1_681' title='bbox 3162 2546 3441 2611; x_wconf 81' lang='lat' dir='ltr'><strong>humanis,</strong></span> <span class='ocrx_word' id='word_1_682' title='bbox 3475 2557 3603 2603; x_wconf 87' lang='lat' dir='ltr'><strong>tunc</strong></span> <span class='ocrx_word' id='word_1_683' title='bbox 3632 2549 3869 2604; x_wconf 74' lang='lat' dir='ltr'><strong>maxime</strong></span> 
     </span>
    </p>
   </div>
   <div class='ocr_carea' id='block_1_87' title="bbox 2266 2628 3868 2707">
    <p class='ocr_par' dir='ltr' id='par_1_87' title="bbox 2266 2628 3868 2707">
     <span class='ocr_line' id='line_1_87' title="bbox 2266 2628 3868 2707; baseline 0.006 -23"><span class='ocrx_word' id='word_1_684' title='bbox 2266 2635 2607 2704; x_wconf 84' lang='lat' dir='ltr'><strong>pulchritudo</strong></span> <span class='ocrx_word' id='word_1_685' title='bbox 2628 2628 2746 2706; x_wconf 82' lang='lat' dir='ltr'><strong>ejus</strong></span> <span class='ocrx_word' id='word_1_686' title='bbox 2770 2638 2945 2692; x_wconf 88' lang='lat' dir='ltr'><strong>omnis</strong></span> <span class='ocrx_word' id='word_1_687' title='bbox 2986 2639 3285 2707; x_wconf 75' lang='lat' dir='ltr'><strong>apparebit,</strong></span> <span class='ocrx_word' id='word_1_688' title='bbox 3312 2648 3438 2693; x_wconf 89' lang='lat' dir='ltr'><strong>tunc</strong></span> <span class='ocrx_word' id='word_1_689' title='bbox 3469 2638 3668 2693; x_wconf 79' lang='lat' dir='ltr'><strong>invicut</strong></span> <span class='ocrx_word' id='word_1_690' title='bbox 3699 2640 3868 2693; x_wconf 79' lang='lat' dir='ltr'><strong>virtus</strong></span> 
     </span>
    </p>
   </div>
   <div class='ocr_carea' id='block_1_88' title="bbox 2263 2723 3877 2799">
    <p class='ocr_par' dir='ltr' id='par_1_88' title="bbox 2263 2723 3877 2799">
     <span class='ocr_line' id='line_1_88' title="bbox 2263 2723 3877 2799; baseline 0.006 -22"><span class='ocrx_word' id='word_1_691' title='bbox 2263 2723 2381 2794; x_wconf 82' lang='lat' dir='ltr'><strong>ejus</strong></span> <span class='ocrx_word' id='word_1_692' title='bbox 2406 2726 2655 2791; x_wconf 89' lang='lat' dir='ltr'><strong>elucebit,</strong></span> <span class='ocrx_word' id='word_1_693' title='bbox 2690 2738 2813 2782; x_wconf 91' lang='lat' dir='ltr'><strong>cum</strong></span> <span class='ocrx_word' id='word_1_694' title='bbox 2841 2742 3017 2797; x_wconf 90' lang='lat' dir='ltr'><strong>neque</strong></span> <span class='ocrx_word' id='word_1_695' title='bbox 3045 2728 3245 2783; x_wconf 83' lang='lat' dir='ltr'><strong>divitiis</strong></span> <span class='ocrx_word' id='word_1_696' title='bbox 3268 2727 3535 2799; x_wconf 88' lang='lat' dir='ltr'><strong>indigens,</strong></span> <span class='ocrx_word' id='word_1_697' title='bbox 3566 2744 3740 2799; x_wconf 87' lang='lat' dir='ltr'><strong>neque</strong></span> <span class='ocrx_word' id='word_1_698' title='bbox 3780 2746 3877 2786; x_wconf 73' lang='lat' dir='ltr'><strong>sa-r</strong></span> 
     </span>
    </p>
   </div>
   <div class='ocr_carea' id='block_1_89' title="bbox 2268 2813 3875 2890">
    <p class='ocr_par' dir='ltr' id='par_1_89' title="bbox 2268 2813 3875 2890">
     <span class='ocr_line' id='line_1_89' title="bbox 2268 2813 3875 2890; baseline 0.006 -25"><span class='ocrx_word' id='word_1_699' title='bbox 2268 2813 2488 2883; x_wconf 82' lang='lat' dir='ltr'><strong>pictttia,</strong></span> <span class='ocrx_word' id='word_1_700' title='bbox 2513 2830 2685 2886; x_wconf 87' lang='lat' dir='ltr'><strong>neque</strong></span> <span class='ocrx_word' id='word_1_701' title='bbox 2714 2818 2977 2887; x_wconf 86' lang='lat' dir='ltr'><strong>potentia,</strong></span> <span class='ocrx_word' id='word_1_702' title='bbox 2999 2832 3173 2888; x_wconf 86' lang='lat' dir='ltr'><strong>neque</strong></span> <span class='ocrx_word' id='word_1_703' title='bbox 3212 2818 3521 2885; x_wconf 75' lang='lat' dir='ltr'><strong>nobilitate,</strong></span> <span class='ocrx_word' id='word_1_704' title='bbox 3546 2834 3722 2890; x_wconf 88' lang='lat' dir='ltr'><strong>neque</strong></span> <span class='ocrx_word' id='word_1_705' title='bbox 3749 2822 3875 2875; x_wconf 83' lang='lat' dir='ltr'><strong>aliis</strong></span> 
     </span>
    </p>
   </div>
   <div class='ocr_carea' id='block_1_90' title="bbox 2268 2906 3863 2981">
    <p class='ocr_par' dir='ltr' id='par_1_90' title="bbox 2268 2906 3863 2981">
     <span class='ocr_line' id='line_1_90' title="bbox 2268 2906 3863 2981; baseline 0.001 -20"><span class='ocrx_word' id='word_1_706' title='bbox 2268 2907 2390 2961; x_wconf 81' lang='lat' dir='ltr'><strong>ullis</strong></span> <span class='ocrx_word' id='word_1_707' title='bbox 2420 2906 2583 2963; x_wconf 82' lang='lat' dir='ltr'><strong>rebus</strong></span> <span class='ocrx_word' id='word_1_708' title='bbox 2615 2910 2879 2975; x_wconf 83' lang='lat' dir='ltr'><strong>immanis,</strong></span> <span class='ocrx_word' id='word_1_709' title='bbox 2904 2911 3085 2964; x_wconf 88' lang='lat' dir='ltr'><strong>omnia</strong></span> <span class='ocrx_word' id='word_1_710' title='bbox 3110 2924 3362 2981; x_wconf 82' lang='lat' dir='ltr'><strong>superare</strong></span> <span class='ocrx_word' id='word_1_711' title='bbox 3387 2909 3619 2980; x_wconf 84' lang='lat' dir='ltr'><strong>potuerit</strong></span> <span class='ocrx_word' id='word_1_712' title='bbox 3644 2920 3698 2965; x_wconf 89' lang='lat' dir='ltr'><strong>et</strong></span> <span class='ocrx_word' id='word_1_713' title='bbox 3731 2913 3863 2965; x_wconf 81' lang='lat' dir='ltr'><strong>suh-</strong></span> 
     </span>
    </p>
   </div>
   <div class='ocr_carea' id='block_1_91' title="bbox 2268 3000 3868 3073">
    <p class='ocr_par' dir='ltr' id='par_1_91' title="bbox 2268 3000 3868 3073">
     <span class='ocr_line' id='line_1_91' title="bbox 2268 3000 3868 3073; baseline 0.003 -20"><span class='ocrx_word' id='word_1_714' title='bbox 2268 3002 2432 3070; x_wconf 85' lang='lat' dir='ltr'><strong>igere,</strong></span> <span class='ocrx_word' id='word_1_715' title='bbox 2458 3000 2586 3055; x_wconf 90' lang='lat' dir='ltr'><strong>dum</strong></span> <span class='ocrx_word' id='word_1_716' title='bbox 2615 3015 2710 3071; x_wconf 86' lang='lat' dir='ltr'><strong>per</strong></span> <span class='ocrx_word' id='word_1_717' title='bbox 2739 3002 2985 3057; x_wconf 85' lang='lat' dir='ltr'><strong>homines</strong></span> <span class='ocrx_word' id='word_1_718' title='bbox 3013 3002 3167 3067; x_wconf 88' lang='lat' dir='ltr'><strong>viles,</strong></span> <span class='ocrx_word' id='word_1_719' title='bbox 3203 3002 3463 3072; x_wconf 83' lang='lat' dir='ltr'><strong>ahjcctos,</strong></span> <span class='ocrx_word' id='word_1_720' title='bbox 3487 3014 3706 3073; x_wconf 87' lang='lat' dir='ltr'><strong>egenos,</strong></span> <span class='ocrx_word' id='word_1_721' title='bbox 3739 3018 3868 3072; x_wconf 83' lang='lat' dir='ltr'><strong>pau-</strong></span> 
     </span>
    </p>
   </div>
   <div class='ocr_carea' id='block_1_92' title="bbox 2270 3092 3877 3165">
    <p class='ocr_par' dir='ltr' id='par_1_92' title="bbox 2270 3092 3877 3165">
     <span class='ocr_line' id='line_1_92' title="bbox 2270 3092 3877 3165; baseline 0.001 -18"><span class='ocrx_word' id='word_1_722' title='bbox 2270 3109 2445 3163; x_wconf 52' lang='lat' dir='ltr'><strong>peres,</strong></span> <span class='ocrx_word' id='word_1_723' title='bbox 2481 3092 2692 3159; x_wconf 83' lang='lat' dir='ltr'><strong>idiotas,</strong></span> <span class='ocrx_word' id='word_1_724' title='bbox 2724 3093 2901 3161; x_wconf 82' lang='lat' dir='ltr'><strong>impiis</strong></span> <span class='ocrx_word' id='word_1_725' title='bbox 2926 3095 3253 3159; x_wconf 85' lang='lat' dir='ltr'><strong>oratoribus,</strong></span> <span class='ocrx_word' id='word_1_726' title='bbox 3289 3092 3643 3163; x_wconf 83' lang='lat' dir='ltr'><strong>philosophis,</strong></span> <span class='ocrx_word' id='word_1_727' title='bbox 3678 3103 3877 3165; x_wconf 70' lang='lat' dir='ltr'><strong>tyran-r</strong></span> 
     </span>
    </p>
   </div>
   <div class='ocr_carea' id='block_1_93' title="bbox 2270 3183 3681 3255">
    <p class='ocr_par' dir='ltr' id='par_1_93' title="bbox 2270 3183 3681 3255">
     <span class='ocr_line' id='line_1_93' title="bbox 2270 3183 3681 3255; baseline -0.001 -15"><span class='ocrx_word' id='word_1_728' title='bbox 2270 3186 2373 3249; x_wconf 72' lang='lat' dir='ltr'><strong>nis,</strong></span> <span class='ocrx_word' id='word_1_729' title='bbox 2398 3195 2451 3240; x_wconf 91' lang='lat' dir='ltr'><strong>et</strong></span> <span class='ocrx_word' id='word_1_730' title='bbox 2478 3188 2729 3240; x_wconf 71' lang='lat' dir='ltr'><strong>liliiVCl‘Sli</strong></span> <span class='ocrx_word' id='word_1_731' title='bbox 2759 3196 3021 3241; x_wconf 86' lang='lat' dir='ltr'><strong>terrarum</strong></span> <span class='ocrx_word' id='word_1_732' title='bbox 3051 3186 3183 3240; x_wconf 82' lang='lat' dir='ltr'><strong>urbe</strong></span> <span class='ocrx_word' id='word_1_733' title='bbox 3212 3186 3459 3255; x_wconf 84' lang='lat' dir='ltr'><strong>superior</strong></span> <span class='ocrx_word' id='word_1_734' title='bbox 3484 3183 3681 3241; x_wconf 86' lang='lat' dir='ltr'><strong>evadit.</strong></span> 
     </span>
    </p>
   </div>
   <div class='ocr_carea' id='block_1_94' title="bbox 2346 3275 3875 3348">
    <p class='ocr_par' dir='ltr' id='par_1_94' title="bbox 2346 3275 3875 3348">
     <span class='ocr_line' id='line_1_94' title="bbox 2346 3275 3875 3348; baseline 0.004 -19"><span class='ocrx_word' id='word_1_735' title='bbox 2346 3276 2586 3329; x_wconf 82' lang='lat' dir='ltr'><strong>Humana</strong></span> <span class='ocrx_word' id='word_1_736' title='bbox 2613 3276 2864 3345; x_wconf 83' lang='lat' dir='ltr'><strong>sapientia</strong></span> <span class='ocrx_word' id='word_1_737' title='bbox 2892 3276 3241 3348; x_wconf 81' lang='lat' dir='ltr'><strong>confunditur.</strong></span> <span class='ocrx_word' id='word_1_738' title='bbox 3267 3298 3338 3316; x_wconf 68' lang='grc' dir='ltr'>η-</span> <span class='ocrx_word' id='word_1_739' title='bbox 3359 3275 3646 3346; x_wconf 84' lang='lat' dir='ltr'><strong>Propterea</strong></span> <span class='ocrx_word' id='word_1_740' title='bbox 3670 3277 3875 3335; x_wconf 78' lang='lat' dir='ltr'><strong>Paulus</strong></span> 
     </span>
    </p>
   </div>
   <div class='ocr_carea' id='block_1_95' title="bbox 2269 3364 3873 3437">
    <p class='ocr_par' dir='ltr' id='par_1_95' title="bbox 2269 3364 3873 3437">
     <span class='ocr_line' id='line_1_95' title="bbox 2269 3364 3873 3437; baseline 0.004 -20"><span class='ocrx_word' id='word_1_741' title='bbox 2269 3380 2480 3437; x_wconf 87' lang='lat' dir='ltr'><strong>quoque</strong></span> <span class='ocrx_word' id='word_1_742' title='bbox 2508 3366 2720 3421; x_wconf 85' lang='lat' dir='ltr'><strong>dicebat</strong></span> <span class='ocrx_word' id='word_1_743' title='bbox 2752 3383 2765 3419; x_wconf 92' lang='lat'><strong>:</strong></span> <span class='ocrx_word' id='word_1_744' title='bbox 2800 3364 2921 3420; x_wconf 85' lang='lat' dir='ltr'><strong>Non</strong></span> <span class='ocrx_word' id='word_1_745' title='bbox 2952 3366 3061 3420; x_wconf 80' lang='lat' dir='ltr'><strong>veni</strong></span> <span class='ocrx_word' id='word_1_746' title='bbox 3102 3383 3191 3437; x_wconf 84' lang='lat' dir='ltr'><strong>per</strong></span> <span class='ocrx_word' id='word_1_747' title='bbox 3217 3365 3578 3420; x_wconf 82' lang='lat' dir='ltr'><strong>sublimitatem</strong></span> <span class='ocrx_word' id='word_1_748' title='bbox 3620 3369 3873 3424; x_wconf 82' lang='lat' dir='ltr'><strong>sermonis</strong></span> 
     </span>
    </p>
   </div>
   <div class='ocr_carea' id='block_1_96' title="bbox 2269 3455 3863 3529">
    <p class='ocr_par' dir='ltr' id='par_1_96' title="bbox 2269 3455 3863 3529">
     <span class='ocr_line' id='line_1_96' title="bbox 2269 3455 3863 3529; baseline 0.003 -20"><span class='ocrx_word' id='word_1_749' title='bbox 2269 3458 2578 3511; x_wconf 84' lang='lat' dir='ltr'><strong>annuntians</strong></span> <span class='ocrx_word' id='word_1_750' title='bbox 2608 3458 2745 3512; x_wconf 82' lang='lat' dir='ltr'><strong>vobis</strong></span> <span class='ocrx_word' id='word_1_751' title='bbox 2763 3458 3105 3513; x_wconf 80' lang='lat' dir='ltr'><strong>testimonium</strong></span> <span class='ocrx_word' id='word_1_752' title='bbox 3144 3456 3277 3529; x_wconf 82' lang='lat' dir='ltr'><strong>Dei(</strong></span> <span class='ocrx_word' id='word_1_753' title='bbox 3309 3457 3361 3510; x_wconf 85' lang='lat' dir='ltr'><strong>l.</strong></span> <span class='ocrx_word' id='word_1_754' title='bbox 3385 3455 3505 3510; x_wconf 85' lang='lat' dir='ltr'><strong>Cor.</strong></span> <span class='ocrx_word' id='word_1_755' title='bbox 3534 3457 3590 3511; x_wconf 73' lang='lat'><strong>2.</strong></span> <span class='ocrx_word' id='word_1_756' title='bbox 3620 3457 3646 3513; x_wconf 89' lang='grc'><strong>1</strong></span> <span class='ocrx_word' id='word_1_757' title='bbox 3683 3457 3703 3528; x_wconf 91' lang='grc'>)</span> <span class='ocrx_word' id='word_1_758' title='bbox 3730 3474 3744 3511; x_wconf 89' lang='lat'><strong>:</strong></span> <span class='ocrx_word' id='word_1_759' title='bbox 3772 3470 3863 3525; x_wconf 90' lang='lat' dir='ltr'><strong>et,</strong></span> 
     </span>
    </p>
   </div>
   <div class='ocr_carea' id='block_1_97' title="bbox 2273 3542 3868 3620">
    <p class='ocr_par' dir='ltr' id='par_1_97' title="bbox 2273 3542 3868 3620">
     <span class='ocr_line' id='line_1_97' title="bbox 2273 3542 3868 3620; baseline 0.001 -19"><span class='ocrx_word' id='word_1_760' title='bbox 2273 3547 2400 3613; x_wconf 67' lang='lat' dir='ltr'><strong>Quae</strong></span> <span class='ocrx_word' id='word_1_761' title='bbox 2422 3548 2578 3601; x_wconf 87' lang='lat' dir='ltr'><strong>stulta</strong></span> <span class='ocrx_word' id='word_1_762' title='bbox 2606 3556 2724 3602; x_wconf 86' lang='lat' dir='ltr'><strong>sunt</strong></span> <span class='ocrx_word' id='word_1_763' title='bbox 2753 3549 2935 3601; x_wconf 84' lang='lat' dir='ltr'><strong>mundi</strong></span> <span class='ocrx_word' id='word_1_764' title='bbox 2969 3548 3118 3618; x_wconf 85' lang='lat' dir='ltr'><strong>elegit</strong></span> <span class='ocrx_word' id='word_1_765' title='bbox 3159 3542 3328 3613; x_wconf 75' lang='lat' dir='ltr'><strong>Deus,</strong></span> <span class='ocrx_word' id='word_1_766' title='bbox 3370 3554 3426 3600; x_wconf 75' lang='lat' dir='ltr'><strong>ut</strong></span> <span class='ocrx_word' id='word_1_767' title='bbox 3472 3548 3756 3620; x_wconf 77' lang='lat' dir='ltr'><strong>confundat</strong></span> <span class='ocrx_word' id='word_1_768' title='bbox 3780 3566 3868 3603; x_wconf 83' lang='lat' dir='ltr'><strong>sa-</strong></span> 
     </span>
    </p>
   </div>
   <div class='ocr_carea' id='block_1_98' title="bbox 2270 3638 3878 3713">
    <p class='ocr_par' dir='ltr' id='par_1_98' title="bbox 2270 3638 3878 3713">
     <span class='ocr_line' id='line_1_98' title="bbox 2270 3638 3878 3713; baseline 0.002 -18"><span class='ocrx_word' id='word_1_769' title='bbox 2270 3643 2461 3712; x_wconf 86' lang='lat' dir='ltr'><strong>pientes</strong></span> <span class='ocrx_word' id='word_1_770' title='bbox 2504 3644 2522 3713; x_wconf 89' lang='lat'>(</span> <span class='ocrx_word' id='word_1_771' title='bbox 2553 3642 2601 3695; x_wconf 88' lang='lat' dir='ltr'><strong>l.</strong></span> <span class='ocrx_word' id='word_1_772' title='bbox 2628 3640 2748 3696; x_wconf 87' lang='lat' dir='ltr'><strong>Cor.</strong></span> <span class='ocrx_word' id='word_1_773' title='bbox 2780 3640 2830 3696; x_wconf 90' lang='grc'><strong>1.</strong></span> <span class='ocrx_word' id='word_1_774' title='bbox 2863 3640 2932 3695; x_wconf 76' lang='lat'><strong>27</strong></span> <span class='ocrx_word' id='word_1_775' title='bbox 2962 3638 3007 3713; x_wconf 92' lang='lat'><strong>).</strong></span> <span class='ocrx_word' id='word_1_776' title='bbox 3040 3640 3156 3695; x_wconf 84' lang='lat' dir='ltr'><strong>Non</strong></span> <span class='ocrx_word' id='word_1_777' title='bbox 3198 3640 3515 3710; x_wconf 87' lang='lat' dir='ltr'><strong>simpliciter</strong></span> <span class='ocrx_word' id='word_1_778' title='bbox 3556 3642 3712 3709; x_wconf 79' lang='lat' dir='ltr'><strong>dixit,</strong></span> <span class='ocrx_word' id='word_1_779' title='bbox 3734 3641 3878 3709; x_wconf 70' lang='lat' dir='ltr'><strong>Quas</strong></span> 
     </span>
    </p>
   </div>
   <div class='ocr_carea' id='block_1_99' title="bbox 2268 3730 3877 3802">
    <p class='ocr_par' dir='ltr' id='par_1_99' title="bbox 2268 3730 3877 3802">
     <span class='ocr_line' id='line_1_99' title="bbox 2268 3730 3877 3802; baseline 0 -14"><span class='ocrx_word' id='word_1_780' title='bbox 2268 3733 2426 3788; x_wconf 81' lang='lat' dir='ltr'><strong>stulta</strong></span> <span class='ocrx_word' id='word_1_781' title='bbox 2452 3742 2594 3799; x_wconf 89' lang='lat' dir='ltr'><strong>sunt,</strong></span> <span class='ocrx_word' id='word_1_782' title='bbox 2615 3732 2733 3799; x_wconf 87' lang='lat' dir='ltr'><strong>sed,</strong></span> <span class='ocrx_word' id='word_1_783' title='bbox 2761 3730 2890 3799; x_wconf 68' lang='lat' dir='ltr'><strong>Quae</strong></span> <span class='ocrx_word' id='word_1_784' title='bbox 2903 3733 3057 3786; x_wconf 86' lang='lat' dir='ltr'><strong>stulta</strong></span> <span class='ocrx_word' id='word_1_785' title='bbox 3074 3740 3191 3785; x_wconf 85' lang='lat' dir='ltr'><strong>sunt</strong></span> <span class='ocrx_word' id='word_1_786' title='bbox 3214 3731 3392 3785; x_wconf 77' lang='lat' dir='ltr'><strong>mundi</strong></span> <span class='ocrx_word' id='word_1_787' title='bbox 3409 3747 3427 3795; x_wconf 86' lang='lat'><strong><em>;</em></strong></span> <span class='ocrx_word' id='word_1_788' title='bbox 3451 3742 3628 3802; x_wconf 84' lang='lat' dir='ltr'><strong>neque</strong></span> <span class='ocrx_word' id='word_1_789' title='bbox 3642 3735 3877 3789; x_wconf 82' lang='lat' dir='ltr'><strong>omnino</strong></span> 
     </span>
    </p>
   </div>
   <div class='ocr_carea' id='block_1_100' title="bbox 2268 3822 3876 3895">
    <p class='ocr_par' dir='ltr' id='par_1_100' title="bbox 2268 3822 3876 3895">
     <span class='ocr_line' id='line_1_100' title="bbox 2268 3822 3876 3895; baseline 0.003 -19"><span class='ocrx_word' id='word_1_790' title='bbox 2268 3825 2434 3894; x_wconf 84' lang='lat' dir='ltr'><strong>quod,</strong></span> <span class='ocrx_word' id='word_1_791' title='bbox 2468 3824 2595 3891; x_wconf 78' lang='lat' dir='ltr'><strong>Qua:</strong></span> <span class='ocrx_word' id='word_1_792' title='bbox 2623 3824 2780 3877; x_wconf 80' lang='lat' dir='ltr'><strong>stulta</strong></span> <span class='ocrx_word' id='word_1_793' title='bbox 2804 3832 2922 3877; x_wconf 82' lang='lat' dir='ltr'><strong>sunt</strong></span> <span class='ocrx_word' id='word_1_794' title='bbox 2950 3822 3129 3876; x_wconf 84' lang='lat' dir='ltr'><strong>mundi</strong></span> <span class='ocrx_word' id='word_1_795' title='bbox 3150 3862 3167 3889; x_wconf 90' lang='lat'><strong>,</strong></span> <span class='ocrx_word' id='word_1_796' title='bbox 3197 3823 3307 3877; x_wconf 79' lang='lat' dir='ltr'><strong>sint</strong></span> <span class='ocrx_word' id='word_1_797' title='bbox 3334 3822 3495 3877; x_wconf 86' lang='lat' dir='ltr'><strong>etiam</strong></span> <span class='ocrx_word' id='word_1_798' title='bbox 3534 3822 3696 3878; x_wconf 88' lang='lat' dir='ltr'><strong>stulta</strong></span> <span class='ocrx_word' id='word_1_799' title='bbox 3725 3824 3876 3895; x_wconf 83' lang='lat' dir='ltr'><strong>apud</strong></span> 
     </span>
    </p>
   </div>
   <div class='ocr_carea' id='block_1_101' title="bbox 2272 3912 3867 3987">
    <p class='ocr_par' dir='ltr' id='par_1_101' title="bbox 2272 3912 3867 3987">
     <span class='ocr_line' id='line_1_101' title="bbox 2272 3912 3867 3987; baseline 0.002 -18"><span class='ocrx_word' id='word_1_800' title='bbox 2272 3912 2441 3970; x_wconf 88' lang='lat' dir='ltr'><strong>Deum</strong></span> <span class='ocrx_word' id='word_1_801' title='bbox 2477 3936 2486 3969; x_wconf 93' lang='lat'>:</span> <span class='ocrx_word' id='word_1_802' title='bbox 2512 3914 2607 3970; x_wconf 88' lang='lat' dir='ltr'><strong>sed</strong></span> <span class='ocrx_word' id='word_1_803' title='bbox 2637 3916 2791 3971; x_wconf 88' lang='lat' dir='ltr'><strong>multi</strong></span> <span class='ocrx_word' id='word_1_804' title='bbox 2832 3928 2902 3972; x_wconf 78' lang='lat' dir='ltr'><strong>ex</strong></span> <span class='ocrx_word' id='word_1_805' title='bbox 2946 3915 3055 3970; x_wconf 89' lang='lat' dir='ltr'><strong>illis</strong></span> <span class='ocrx_word' id='word_1_806' title='bbox 3084 3915 3181 3987; x_wconf 87' lang='lat' dir='ltr'><strong>qui</strong></span> <span class='ocrx_word' id='word_1_807' title='bbox 3206 3915 3456 3971; x_wconf 86' lang='lat' dir='ltr'><strong>videntur</strong></span> <span class='ocrx_word' id='word_1_808' title='bbox 3476 3916 3564 3971; x_wconf 92' lang='lat' dir='ltr'><strong>hic</strong></span> <span class='ocrx_word' id='word_1_809' title='bbox 3589 3928 3710 3973; x_wconf 88' lang='lat' dir='ltr'><strong>esse</strong></span> <span class='ocrx_word' id='word_1_810' title='bbox 3737 3918 3867 3972; x_wconf 85' lang='lat' dir='ltr'><strong>insi-</strong></span> 
     </span>
    </p>
   </div>
   <div class='ocr_carea' id='block_1_102' title="bbox 2272 4005 3864 4077">
    <p class='ocr_par' dir='ltr' id='par_1_102' title="bbox 2272 4005 3864 4077">
     <span class='ocr_line' id='line_1_102' title="bbox 2272 4005 3864 4077; baseline 0.003 -18"><span class='ocrx_word' id='word_1_811' title='bbox 2272 4008 2499 4077; x_wconf 76' lang='lat' dir='ltr'><strong>pientes,</strong></span> <span class='ocrx_word' id='word_1_812' title='bbox 2532 4005 2671 4075; x_wconf 87' lang='lat' dir='ltr'><strong>apud</strong></span> <span class='ocrx_word' id='word_1_813' title='bbox 2704 4007 2871 4062; x_wconf 84' lang='lat' dir='ltr'><strong>Deum</strong></span> <span class='ocrx_word' id='word_1_814' title='bbox 2902 4014 3028 4062; x_wconf 88' lang='lat' dir='ltr'><strong>sunt</strong></span> <span class='ocrx_word' id='word_1_815' title='bbox 3055 4006 3305 4061; x_wconf 87' lang='lat' dir='ltr'><strong>omnibus</strong></span> <span class='ocrx_word' id='word_1_816' title='bbox 3325 4005 3444 4060; x_wconf 85' lang='lat' dir='ltr'><strong>aliis</strong></span> <span class='ocrx_word' id='word_1_817' title='bbox 3472 4007 3824 4076; x_wconf 86' lang='lat' dir='ltr'><strong>sapientiores</strong></span> <span class='ocrx_word' id='word_1_818' title='bbox 3850 4025 3864 4063; x_wconf 90' lang='lat'><strong>:</strong></span> 
     </span>
    </p>
   </div>
   <div class='ocr_carea' id='block_1_103' title="bbox 2270 4097 3869 4170">
    <p class='ocr_par' dir='ltr' id='par_1_103' title="bbox 2270 4097 3869 4170">
     <span class='ocr_line' id='line_1_103' title="bbox 2270 4097 3869 4170; baseline 0.003 -18"><span class='ocrx_word' id='word_1_819' title='bbox 2270 4099 2718 4169; x_wconf 81' lang='lat' dir='ltr'><strong>quemadmodum</strong></span> <span class='ocrx_word' id='word_1_820' title='bbox 2744 4098 2995 4153; x_wconf 86' lang='lat' dir='ltr'><strong>nimirum</strong></span> <span class='ocrx_word' id='word_1_821' title='bbox 3025 4097 3178 4152; x_wconf 89' lang='lat' dir='ltr'><strong>multi</strong></span> <span class='ocrx_word' id='word_1_822' title='bbox 3216 4098 3307 4168; x_wconf 89' lang='lat' dir='ltr'><strong>qui</strong></span> <span class='ocrx_word' id='word_1_823' title='bbox 3352 4107 3590 4169; x_wconf 75' lang='lat' dir='ltr'><strong>egestate</strong></span> <span class='ocrx_word' id='word_1_824' title='bbox 3627 4099 3713 4155; x_wconf 87' lang='lat' dir='ltr'><strong>hic</strong></span> <span class='ocrx_word' id='word_1_825' title='bbox 3745 4115 3869 4170; x_wconf 87' lang='lat' dir='ltr'><strong>pre-</strong></span> 
     </span>
    </p>
   </div>
   <div class='ocr_carea' id='block_1_104' title="bbox 2272 4189 3862 4260">
    <p class='ocr_par' dir='ltr' id='par_1_104' title="bbox 2272 4189 3862 4260">
     <span class='ocr_line' id='line_1_104' title="bbox 2272 4189 3862 4260; baseline 0.002 -17"><span class='ocrx_word' id='word_1_826' title='bbox 2272 4199 2525 4256; x_wconf 81' lang='lat' dir='ltr'><strong>muntur,</strong></span> <span class='ocrx_word' id='word_1_827' title='bbox 2579 4190 2828 4245; x_wconf 88' lang='lat' dir='ltr'><strong>omnibus</strong></span> <span class='ocrx_word' id='word_1_828' title='bbox 2867 4189 3009 4260; x_wconf 87' lang='lat' dir='ltr'><strong>apud</strong></span> <span class='ocrx_word' id='word_1_829' title='bbox 3064 4190 3231 4244; x_wconf 88' lang='lat' dir='ltr'><strong>Deum</strong></span> <span class='ocrx_word' id='word_1_830' title='bbox 3294 4198 3423 4245; x_wconf 84' lang='lat' dir='ltr'><strong>sunt</strong></span> <span class='ocrx_word' id='word_1_831' title='bbox 3473 4190 3862 4260; x_wconf 83' lang='lat' dir='ltr'><strong>opulentiores.</strong></span> 
     </span>
    </p>
   </div>
   <div class='ocr_carea' id='block_1_105' title="bbox 2269 4280 3864 4353">
    <p class='ocr_par' dir='ltr' id='par_1_105' title="bbox 2269 4280 3864 4353">
     <span class='ocr_line' id='line_1_105' title="bbox 2269 4280 3864 4353; baseline 0.002 -18"><span class='ocrx_word' id='word_1_832' title='bbox 2269 4282 2711 4353; x_wconf 82' lang='lat' dir='ltr'><strong>Quandoquidem</strong></span> <span class='ocrx_word' id='word_1_833' title='bbox 2735 4280 2970 4337; x_wconf 79' lang='lat' dir='ltr'><strong>Lazarus</strong></span> <span class='ocrx_word' id='word_1_834' title='bbox 3012 4283 3176 4338; x_wconf 89' lang='lat' dir='ltr'><strong>etiam</strong></span> <span class='ocrx_word' id='word_1_835' title='bbox 3199 4281 3285 4337; x_wconf 89' lang='lat' dir='ltr'><strong>ille</strong></span> <span class='ocrx_word' id='word_1_836' title='bbox 3309 4292 3433 4337; x_wconf 89' lang='lat' dir='ltr'><strong>cum</strong></span> <span class='ocrx_word' id='word_1_837' title='bbox 3474 4283 3714 4337; x_wconf 89' lang='lat' dir='ltr'><strong>omnium</strong></span> <span class='ocrx_word' id='word_1_838' title='bbox 3739 4299 3864 4353; x_wconf 80' lang='lat' dir='ltr'><strong>pau-</strong></span> 
     </span>
    </p>
   </div>
   <div class='ocr_carea' id='block_1_106' title="bbox 2273 4362 3907 4444">
    <p class='ocr_par' dir='ltr' id='par_1_106' title="bbox 2273 4362 3907 4444">
     <span class='ocr_line' id='line_1_106' title="bbox 2273 4362 3907 4444; baseline -0.001 -15"><span class='ocrx_word' id='word_1_839' title='bbox 2273 4376 2537 4444; x_wconf 84' lang='lat' dir='ltr'><strong>perrimus</strong></span> <span class='ocrx_word' id='word_1_840' title='bbox 2562 4382 2706 4430; x_wconf 85' lang='lat' dir='ltr'><strong>esset</strong></span> <span class='ocrx_word' id='word_1_841' title='bbox 2730 4374 2783 4427; x_wconf 89' lang='lat' dir='ltr'><strong>iu</strong></span> <span class='ocrx_word' id='word_1_842' title='bbox 2810 4372 3032 4439; x_wconf 87' lang='lat' dir='ltr'><strong>munde,</strong></span> <span class='ocrx_word' id='word_1_843' title='bbox 3061 4372 3358 4427; x_wconf 87' lang='lat' dir='ltr'><strong>ditissimus</strong></span> <span class='ocrx_word' id='word_1_844' title='bbox 3387 4371 3629 4426; x_wconf 90' lang='lat' dir='ltr'><strong>omnium</strong></span> <span class='ocrx_word' id='word_1_845' title='bbox 3668 4382 3784 4427; x_wconf 84' lang='lat' dir='ltr'><strong>erat</strong></span> <span class='ocrx_word' id='word_1_846' title='bbox 3812 4373 3863 4427; x_wconf 90' lang='lat' dir='ltr'><strong>in</strong></span> <span class='ocrx_word' id='word_1_847' title='bbox 3902 4362 3907 4367; x_wconf 69' lang='grc'><em>’</em></span> 
     </span>
    </p>
   </div>
   <div class='ocr_carea' id='block_1_107' title="bbox 2267 4463 3872 4540">
    <p class='ocr_par' dir='ltr' id='par_1_107' title="bbox 2267 4463 3872 4540">
     <span class='ocr_line' id='line_1_107' title="bbox 2267 4463 3872 4540; baseline -0.001 -19"><span class='ocrx_word' id='word_1_848' title='bbox 2267 4467 2415 4521; x_wconf 66' lang='lat' dir='ltr'><strong>crs-lis</strong></span> <span class='ocrx_word' id='word_1_849' title='bbox 2440 4464 2592 4540; x_wconf 82' lang='lat' dir='ltr'><strong>(Luc.</strong></span> <span class='ocrx_word' id='word_1_850' title='bbox 2619 4466 2709 4522; x_wconf 85' lang='lat' dir='ltr'><strong>l6.</strong></span> <span class='ocrx_word' id='word_1_851' title='bbox 2737 4466 2828 4521; x_wconf 73' lang='grc'><strong>20.</strong></span> <span class='ocrx_word' id='word_1_852' title='bbox 2858 4464 3017 4537; x_wconf 81' lang='lat' dir='ltr'><strong>sqq.).</strong></span> <span class='ocrx_word' id='word_1_853' title='bbox 3052 4465 3343 4520; x_wconf 86' lang='lat' dir='ltr'><strong>Stultitiam</strong></span> <span class='ocrx_word' id='word_1_854' title='bbox 3370 4463 3530 4534; x_wconf 80' lang='lat' dir='ltr'><strong>igitur</strong></span> <span class='ocrx_word' id='word_1_855' title='bbox 3556 4463 3741 4518; x_wconf 82' lang='lat' dir='ltr'><strong>mundi</strong></span> <span class='ocrx_word' id='word_1_856' title='bbox 3767 4478 3872 4534; x_wconf 79' lang='lat' dir='ltr'><strong>ap-</strong></span> 
     </span>
    </p>
   </div>
   <div class='ocr_carea' id='block_1_108' title="bbox 2267 4553 3864 4630">
    <p class='ocr_par' dir='ltr' id='par_1_108' title="bbox 2267 4553 3864 4630">
     <span class='ocr_line' id='line_1_108' title="bbox 2267 4553 3864 4630; baseline -0.002 -18"><span class='ocrx_word' id='word_1_857' title='bbox 2267 4557 2430 4630; x_wconf 83' lang='lat' dir='ltr'><strong>pellat</strong></span> <span class='ocrx_word' id='word_1_858' title='bbox 2453 4572 2573 4624; x_wconf 87' lang='lat' dir='ltr'><strong>eos,</strong></span> <span class='ocrx_word' id='word_1_859' title='bbox 2599 4557 2793 4628; x_wconf 87' lang='lat' dir='ltr'><strong>quibus</strong></span> <span class='ocrx_word' id='word_1_860' title='bbox 2823 4558 3000 4627; x_wconf 85' lang='lat' dir='ltr'><strong>lingua</strong></span> <span class='ocrx_word' id='word_1_861' title='bbox 3022 4569 3127 4610; x_wconf 90' lang='lat' dir='ltr'><strong>non</strong></span> <span class='ocrx_word' id='word_1_862' title='bbox 3156 4564 3239 4609; x_wconf 90' lang='lat' dir='ltr'><strong>est</strong></span> <span class='ocrx_word' id='word_1_863' title='bbox 3263 4553 3485 4621; x_wconf 86' lang='lat' dir='ltr'><strong>diserta,</strong></span> <span class='ocrx_word' id='word_1_864' title='bbox 3512 4553 3602 4625; x_wconf 88' lang='lat' dir='ltr'><strong>qui</strong></span> <span class='ocrx_word' id='word_1_865' title='bbox 3644 4553 3864 4625; x_wconf 79' lang='lat' dir='ltr'><strong>profana</strong></span> 
     </span>
    </p>
   </div>
   <div class='ocr_carea' id='block_1_109' title="bbox 2268 4643 3868 4719">
    <p class='ocr_par' dir='ltr' id='par_1_109' title="bbox 2268 4643 3868 4719">
     <span class='ocr_line' id='line_1_109' title="bbox 2268 4643 3868 4719; baseline -0.003 -15"><span class='ocrx_word' id='word_1_866' title='bbox 2268 4649 2528 4719; x_wconf 84' lang='lat' dir='ltr'><strong>sapientia</strong></span> <span class='ocrx_word' id='word_1_867' title='bbox 2556 4663 2663 4703; x_wconf 87' lang='lat' dir='ltr'><strong>non</strong></span> <span class='ocrx_word' id='word_1_868' title='bbox 2690 4655 2815 4703; x_wconf 87' lang='lat' dir='ltr'><strong>sunt</strong></span> <span class='ocrx_word' id='word_1_869' title='bbox 2839 4644 3050 4710; x_wconf 84' lang='lat' dir='ltr'><strong>imbuti,</strong></span> <span class='ocrx_word' id='word_1_870' title='bbox 3075 4643 3165 4716; x_wconf 90' lang='lat' dir='ltr'><strong>qui</strong></span> <span class='ocrx_word' id='word_1_871' title='bbox 3182 4644 3487 4714; x_wconf 84' lang='lat' dir='ltr'><strong>eloquentia</strong></span> <span class='ocrx_word' id='word_1_872' title='bbox 3509 4644 3731 4699; x_wconf 88' lang='lat' dir='ltr'><strong>minime</strong></span> <span class='ocrx_word' id='word_1_873' title='bbox 3751 4645 3868 4717; x_wconf 86' lang='lat' dir='ltr'><strong>pol-</strong></span> 
     </span>
    </p>
   </div>
   <div class='ocr_carea' id='block_1_110' title="bbox 2267 4735 3864 4810">
    <p class='ocr_par' dir='ltr' id='par_1_110' title="bbox 2267 4735 3864 4810">
     <span class='ocr_line' id='line_1_110' title="bbox 2267 4735 3864 4810; baseline -0.005 -13"><span class='ocrx_word' id='word_1_874' title='bbox 2267 4740 2398 4797; x_wconf 88' lang='lat' dir='ltr'><strong>lent.</strong></span> <span class='ocrx_word' id='word_1_875' title='bbox 2420 4740 2485 4795; x_wconf 83' lang='lat' dir='ltr'><strong>Et</strong></span> <span class='ocrx_word' id='word_1_876' title='bbox 2504 4740 2603 4795; x_wconf 85' lang='lat' dir='ltr'><strong>hos</strong></span> <span class='ocrx_word' id='word_1_877' title='bbox 2624 4738 2811 4810; x_wconf 77' lang='lat' dir='ltr'><strong>Elegit,</strong></span> <span class='ocrx_word' id='word_1_878' title='bbox 2833 4737 3024 4809; x_wconf 88' lang='lat' dir='ltr'><strong>inquit,</strong></span> <span class='ocrx_word' id='word_1_879' title='bbox 3040 4735 3198 4801; x_wconf 63' lang='grc' dir='ltr'><strong><em>υσεδ,</em></strong></span> <span class='ocrx_word' id='word_1_880' title='bbox 3216 4743 3273 4790; x_wconf 74' lang='lat' dir='ltr'><strong>ut</strong></span> <span class='ocrx_word' id='word_1_881' title='bbox 3290 4737 3543 4806; x_wconf 59' lang='lat' dir='ltr'><strong>sapientes</strong></span> <span class='ocrx_word' id='word_1_882' title='bbox 3562 4737 3864 4808; x_wconf 76' lang='lat' dir='ltr'><strong>confundat.</strong></span> 
     </span>
    </p>
   </div>
   <div class='ocr_carea' id='block_1_111' title="bbox 2267 4829 3865 4905">
    <p class='ocr_par' dir='ltr' id='par_1_111' title="bbox 2267 4829 3865 4905">
     <span class='ocr_line' id='line_1_111' title="bbox 2267 4829 3865 4905; baseline -0.001 -16"><span class='ocrx_word' id='word_1_883' title='bbox 2267 4834 2386 4904; x_wconf 87' lang='lat' dir='ltr'><strong>Quo</strong></span> <span class='ocrx_word' id='word_1_884' title='bbox 2412 4843 2542 4891; x_wconf 80' lang='lat' dir='ltr'><strong>vero</strong></span> <span class='ocrx_word' id='word_1_885' title='bbox 2568 4841 2759 4905; x_wconf 86' lang='lat' dir='ltr'><strong>pacto,</strong></span> <span class='ocrx_word' id='word_1_886' title='bbox 2790 4846 2975 4903; x_wconf 67' lang='lat' dir='ltr'><strong>quaeso</strong></span> <span class='ocrx_word' id='word_1_887' title='bbox 2998 4873 3015 4900; x_wconf 89' lang='lat'><strong>,</strong></span> <span class='ocrx_word' id='word_1_888' title='bbox 3048 4846 3145 4902; x_wconf 90' lang='lat' dir='ltr'><strong>per</strong></span> <span class='ocrx_word' id='word_1_889' title='bbox 3169 4829 3269 4885; x_wconf 84' lang='lat' dir='ltr'><strong>hos</strong></span> <span class='ocrx_word' id='word_1_890' title='bbox 3308 4829 3385 4885; x_wconf 90' lang='lat' dir='ltr'><strong>illi</strong></span> <span class='ocrx_word' id='word_1_891' title='bbox 3428 4829 3865 4887; x_wconf 73' lang='lat' dir='ltr'><strong>confunduntur?</strong></span> 
     </span>
    </p>
   </div>
   <div class='ocr_carea' id='block_1_112' title="bbox 2270 4921 3864 4999">
    <p class='ocr_par' dir='ltr' id='par_1_112' title="bbox 2270 4921 3864 4999">
     <span class='ocr_line' id='line_1_112' title="bbox 2270 4921 3864 4999; baseline -0.003 -16"><span class='ocrx_word' id='word_1_892' title='bbox 2270 4927 2559 4999; x_wconf 82' lang='lat' dir='ltr'><strong>Peripsatn</strong></span> <span class='ocrx_word' id='word_1_893' title='bbox 2588 4936 2768 4981; x_wconf 89' lang='lat' dir='ltr'><strong>rerum</strong></span> <span class='ocrx_word' id='word_1_894' title='bbox 2799 4923 3205 4994; x_wconf 75' lang='lat' dir='ltr'><strong>experientiam.</strong></span> <span class='ocrx_word' id='word_1_895' title='bbox 3246 4922 3381 4978; x_wconf 82' lang='lat' dir='ltr'><strong>Cum</strong></span> <span class='ocrx_word' id='word_1_896' title='bbox 3418 4922 3567 4978; x_wconf 88' lang='lat' dir='ltr'><strong>enim</strong></span> <span class='ocrx_word' id='word_1_897' title='bbox 3596 4921 3735 4985; x_wconf 75' lang='lat' dir='ltr'><strong>loris</strong></span> <span class='ocrx_word' id='word_1_898' title='bbox 3774 4937 3864 4978; x_wconf 86' lang='lat' dir='ltr'><strong>se-</strong></span> 
     </span>
    </p>
   </div>
   <div class='ocr_carea' id='block_1_113' title="bbox 2270 5014 3867 5084">
    <p class='ocr_par' dir='ltr' id='par_1_113' title="bbox 2270 5014 3867 5084">
     <span class='ocr_line' id='line_1_113' title="bbox 2270 5014 3867 5084; baseline -0.004 -9"><span class='ocrx_word' id='word_1_899' title='bbox 2270 5021 2487 5076; x_wconf 82' lang='lat' dir='ltr'><strong>dentem</strong></span> <span class='ocrx_word' id='word_1_900' title='bbox 2530 5032 2595 5074; x_wconf 84' lang='lat' dir='ltr'><strong>ac</strong></span> <span class='ocrx_word' id='word_1_901' title='bbox 2634 5017 3031 5074; x_wconf 86' lang='lat' dir='ltr'><strong>mendicantem</strong></span> <span class='ocrx_word' id='word_1_902' title='bbox 3090 5014 3331 5081; x_wconf 81' lang='lat' dir='ltr'><strong>viduam,</strong></span> <span class='ocrx_word' id='word_1_903' title='bbox 3384 5027 3449 5069; x_wconf 88' lang='lat' dir='ltr'><strong>ac</strong></span> <span class='ocrx_word' id='word_1_904' title='bbox 3493 5026 3867 5084; x_wconf 66' lang='lat' dir='ltr'><strong>smpenumero</strong></span> 
     </span>
    </p>
   </div>
   <div class='ocr_carea' id='block_1_114' title="bbox 2270 5105 3869 5183">
    <p class='ocr_par' dir='ltr' id='par_1_114' title="bbox 2270 5105 3869 5183">
     <span class='ocr_line' id='line_1_114' title="bbox 2270 5105 3869 5183; baseline -0.004 -16"><span class='ocrx_word' id='word_1_905' title='bbox 2270 5111 2512 5183; x_wconf 84' lang='lat' dir='ltr'><strong>corporis</strong></span> <span class='ocrx_word' id='word_1_906' title='bbox 2537 5108 2795 5166; x_wconf 82' lang='lat' dir='ltr'><strong>membris</strong></span> <span class='ocrx_word' id='word_1_907' title='bbox 2819 5108 3117 5164; x_wconf 82' lang='lat' dir='ltr'><strong>mutilatatn</strong></span> <span class='ocrx_word' id='word_1_908' title='bbox 3142 5105 3211 5163; x_wconf 84' lang='lat' dir='ltr'><strong>de</strong></span> <span class='ocrx_word' id='word_1_909' title='bbox 3246 5105 3650 5161; x_wconf 87' lang='lat' dir='ltr'><strong>immortalitate</strong></span> <span class='ocrx_word' id='word_1_910' title='bbox 3674 5105 3869 5161; x_wconf 76' lang='lat' dir='ltr'><strong>anima:</strong></span> 
     </span>
    </p>
   </div>
   <div class='ocr_carea' id='block_1_115' title="bbox 2271 5194 3867 5275">
    <p class='ocr_par' dir='ltr' id='par_1_115' title="bbox 2271 5194 3867 5275">
     <span class='ocr_line' id='line_1_115' title="bbox 2271 5194 3867 5275; baseline -0.006 -17"><span class='ocrx_word' id='word_1_911' title='bbox 2271 5200 2703 5275; x_wconf 82' lang='lat' dir='ltr'><strong>interrogaveris,</strong></span> <span class='ocrx_word' id='word_1_912' title='bbox 2746 5199 2817 5256; x_wconf 87' lang='lat' dir='ltr'><strong>de</strong></span> <span class='ocrx_word' id='word_1_913' title='bbox 2866 5197 3265 5256; x_wconf 87' lang='lat' dir='ltr'><strong>resurrectione</strong></span> <span class='ocrx_word' id='word_1_914' title='bbox 3301 5208 3612 5267; x_wconf 88' lang='lat' dir='ltr'><strong>corporum,</strong></span> <span class='ocrx_word' id='word_1_915' title='bbox 3644 5194 3711 5251; x_wconf 89' lang='lat' dir='ltr'><strong>de</strong></span> <span class='ocrx_word' id='word_1_916' title='bbox 3739 5209 3867 5265; x_wconf 85' lang='lat' dir='ltr'><strong>pro-</strong></span> 
     </span>
    </p>
   </div>
   <div class='ocr_carea' id='block_1_116' title="bbox 2270 5286 3869 5361">
    <p class='ocr_par' dir='ltr' id='par_1_116' title="bbox 2270 5286 3869 5361">
     <span class='ocr_line' id='line_1_116' title="bbox 2270 5286 3869 5361; baseline -0.003 -13"><span class='ocrx_word' id='word_1_917' title='bbox 2270 5291 2505 5351; x_wconf 76' lang='lat' dir='ltr'><strong>videntis</strong></span> <span class='ocrx_word' id='word_1_918' title='bbox 2537 5292 2657 5361; x_wconf 85' lang='lat' dir='ltr'><strong>Dei,</strong></span> <span class='ocrx_word' id='word_1_919' title='bbox 2685 5292 2753 5349; x_wconf 86' lang='lat' dir='ltr'><strong>de</strong></span> <span class='ocrx_word' id='word_1_920' title='bbox 2779 5291 3134 5348; x_wconf 82' lang='lat' dir='ltr'><strong>retributione</strong></span> <span class='ocrx_word' id='word_1_921' title='bbox 3162 5300 3260 5361; x_wconf 85' lang='lat' dir='ltr'><strong>pro</strong></span> <span class='ocrx_word' id='word_1_922' title='bbox 3297 5287 3525 5355; x_wconf 82' lang='lat' dir='ltr'><strong>meritis,</strong></span> <span class='ocrx_word' id='word_1_923' title='bbox 3556 5286 3627 5344; x_wconf 83' lang='lat' dir='ltr'><strong>de</strong></span> <span class='ocrx_word' id='word_1_924' title='bbox 3656 5286 3869 5344; x_wconf 86' lang='lat' dir='ltr'><strong>ratione</strong></span> 
     </span>
    </p>
   </div>
   <div class='ocr_carea' id='block_1_117' title="bbox 2270 5379 3865 5452">
    <p class='ocr_par' dir='ltr' id='par_1_117' title="bbox 2270 5379 3865 5452">
     <span class='ocr_line' id='line_1_117' title="bbox 2270 5379 3865 5452; baseline -0.006 -9"><span class='ocrx_word' id='word_1_925' title='bbox 2270 5387 2383 5443; x_wconf 81' lang='lat' dir='ltr'><strong>illic</strong></span> <span class='ocrx_word' id='word_1_926' title='bbox 2411 5384 2703 5452; x_wconf 84' lang='lat' dir='ltr'><strong>reddenda,</strong></span> <span class='ocrx_word' id='word_1_927' title='bbox 2728 5383 2797 5441; x_wconf 88' lang='lat' dir='ltr'><strong>de</strong></span> <span class='ocrx_word' id='word_1_928' title='bbox 2822 5382 3105 5440; x_wconf 88' lang='lat' dir='ltr'><strong>tremendo</strong></span> <span class='ocrx_word' id='word_1_929' title='bbox 3123 5380 3347 5452; x_wconf 88' lang='lat' dir='ltr'><strong>judicio,</strong></span> <span class='ocrx_word' id='word_1_930' title='bbox 3376 5380 3445 5435; x_wconf 89' lang='lat' dir='ltr'><strong>de</strong></span> <span class='ocrx_word' id='word_1_931' title='bbox 3474 5379 3722 5451; x_wconf 89' lang='lat' dir='ltr'><strong>repositis</strong></span> <span class='ocrx_word' id='word_1_932' title='bbox 3751 5379 3829 5435; x_wconf 84' lang='lat' dir='ltr'><strong>eis</strong></span> <span class='ocrx_word' id='word_1_933' title='bbox 3848 5418 3865 5445; x_wconf 90' lang='lat'><strong>,</strong></span> 
     </span>
    </p>
   </div>
   <div class='ocr_carea' id='block_1_118' title="bbox 2270 5472 3865 5552">
    <p class='ocr_par' dir='ltr' id='par_1_118' title="bbox 2270 5472 3865 5552">
     <span class='ocr_line' id='line_1_118' title="bbox 2270 5472 3865 5552; baseline -0.006 -17"><span class='ocrx_word' id='word_1_934' title='bbox 2270 5481 2360 5552; x_wconf 86' lang='lat' dir='ltr'><strong>qui</strong></span> <span class='ocrx_word' id='word_1_935' title='bbox 2388 5488 2535 5537; x_wconf 87' lang='lat' dir='ltr'><strong>recte</strong></span> <span class='ocrx_word' id='word_1_936' title='bbox 2561 5493 2620 5536; x_wconf 86' lang='lat' dir='ltr'><strong>se</strong></span> <span class='ocrx_word' id='word_1_937' title='bbox 2648 5477 2935 5550; x_wconf 84' lang='lat' dir='ltr'><strong>gesserint,</strong></span> <span class='ocrx_word' id='word_1_938' title='bbox 2967 5474 3146 5543; x_wconf 87' lang='lat' dir='ltr'><strong>bonis,</strong></span> <span class='ocrx_word' id='word_1_939' title='bbox 3168 5474 3237 5531; x_wconf 85' lang='lat' dir='ltr'><strong>de</strong></span> <span class='ocrx_word' id='word_1_940' title='bbox 3260 5472 3539 5544; x_wconf 87' lang='lat' dir='ltr'><strong>suppliciis</strong></span> <span class='ocrx_word' id='word_1_941' title='bbox 3570 5485 3690 5544; x_wconf 75' lang='lat' dir='ltr'><strong>qua:</strong></span> <span class='ocrx_word' id='word_1_942' title='bbox 3739 5485 3865 5543; x_wconf 84' lang='lat' dir='ltr'><strong>pec-</strong></span> 
     </span>
    </p>
   </div>
   <div class='ocr_carea' id='block_1_119' title="bbox 2271 5563 3862 5633">
    <p class='ocr_par' dir='ltr' id='par_1_119' title="bbox 2271 5563 3862 5633">
     <span class='ocr_line' id='line_1_119' title="bbox 2271 5563 3862 5633; baseline -0.007 -5"><span class='ocrx_word' id='word_1_943' title='bbox 2271 5568 2544 5628; x_wconf 81' lang='lat' dir='ltr'><strong>catoribus</strong></span> <span class='ocrx_word' id='word_1_944' title='bbox 2579 5570 2720 5626; x_wconf 83' lang='lat' dir='ltr'><strong>Deus</strong></span> <span class='ocrx_word' id='word_1_945' title='bbox 2768 5566 3129 5626; x_wconf 83' lang='lat' dir='ltr'><strong>comminatus</strong></span> <span class='ocrx_word' id='word_1_946' title='bbox 3160 5573 3265 5633; x_wconf 88' lang='lat' dir='ltr'><strong>est,</strong></span> <span class='ocrx_word' id='word_1_947' title='bbox 3308 5565 3376 5621; x_wconf 90' lang='lat' dir='ltr'><strong>de</strong></span> <span class='ocrx_word' id='word_1_948' title='bbox 3413 5563 3535 5619; x_wconf 85' lang='lat' dir='ltr'><strong>aliis</strong></span> <span class='ocrx_word' id='word_1_949' title='bbox 3574 5563 3862 5619; x_wconf 82' lang='lat' dir='ltr'><strong>omnibus:</strong></span> 
     </span>
    </p>
   </div>
   <div class='ocr_carea' id='block_1_120' title="bbox 2272 5654 3865 5736">
    <p class='ocr_par' dir='ltr' id='par_1_120' title="bbox 2272 5654 3865 5736">
     <span class='ocr_line' id='line_1_120' title="bbox 2272 5654 3865 5736; baseline -0.009 -14"><span class='ocrx_word' id='word_1_950' title='bbox 2272 5678 2503 5736; x_wconf 90' lang='lat' dir='ltr'><strong>cumque</strong></span> <span class='ocrx_word' id='word_1_951' title='bbox 2524 5663 2613 5721; x_wconf 85' lang='lat' dir='ltr'><strong>illa</strong></span> <span class='ocrx_word' id='word_1_952' title='bbox 2644 5660 2799 5718; x_wconf 86' lang='lat' dir='ltr'><strong>valde</strong></span> <span class='ocrx_word' id='word_1_953' title='bbox 2826 5666 3079 5717; x_wconf 87' lang='lat' dir='ltr'><strong>accurate</strong></span> <span class='ocrx_word' id='word_1_954' title='bbox 3103 5669 3294 5730; x_wconf 84' lang='lat' dir='ltr'><strong>magna</strong></span> <span class='ocrx_word' id='word_1_955' title='bbox 3323 5668 3446 5712; x_wconf 88' lang='lat' dir='ltr'><strong>cum</strong></span> <span class='ocrx_word' id='word_1_956' title='bbox 3468 5654 3659 5711; x_wconf 76' lang='lat' dir='ltr'><strong>ﬁducia</strong></span> <span class='ocrx_word' id='word_1_957' title='bbox 3696 5663 3751 5709; x_wconf 89' lang='lat' dir='ltr'><strong>et</strong></span> <span class='ocrx_word' id='word_1_958' title='bbox 3775 5667 3865 5710; x_wconf 85' lang='lat' dir='ltr'><strong>se-</strong></span> 
     </span>
    </p>
   </div>
   <div class='ocr_carea' id='block_1_121' title="bbox 2276 5742 3865 5829">
    <p class='ocr_par' dir='ltr' id='par_1_121' title="bbox 2276 5742 3865 5829">
     <span class='ocr_line' id='line_1_121' title="bbox 2276 5742 3865 5829; baseline -0.011 -12"><span class='ocrx_word' id='word_1_959' title='bbox 2276 5742 2505 5817; x_wconf 77' lang='lat' dir='ltr'><strong>curitate</strong></span> <span class='ocrx_word' id='word_1_960' title='bbox 2527 5753 2902 5829; x_wconf 87' lang='lat' dir='ltr'><strong>responderit;</strong></span> <span class='ocrx_word' id='word_1_961' title='bbox 2928 5748 3281 5824; x_wconf 76' lang='lat' dir='ltr'><strong>philosOpbus</strong></span> <span class='ocrx_word' id='word_1_962' title='bbox 3319 5756 3499 5805; x_wconf 82' lang='lat' dir='ltr'><strong>autem</strong></span> <span class='ocrx_word' id='word_1_963' title='bbox 3542 5754 3599 5805; x_wconf 85' lang='lat' dir='ltr'><strong>et</strong></span> <span class='ocrx_word' id='word_1_964' title='bbox 3623 5744 3716 5818; x_wconf 83' lang='lat' dir='ltr'><strong>qui</strong></span> <span class='ocrx_word' id='word_1_965' title='bbox 3747 5742 3865 5818; x_wconf 85' lang='lat' dir='ltr'><strong>plu-</strong></span> 
     </span>
    </p>
   </div>
  </div>
