4212 6290
276 338 382 398 153

276 444 476 513 timum
497 469 659 513 coma
679 463 737 514 et
756 454 949 513 baculo
979 455 1261 528 gloriatur,
1284 462 1407 528 post
1434 454 1604 513 multa
1624 457 1890 531 longaque

277 549 451 621 spatia
473 563 813 618 sementim,
841 558 963 622 post
985 551 1350 623 importunam
1378 551 1717 626 multamque
1754 569 1885 626 gar-

276 642 554 699 rulitatem
579 658 651 700 ne
674 642 887 700 hiscere
916 642 1137 716 quidem
1167 644 1430 715 potuerit,
1455 661 1638 719 neque
1670 645 1742 702 de
1770 646 1889 702 istis

277 734 451 793 verba
474 735 716 792 facturus
743 735 971 792 valuerit
995 751 1058 793 os
1082 734 1341 796 diducere
1362 746 1513 794 stum
1536 737 1703 809 probe
1726 736 1888 793 intel-

276 826 437 895 liges,
461 839 570 895 quo
591 833 749 895 pacto
778 824 916 881 Deus
943 825 1149 898 elegerit
1184 825 1344 881 stulta
1373 828 1570 894 mundi,
1598 835 1652 881 ut
1678 827 1885 897 sapien-

276 925 352 969 tes
368 915 726 988 confunderet.
756 914 892 973 Nam
915 930 1161 988 quam
1176 916 1341 975 nimia
1364 918 1611 991 superbia
1640 919 1888 992 l'..stuqne

271 1005 523 1075 reperire
551 998 627 1061 illi
655 1005 876 1063 minime
920 1018 1230 1079 potuerunt,
1276 1018 1387 1065 tum
1433 1010 1576 1081 quod
1616 1011 1826 1081 seipsos
1852 1026 1885 1065 a

269 1095 563 1168 disciplina
585 1096 815 1169 Spiritus
835 1099 1221 1171 seiunxissent,
1250 1111 1361 1158 tum
1384 1102 1527 1174 quod
1551 1101 1733 1158 omnia
1754 1117 1886 1173 pro-

276 1187 413 1258 priis
462 1188 878 1260 cogitationibus
923 1193 1350 1258 commisissent,
1384 1194 1501 1249 ha‘c
1550 1192 1783 1249 mendici
1830 1202 1887 1249 et

276 1277 475 1349 abiecti
503 1294 567 1335 se
587 1278 829 1351 profante
856 1282 1177 1339 eruditionis
1205 1292 1457 1355 expertes
1486 1284 1665 1340 omnia
1691 1291 1883 1339 exacte

275 1369 604 1438 didicerunt,
626 1386 749 1429 cum
774 1386 804 1429 a
830 1374 1035 1431 caelesti
1059 1375 1338 1446 disciplina
1355 1375 1671 1446 penderent.
1697 1372 1884 1445 Neque

274 1476 411 1519 vero
437 1470 725 1521 contentus
745 1472 830 1521 est
856 1464 1051 1521 horum
1074 1474 1231 1522 tenus
1256 1466 1535 1537 profanam
1561 1466 1881 1537 sapientiam

276 1553 549 1623 incusare,
577 1555 674 1611 sed
716 1564 773 1612 et
808 1556 914 1611 alia
951 1556 1111 1627 plura
1156 1557 1469 1629 subjungit,
1516 1558 1703 1614 dicens
1737 1577 1751 1613 :
1782 1557 1883 1612 Sa-

276 1642 470 1718 pientia
495 1649 649 1722 hujus
667 1650 843 1705 mundi
868 1650 1086 1706 stultitia
1109 1661 1186 1706 est
1211 1651 1354 1722 apud
1376 1650 1544 1707 Deum
1568 1653 1647 1725 (l.
1672 1651 1795 1709 Cor.
1821 1653 1878 1707 3.

278 1737 394 1812 19);
413 1748 473 1799 et
492 1740 768 1797 auditores
798 1756 988 1798 rursus
1008 1743 1302 1800 adhortans
1326 1758 1447 1799 cum
1478 1754 1792 1816 contemptu
1818 1759 1881 1800 ac

271 1828 616 1886 vehementia
644 1831 855 1888 dicebat
879 1852 893 1888 :
918 1834 981 1890 Si
1001 1834 1113 1905 quis
1137 1834 1273 1889 enim
1296 1836 1512 1902 videtur,
1539 1837 1731 1907 inquit,
1751 1836 1883 1889 inter

272 1936 363 1977 vos
386 1922 591 1993 sapiens
620 1925 797 1979 essein
822 1925 918 1979 lwc
957 1926 1167 1992 sarculo,
1205 1926 1391 1980 stultus
1427 1927 1549 1995 ﬁat,
1590 1936 1645 1980 ut
1690 1927 1753 1980 sit
1798 1943 1884 1981 sa-

276 2012 424 2082 piens
446 2010 559 2083 (Ib.
584 2030 629 2069 υ.
664 2013 786 2087 18);
809 2023 862 2071 et
893 2031 1101 2083 rursus,
1134 2016 1398 2088 Scriptum
1428 2028 1520 2083 est,
1547 2016 1772 2072 Perdant
1797 2035 1882 2073 sa-

273 2103 523 2174 pientiam
550 2108 861 2176 sapientum,
892 2118 940 2163 et
988 2110 1313 2180 prudentiam
1360 2110 1665 2182 prudentum
1698 2127 1878 2181 repro-

271 2192 403 2250 δύο
440 2195 519 2267 (l.
543 2196 665 2253 Cor.
691 2198 742 2252 ί.
766 2199 887 2269 l9);
917 2208 971 2253 et
1000 2215 1209 2267 rursus,
1242 2200 1493 2256 Dominus
1523 2203 1659 2254 novit
1688 2203 1882 2272 cogita-

272 2285 439 2341 tim
463 2288 745 2355 hominum,
768 2292 1009 2362 quoniam
1036 2307 1181 2346 caute
1198 2302 1315 2346 sunt
1343 2292 1419 2364 (l.
1450 2292 1569 2347 Cor.
1598 2294 1651 2347 5.
1684 2292 1803 2363 20).

346 2377 402 2432 8.
444 2380 522 2434 Ac
550 2380 809 2451 sapientia
838 2381 1052 2451 quidem
1082 2384 1334 2453 praeditos
1370 2383 1535 2437 fuisse
1565 2383 1875 2438 Corinthius

271 2483 339 2522 ex
383 2468 469 2522 bis
504 2469 704 2539 liquet;
752 2484 847 2525 eos
876 2481 1054 2527 autem
1085 2472 1346 2543 superbos
1388 2475 1545 2528 fuisse
1574 2484 1734 2544 atque
1764 2476 1881 2529 ani-

273 2560 380 2615 mis
406 2560 621 2614 inllatos
649 2576 715 2617 ex
758 2562 949 2617 eadem
986 2564 1211 2632 epistola
1243 2565 1583 2618 manifestum
1614 2574 1715 2619 est.
1745 2566 1879 2619 Cum

270 2650 419 2705 enim
443 2650 648 2721 u3piam
670 2666 793 2706 eum
814 2653 905 2723 qui
937 2652 1230 2708 fornicatus
1255 2665 1389 2720 erat,
1421 2653 1879 2725 reprehendisset,

269 2739 474 2809 adjecit
527 2740 713 2797 dicens
744 2759 760 2797 :
790 2741 856 2796 Et
906 2759 994 2797 vos
1049 2744 1219 2813 inﬂati
1268 2746 1386 2799 estis
1438 2746 1513 2817 tl.
1557 2744 1679 2801 Cor.
1709 2747 1763 2801 5.
1794 2746 1877 2817 2).

272 2830 444 2885 Porro
472 2846 584 2901 pra:
610 2832 772 2888 nimia
800 2836 1107 2904 arrogantia
1139 2835 1277 2889 inter
1300 2850 1358 2890 se
1385 2836 1505 2890 illos
1534 2837 1880 2892 contendisse

270 2936 335 2975 ac
357 2922 604 2992 jurgatos
651 2937 772 2978 esse
818 2939 1007 2979 rursus
1055 2925 1329 2991 indicavit,
1372 2942 1493 2981 cum
1539 2927 1675 2981 dixit
1704 2944 1721 2981 :
1749 2926 1879 2982 Cum

267 3013 404 3066 enim
431 3017 496 3067 sit
524 3013 656 3067 inter
673 3030 759 3068 vos
783 3017 1057 3082 contentio,
1086 3026 1131 3068 et
1156 3018 1317 3083 zelus,
1351 3027 1396 3071 ct
1435 3017 1677 3085 dissidia,
1716 3035 1882 3074 nonne

267 3105 502 3159 ramales
521 3106 662 3171 estis,
679 3115 725 3159 et
743 3108 1023 3160 secundum
1041 3107 1296 3161 hominem
1309 3110 1577 3164 ambulatis
1595 3111 1644 3180 (i
1660 3148 1673 3161 .
1688 3109 1807 3165 Cor.
1822 3111 1878 3165 5.

266 3195 370 3264 3)?
397 3196 655 3262 Quisnam
683 3205 861 3252 autem
890 3197 991 3252 fuit
1031 3199 1393 3253 contentionis
1421 3200 1509 3254 ille
1555 3199 1790 3255 modus?
1821 3201 1877 3255 In

268 3286 452 3341 varios
482 3301 541 3342 se
579 3295 820 3342 rectores
861 3302 925 3341 ac
958 3289 1227 3359 principes
1252 3289 1581 3354 dividebant,
1612 3300 1773 3360 atque
1799 3290 1881 3347 id-

268 3376 419 3431 circo
457 3376 588 3431 dicit
616 3395 632 3432 :
664 3375 777 3431 Hoc
823 3389 993 3433 autem
1034 3379 1169 3445 dico,
1219 3381 1356 3450 quod
1404 3382 1746 3454 unusquisque
1790 3398 1878 3437 ue-

265 3478 435 3524 strum
464 3469 608 3537 dicit,
656 3469 768 3540 Ego
820 3488 933 3525 sum
982 3470 1161 3539 Pauli,
1214 3489 1306 3543 ego
1345 3483 1512 3527 autem
1540 3474 1748 3543 Apollo,
1785 3492 1878 3545 ego

267 3574 388 3614 sero
415 3559 604 3630 Ceplue
633 3562 709 3633 (l.
743 3560 865 3615 Cor.
898 3564 950 3617 l.
996 3563 1109 3634 l2).
1148 3563 1274 3619 ilazc
1311 3572 1490 3619 autem
1533 3564 1741 3620 dicebat
1770 3580 1879 3620 non

268 3651 415 3721 quod
456 3651 621 3707 Paulo
658 3662 712 3707 et
742 3652 938 3723 Cepbm
967 3662 1020 3709 et
1066 3656 1256 3723 Apollo
1296 3672 1354 3709 se
1382 3657 1757 3725 attribuerent,
1783 3657 1877 3713 sed

269 3739 354 3795 his
386 3741 696 3797 nominibus
724 3743 975 3815 obtegere
1004 3744 1176 3798 voluit
1210 3759 1327 3812 eos,
1352 3747 1441 3814 qui
1468 3746 1749 3801 seditionis
1778 3761 1874 3802 au-

266 3842 449 3887 ctores
470 3832 704 3900 fuerant,
736 3849 804 3888 ne
828 3835 872 3889 si
904 3849 998 3889 eos
1019 3835 1404 3902 manifestaret,
1429 3838 1877 3894 contentiosiores

268 3934 431 3995 atque
472 3925 610 3981 adeo
635 3926 1060 3997 impudentiores
1084 3928 1354 3985 redderet.
1386 3929 1503 3985 Non
1531 3931 1672 3985 enim
1711 3932 1878 3988 Paulo

267 4027 322 4071 et
353 4016 517 4072 Petro
558 4026 615 4073 et
644 4018 835 4088 Apollo
860 4020 1066 4090 seipsos
1105 4021 1224 4075 illos
1255 4022 1586 4088 attribuisse,
1634 4024 1726 4079 sed
1756 4023 1876 4080 aliis

267 4107 615 4178 quibusdam,
661 4125 728 4164 ex
757 4109 842 4165 his
868 4128 988 4182 qua:
1017 4124 1316 4183 sequuntur
1345 4116 1530 4185 liquet.
1570 4116 1705 4171 Cum
1731 4117 1874 4172 enim

266 4198 417 4271 ipsos
460 4209 685 4269 propter
722 4201 824 4257 hoc
856 4202 1139 4259 dissidium
1178 4206 1511 4275 castigasset,
1556 4222 1742 4262 rursus
1779 4208 1876 4263 ad-

260 4292 443 4361 junxlt
467 4290 655 4348 dicens
679 4311 693 4349 :
713 4291 843 4347 Haec
870 4306 1055 4362 autem,
1088 4299 1294 4362 fratres,
1329 4299 1694 4369 transﬁguravi
1720 4301 1771 4354 in
1800 4318 1878 4355 me

266 4392 317 4437 et
345 4383 545 4455 Apollo
578 4395 789 4455 propter
827 4403 934 4453 vos,
988 4396 1043 4441 ut
1083 4388 1139 4443 in
1178 4390 1317 4445 vobis
1344 4391 1572 4458 dissatis,
1620 4410 1683 4447 ne
1718 4411 1878 4465 supra

265 4492 424 4545 quam
456 4476 705 4549 scriptum
730 4487 803 4533 est
841 4481 1074 4551 sapiatis,
1109 4499 1173 4537 ne
1212 4500 1345 4538 unus
1385 4483 1628 4540 adversus
1656 4487 1877 4541 alterum

263 4571 478 4641 inﬂetur
508 4587 601 4641 pro
631 4572 735 4626 alio
765 4573 840 4644 (l.
872 4573 993 4629 Cor.
1024 4576 1079 4631 4.
1111 4577 1186 4647 6).
1232 4578 1380 4632 Multi
1412 4582 1555 4633 enim
1600 4596 1664 4635 ex
1701 4582 1874 4651 impe—

261 4663 381 4719 ritis
415 4678 540 4718 cum
571 4679 679 4719 non
709 4676 931 4734 possent
960 4684 1025 4723 ex
1070 4669 1383 4725 domesticis
1424 4673 1628 4727 meritis
1669 4673 1871 4740 efferri,

259 4768 444 4824 neque
469 4755 746 4823 proximos
766 4756 1015 4813 insectari
1043 4774 1106 4813 ac
1129 4761 1394 4829 mordere,
1427 4776 1548 4817 cum
1581 4764 1680 4818 sibi
1707 4780 1876 4833 quos-

258 4844 387 4900 dam
430 4846 702 4916 principes
731 4862 795 4902 ac
822 4859 1063 4905 rectores
1094 4852 1482 4922 prmfecissent,
1516 4855 1730 4910 illorum
1762 4874 1877 4912 me-

260 4934 386 4990 ritis
424 4948 494 4989 ac
516 4937 803 4993 virtutibus
828 4939 895 4993 ad
928 4939 1122 4995 fastum
1150 4952 1204 4996 et
1242 4944 1583 4999 insolentiam
1612 4945 1875 5003 adversus

258 5026 399 5081 alios
437 5025 746 5095 utebantur,
770 5040 825 5086 et
844 5047 908 5087 ex
930 5046 1140 5099 eorum,
1166 5049 1195 5088 a
1217 5036 1410 5105 quibus
1434 5037 1610 5093 edocti
1638 5038 1870 5108 fuerant,

261 5116 537 5188 sapientia
586 5121 926 5178 occasionem
978 5127 1298 5197 arrogantia:
1338 5128 1596 5182 adversus
1646 5140 1873 5187 ca-teros

261 5209 602 5281 arripiebant
626 5229 639 5265 :
664 5213 804 5281 quod
828 5217 1021 5270 summi
1044 5226 1097 5271 ct
1125 5218 1297 5272 insani
1316 5220 1500 5288 εισι-ἰεῦ
1521 5224 1723 5275 amoris
1751 5225 1869 5290 luit,

263 5316 390 5357 cum
426 5303 461 5357 ii
489 5304 581 5374 qui
608 5307 835 5375 propriis
861 5309 1069 5363 meritis
1095 5312 1309 5379 gloriari
1339 5329 1444 5366 non
1470 5324 1705 5381 possent,
1741 5316 1877 5371 alio-

266 5410 389 5449 rum
433 5398 752 5453 excellentia
792 5401 859 5454 ad
889 5401 1224 5457 insolentiam
1250 5416 1727 5477 contemptumque
1766 5408 1873 5463 fra—

263 5496 414 5543 trum
454 5487 824 5546 abuterentur.
869 5492 1132 5561 Quoniam
1175 5496 1333 5566 igitur
1373 5506 1425 5551 et
1473 5498 1524 5551 in
1566 5500 1872 5567 superbiam

266 5580 395 5636 elati
421 5593 593 5649 erant,
618 5596 670 5637 et
692 5594 831 5640 inter
853 5604 910 5641 se
932 5588 1281 5653 dissidebant,
1308 5602 1465 5661 atque
1487 5591 1538 5644 in
1562 5594 1731 5647 varias
1752 5608 1874 5663 par-

270 5687 351 5730 tes
384 5678 587 5746 seipsos
633 5678 949 5741 dixiscrant,
990 5691 1043 5735 et
1092 5693 1309 5750 pr0pter
1337 5683 1633 5738 doctrinam
1673 5686 1872 5755 gloria-

272 5766 493 5838 bantur,
524 5778 792 5843 tamquam
825 5773 1036 5843 propria
1060 5773 1199 5828 illam
1234 5774 1487 5830 industria
1523 5777 1619 5831 sibi
1649 5793 1866 5849 compa-

895 341 964 400 lN
1001 339 1227 412 lLLUD,
1268 340 1540 401 PAULUS
1577 339 1878 403 VOCATUE

1988 341 2053 401 ΞΤ
2086 343 2178 401 DE
2218 343 2481 403 HUTAT.
2519 342 2857 405 NOMINUM.
2898 345 2989 404 IV.

3499 347 3610 409 ιςι

2001 464 2236 525 rassent,
2264 472 2444 529 neque
2478 456 2696 513 caelitus
2739 471 2805 514 ac
2838 456 3019 514 divina
3067 470 3134 513 ex
3165 456 3335 529 gratia
3367 459 3609 514 veritatis

1998 547 2250 620 dogmata
2288 546 2639 621 recepissent,
2677 550 2862 609 volens
2899 563 3088 605 eorum
3121 556 3388 605 tumorem
3426 564 3491 604 ac
3524 548 3609 604 fa-

1999 647 2143 695 stum
2183 638 2506 710 reprimere,
2540 640 2721 697 statim
2749 655 2779 694 a
2808 638 3076 712 principio
3105 638 3342 711 seipsum
3373 650 3606 695 vocatum

1996 730 2308 801 appellavit,
2340 730 2446 787 hoc
2466 731 2858 802 propemodum
2880 730 3070 787 dicens
3094 750 3108 789 :
3130 730 3189 787 Si
3218 745 3321 803 ego
3350 732 3609 803 magister

1997 821 2130 879 nihil
2182 838 2302 879 mea
2360 822 2623 880 industria
2667 823 2940 889 adinveni,
2976 836 3154 895 neque
3194 823 3343 895 prior
3382 822 3499 892 ipse
3540 821 3610 876 ad

1998 911 2167 969 Deum
2193 915 2424 983 accessi,
2458 914 2556 983 sed
2583 928 2706 970 cum
2737 924 2962 971 vocatus
3000 929 3200 979 essem,
3233 920 3345 970 tum
3385 912 3606 970 demum

1996 1003 2141 1060 dicto
2180 1006 2406 1063 audiens
2446 1006 2541 1070 fui,
2573 1004 2845 1077 quomodo
2870 1020 2969 1060 vos
3009 1003 3282 1076 discipuli,
3325 1004 3525 1076 quique
3574 1018 3606 1056 a

1994 1112 2084 1153 me
2116 1097 2368 1169 dogmata
2411 1098 2717 1169 accepistis,
2762 1097 3047 1169 superblre
3092 1098 3338 1167 potestis,
3380 1095 3608 1167 perinde

1994 1188 2146 1259 quasi
2170 1188 2456 1246 adinventa
2485 1190 2604 1245 haec
2627 1205 2657 1243 a
2682 1190 2833 1245 vobis
2864 1188 3131 1244 fuissent?
3158 1188 3424 1257 Quocirca
3453 1188 3601 1259 prius

1992 1282 2154 1336 etiam
2182 1281 2394 1337 dicebat
2416 1281 2519 1337 illis
2546 1300 2560 1335 :
2589 1281 2716 1349 Quis
2746 1282 2878 1335 enim
2903 1291 2950 1337 te
2978 1280 3219 1335 discernit
3238 1280 3264 1335 2
3284 1280 3411 1351 quid
3434 1292 3607 1334 autem

1995 1373 2167 1437 habes,
2211 1373 2351 1442 quod
2395 1390 2497 1426 non
2545 1373 2824 1444 accepisti!
2872 1372 2934 1427 Si
2970 1382 3142 1426 autem
3182 1370 3441 1442 accepisti,
3478 1369 3602 1442 quid

1991 1462 2252 1534 gloriaris,
2276 1464 2423 1532 quasi
2453 1479 2554 1517 non
2580 1464 2839 1532 acceperis
2871 1463 2949 1532 (l.
2974 1460 3093 1518 Cor.
3124 1461 3179 1517 ι.
3212 1460 3309 1533 7)?

2065 1552 2246 1607 Prima
2276 1555 2360 1609 lea:
2386 1554 2707 1609 humilitatis.
2727 1584 2800 1595 —-
2820 1554 2964 1609 Nihil
2988 1554 3148 1625 igitur
3173 1554 3317 1609 aliud
3347 1562 3431 1609 est
3460 1553 3602 1609 istud

1991 1646 2310 1701 vocabulum
2347 1644 2588 1711 Vocatus,
2623 1646 2723 1700 nisi
2754 1646 3041 1716 disciplina
3081 1644 3401 1702 humilitatis
3431 1654 3487 1701 et
3514 1644 3599 1701 fa-

1991 1745 2107 1789 stus
2145 1735 2424 1807 depressio
2459 1747 2514 1791 et
2538 1737 2718 1791 omnis
2748 1738 3071 1808 arrogantiae
3117 1738 3392 1808 reprcssio
3421 1756 3437 1791 :
3464 1736 3597 1793 nihil

1990 1824 2135 1879 enim
2174 1834 2259 1881 est
2297 1826 2438 1896 quod
2468 1842 2569 1882 nos
2598 1828 2669 1881 ita
2698 1828 2981 1882 continere
3025 1842 3089 1882 ac
3118 1828 3377 1883 cohibere
3404 1828 3596 1899 possit,

1992 1926 2049 1970 ut
2080 1916 2373 1981 humilitas,
2401 1926 2456 1973 et
2487 1916 2766 1972 moderate
2806 1933 2989 1987 agerc,
3019 1932 3083 1973 ac
3114 1918 3421 1972 modestum
3450 1932 3599 1979 esse.

1989 2006 2226 2077 nihilque
2256 2008 2325 2064 de
2352 2023 2411 2063 se
2437 2024 2687 2078 magnum
2710 2010 2892 2064 animo
2923 2008 3145 2079 ﬁngere.
3173 2007 3328 2075 Quod
3357 2017 3412 2064 et
3439 2008 3599 2064 Chri-

1990 2107 2105 2152 stus
2122 2100 2423 2169 intelligens
2449 2114 2511 2154 ac
2538 2100 2869 2168 Spiritualem
2895 2098 3039 2153 illam
3057 2098 3357 2153 doctrinam
3383 2098 3597 2154 tradere

1990 2187 2273 2259 incipiens,
2314 2204 2344 2243 a
2384 2189 2757 2244 cohortatione
2806 2189 2871 2243 ad
2921 2188 3278 2244 humilitatem
3317 2189 3463 2243 illam
3510 2189 3596 2243 in-

1989 2278 2230 2344 choavit,
2260 2288 2421 2349 atque
2449 2294 2510 2334 os
2550 2281 2800 2349 aperiens
2831 2281 3064 2350 primum
3104 2280 3226 2335 tulit
3252 2279 3391 2335 hanc
3419 2279 3595 2350 legem

1990 2372 2061 2425 ita
2098 2373 2283 2426 dicens
2314 2391 2326 2424 τ
2354 2372 2499 2426 Beati
2526 2389 2772 2443 pauperes
2801 2374 2983 2443 spiritu
3008 2370 3311 2443 (Hattlt..5.
3347 2372 3428 2443 5).
3461 2372 3595 2427 Nam

1988 2462 2439 2532 quemadmodmn
2487 2463 2531 2517 is
2576 2464 2666 2533 qui
2723 2479 2944 2534 magnas
2987 2472 3042 2518 et
3086 2463 3400 2533 magniﬁcas
3448 2461 3596 2517 sedes

1989 2553 2151 2609 fuerit
2175 2554 2557 2619 aedificaturus,
2579 2556 2907 2610 conveniens
2924 2554 3057 2623 jacit
3081 2552 3512 2619 fundamentum,
3538 2562 3597 2608 nt

1986 2660 2128 2711 eam,
2162 2661 2278 2716 qute
2315 2658 2500 2716 postea
2532 2646 2860 2716 imponetur,
2887 2646 3085 2701 molem
3116 2646 3257 2699 ferre
3288 2646 3496 2715 possit:
3522 2646 3593 2701 ita

1989 2741 2242 2794 nimirum
2271 2740 2433 2795 etiam
2467 2738 2737 2807 Christus,
2770 2755 2893 2793 cum
2928 2739 3116 2808 ingens
3146 2738 3279 2793 illud
3304 2737 3592 2793 aediﬁcium

1989 2829 2346 2900 philosophia
2376 2830 2429 2883 in
2475 2828 2688 2883 illorum
2720 2829 3003 2883 animabus
3032 2828 3287 2899 erigeret,
3317 2836 3593 2899 tamquam

1987 2919 2419 2986 fundamentum,
2445 2929 2501 2975 et
2528 2920 2767 2976 carinam
2797 2930 2853 2975 et
2879 2920 3050 2975 basim
3083 2920 3292 2975 ﬁrmam
3320 2928 3373 2975 et
3402 2920 3598 2974 immo-

1985 3010 2172 3076 bilem,
2208 3012 2639 3065 cohortationcm
2693 3012 3011 3066 humilitatis
3050 3013 3203 3081 ponit
3243 3011 3425 3082 prius;
3469 3026 3593 3066 cum

1987 3102 2155 3172 probe
2177 3104 2408 3169 noverit,
2438 3113 2720 3174 postquam
2744 3103 2864 3158 lucc
2888 3102 2943 3157 in
2978 3103 3284 3157 auditorum
3319 3103 3597 3157 mentibus

1987 3193 2195 3248 radices
2233 3194 2427 3265 egerit,
2461 3193 2667 3264 reliqua
2704 3194 2885 3248 omnia
2914 3192 3171 3248 virtutum
3194 3208 3393 3263 genera
3421 3192 3594 3247 aediﬁ-

1985 3288 2095 3343 cari
2129 3296 2244 3342 tuto
2281 3302 2462 3357 posse.
2496 3287 2563 3343 Ut
2609 3287 2769 3353 igitur
2798 3287 2845 3342 si
2885 3286 3003 3341 haec
3031 3285 3283 3352 defuerit,
3316 3286 3443 3342 licet
3472 3286 3598 3341 reli-

1986 3392 2121 3447 quas
2150 3393 2340 3433 omnes
2364 3379 2591 3433 virtutes
2618 3379 2739 3449 quis
2759 3392 2924 3449 opere
2954 3377 3071 3447 ipso
3096 3378 3371 3441 exhibeat,
3396 3376 3596 3432 frustra

1986 3478 2041 3525 et
2067 3470 2336 3525 incassum
2365 3485 2429 3525 ac
2475 3471 2594 3525 sine
2624 3470 2734 3525 ullo
2766 3469 2939 3524 fructu
2981 3470 3194 3525 labores
3223 3470 3483 3539 suscepit,
3518 3468 3596 3523 illi

1987 3561 2303 3630 persimilis,
2358 3560 2450 3631 qni
2497 3561 2717 3614 domum
2768 3574 2921 3613 suam
2974 3574 3139 3629 super
3185 3575 3406 3613 arenam
3458 3574 3594 3613 con-

1985 3656 2202 3722 struxit,
2235 3655 2325 3726 qui
2359 3654 2599 3709 laborem
2630 3653 2846 3722 quidem
2873 3651 3185 3717 cxantlavit,
3216 3660 3477 3723 quaestum
3499 3666 3597 3706 au-

1987 3756 2097 3804 tem
2123 3748 2326 3802 nullum
2353 3748 2501 3814 fecit,
2531 3756 2814 3817 propterea
2849 3743 2992 3815 quod
3024 3743 3236 3799 ﬁrmum
3266 3744 3592 3799 fundamen-

1987 3846 2098 3892 tum
2149 3838 2370 3893 ntinime
2404 3838 2534 3908 jecit
2578 3836 2793 3909 (Matth.
2846 3836 2900 3889 7.
2949 3835 3041 3889 26.
3073 3835 3209 3907 27):
3244 3836 3315 3890 ita
3354 3836 3597 3906 quiSquis

1985 3931 2190 4001 absque
2222 3930 2524 3985 humilitate
2555 3929 2769 3999 quidvis
2798 3928 2923 3983 boni
2952 3930 3178 3999 peragit,
3210 3931 3390 3983 omnia
3420 3929 3597 4000 pendit

1984 4038 2049 4079 ac
2071 4022 2316 4079 destruit.
2349 4022 2717 4077 Humilitatem
2747 4031 2925 4076 autem
2948 4020 3089 4086 dico,
3121 4037 3226 4077 non
3254 4037 3372 4077 eam
3394 4038 3513 4092 qua:
3536 4022 3592 4077 in

1983 4113 2183 4179 verbis,
2214 4128 2389 4184 neque
2414 4126 2533 4183 quae
2576 4114 2628 4166 in
2677 4111 2875 4182 lingua,
2902 4110 2999 4167 sed
3034 4127 3155 4182 qua:
3197 4112 3251 4165 in
3297 4122 3503 4179 mente,
3535 4113 3591 4167 in

1986 4206 2187 4271 anima,
2232 4204 2285 4258 in
2329 4202 2657 4259 conscientia
2689 4203 2789 4257 sita
2826 4211 2928 4268 est,
2978 4206 3159 4272 quam‘
3184 4201 3331 4256 solus
3363 4218 3593 4259 cernere

1986 4299 2129 4354 Deus
2160 4306 2354 4369 potest.
2386 4295 2595 4353 Sufﬁcit
2621 4310 2783 4349 unum
2810 4292 2951 4349 istud
2983 4294 3206 4365 bonum,
3236 4294 3283 4349 si
3302 4295 3386 4349 vel
3416 4295 3588 4350 solum

1986 4407 2361 4462 saepenumero
2408 4398 2687 4460 appareat,
2730 4397 2787 4442 ut
2828 4388 3118 4458 propitium
3164 4388 3332 4442 Deum
3378 4388 3590 4443 reddat.

1987 4486 2163 4555 Atque
2204 4484 2307 4537 hoc
2337 4482 2650 4551 publicanus
2668 4480 2947 4535 ostendit:
2977 4480 3067 4551 qui
3110 4494 3233 4535 cum
3266 4480 3391 4535 boni
3422 4481 3588 4537 habe-

1985 4588 2068 4631 ret
2108 4575 2258 4639 nihil,
2302 4588 2476 4643 neque
2524 4582 2672 4627 recte
2714 4572 2866 4626 lactis
2912 4572 3135 4640 insignis
3176 4582 3359 4641 posset
3394 4572 3588 4637 videri,

1984 4684 2104 4723 cum
2136 4664 2479 4721 solummodo
2521 4664 2773 4729 dixisset,
2809 4661 3077 4731 Pmpitius
3105 4675 3209 4718 esto
3251 4664 3377 4717 mihi
3407 4682 3585 4735 pecca-

1986 4759 2083 4814 tori
2114 4757 2267 4832 (Luc.
2296 4758 2383 4813 l8.
2413 4757 2527 4828 l5),
2563 4757 2741 4825 potius
2760 4770 2921 4825 quam
2946 4755 3591 4826 Phariszcusjustiﬁcatns

1984 4852 2285 4916 descendit,
2320 4849 2533 4903 tametsi
2575 4864 2682 4903 non
2724 4846 3042 4902 humilitatis
3083 4856 3238 4902 erant
3285 4850 3371 4903 illa
3398 4850 3589 4912 verba,

1984 4944 2079 4999 sed
2108 4943 2385 4998 modestia:
2419 4949 2473 4995 et
2503 4940 2771 5009 aequitatis
2803 4948 3029 4993 tantum.
3060 4938 3335 5008 Siquidem
3366 4938 3589 4994 humili-

1986 5036 2111 5089 tatis
2142 5043 2247 5096 est,
2278 5047 2399 5086 cum
2432 5031 2550 5101 quis
2598 5044 2910 5099 magnarum
2942 5045 2972 5083 a
3019 5043 3078 5083 se
3105 5038 3377 5099 gestarum
3406 5047 3587 5085 rerum

1983 5129 2235 5187 conscius
2280 5126 2410 5181 nihil
2440 5125 2508 5181 de
2554 5140 2613 5181 se
2645 5122 2987 5194 magniﬁcum
3033 5123 3217 5176 animo
3245 5124 3396 5194 ﬁngit
3426 5142 3439 5177 :
3466 5138 3587 5178 mo-

1982 5223 2154 5279 destia
2185 5235 2314 5275 vero
2342 5228 2397 5274 et
2416 5217 2661 5287 aequitas,
2690 5231 2813 5270 cum
2837 5216 2900 5279 is,
2924 5216 3013 5284 qui
3042 5222 3291 5284 peccator
3313 5224 3415 5279 est,
3445 5215 3587 5269 istud

1985 5316 2158 5386 ipsum
2183 5313 2399 5367 fatetur.
2425 5310 2577 5377 Quod
2608 5310 2651 5363 si
2685 5309 2750 5372 is,
2784 5307 2873 5378 qui
2906 5307 3035 5361 nihil
3066 5322 3095 5360 a
3126 5323 3185 5362 se
3216 5308 3342 5363 boni
3368 5317 3578 5378 gestum

1985 5417 2228 5470 noverat,
2257 5404 2509 5475 quoniam
2544 5401 2596 5456 id
2625 5400 2767 5471 quod
2796 5409 2914 5455 erat
2952 5397 3232 5454 confessus
3258 5411 3355 5462 est,
3386 5402 3455 5453 ita
3483 5402 3581 5455 sibi

1983 5499 2077 5555 Dei
2122 5495 2547 5553 benevolentiam
2589 5492 2931 5548 conciliavit:
2963 5500 3217 5561 quantam
3272 5492 3413 5561 apud
3454 5508 3579 5547 eum

1982 5590 2228 5647 ﬁduciam
2280 5586 2602 5643 obtinebunt
2644 5585 2699 5652 ii,
2732 5582 2971 5653 quicum
3014 5581 3179 5635 multa
3219 5595 3315 5635 sua
3363 5593 3585 5650 possent

1981 5694 2407 5739 commemorare
2456 5677 2714 5751 prmclara
2766 5676 3022 5738 facinora,
3069 5672 3284 5726 illorum
3338 5672 3580 5727 omnium

1986 5775 2137 5831 obliti
2193 5787 2313 5829 sese
2371 5773 2422 5828 in
2480 5784 2762 5826 numerum
2804 5765 3086 5837 rejecerint
3144 5766 3584 5833 postremorum?
