4212 6290
635 346 740 404 153

625 484 787 556 Quod
815 484 1000 557 utique
1032 483 1227 541 l’aulus
1272 497 1484 554 quoque
1523 483 1649 538 fecit
1680 500 1694 538 :
1721 498 1845 539 cum
1874 485 2020 541 enim
2046 486 2224 556 justo-

632 592 752 632 rum
781 577 1019 631 omnium
1047 576 1248 644 primus
1271 582 1441 636 esset.
1481 574 1710 644 primum
1754 590 1814 631 se
1851 590 1973 632 esse
2010 577 2227 635 dicebat

629 674 973 739 peccatorum
1017 664 1093 737 (Ι.
1131 663 1264 719 Tim.
1292 666 1347 721 1.
1376 664 1503 736 15);
1551 680 1726 736 neque
1770 665 1982 722 dicebat
2024 667 2223 733 solum.

631 757 727 812 sed
771 763 826 812 et
849 755 1124 823 credebat,
1156 771 1277 811 cum
1303 771 1333 810 a
1382 766 1719 828 prmeeptore
1747 757 2044 826 didicisset,
2075 769 2227 831 post-

630 863 789 916 quam
811 846 992 902 omnia
1015 845 1317 913 feCerimus,
1343 847 1542 903 debere
1559 864 1662 903 uos
1683 863 1867 904 servos
1888 850 2101 907 inutiles
2126 867 2226 908 nos

629 953 825 993 vocare
852 935 1004 1010 (Luc.
1037 939 1123 994 l7.
1163 939 1273 1009 ιθ).
1303 939 1446 994 Istud
1475 949 1562 995 est
1589 941 1878 1008 humilitas,
1901 941 2068 996 istum
2099 943 2218 998 imi-

626 1028 818 1083 temini
865 1030 956 1100 qui
1005 1041 1151 1086 recte
1201 1031 1354 1086 factis
1401 1031 1639 1102 insignes
1683 1033 1833 1099 estis,
1873 1033 2220 1104 publicanum

627 1136 756 1177 vero
783 1136 879 1177 vos
906 1123 997 1193 qui
1043 1133 1382 1194 peccatorum
1420 1124 1561 1193 pleni
1592 1123 1755 1178 estis:
1778 1132 1833 1179 et
1865 1124 2224 1180 confiteantur

624 1214 769 1283 quod
821 1229 1027 1277 sumus,
1067 1215 1431 1282 percutiamus
1461 1224 1664 1283 pectus,
1701 1224 1755 1270 et
1801 1216 1968 1271 menti
2020 1225 2221 1272 nostra:

623 1304 1063 1374 persuadeamus,
1098 1313 1162 1358 ut
1195 1303 1328 1359 nihil
1373 1320 1622 1377 magnum
1659 1306 1726 1361 de
1764 1320 1824 1362 se
1846 1307 2135 1378 concipiat.
2161 1306 2218 1364 Si

621 1396 765 1449 enim
806 1395 878 1450 ita
905 1393 1164 1450 fuerimus
1189 1394 1388 1462 affecti,
1420 1396 1617 1452 sufﬁcit
1647 1398 1749 1452 hoc
1779 1397 1934 1452 nobis
1971 1398 2038 1454 ad
2066 1398 2218 1453 obla-

616 1486 818 1542 tionem
836 1497 892 1542 et
917 1487 1238 1543 sacrificium
1264 1504 1280 1542 :
1311 1490 1448 1544 sicut
1476 1499 1533 1546 et
1558 1489 1721 1545 David
1753 1490 1962 1545 dicebat
1991 1509 2005 1545 :
2038 1491 2217 1548 Sacri-

607 1574 792 1639 ﬁcium
819 1577 926 1632 Deo
951 1580 1160 1650 spiritus
1188 1581 1601 1645 contribulatus,‘
1625 1598 1712 1646 cor
1738 1583 2012 1636 contritum
2038 1593 2085 1637 et
2121 1585 2218 1638 htt-

618 1672 871 1726 miliamm
899 1671 1038 1728 Deus
1067 1689 1168 1727 non
1194 1673 1434 1744 despiciet
1469 1673 1642 1745 (Psal.
1673 1673 1762 1730 50.
1795 1673 1906 1744 l9).
1941 1674 2057 1730 Non
2084 1675 2215 1730 sim-

619 1764 831 1836 pliciter
869 1765 1009 1821 dixit
1049 1767 1372 1821 humiliatum
1400 1809 1416 1833 ,
1462 1767 1556 1822 sed
1609 1776 1664 1823 et
1717 1771 2026 1834 contritum;
2066 1770 2210 1840 quod

615 1854 764 1909 enim
817 1867 900 1911 est
946 1859 1256 1923 contritum,
1305 1858 1642 1914 cenfractum
1690 1868 1816 1915 est:
1851 1875 2024 1930 neque
2069 1861 2216 1916 enim

616 1954 815 2013 potest,
861 1949 1209 2017 quantumvis
1249 1951 1447 2018 cupiat,
1497 1951 1696 2006 efferri.
1735 1951 1812 2007 ita
1858 1967 1957 2007 nos
2001 1967 2217 2023 quoque

617 2051 726 2090 non
750 2036 1090 2095 bumilicmus
1120 2051 1324 2096 tantum
1355 2044 1588 2098 animam
1617 2053 1881 2111 nostram,
1906 2045 2002 2101 sed
2030 2058 2215 2102 cente-

661 2243 709 2251 _-
730 2238 1928 2263 .____=-._-._._.____________._

1929 2261 2110 2274 υ*

1359 349 1422 405 8.
1460 345 1739 406 JOANNIS
1774 347 2256 408 CllRYSOSTOMl
2295 352 2623 414 ARCHlEP.
2660 358 3206 422 CONSTANTINOP.

3844 378 3945 434 {55

2333 503 2516 544 ramus
2561 491 2721 546 etiam
2766 503 2820 550 et
2865 509 3294 568 compungamus
3327 503 3672 566 :conteritur
3720 516 3944 574 autem,

2332 582 2460 636 dum
2490 596 2708 640 suorum
2741 597 2999 657 perpetuo
3029 600 3379 659 peccatorum
3410 595 3748 653 recordatur.
3777 598 3834 653 Si
3869 600 3944 657 ita

2331 673 2476 728 illam
2512 675 2992 747 lutmiliaverimus,
3029 695 3098 736 ne
3141 682 3186 736 si
3213 683 3343 738 velit
3386 685 3604 756 quidem
3653 688 3708 742 in
3740 703 3936 759 super-

2332 765 2471 820 biam
2498 768 2628 839 erigi
2661 772 2879 839 poterit,
2907 773 3035 828 dum
3061 791 3091 829 a
3121 778 3449 834 conscientia
3482 787 3751 852 tamquam
3778 782 3945 838 freno

2330 858 2561 927 quodam
2607 873 2877 930 correpta,
2925 879 2993 918 ne
3032 881 3092 920 se
3135 868 3331 938 erigat,
3377 871 3718 941 reprimetnr,
3763 882 3816 930 et
3866 874 3940 930 ad

2329 952 2648 1007 modestiam
2694 957 3010 1011 servandam
3056 958 3109 1012 in
3154 962 3403 1016 omnibus
3433 965 3807 1034 compelletur.
3854 966 3935 1022 Ita

2329 1045 2626 1112 poterimus
2661 1054 2715 1101 et
2758 1048 2899 1118 apud
2949 1048 3117 1104 Deum
3152 1051 3378 1120 gratiam
3411 1053 3653 1112 invenire
3682 1075 3694 1111 :
3727 1056 3955 1126 Quanti

2328 1136 2471 1191 enim
2510 1140 2676 1210 major
2710 1155 2783 1205 es,
2819 1140 3008 1212 inquit,
3054 1152 3196 1197 tanta
3238 1145 3401 1215 magis
3428 1147 3645 1217 teipsum
3691 1149 3936 1216 humilia,

2326 1236 2373 1280 et
2400 1228 2622 1283 invenies
2653 1231 2875 1300 gratiam
2915 1232 3058 1302 apud
3095 1230 3262 1288 Dm
3290 1234 3477 1307 (Eccli.
3516 1239 3572 1293 5.
3605 1237 3721 1312 20).
3755 1242 3934 1299 Porro

2326 1321 2415 1389 qui
2443 1322 2665 1391 gratiam
2693 1323 2835 1393 apud
2865 1325 3029 1380 Deum
3061 1326 3350 1394 invenerit,
3400 1330 3532 1385 nihil
3574 1333 3771 1389 sentiet
3809 1351 3935 1391 meo

2326 1411 2519 1479 lestizc,
2552 1413 2646 1468 sed
2677 1424 2732 1469 et
2761 1415 2814 1468 in
2847 1414 2947 1470 hac
2972 1418 3079 1471 vita
3105 1419 3305 1487 poterit
3332 1434 3454 1475 cum
3484 1421 3576 1476 Dei
3598 1424 3770 1494 gratia
3793 1439 3937 1481 cun-

2325 1510 2410 1555 cta
2446 1501 2534 1555 illa
2582 1502 2809 1558 adversa
2860 1503 3017 1561 facile
3055 1511 3407 1576 pertransire,
3452 1526 3515 1565 ac
3561 1514 3828 1584 repositas
3873 1516 3935 1572 in

2323 1591 2488 1645 altera
2523 1593 2626 1647 vita
2660 1596 3033 1662 peccatoribus
3073 1612 3263 1666 ρωπος
3304 1601 3561 1671 effugere,
3595 1605 3938 1674 procedente

2324 1683 2520 1752 ubique
2561 1685 2730 1755 gratia
2761 1686 2875 1752 Dei,
2919 1697 2975 1742 et
3020 1691 3200 1745 omnia
3247 1691 3321 1745 illi
3350 1695 3580 1762 propitia
3625 1705 3677 1752 et
3715 1698 3930 1767 placida

2322 1776 2584 1833 reddente
2617 1794 2632 1832 :
2659 1794 2818 1847 quam
2846 1781 3050 1835 utinam
3081 1796 3271 1837 omnes
3295 1784 3547 1840 obtinere
3577 1789 3844 1856 possimus
3875 1791 3936 1846 in

2322 1865 2537 1922 Christo
2563 1867 2692 1922 Jesu
2724 1869 2952 1925 Domino
3001 1880 3212 1937 nostro,
3258 1889 3355 1944 per
3381 1891 3539 1945 quem
3568 1886 3624 1932 et
3661 1891 3783 1932 eum
3813 1894 3929 1950 quo

2327 1957 2471 2012 Patri
2500 1958 2693 2028 gloria,
2725 1976 2828 2015 una
2872 1977 2994 2016 cum
3023 1974 3211 2019 Sancto
3245 1963 3469 2039 Spiritu,
3504 1983 3644 2024 nunc
3670 1977 3730 2026 et
3768 1984 3926 2026 sem-

2324 2063 2442 2118 per,
2469 2059 2525 2105 et
2547 2050 2601 2104 in
2631 2052 2828 2107 smcula
2856 2053 3201 2109 saeculorum.
3232 2056 3429 2112 Amen.

2463 2250 2866 2258 —-.-—..—-.—.
2913 2251 3158 2258 .—---—-“
3181 2250 3240 2257 ,λ-
3281 2249 3376 2257 -—.
3450 2255 3453 2257 _
3487 2249 3549 2259 η.-
3571 2248 3772 2258 ——.——
3790 2246 3854 2255 -—

3539 2262 3874 2280 --.ρ-

2077 2467 2439 2527 MONITUM

723 2635 938 2698 Nullam
968 2643 1088 2699 haec
1129 2644 1318 2701 concio
1349 2661 1462 2718 pra
1494 2661 1552 2702 se
1586 2645 1691 2702 fert
1726 2649 1982 2719 temporis
2019 2658 2226 2715 notam,
2255 2665 2364 2719 qua
2401 2649 2484 2705 vel
2512 2665 2688 2705 annus
2707 2649 3043 2720 deprehendi
3071 2650 3152 2705 vel
3179 2649 3482 2705 internosci
3506 2649 3685 2705 valeat
3710 2645 3902 2702 Antio.

651 2757 864 2814 ehimne
925 2774 995 2814 an
1028 2759 1500 2834 Constantinopoli
1529 2763 1713 2818 habita
1747 2764 1928 2822 fuerit.
1959 2766 2222 2821 Castorum
2252 2781 2443 2821 omnes
2472 2767 2599 2837 styli
2628 2775 2770 2822 notae
2807 2765 2895 2821 hic
2933 2765 3393 2837 Cbrysostomum
3431 2775 3711 2822 auctorem
3759 2763 3912 2820 desi-

656 2874 859 2936 gnant;
894 2877 955 2923 ut
993 2870 1190 2925 mirum
1223 2872 1294 2928 sit
1327 2872 1506 2927 virum
1537 2873 1756 2928 doctum
1783 2883 1836 2929 et
1869 2887 2186 2930 accuratum
2223 2874 2600 2932 Hcrmantium
2642 2893 2763 2934 eam
2809 2878 2863 2932 in
2903 2877 3117 2943 νοθείας
3152 2879 3525 2950 suspicionem
3565 2892 3766 2934 vocare
3797 2892 3912 2932 non

658 2972 1019 3046 dubitavisse,
1051 2995 1214 3050 quem
1247 2980 1370 3035 ideo
1391 2981 1516 3052 jure
1546 2981 1740 3038 refellit
1763 2981 2166 3052 Tillemontius,
2197 2994 2252 3040 et
2279 2987 2402 3055 styli
2422 2988 2753 3057 proprietate
2782 2997 3066 3055 permotus
3091 2997 3145 3043 et
3170 2989 3416 3059 Catalogi
3444 2989 3748 3060 Augustani
3784 3003 3917 3059 per-

619 3194 836 3210 '—"‘--—

875 3199 1019 3208 -——___

1947 3204 3948 3236 Ἢ

614 3282 679 3328 IN
724 3288 965 3334 DlCTl"!
996 3291 1183 3336 ILLUD
1211 3294 1532 3350 APOSTOLI,
1580 3295 1705 3338 NON
1734 3295 1938 3341 SOLU'M
1967 3297 2210 3348 AUTEM,
2257 3296 2376 3339 ειη)
2420 3298 2501 3339 ΕΤ
2544 3298 2916 3343 αιοιιιΑΜυιι
2951 3302 3026 3351 ,ΠΝ
3055 3302 3654 3365 τιιιιιυιλτιοκωυε,
3703 3310 3944 3356 εειεκ-

947 3392 1058 3434 'nzs
1086 3394 1256 3444 QUOD
1299 3395 1683 3437 Tumuuno
1727 3396 2117 3439 PATIENTIAM
2161 3396 2500 3439 orennun
2537 3379 2556 3459 (
2589 3381 2768 3442 Rom.
2815 3382 2875 3442 5.
2909 3383 2947 3444 3
2975 3385 3024 3464 ),
3073 3404 3155 3448 ET
3198 3407 3475 3460 RELIQUA
3507 3390 3618 3470 (τι).

2055 3521 2472 3576 ἀνθρζὲἱέῢῦἒῶ

690 3638 744 3694 1.
784 3637 1006 3693 Labore:
1037 3657 1128 3709 pro
1159 3642 1340 3695 virtute
1360 3641 1627 3698 subeundi.
1657 3674 1731 3684 ——
1755 3643 2104 3700 Laboriosum
2129 3653 2211 3699 est

620 3729 834 3798 quidem
877 3730 1125 3798 agricolae
1165 3732 1326 3788 boves
1363 3737 1610 3803 iungere,
1652 3751 1924 3791 vomerem
1969 3737 2205 3800 trahere,

617 3818 826 3872 sulcum
853 3819 1067 3885 «lucere,
1099 3825 1299 3878 semina
1340 3840 1614 3895 spargere,
1649 3826 2071 3898 ltyemetuferrc,
2116 3829 2209 3884 fri-

618 3926 713 3980 gus
741 3911 987 3978 tolerare,
1023 3913 1216 3969 fossam
1241 3916 1662 3984 circumducere,
1689 3919 2022 3990 ingruentem
2044 3936 2209 3991 aqua-

619 4018 735 4056 rum
771 4003 980 4074 capiam
1010 4021 1040 4058 a
1089 4009 1219 4062 satis
1248 4025 1454 4076 arcere,
1490 4011 1769 4067 ﬂuminum
1803 4015 1944 4083 ripas
1988 4015 2209 4069 altiores

617 4093 860 4162 reddere,
911 4111 973 4150 ac
1005 4112 1099 4165 per
1124 4099 1356 4154 medium
1387 4115 1572 4171 agrum
1616 4103 1991 4175 profundiores
2033 4106 2210 4159 sulcos

615 4185 811 4242 ducere
841 4205 854 4242 :
889 4187 982 4244 sed
1023 4192 1136 4244 lucc
1180 4205 1426 4260 Operosa,
1456 4209 1680 4265 qumque
1721 4197 1888 4252 multo
1918 4198 2100 4253 labore
2140 4198 2208 4252 il-

617 4277 726 4332 lum
751 4278 991 4348 fatigant,
1021 4281 1154 4335 levia
1182 4282 1313 4338 fiunt
1355 4299 1418 4339 ac
1455 4284 1648 4354 facilia,
1682 4287 1809 4342 dum
1852 4303 1948 4359 spe
1976 4290 2209 4360 concipit

617 4379 854 4440 segetem
900 4381 1213 4429 vernantem
1261 4377 1514 4446 agricola,
1561 4380 1751 4437 falcem
1797 4393 2097 4452 cxacutam,
2143 4400 2207 4440 ac

615 4463 874 4532 repletam
926 4466 1212 4536 manipulis
1253 4484 1432 4524 aream
1469 4478 1520 4524 et
1565 4470 1738 4542 fruges
1782 4483 2039 4542 maturas,
2087 4492 2208 4546 qua:

620 4552 782 4607 multa
814 4567 937 4611 cum
983 4553 1165 4611 laetitia
1191 4556 1407 4614 domum
1435 4559 1765 4617 deferuntur.
1796 4564 1886 4620 Sic
1929 4574 1982 4622 et
2005 4568 2204 4637 guber-

618 4653 771 4699 nator
797 4647 955 4701 stevis
982 4647 1234 4703 audacter
1279 4665 1338 4705 se
1383 4649 1630 4708 ﬂuctibus
1656 4658 1958 4722 committit,
2003 4668 2208 4728 tempe-

611 4746 803 4793 statem
849 4747 904 4794 et
933 4738 1117 4795 furens
1147 4742 1366 4824 pelagus
1386 4757 1529 4813 smpe
1557 4749 1871 4815 contemnit,
1911 4760 2098 4806 ventos
2125 4751 2208 4806 in-

613 4831 855 4898 stabiles,
884 4834 1118 4887 marinas
1146 4837 1430 4906 procellas,
1463 4848 1516 4892 et
1537 4841 1717 4910 longas
1748 4845 2205 4914 peregrinationes

613 4923 752 4977 ferre
778 4925 943 4990 novit,
976 4941 1096 4981 cum
1124 4927 1362 4983 sarcinas
1400 4932 1654 4987 mercium
1683 4948 1864 4990 secum
1913 4946 2121 5007 reputat
2150 4947 2204 4992 ct

601 5016 989 5084 negotiationis
1017 5027 1222 5088 portus,
1254 5030 1308 5075 et
1338 5021 1628 5078 immensas
1667 5040 1796 5096 opes
1827 5028 1948 5084 inde
1983 5045 2202 5099 Compa-

593 5123 616 5158 r
640 5106 807 5162 audas
831 5109 1086 5166 intuetur.
1115 5111 1222 5167 Nec
1243 5113 1399 5168 aliter
1427 5115 1579 5170 miles
1609 5115 1710 5171 fert
1737 5119 1975 5188 vulnera,
1999 5122 2205 5191 jaculn—

613 5214 730 5252 rum
757 5199 951 5257 nubem
967 5203 1181 5273 excipit,
1214 5206 1404 5260 famem
1436 5208 1648 5274 tolerat,
1681 5209 1862 5282 frigus,
1894 5215 2077 5285 longas
2109 5231 2203 5286 pe-

613 5293 1018 5362 regrinationes,
1073 5305 1129 5352 et
1177 5297 1230 5352 iu
1279 5301 1392 5355 acie
1444 5302 1720 5358 subeunda
1777 5307 2030 5375 pericula,
2074 5309 2200 5362 dum

615 5396 837 5454 tmpaea,
879 5386 1150 5453 victorias,
1207 5399 1260 5446 et
1307 5407 1535 5448 coronas
1573 5409 1754 5450 secum
1807 5407 2036 5467 reputat,
2080 5415 2200 5470 qua:

610 5478 732 5534 inde
766 5481 1059 5548 puniuntur.
1096 5485 1172 5537 Ad
1220 5487 1346 5555 quid
1395 5499 1572 5544 autem
1609 5489 1724 5546 hrcc
1752 5496 2198 5571 commemoravi-

611 5588 747 5641 mus,
783 5585 874 5629 aut
908 5578 1032 5646 quid
1065 5578 1176 5633 lucc
1210 5583 1452 5652 exempla
1484 5584 1580 5638 sibi
1615 5585 1836 5639 volunt?
1881 5587 2016 5642 llinc
2046 5588 2199 5643 nimi-

612 5677 730 5720 rum
757 5670 1093 5725 occasionem
1139 5673 1374 5742 arripere
1410 5673 1606 5744 placuit
1646 5690 1740 5729 vos
1769 5676 1834 5731 ad
1875 5678 2195 5735 audiendum

671 5757 742 5811 (at
767 5757 934 5808 "adlata
954 5775 1061 5810 cum
1083 5768 1186 5814 Mss.
1214 5765 1358 5825 Regio
1381 5767 1521 5824 πιδ,
1550 5764 1889 5820 etColbertino
1913 5771 1984 5821 l9.

2318 3642 2658 3707 oobontandi,
2690 3655 2850 3714 atque
2895 3648 2961 3700 atl
3007 3647 3220 3706 labores
3261 3667 3357 3721 pro
3385 3653 3578 3711 virtute
3618 3655 3937 3716 subeundos

2323 3735 2600 3790 incitandi.
2635 3736 2767 3791 Nam
2809 3740 2852 3792 si
2889 3752 3108 3809 propter
3144 3757 3295 3811 spem
3325 3743 3647 3814 futurorum,
3675 3749 3834 3822 idque
3867 3764 3935 3809 ut

2317 3841 2505 3881 eorum
2532 3829 2727 3897 aliquis
2755 3845 2820 3884 ea
2850 3831 2990 3885 bona
3021 3835 3278 3903 consequi
3302 3837 3487 3905 possit,
3524 3854 3644 3909 quae
3665 3857 3786 3897 cum
3820 3842 3934 3901 hac

2318 3917 2425 3970 vita
2465 3919 2741 3984 liniuntur,
2792 3919 2907 3976 lucc
2954 3922 3026 3976 illi
3073 3926 3358 3994 sustinent,
3407 3929 3576 3985 multo
3616 3934 3784 4002 magis
3825 3949 3934 3991 vos

2317 4017 2528 4076 Oportet
2579 4011 2630 4063 in
2685 4011 2952 4069 audiendo
2989 4029 3360 4085 perseverare,
3420 4031 3476 4075 ut
3525 4025 3789 4093 spirituali
3824 4026 3933 4083 do-

2317 4097 2486 4152 ctrina
2531 4100 2866 4171 imbuamini,
2907 4119 2969 4159 ac
2998 4121 3093 4175 pro
3120 4108 3224 4162 vita
3251 4120 3450 4165 acterna
3494 4127 3724 4182 pugnant
3755 4131 3933 4185 gene-

2314 4203 2439 4243 rose
2483 4190 2814 4262 sudoresque
2862 4196 3114 4252 tolerare.
3155 4197 3291 4254 Nam
3324 4200 3540 4256 illorum
3581 4205 3796 4274 quidem
3829 4208 3926 4262 in-

2315 4290 2462 4336 certa
2493 4297 2614 4352 spes
2658 4293 2740 4340 est
2767 4301 2832 4341 ac
2862 4291 3204 4359 temporaria,
3238 4300 3293 4346 et
3333 4309 3477 4365 saepe
3503 4295 3631 4350 dum
3676 4299 3787 4353 sola
3818 4315 3924 4355 ex-

2317 4373 2648 4443 spectatione
2677 4376 2963 4447 lactantur,
3005 4381 3168 4435 vitam
3217 4383 3425 4451 finiunt,
3473 4401 3570 4456 spe
3599 4389 3815 4458 quidem
3857 4407 3926 4447 se

2315 4463 2666 4532 obiectantes,
2692 4468 2785 4522 sed
2811 4469 2970 4524 rebus
2993 4472 3122 4540 ipsis
3145 4473 3372 4529 necdum
3396 4480 3921 4550 appropinquantes,

2315 4558 2526 4612 tametsi
2559 4575 2751 4630 graves
2779 4563 2896 4617 illas
2923 4564 3266 4621 difficultates
3287 4570 3634 4625 exantlarint.
3665 4571 3923 4644 Exempli

2312 4661 2492 4714 causa,
2525 4663 2645 4719 post
2683 4654 2878 4708 multos
2907 4656 3029 4709 illos
3060 4656 3270 4712 labores
3319 4674 3380 4712 ac
3422 4660 3649 4717 sudores
3678 4665 3920 4733 agricola

2313 4755 2736 4811 nonnumquam,
2769 4743 2894 4797 dum
2921 4744 3106 4800 falcem
3137 4750 3368 4815 exacuit,
3399 4762 3454 4806 et
3481 4753 3548 4807 ad
3591 4769 3822 4810 messem
3853 4771 3921 4814 se

2311 4841 2610 4901 comparat,
2642 4834 2721 4887 vel
2749 4834 2987 4891 immissa
3018 4840 3272 4909 aerugine,
3304 4842 3384 4895 vel
3417 4843 3744 4900 locustarum
3773 4847 3919 4902 mul-

2314 4925 2560 4994 titudine,
2589 4928 2672 4982 vel
2702 4929 2984 4984 immodica
3014 4933 3190 5002 pluvia
3221 4935 3510 5004 incidente,
3543 4941 3746 4996 velalia
3767 4958 3909 5013 qua-

2312 5019 2452 5088 piam
2477 5020 2759 5091 importata
2781 5023 3086 5081 calamitate
3111 5042 3176 5081 ex
3200 5029 3339 5084 aeris
3368 5029 3706 5102 intemperie,
3732 5037 3921 5092 vacuis

2312 5114 2558 5168 manibus
2571 5115 2786 5170 domum
2816 5118 3122 5183 revertitur,
3153 5130 3432 5190 postquam
3458 5123 3669 5179 labores
3697 5126 3916 5195 quidem

2311 5206 2585 5275 sustinuit,
2617 5210 2710 5265 sed
2740 5212 2979 5281 speratis
3020 5210 3259 5282 frugibus
3290 5214 3506 5271 excidit.
3540 5217 3661 5271 Pari
3705 5219 3916 5275 ratione

2310 5299 2637 5370 gubernator
2689 5301 2816 5356 dum
2859 5303 3115 5357 mercium
3163 5306 3316 5375 c0pia
3366 5307 3598 5372 laetatur,
3658 5312 3913 5381 expansis

2311 5407 2500 5463 magna
2543 5409 2662 5449 cum
2691 5396 2961 5464 voluptate
2999 5397 3131 5452 velis
3157 5412 3279 5452 cum
3327 5399 3492 5453 multa
3540 5401 3707 5456 maria
3750 5402 3914 5460 fuerit

2309 5499 2580 5550 emensus,
2613 5486 2663 5539 in
2697 5486 2811 5556 ipso
2843 5502 3081 5557 persaspe
3110 5497 3292 5558 portus
3328 5491 3572 5561 ingressu
3602 5494 3685 5548 vel
3715 5510 3904 5550 occur-

2306 5587 2457 5633 rente
2476 5594 2608 5649 rupe
2638 5581 2719 5635 vel
2740 5582 2805 5635 ad
2826 5596 3014 5637 saxum
3044 5583 3095 5637 in
3126 5585 3260 5639 mari
3295 5586 3467 5640 latens
3494 5595 3586 5640 aut
3613 5587 3679 5641 ad
3712 5603 3915 5660 scopu-

2307 5671 2415 5724 lum
2445 5672 2674 5743 aliquem
2705 5674 2856 5728 allisa
2895 5674 3037 5741 navi,
3068 5689 3131 5731 ac
3169 5676 3446 5747 inepinato
3475 5679 3743 5747 ejusmodi
3772 5696 3913 5738 casu

2308 5766 2606 5836 perculsus,
2636 5769 2840 5824 cunctis
2869 5768 3133 5826 mercibus
3155 5770 3392 5841 amissis,
3432 5782 3553 5843 post
3581 5773 3787 5830 inﬁnita
3821 5775 3916 5831 illa
