4212 6290
177 437 271 495 157
1255 430 1342 490 DE
1369 427 1624 487 GLORIA
1667 426 1733 482 IN
1772 426 2422 488 TRIBULATIONIBUS.

181 549 407 622 lu-ricula
439 547 533 605 vix
562 548 717 603 salvo
748 560 973 617 corpore
1003 544 1179 601 nudus
1205 544 1402 601 evadit.
1427 544 1517 600 Sic
1543 552 1597 599 et
1632 542 1787 598 miles

176 651 451 713 postquam
482 639 789 695 innumeris
818 652 961 708 saepe
982 636 1240 708 pugnavit
1269 637 1321 690 in
1348 635 1566 706 puellis,
1598 634 1785 689 adver-

175 734 339 788 sarios
366 732 593 803 repulit,
620 730 912 799 hostesque
949 728 1168 791 devicit.
1194 727 1322 784 dum
1352 728 1409 783 in
1454 729 1571 798 ipsa
1611 728 1787 781 victo~

176 826 263 880 ria:
289 822 702 891 exspectatione
730 829 994 887 versatur,
1040 820 1204 876 nullis
1240 820 1455 891 penitus
1481 818 1787 874 commodis

175 932 235 971 ex
267 915 547 970 laborib‘us
578 912 944 985 periculisque
988 910 1279 982 reportatis
1317 926 1349 965 e
1397 909 1504 964 vita
1535 907 1784 963 discedit.

178 1008 239 1064 At
265 1005 533 1078 ejusmodi
565 1021 673 1060 non
716 1013 841 1061 sunt
866 1019 953 1060 res
993 1014 1194 1059 nostra:
1227 1018 1391 1074 :spes
1444 1003 1589 1059 enim
1631 1010 1791 1055 teter-

179 1115 288 1164 nas,
314 1100 598 1160 immotas.
626 1106 682 1154 et
708 1097 888 1153 ﬁrmas
918 1096 1136 1160 habent,
1159 1110 1387 1166 quasque
1407 1110 1531 1150 cum
1561 1094 1663 1149 hac
1684 1094 1787 1145 vita

179 1192 395 1247 minime
427 1192 815 1254 terminantur,
861 1187 955 1243 sed
985 1186 1053 1242 ad
1085 1187 1441 1242 immortalem
1472 1186 1791 1255 beatamque

180 1288 330 1342 vitam
361 1287 509 1341 illam
560 1302 629 1341 ac
657 1295 916 1357 perpetuo
944 1283 1257 1339 duraturam
1298 1278 1566 1353 spectant,
1597 1288 1653 1334 et
1681 1293 1788 1334 non

178 1378 331 1433 modo
363 1378 529 1433 nullis
558 1393 627 1433 ex
658 1377 800 1433 aeris
828 1374 1148 1445 intemperie
1175 1374 1258 1429 vel
1291 1373 1568 1443 inepinato
1606 1387 1787 1426 rerum

176 1477 361 1525 eventu
385 1479 585 1539 patent
612 1468 938 1534 incursibus,
965 1466 1061 1523 sed
1089 1480 1188 1522 nec
1213 1467 1283 1521 ab
1310 1465 1422 1535 ipsa
1461 1475 1635 1520 morte
1662 1478 1788 1535 pos-

178 1573 299 1619 sunt
321 1564 516 1620 deleri.
551 1563 693 1632 Quin
720 1562 882 1617 etiam
923 1561 1052 1617 dum
1089 1562 1208 1616 sola
1248 1575 1346 1630 spe
1373 1558 1637 1623 fovemur,
1672 1560 1789 1626 ejus

180 1658 227 1711 in
254 1656 446 1727 quovis
470 1655 642 1709 etiam
678 1670 710 1709 c
736 1654 896 1724 vulgo
927 1652 1131 1707 fructus
1168 1651 1365 1715 elucet,
1398 1659 1453 1705 et
1476 1660 1671 1719 quanta
1707 1648 1782 1702 illi

179 1760 378 1802 merces
399 1745 692 1802 debeatur.
726 1746 1012 1815 Propterea
1046 1744 1233 1799 beatus
1260 1742 1422 1797 etiam
1458 1740 1653 1796 Paulus
1676 1742 1789 1796 cla-

178 1837 349 1892 mabat
376 1836 569 1892 dicens
602 1854 616 1892 :
648 1836 767 1890 Non
810 1837 978 1889 solum
1005 1843 1194 1899 autem,
1231 1834 1321 1887 sed
1354 1843 1398 1886 et
1428 1834 1709 1904 gloriamur
1738 1833 1791 1885 in

178 1927 591 1982 tribulationibus
613 1927 789 1996 (Rom.
810 1927 864 1981 5.
882 1926 963 1998 3).
994 1925 1091 1991 Ne,
1115 1939 1320 1996 quzeso,
1346 1924 1535 1980 leviter
1564 1937 1784 1994 pra-ter-

178 2034 381 2085 eamus,
414 2033 542 2089 qua
572 2017 714 2073 dicta
740 2027 865 2073 sunt
890 2034 903 2071 :
928 2016 1022 2072 sed
1044 2016 1279 2087 quando,
1308 2016 1491 2070 nescio
1515 2031 1622 2085 quo
1639 2030 1788 2082 casu,

178 2126 351 2165 sermo
409 2127 515 2165 nos
572 2126 759 2165 rursus
808 2111 873 2164 ad
930 2110 1173 2180 prteclari
1219 2109 1597 2180 gubernatoris
1641 2108 1788 2163 Pauli

178 2212 385 2272 portum
413 2202 650 2272 appulit,
687 2202 738 2256 in
768 2202 924 2271 hujus
939 2201 1067 2256 dicti
1093 2200 1531 2257 consideratione
1558 2201 1790 2255 libenter

179 2294 552 2359 immoretnnr,
595 2293 772 2348 brevis
809 2292 1024 2364 quidem
1066 2293 1227 2357 illius,
1277 2292 1371 2347 sed
1414 2308 1442 2347 a
1474 2308 1580 2362 quto
1626 2293 1789 2346 multa

176 2386 515 2457 philosophia
566 2386 867 2441 erudimur.
918 2384 1055 2452 Quid
1103 2384 1318 2439 tandem
1365 2394 1447 2439 est
1489 2398 1619 2454 ergo
1648 2384 1789 2454 tptod

175 2479 319 2545 dicit,
349 2489 407 2535 et
425 2479 559 2549 quid
586 2479 671 2534 his
698 2477 852 2534 nobis
879 2478 1079 2533 indicat
1112 2477 1313 2538 verbis,
1350 2476 1472 2531 Non
1502 2478 1666 2530 solum
1694 2493 1762 2529 au

177 2580 291 2635 teut,
323 2569 414 2623 sed
434 2577 490 2627 α
516 2569 801 2639 gloriamur
840 2567 897 2621 in
940 2565 1388 2620 tribulationibus?
1415 2566 1580 2620 Paulo
1608 2566 1784 2632 altius,

176 2663 225 2715 si
251 2660 447 2731 placet,
482 2660 749 2716 doctrina:
778 2673 1087 2714 sermonem
1127 2658 1424 2723 ordiamur,
1474 2666 1529 2711 et
1562 2657 1784 2711 multam

177 2753 297 2807 inde
324 2753 485 2807 nobis
522 2748 955 2822 perspicuitatem
990 2749 1289 2803 videbimus
1332 2763 1396 2803 ac
1434 2749 1540 2802 vim
1573 2758 1791 2802 senten-

180 2846 369 2900 tiarum
393 2858 706 2915 emergere.
750 2843 857 2898 Sed
890 2842 1159 2897 nemiuem
1193 2856 1390 2911 corpus
1419 2841 1470 2894 in
1503 2841 1787 2895 mollitiem

176 2948 235 2991 a‘c
283 2937 561 3009 pigritiam
614 2936 849 2990 resolvat
892 2952 906 2988 :
946 2934 1075 3004 quin
1128 2933 1305 3002 potius
1353 2943 1622 3002 tamquam
1668 2947 1789 2985 rore

176 3029 404 3099 quodam
455 3026 754 3098 spiritualis
818 3024 1079 3080 doctrina:
1143 3023 1435 3093 cupiditate
1491 3032 1785 3076 recreetur.

178 3121 386 3191 Etenim
416 3120 491 3174 de
522 3118 868 3173 tribulatione
898 3116 1061 3171 verba
1112 3114 1358 3179 facimus,
1390 3114 1458 3168 de
1488 3113 1788 3182 cupiditate

179 3200 443 3268 bonorum
482 3221 833 3276 aeternorum,
877 3209 946 3264 de
977 3208 1249 3278 patientia,
1298 3207 1471 3277 deque
1517 3206 1781 3271 mercede,

178 3320 333 3373 quam
370 3304 446 3358 illi
475 3304 739 3366 obtinent,
774 3301 863 3371 qui
910 3301 1132 3355 minime
1174 3299 1351 3371 supini
1393 3307 1519 3353 sunt
1548 3313 1610 3353 ae
1639 3298 1784 3352 desi-

176 3396 287 3451 des.
319 3395 462 3462 Quid
489 3395 647 3464 igitur
669 3393 770 3447 sibi
797 3392 912 3446 vult
941 3392 1093 3457 illud,
1134 3390 1253 3444 Non
1278 3389 1443 3444 solum
1463 3391 1488 3443 .9
1514 3390 1614 3456 Qui
1642 3389 1785 3443 enim

181 3488 257 3541 bis
288 3487 472 3543 verbis
517 3486 704 3551 utitur,
737 3484 804 3539 de
836 3484 1020 3538 multis
1048 3483 1168 3537 aliis
1214 3482 1369 3536 bonis
1401 3497 1459 3536 se
1501 3481 1782 3551 loquutum

178 3594 291 3635 esse
338 3578 564 3641 indicat,
612 3592 731 3647 qua:
772 3574 1174 3645 praecesserint,
1226 3582 1280 3627 et
1322 3587 1442 3626 cum
1499 3571 1603 3625 illis
1645 3570 1784 3624 istud

178 3672 431 3741 adjicere,
490 3667 633 3738 quod
682 3682 746 3721 ex
802 3664 1148 3720 tribulatione
1201 3662 1438 3716 na<eitur
1469 3677 1481 3715 :
1515 3675 1676 3730 quam
1718 3660 1787 3712 oh

178 3776 391 3817 causam
425 3771 483 3814 ct
507 3760 622 3828 ipse
644 3757 877 3822 dicebat,
915 3753 1040 3808 Non
1069 3755 1235 3807 solum
1277 3760 1466 3814 autem,
1496 3752 1587 3804 sed
1614 3761 1660 3803 et
1685 3750 1787 3820 glo-

179 3853 368 3905 riamur
411 3852 471 3904 in
504 3848 937 3902 tribulationibus.
983 3844 1053 3900 Ut
1092 3854 1269 3898 autem
1303 3842 1618 3898 dilucidiora
1652 3843 1783 3895 ﬁant

181 3946 289 4000 ba'c
329 3944 518 4005 verba,
564 3956 663 3996 nos
705 3940 772 3994 ad
825 3940 1039 3994 brevem
1090 3938 1274 3991 horam
1325 3935 1607 3997 sustinete,
1657 3934 1783 3989 dum

182 4036 454 4106 prolixiori
497 4046 750 4088 sermone
776 4030 1076 4085 doctrinam
1121 4027 1461 4096 exponimus.

248 4125 542 4182 Adversarii
587 4124 705 4193 ﬁdei
770 4120 1075 4177 Christiano:
1140 4134 1293 4187 quum
1358 4118 1538 4180 multi;
1608 4132 1783 4187 perse-

179 4222 442 4289 quutiones
473 4217 625 4269 carie
666 4214 809 4267 initio
850 4211 1246 4281 prwdicaliouis.
1288 4208 1558 4262 lnducitur
1593 4206 1786 4262 Paulus

181 4312 240 4363 de
267 4308 456 4380 futuris
492 4306 764 4362 disserens.
811 4304 913 4357 Cur
948 4302 1244 4373 ingemiscat
1269 4312 1525 4355 creatura.
1553 4328 1622 4338 ——
1651 4299 1783 4356 Cum

180 4405 319 4459 enim
355 4400 695 4473 promulgata
739 4399 925 4452 luisset
963 4397 1032 4450 ab
1060 4396 1322 4465 apostolis
1350 4398 1663 4467 praedicatio
1700 4397 1781 4451 di-

184 4502 321 4561 vina,
352 4508 410 4554 et
435 4499 626 4550 omnes
666 4494 814 4547 orbis
853 4501 1118 4544 terrarum
1163 4492 1345 4560 plagas
1376 4490 1651 4561 religionis
1679 4506 1786 4546 ser-

183 4605 395 4645 monem
440 4587 518 4641 illi
561 4595 804 4641 serentes
842 4583 1073 4647 obirent,
1116 4598 1356 4637 errorem
1398 4582 1659 4638 radicitus
1688 4598 1781 4637 ex-

184 4685 493 4753 stirparent,
537 4678 737 4750 patrias
779 4676 1061 4745 impiorum
1092 4676 1234 4745 leges
1264 4674 1651 4740 rescinderent,
1687 4675 1786 4728 ini—

183 4778 441 4845 quitatem
465 4786 682 4826 omnem
708 4769 1152 4833 exterminarent,
1182 4776 1379 4821 terram
1396 4777 1781 4838 expurgarent,

184 4872 337 4937 λιφε
365 4864 436 4920 ab
479 4862 638 4917 idolis
664 4859 906 4930 quidem,
950 4875 979 4912 a
1012 4858 1169 4923 fanis,
1215 4858 1498 4925 altaribus,
1546 4856 1696 4912 feriis
1724 4874 1786 4913 ac

182 4956 505 5013 ceremoniis
536 4953 660 5007 inde
700 4950 1045 5005 nascentibus
1077 4948 1585 5017 resilirejnberent;
1620 4965 1783 5002 ttnum

183 5061 382 5117 autem,
412 5058 467 5103 et
496 5047 667 5101 solum
695 5044 1071 5098 universorum
1107 5042 1272 5096 Deum
1308 5056 1620 5111 agnoscere,
1660 5058 1784 5111 spes

186 5142 389 5196 futuras
447 5145 793 5208 exspectare;
831 5133 1007 5204 deque
1037 5131 1217 5197 Patre,
1265 5130 1425 5194 Filio,
1469 5146 1534 5185 ac
1578 5132 1782 5201 Spiritu

185 5232 759 5290 sanctodissererent,
793 5217 859 5281 de
905 5224 1303 5279 resurrectione
1332 5223 1779 5294 philosopharen-

187 5338 289 5391 tur,
317 5341 383 5379 ac
412 5324 482 5378 de
535 5336 705 5391 regno
757 5319 1014 5373 cmlortun
1058 5318 1219 5370 verba
1268 5316 1509 5371 facerent
1541 5335 1554 5370 :
1585 5316 1785 5371 idcirco

188 5421 380 5475 bellum
400 5416 605 5473 exarsit
633 5428 817 5485 grave,
840 5412 1190 5480 omniumque
1208 5411 1586 5471 szevisainnnn,
1606 5411 1781 5463 omnia

186 5512 440 5576 tumultu,
492 5507 918 5579 perturbatione,
968 5517 1030 5556 ac
1084 5502 1350 5556 seditione
1390 5501 1782 5562 redundabant.

189 5606 347 5659 nrbes
375 5616 585 5661 omnes,
620 5597 802 5669 populi
852 5611 915 5649 ac
943 5594 1137 5647 domus
1167 5608 1381 5657 otnnes,
1414 5594 1593 5647 omnis
1638 5594 1786 5663 regio

189 5700 299 5753 sive
326 5696 526 5751 inculta
554 5701 719 5756 esset,
749 5690 862 5743 sive
898 5688 1114 5741 deserta
1144 5705 1155 5739 :
1186 5686 1327 5767 quod
1359 5687 1607 5739 nimirum
1642 5686 1783 5739 anti-

190 5807 305 5860 qua:
345 5787 761 5843 consuetudines
806 5780 1281 5843 labefactarentur,
1330 5786 1385 5832 et
1420 5794 1542 5847 qua:
1583 5777 1783 5832 tamdiu

194 5883 511 5947 obtinuerat,
538 5877 825 5945 anticipata
848 5873 1030 5943 opinio
1054 5871 1470 5938 convellerctur,
1493 5884 1615 5923 cum
1646 5885 1779 5923 nova

3398 439 3501 495 €58

1909 540 2164 613 dogmata
2196 542 2600 613 inveherentur,
2646 563 2769 619 qum
2806 564 2966 605 nemo
2994 566 3247 623 umquam
3286 554 3504 611 atulive~

1900 641 1982 687 rat
2022 650 2035 688 :
2079 634 2339 691 adversus
2378 638 2477 692 ista
2524 640 2819 695 saeviebant
2861 656 3039 713 reges,
3092 643 3505 714 indignabantur

1900 724 2268 795 magistratus,
2301 730 2495 799 privati
2539 732 3028 802 tumultuabantur,
3059 734 3174 791 fora
3224 738 3501 808 perturba-

1900 815 2113 885 bantur,
2153 819 2438 875 tribunalia
2485 822 2916 892 roncitahantur,
2959 826 3366 898 stringebantur
3404 844 3501 884 en~

1899 921 2007 972 ses,
2040 923 2190 963 arma
2236 912 2590 979 parabantur,
2636 922 2691 969 et
2733 916 2880 986 leges
2923 919 3339 976 succensebant.
3375 920 3505 977 lude

1898 999 2187 1069 supplicia,
2224 1017 2419 1071 paenae,
2454 1004 2743 1076 militeque,
2768 1023 2832 1061 ac
2861 1021 3053 1065 cuneta
3079 1012 3505 1069 commoveban-

1900 1099 2006 1156 tur,
2038 1107 2159 1161 quae
2193 1095 2331 1149 inter
2373 1092 2620 1159 homines
2645 1099 2831 1167 gravia
2876 1110 3188 1156 censentur.
3236 1102 3503 1172 Quemad-

1900 1181 2116 1236 modum
2146 1197 2270 1237 cum
2305 1184 2497 1240 iratum
2526 1198 2611 1242 est
2651 1204 2819 1253 mare,
2864 1200 3026 1260 atque
3058 1191 3251 1248 infesta
3289 1195 3505 1250 naufra-

1896 1276 1981 1345 gia
2010 1277 2257 1346 parturit,
2293 1278 2462 1333 nihilo
2500 1279 2709 1335 meliori
2738 1291 2856 1336 erat
2896 1284 2948 1338 in
2975 1292 3120 1340 statu
3148 1286 3297 1342 orbis
3328 1297 3505 1345 terra-

1900 1382 2041 1434 rum,
2064 1384 2187 1424 cum
2222 1370 2493 1442 religionis
2519 1388 2679 1428 causa
2706 1384 2817 1433 tum
2847 1376 3013 1431 ﬁlium
3040 1388 3193 1449 pater
3209 1380 3500 1437 abdicaret.

1899 1474 1928 1511 a
1968 1473 2128 1514 socru
2178 1475 2345 1515 nurus
2399 1462 2705 1530 dissideret,
2749 1463 2944 1522 fratres
2978 1466 3374 1537 dividerentur,
3416 1472 3509 1528 do-

1900 1552 2028 1606 mini
2063 1552 2113 1606 in
2142 1552 2372 1608 fanmlos
2404 1555 2833 1625 indignarentur,
2879 1568 3067 1613 natura
3110 1562 3511 1631 quodammodo

1900 1644 1951 1698 in
1980 1646 2213 1717 seipsam
2257 1648 2523 1703 seditione
2551 1659 2821 1705 commota
2854 1651 3179 1723 insurgeret,
3223 1669 3324 1710 nec
3352 1656 3511 1713 civile

1902 1744 2129 1806 tantum,
2175 1738 2269 1794 sed
2310 1740 2509 1808 gentile
2539 1741 2808 1812 quoddam
2861 1744 3058 1798 bellum
3088 1745 3281 1801 domos
3322 1763 3512 1804 omnes

1901 1825 2239 1897 pervaderet.
2297 1829 2527 1885 Verbum
2572 1833 2717 1887 enim
2772 1834 2932 1905 gladii
2978 1837 3029 1889 in
3080 1852 3288 1893 morem
3341 1854 3508 1909 pene-

1901 1929 2068 1985 trans,
2103 1931 2159 1976 et
2184 1922 2327 1992 quod
2359 1924 2664 1978 morbidum
2694 1934 2813 1980 erat
2848 1942 2877 1979 a
2923 1942 3057 1983 Sano
3085 1944 3358 1995 resecaus,
3392 1948 3508 1987 ma-

1899 2026 2058 2082 gnam
2086 2013 2283 2083 ubique
2322 2015 2643 2071 seditionem
2688 2026 2740 2071 et
2769 2020 3171 2075 contentionem
3214 2023 3505 2089 excitabat,

1899 2112 1954 2157 et
1979 2102 2270 2170 efﬁciebat,
2325 2115 2381 2160 ut
2412 2107 2709 2163 innumerae
2755 2109 2990 2181 undique
3034 2112 3294 2168 adversus
3324 2114 3507 2171 ﬁdeles

1900 2193 2193 2250 inimicititn
2221 2212 2517 2268 pugnaeque
2563 2200 2925 2271 insurgerent.
2962 2203 3095 2259 lliuc
3128 2205 3311 2273 ﬁebat,
3347 2218 3406 2262 ut
3450 2209 3505 2265 in

1898 2300 2173 2341 carcerem
2201 2288 2291 2342 alii
2316 2288 2757 2359 detruderentur,
2789 2294 2880 2347 alii
2910 2295 2976 2348 ad
3004 2295 3206 2364 judicia
3242 2314 3502 2367 raperen-

1900 2386 2005 2443 tur,
2034 2387 2089 2433 et
2109 2378 2176 2434 ad
2204 2382 2343 2436 viam
2366 2397 2487 2451 qua:
2516 2383 2686 2437 tendit
2712 2384 2778 2439 ad
2813 2396 3043 2441 mortem
3079 2406 3092 2441 :
3124 2399 3284 2460 atque
3315 2391 3505 2447 horum

1898 2472 2113 2540 quidem
2162 2473 2301 2529 bona
2351 2476 2784 2545 publicabantur,
2832 2478 2905 2533 illi
2938 2496 3065 2535 vero
3119 2491 3171 2535 et
3221 2486 3414 2553 patria,
3455 2496 3510 2541 et

1900 2565 2009 2619 vita
2040 2566 2152 2635 ipsa
2181 2581 2421 2638 persaape
2454 2556 2821 2639 prii-abutitur,
2855 2582 2907 2625 et
2936 2575 3084 2628 onmi
3113 2592 3175 2630 ex
3209 2588 3361 2647 parte
3390 2594 3511 2635 crc-

1899 2656 2048 2711 brius
2076 2673 2237 2727 quam
2283 2659 2370 2713 nix
2402 2658 2637 2725 decidat,
2692 2662 2849 2717 malis
2890 2664 3280 2721 obsidebantur
3320 2688 3331 2722 :
3368 2669 3508 2725 intus

1900 2760 2112 2814 pugnat,
2145 2746 2275 2801 foris
2306 2749 2548 2813 timores,
2582 2750 2650 2804 ab
2680 2752 2889 2817 amicis,
2926 2754 2995 2808 ab
3021 2756 3232 2821 alienis,
3268 2758 3336 2813 ab
3377 2759 3507 2831 ipsis

1897 2839 1987 2908 qui
2031 2848 2240 2893 natura:
2271 2841 2672 2897 necessitudine
2702 2846 2973 2912 conjuncti
3007 2858 3182 2902 erant.

1967 2930 2023 2983 2.
2056 2930 2182 2986 llaec
2211 2932 2369 3002 igitur
2391 2948 2513 2987 cum
2541 2944 2787 2990 cerneret
2818 2936 3006 2991 beatus
3034 2938 3248 2998 Paulus.
3281 2940 3371 2997 ille
3399 2953 3508 2999 ter-

1897 3036 2076 3075 rarum
2106 3021 2251 3076 orbis
2279 3034 2609 3092 pra-ceptor,
2647 3036 2702 3080 et
2740 3028 3038 3083 celestium
3068 3030 3375 3101 dogmatum
3407 3034 3507 3089 do-

1897 3119 2186 3175 ctor,cmn
2220 3128 2307 3168 res
2333 3113 2546 3183 quidem
2578 3116 2818 3171 adversa:
2852 3119 2902 3172 in
2932 3121 3179 3175 manibus
3202 3134 3386 3179 essent
3414 3180 3421 3189 ,
3453 3137 3509 3181 et

1897 3210 2021 3255 ante
2050 3202 2235 3256 oculos
2263 3213 2625 3271 versarentur,
2656 3221 2743 3261 res
2781 3218 2960 3263 autem
3004 3226 3277 3281 prospera:
3318 3214 3371 3269 in
3411 3231 3507 3286 spe

1899 3301 2103 3347 tantum
2126 3303 2180 3347 et
2208 3294 2582 3363 promissione,
2612 3313 2859 3368 regnum,
2887 3301 3128 3371 inquam,
3155 3306 3428 3374 czelorum,
3455 3320 3507 3364 et

1897 3386 2238 3453 resurrectio,
2268 3402 2330 3442 ac
2357 3387 2620 3445 bonorum
2651 3392 2863 3447 illormn
2892 3396 3125 3466 adoptio,
3160 3417 3280 3479 qum
3308 3405 3508 3475 cogita-

1897 3478 2095 3531 tionem
2126 3493 2343 3533 onmetn
2367 3496 2429 3535 ac
2453 3498 2761 3539 sermonem
2789 3488 3056 3543 excedunt
3085 3508 3098 3544 :
3132 3478 3376 3551 fornaees
3407 3514 3503 3551 au-

1896 3579 2002 3624 tem
2026 3612 2039 3634 ,
2075 3572 2373 3640 sartagines
2397 3614 2411 3639 ,
2451 3574 2652 3643 gladii,
2686 3580 2941 3648 supplicia
2969 3622 2983 3645 ,
3030 3589 3421 3642 tormentorum
3454 3600 3506 3645 et

1896 3664 2146 3718 mortium
2167 3678 2364 3734 genera
2394 3666 2573 3720 omnia
2605 3684 2709 3722 non
2740 3684 2869 3740 spe,
2900 3674 2993 3728 sed
3022 3678 3349 3746 experientia
3382 3697 3505 3751 pcr-

1895 3755 2203 3824 ciperentur
2233 3773 2245 3809 :
2276 3757 2365 3826 qui
2407 3774 2534 3813 vero
2576 3760 2835 3817 adversus
2878 3764 2993 3820 hare
3031 3770 3209 3823 omnia
3251 3777 3504 3829 certaturi

1894 3856 2069 3912 erant,
2094 3863 2198 3902 nou
2225 3848 2291 3901 ita
2317 3848 2521 3917 pridem
2544 3851 2613 3905 ah
2630 3852 2906 3919 altaribus,
2930 3858 2999 3912 ab
3020 3858 3195 3926 idolis,
3219 3874 3249 3916 a
3273 3863 3503 3934 deliciis,

1893 3954 1923 3993 a
1952 3938 2159 3994 luxuria
2190 3950 2243 3994 et
2270 3940 2531 3998 ebrietate
2558 3944 2624 3999 ad
2659 3944 2816 4001 ﬁdem
2850 3949 3075 4007 traducti
3109 3952 3338 4011 fuissent
3361 3998 3375 4021 ,
3409 3973 3504 4015 ne-

1893 4048 1997 4102 que
2017 4030 2144 4087 dum
2170 4032 2235 4086 ad
2264 4034 2491 4090 sublime
2512 4037 2798 4109 quidquam
2826 4041 2893 4095 de
2919 4044 3024 4098 vita
3054 4054 3254 4101 arterna
3280 4064 3502 4105 versan-

1894 4124 2021 4178 dum
2052 4123 2234 4181 animo
2260 4125 2549 4184 assuefacti
2573 4166 2587 4194 ,
2626 4130 2720 4186 sed
2751 4132 2913 4189 rebus
2942 4138 3296 4204 praesentibus
3324 4144 3503 4211 potius

1895 4216 2218 4272 inhaererent
2247 4234 2259 4270 :
2291 4227 2344 4272 et
2371 4221 2660 4277 verisimile
2688 4235 2832 4279 esset
2861 4223 2977 4282 fore
2998 4269 3013 4294 ,
3047 4238 3105 4283 ut
3136 4232 3287 4286 multi
3314 4248 3503 4290 eorum

1894 4308 2238 4377 fatiscerent,
2269 4314 2615 4369 conciderent
2658 4316 2853 4371 animis
2875 4359 2891 4383 ,
2919 4334 2983 4374 ac
3010 4320 3303 4377 deﬁcerent
3332 4366 3349 4391 ,
3378 4342 3501 4383 cum

1894 4396 2115 4466 singulis
2136 4397 2323 4453 diebus
2347 4399 2724 4455 obsiderentur
2747 4420 2759 4455 :
2785 4401 2903 4455 vide
2929 4404 3055 4473 quid
3089 4406 3178 4461 ille
3209 4406 3388 4471 faciat.
3412 4412 3503 4482 qui

1892 4502 2209 4544 arcanorum
2242 4492 2510 4561 particeps
2536 4492 2832 4548 cielestium
2860 4493 3035 4551 fuerat
3058 4540 3073 4565 ,
3102 4507 3156 4554 et
3182 4502 3502 4571 sapientiam

1895 4579 2043 4635 Pauli
2068 4581 2373 4636 considera.
2400 4584 2475 4639 De
2506 4583 2699 4640 futuris
2720 4586 2937 4643 assidue
2955 4588 3173 4645 disserit
3193 4595 3335 4662 apud
3362 4595 3503 4665 illos,

1894 4674 2045 4743 ponit
2064 4674 2135 4729 ob
2160 4676 2345 4730 oculos
2371 4678 2614 4746 prmmia.
2642 4693 2869 4735 coronas
2891 4683 3145 4747 ostendit.
3176 4686 3361 4743 incitat
3385 4706 3503 4758 eos,

1892 4774 1947 4819 et
1975 4780 2073 4836 spe
2114 4766 2376 4821 bonorum
2418 4778 2740 4823 :eternorum
2775 4774 3106 4831 consolatur.
3148 4776 3285 4845 Quid
3324 4789 3503 4837 autem

1892 4858 2065 4914 dicit?
2095 4858 2458 4915 Existimamus
2488 4862 2621 4916 enim
2645 4865 2785 4934 quod
2814 4882 2915 4921 non
2945 4878 3062 4923 sunt
3091 4873 3361 4945 condigna
3385 4894 3505 4947 pas-

1892 4952 2060 5005 siones
2092 4952 2249 5021 hujus
2280 4954 2517 5022 (corporis
2540 4955 2606 5007 ad
2631 4955 2858 5023 futuram
2889 4958 3108 5029 gloriam
3131 5004 3145 5027 ,
3170 4981 3287 5032 qua
3309 4970 3497 5023 revela-

1892 5042 2028 5094 bitur
2057 5042 2109 5095 in
2136 5042 2279 5096 nobis
2308 5042 2499 5113 (Rom.
2525 5045 2577 5099 8.
2604 5046 2671 5101 l8
2693 5045 2736 5117 ).
2762 5046 2897 5115 Quid
2927 5051 3070 5105 enim
3103 5053 3231 5108 mihi
3255 5058 3500 5125 vulnera,

1894 5131 2100 5203 inquit,
2128 5133 2319 5202 objicis
2339 5176 2354 5200 ,
2377 5134 2561 5189 altaria
2587 5177 2601 5201 ,
2634 5138 2936 5208 carniﬁces,
2965 5144 3249 5213 supplicia,
3282 5145 3502 5216 famem,

1894 5227 2348 5297 proscriptiones,
2390 5240 2757 5301 paupertatem
2784 5273 2800 5301 ,
2834 5234 3042 5290 vincula
3082 5246 3137 5291 et
3175 5240 3507 5311 compedes?

1893 5334 2245 5388 qmecumque
2267 5319 2503 5375 volueris
2525 5338 2785 5391 propone,
2810 5341 2929 5395 qum
2959 5327 3027 5381 ab
3057 5328 3365 5387 hominibus
3385 5350 3507 5405 gra-

1894 5413 1975 5466 via
2008 5423 2332 5478 ccnsentur;
2368 5414 2495 5468 nihil
2526 5424 2703 5470 tamen
2732 5420 2969 5487 prtemiis
2996 5421 3133 5488 illis,
3164 5428 3377 5479 coronis
3398 5468 3413 5492 ,
3446 5444 3505 5484 ac

1894 5503 2335 5558 retributionibus
2362 5503 2582 5575 dignum
2613 5521 3026 5564 Commemoras.
3062 5512 3192 5566 Nam
3239 5516 3339 5570 ista
3383 5519 3501 5587 qui-

1894 5594 2015 5649 dem
2049 5608 2155 5648 una
2183 5610 2303 5649 cum
2335 5595 2436 5650 hac
2464 5599 2571 5651 vita
2615 5597 2891 5665 ﬁniuntur,
2926 5602 3012 5655 illa
3047 5619 3175 5659 vero
3204 5604 3255 5659 in
3300 5606 3509 5663 inlinitn

1895 5687 1984 5743 illo
2012 5702 2126 5741 ειτνο
2155 5686 2312 5741 ﬁnem
2347 5704 2452 5743 non
2486 5691 2682 5746 habent
2707 5709 2720 5745 :
2751 5693 2865 5746 hmc
2887 5701 3211 5763 temporaria
3233 5714 3352 5753 cum
3379 5701 3505 5767 sint,

1896 5788 2221 5847 prietereunt
2256 5798 2269 5834 :
2303 5778 2388 5833 illa
2420 5794 2539 5834 cum
2574 5780 2683 5835 sint
2714 5783 3058 5851 imumrtalia,
3094 5800 3353 5857 perpetuo
3382 5806 3507 5861 per-

1895 5878 2132 5924 manent.
2159 5869 2311 5936 Quod
2338 5870 2511 5941 ipsum
2535 5881 2588 5925 et
2622 5873 2729 5927 alio
2757 5874 2875 5929 loco
2896 5877 3239 5936 suliiudicaus
3262 5881 3474 5939 dicebat
