4212 6290
717 437 819 491 159

716 544 782 601 Id
802 544 937 616 quod
958 546 1010 597 in
1040 539 1272 612 praemi
1295 545 1365 590 est
1390 542 1803 591 mornentaneunt,
1822 540 1870 584 et
1888 530 1990 583 leve
2014 522 2299 579 tribulatio-

713 640 791 693 uis
820 636 913 709 (ἰ.
942 634 1060 690 Cor.
1093 634 1146 688 ι.
1174 629 1274 698 i7)
1311 646 1323 681 :
1351 628 1431 683 sic
1460 626 1755 697 quantitate
1779 620 2092 695 qualitatem
2123 616 2301 709 immi-

712 708 848 795 nult,
878 735 935 783 et
961 724 1302 780 acerbitatem
1334 719 1538 789 mitigat
1564 718 1823 786 temporis
1848 712 2129 773 brevitate.
2162 708 2303 776 Quo-

712 822 854 875 niam
882 817 1025 874 enim
1052 814 1235 886 gravia
1279 821 1466 867 natura
1496 824 1590 863 sua
1618 819 1769 863 erant
1798 817 1853 861 et
1884 804 2108 858 molesta
2134 840 2150 865 ,
2182 814 2305 869 quze

713 923 821 964 tum
848 908 953 963 illis
980 904 1293 962 accidebant
1311 946 1325 967 ,
1356 901 1616 957 brevitate
1662 897 1959 953 molestiam
2004 892 2193 948 minuit
2222 891 2304 945 di-

707 1015 837 1055 cens
867 1016 882 1054 :
914 996 980 1052 Id
1013 998 1145 1053 :nim
1181 996 1315 1067 quod
1351 996 1404 1047 in
1442 990 1677 1064 presenti
1706 1001 1775 1043 est
1818 996 2219 1041 inomentaneum
2256 991 2304 1035 et

709 1096 812 1147 lens
846 1090 1184 1146 tribulationis
1223 1099 1410 1142 nostra:
1433 1127 1449 1151 ,
1491 1101 1647 1154 supra
1686 1081 1890 1135 modum
1919 1081 1971 1131 in
1997 1075 2303 1131 sublimitate

711 1194 956 1237 cternutu
1002 1179 1179 1251 gloria:
1214 1176 1411 1249 pondus
1454 1184 1692 1244 operatur
1728 1172 1779 1225 in
1818 1168 1959 1223 nobis
1979 1209 1993 1229 ,
2036 1182 2136 1220 non
2175 1181 2301 1218 ron-

710 1271 1066 1344 templautil'us
1086 1270 1229 1323 nobis
1258 1283 1371 1338 qua:
1396 1266 1646 1330 videntur,
1668 1261 1757 1315 sed
1781 1275 1893 1329 qua:
1919 1275 2020 1313 non
2048 1257 2298 1311 videntur.

712 1366 839 1430 Qua
870 1364 1000 1418 enim
1029 1363 1279 1423 videntur,
1318 1354 1617 1427 temporalia
1656 1363 1773 1409 sunt
1800 1366 1956 1423 :qute
1989 1359 2158 1404 autent
2200 1365 2306 1403 nou

709 1458 962 1522 videntur,
1002 1464 1190 1509 eterna
1227 1462 1345 1505 sunt
1377 1451 1394 1520 (
1421 1448 1475 1503 2.
1502 1448 1621 1504 Cor.
1654 1446 1712 1502 i.’
1744 1445 1831 1499 l7.
1865 1443 1989 1515 l8).
2022 1442 2090 1496 Et
2118 1455 2305 1496 rursus

711 1562 768 1607 ttt
794 1549 863 1606 ad
896 1545 1321 1621 cogtutsccndam
1357 1544 1620 1599 bonorum
1660 1539 1803 1594 illius
1828 1538 1949 1591 vit:e
1978 1533 2300 1604 magnitudi-

710 1659 832 1700 nem
877 1641 996 1697 ilius
1043 1637 1335 1711 provehat.
1365 1644 1667 1691 creaturam
1707 1631 1875 1700 ipsum
1908 1626 1979 1681 ob
2020 1624 2302 1695 pnesentia

711 1735 850 1790 mala
879 1732 1149 1789 dolentem
1177 1737 1231 1785 et
1256 1733 1660 1798 congetnentem
1688 1718 1973 1776 introducit
1997 1759 2013 1783 ,
2039 1730 2104 1773 ac
2126 1716 2302 1772 futura

710 1840 981 1899 tamquam
996 1824 1147 1881 valde
1156 1820 1386 1894 jucunda
1410 1816 1755 1873 vehementer
1768 1818 2063 1882 optantem,
2080 1808 2206 1864 dum
2223 1805 2304 1863 sie

710 1922 784 1975 ait
806 1938 819 1975 :
845 1918 1045 1981 Etenim
1058 1924 1287 1970 creatura
1303 1907 1643 1980 congemiscit,
1670 1915 1719 1961 et
1734 1903 1886 1959 simul
1907 1901 2124 1972 parturit
2148 1916 2302 1970 usque

710 2015 879 2069 adhuc
896 2012 1075 2083 (Item.
1096 2011 1151 2067 8.
1171 2007 1245 2063 22
1260 2007 1302 2077 ).
1321 2006 1436 2075 Qua
1457 2004 1525 2059 de
1540 2017 1698 2057 causa
1716 1996 1881 2072 gemit
1897 1999 1920 2053 ?
1935 2012 2040 2068 qua
2055 1995 2123 2051 de
2142 2007 2303 2049 causa

712 2105 969 2177 parturit?
988 2105 1119 2158 Dum
1142 2102 1228 2156 illa
1256 2097 1505 2153 nimirum
1527 2093 1698 2149 lutura
1718 2092 1852 2145 bona
1872 2085 2229 2159 prastolatur,
2249 2092 2304 2139 et

716 2202 766 2255 in
795 2197 982 2254 melius
1009 2193 1353 2251 mutationem
1380 2186 1666 2244 desiderat.
1704 2182 1841 2237 Nam
1869 2192 1915 2235 et
1935 2182 2047 2250 ipsa
2065 2219 2082 2245 ,
2110 2178 2299 2247 inquit,

708 2301 940 2347 transtra
959 2286 1250 2344 liberabitur
1267 2301 1299 2337 a
1323 2281 1559 2337 servitute
1580 2275 1935 2347 corruptionis,
1950 2274 2003 2326 in
2024 2272 2299 2325 libertatem

710 2382 887 2452 glorise
915 2382 1135 2451 ﬁliorum
1166 2376 1260 2430 Dei
1294 2378 1309 2445 (
1336 2372 1415 2428 lb.
1446 2388 1495 2425 υ.
1520 2371 1584 2426 2i
1611 2368 1631 2441 )
1684 2367 1815 2423 Cum
1844 2380 1972 2421 vero
2000 2363 2153 2418 audis
2180 2377 2298 2416 eam

709 2487 925 2543 gemere
948 2487 1011 2527 ac
1034 2469 1294 2541 parturire
1314 2510 1329 2533 ,
1363 2464 1474 2521 noli
1500 2463 1701 2517 ratione
1732 2459 2005 2530 praeditam
2038 2457 2180 2511 illam
2208 2472 2297 2509 ar-

711 2563 918 2630 bitrari,
942 2561 1034 2616 sed
1061 2560 1257 2614 idioma
1276 2556 1564 2625 Seriphius
1587 2552 1838 2621 intelligo.
1866 2548 1999 2605 Cum
2024 2548 2165 2602 enim
2188 2547 2301 2601 vult

711 2655 851 2709 Deus
889 2650 1193 2707 hominibus
1237 2661 1486 2719 magnum
1528 2642 1725 2715 aliquid
1770 2656 1833 2697 ac
1869 2640 2161 2710 jucundum
2205 2653 2299 2706 per

712 2743 998 2815 prophetas
1022 2740 1360 2805 annuntiare,
1391 2737 1533 2809 ipsas
1556 2735 1716 2790 etiam
1745 2748 1833 2787 res
1857 2730 2174 2787 inanimatae
2200 2730 2300 2784 lin-

707 2840 784 2909 git
812 2835 1213 2901 miraculorum,
1236 2847 1356 2905 qua:
1384 2830 1539 2900 ilum,
1557 2824 1970 2899 magnitudinem
2001 2823 2294 2893 percipere,

709 2945 816 2986 non
851 2926 992 2999 quod
1032 2941 1193 2983 sensu
1222 2922 1495 2997 praeditam
1525 2933 1646 2974 esse
1684 2926 1983 2972 creaturam
2012 2913 2256 2969 dicamus
2278 2951 2296 2979 ,

708 3021 804 3078 sed
845 3028 904 3076 ut
942 3034 1037 3091 per
1066 3032 1132 3075 ea
1160 3032 1280 3089 qua:
1326 3012 1629 3069 hominibus
1652 3007 1914 3079 quadram
1938 3048 1955 3071 ,
1987 3005 2297 3077 nmgnitudo

708 3110 1088 3168 miraculorum
1112 3103 1339 3179 exprimi
1370 3104 1558 3174 possit.
1588 3099 1699 3156 lloc
1728 3099 1977 3153 nimirum
2002 3107 2053 3151 et
2084 3111 2181 3151 nos
2207 3096 2294 3152 di-

706 3220 832 3262 rere
857 3203 1092 3259 solemus
1112 3241 1131 3265 ,
1157 3214 1279 3253 cum
1310 3194 1640 3265 inopinatum
1664 3187 1789 3261 quid
1812 3186 2063 3243 acciderit
2089 3185 2109 3261 ί
2132 3202 2295 3257 .psam

711 3295 896 3349 urbem
920 3304 1040 3347 esse
1064 3288 1433 3345 contristatam
1458 3326 1474 3349 ,
1503 3282 1677 3337 solum
1707 3281 1878 3350 ipsum
1903 3280 2150 3333 mmstius
2173 3293 2296 3333 esse

711 3381 1001 3457 redditum]
1026 3383 1129 3452 (ιι),
1156 3388 1354 3434 etcum
1382 3374 1451 3430 de
1479 3374 1636 3429 savis
1673 3386 1737 3426 ac
1766 3368 2089 3425 terribilibus
2116 3381 2297 3423 sermo

710 3478 773 3533 ῆι
798 3474 1099 3532 hominibus
1127 3485 1191 3525 ac
1218 3468 1384 3523 ferina
1414 3472 1592 3521 mente
1622 3461 1859 3533 praeditis
1882 3503 1897 3526 ,
1929 3461 1997 3515 ita
2024 3460 2147 3530 quis
2176 3459 2293 3530 ple—

712 3582 934 3638 rumque
982 3562 1215 3634 loquitur
1247 3579 1260 3614 :
1297 3560 1416 3629 Ipsa
1463 3556 1805 3612 fundamenta
1843 3553 2154 3617 concussit,
2194 3553 2294 3623 ipsi

709 3660 914 3734 lapides
941 3673 1063 3713 eum
1094 3656 1384 3710 timuerunt
1415 3668 1429 3704 :
1464 3664 1569 3703 non
1616 3648 1758 3719 quod
1803 3647 1946 3703 hunc
1990 3644 2195 3713 lapides
2236 3660 2295 3701 re

712 3768 835 3807 vera
862 3747 1159 3811 timuerint.
1188 3744 1281 3800 sed
1310 3752 1367 3798 ut
1393 3744 1655 3796 summam
1682 3736 1861 3795 cordis
1888 3737 2005 3809 ejus
2033 3735 2295 3792 feritatem

710 3853 766 3899 et
793 3842 1027 3898 lum-em
1069 3836 1273 3908 possint
1298 3832 1618 3903 exprimere.
1673 3827 1989 3908 ilar_etiam
2032 3826 2100 3882 de
2139 3841 2299 3882 causa

713 3931 967 3989 mirabilis
990 3903 1251 4001 propheta
1282 3922 1445 3980 David
1471 3937 1533 3978 ea
1554 3964 1569 3989 ,
1599 3935 1723 3993 qua:
1745 3903 1945 3974 .Itidzeis
1969 3926 2297 3983 evenerant,

713 4024 850 4078 bona
876 4032 1323 4079 commemorans,
1348 4028 1576 4086 euntque
1601 4012 1948 4083 voluptatem,
1971 4024 2073 4079 qua
2102 4024 2184 4078 pet
2195 4006 2300 4064 fusi

712 4123 859 4168 erant
888 4153 905 4178 ,
935 4123 1056 4166 cum
1084 4106 1321 4181 Egypt»
1346 4103 1558 4161 liberati
1598 4112 1723 4158 sunt
1746 4136 1765 4165 ,
1793 4100 2039 4158 dicebat:
2068 4097 2137 4154 In
2164 4098 2302 4155 nitu

719 4201 878 4257 lsrael
901 4202 964 4255 de
987 4198 1241 4270 ἔρυντο,
1269 4196 1448 4250 domas
1474 4192 1634 4247 Iacob
1658 4192 1720 4246 de
1737 4191 1928 4261 populo
1952 4188 2192 4255 barbaro,
2215 4189 2299 4258 fa-

711 4305 793 4349 cta
831 4302 903 4348 est
938 4291 1129 4345 Iudam
1163 4286 1496 4355 sanctificatio
1518 4285 1671 4357 q‘us,
1710 4279 1883 4336 Israel
1918 4289 2139 4351 potestas
2166 4280 2297 4347 eius.

718 4385 862 4439 Mare
897 4382 1021 4437 sidit
1059 4389 1105 4434 et
1134 4380 1262 4455 fugit
1279 4418 1297 4446 ,
1327 4375 1574 4433 dardanis
1600 4390 1877 4430 comesses
1900 4383 1971 4428 est
1997 4382 2297 4427 retrorsum.

717 4474 916 4530 llontes
953 4473 1326 4528 essetth
1366 4476 1422 4523 ut
1463 4469 1641 4522 arietes
1665 4508 1680 4530 ,
1718 4476 1772 4521 et
1807 4464 1969 4521 colles
2008 4465 2139 4520 sicut
2178 4466 2301 4537 agni

706 4568 897 4635 ouium,
919 4581 953 4619 a
977 4564 1109 4636 [acie
1125 4560 1332 4617 Domini
1359 4558 1541 4633 (Psal.
1570 4557 1692 4615 H3.
1723 4556 1861 4628 14).
1888 4556 2001 4613 Hoc
2029 4572 2157 4612 vero
2184 4556 2303 4613 nul-

712 4660 796 4715 lus
822 4658 1065 4714 evenisse
1096 4669 1347 4724 umquam
1384 4650 1607 4708 audivit.
1638 4648 1773 4706 Nam
1806 4664 1966 4705 mare
2003 4647 2216 4719 quidem
2245 4657 2303 4705 et

710 4750 957 4807 Jordanis
986 4758 1279 4805 retrorsum
1308 4745 1400 4801 Dei
1423 4744 1577 4816 jussu
1602 4756 1858 4798 conversa
1886 4748 2014 4795 sunt
2045 4757 2058 4793 :
2090 4748 2284 4795 monte:

711 4855 889 4900 autem
914 4851 969 4900 et
995 4840 1162 4897 colles
1187 4856 1293 4896 non
1317 4838 1751 4902 exsultaveruut,
1782 4833 1907 4900 sed,
1939 4842 2142 4889 utante
2163 4832 2296 4901 dixi,

710 4951 831 4990 cum
856 4948 1119 4991 summam
1140 4931 1463 5001 voluptatem
1488 4928 1645 4983 vellet
1664 4927 1985 4999 exprimere,
2004 4941 2067 4980 ac
2084 4926 2298 4980 relaxa-

712 5029 908 5085 tionem
938 5042 1003 5082 ex
1032 5024 1341 5097 Egyptiaca
1373 5022 1654 5077 vexatione
1682 5036 1800 5089 qua:
1830 5018 1932 5074 illis
1960 5018 2295 5089 contigerat,

712 5137 799 5178 res
826 5121 985 5176 etiam
1018 5119 1331 5174 inanimatas
1354 5115 1626 5173 exsultare
1655 5113 1885 5179 dicebat,
1916 5127 1979 5166 ac
2005 5110 2299 5181 tripudiare

706 5222 929 5285 propter
955 5227 1015 5265 ea
1056 5210 1192 5264 bona
1214 5251 1228 5272 ,
1260 5224 1380 5280 qum
1409 5207 1511 5262 illis
1541 5206 1868 5259 obvenerant
1900 5221 1913 5257 :
1947 5203 2297 5271 quemadmo-

707 5306 835 5359 dum
864 5318 985 5359 cum
1013 5311 1164 5357 trtste
1190 5298 1458 5371 quidpiam
1493 5298 1737 5351 nuntiare
1762 5294 2005 5363 voluerit,
2032 5294 2174 5365 quod
2203 5310 2301 5348 no-

704 5404 818 5451 stra
854 5394 1005 5451 nobis
1030 5403 1243 5464 peccata
1271 5390 1597 5462 pepererint,
1631 5386 1724 5451 ait,
1760 5384 1964 5457 Lugebit
1998 5387 2187 5452 vinum,
2220 5386 2299 5440 lu-

709 5486 840 5557 gebit
862 5496 909 5538 et
935 5484 1045 5540 vitis
1073 5483 1090 5553 (
1116 5481 1290 5537 Huni.
1322 5481 1410 5536 «ιι.
1440 5479 1513 5550 7)
1536 5496 1557 5533 ε
1588 5488 1643 5534 et
1666 5478 1816 5552 alibi,
1853 5476 1957 5532 Via:
1986 5478 2111 5533 Sion
2129 5479 2301 5550 lugent

714 5576 938 5648 (Three.
977 5573 1320 5645 t,t):sedet
1368 5569 1651 5643 larryntari
1692 5583 1781 5624 res
1818 5582 1978 5623 sensu
2022 5567 2300 5625 destitutas

710 5672 804 5737 ait,
832 5670 969 5725 Muri
992 5668 1115 5736 ﬁlia
1128 5667 1254 5723 Sion
1277 5666 1506 5720 deducite
1539 5662 1826 5735 lacrymas(
1852 5662 2038 5718 Titi-en.
2062 5662 2115 5717 ἰ.
2144 5663 2209 5719 18
2232 5667 2248 5731 )
2284 5681 2297 5718 :

776 5808 850 5869 (ni
883 5815 996 5865 qua
1019 5805 1209 5853 uncinis
1239 5802 1527 5852 clauduntur
1569 5802 1775 5869 deerant
1808 5801 1857 5848 in
1891 5798 2056 5859 alitis,
2090 5800 2180 5851 sed
2213 5800 2301 5852 ba-

714 5864 963 5919 bentu‘io
990 5879 1090 5917 sis.
1116 5876 1167 5917 et
1186 5880 1211 5915 a
1238 5872 1477 5916 Frontone
1498 5872 1670 5916 nicto
1692 5864 1819 5914 lecta
1837 5871 1969 5913 sunt.

1461 421 1517 476 S.
1558 412 1839 476 1031\le
1874 404 2350 466 tillltYSOSTO)“
2393 405 2708 462 AllClllEP.
2750 402 3287 461 CONSTANTIXOP.

3913 395 4023 453 ΙΓιυ

2417 515 2523 572 imo
2559 528 2616 574 et
2659 527 2855 574 terram
2901 520 3070 591 ipsam
3109 526 3165 573 et
3198 516 3437 573 ledaeam
3477 515 3661 586 lugere
3689 514 3819 571 dicit
3852 526 4023 583 atque

2412 614 2616 669 ebriam
2642 628 2763 667 esse
2803 612 3034 678 tristitia,
3063 626 3168 665 non
3190 611 3331 681 quod
3356 610 3473 666 bace
3497 609 3765 665 elementa
3798 608 3853 666 id
3883 624 4017 664 sen-

2413 704 2578 770 tiant,
2625 703 2720 759 sed
2738 746 2751 766 ,
2781 714 2835 758 ut
2874 714 3000 758 ante
3022 701 3167 770 dixi,
3196 700 3575 771 pt'ttpbetarum
3603 701 3990 771 unusquisque-

2409 796 2539 852 dutn
2571 796 2807 852 indit-are
2835 796 2946 851 vult
2972 797 3241 866 ingentem
3273 794 3536 850 bonorum
3561 792 4019 864 magnitudinem,

2408 903 2528 958 qua
2577 888 2715 942 Deus
2761 887 3011 959 largitur,
3059 897 3115 941 et
3148 886 3578 957 suppliciorum,
3622 901 3744 957 qua
3791 895 4039 956 propter

2408 978 2612 1035 scelera
2646 990 2827 1036 nostra
2864 982 3018 1037 nobis
3055 978 3382 1051 indignatur,
3416 980 3487 1032 ita
3534 978 3770 1050 loquitur
3799 994 3814 1032 :
3848 993 4021 1049 quam

2409 1071 2479 1125 ob
2523 1085 2740 1128 eattsatn
2781 1073 2964 1127 beatus
3006 1071 3165 1127 etiam
3211 1069 3405 1125 Paulus
3446 1078 3749 1126 creaturam
3779 1068 4021 1138 ingemi-

2408 1172 2646 1218 scentem
2674 1179 2738 1219 ac
2774 1163 3041 1219 dolentem
3070 1161 3385 1227 introducit,
3415 1169 3474 1216 ut
3500 1162 3592 1216 Dei
3618 1161 3889 1217 donorum
3923 1177 4019 1216 cx-

2411 1256 2639 1324 primerc
2666 1255 2833 1326 possit
2871 1253 3287 1325 magnitudinem
3308 1297 3321 1321 ,
3344 1268 3466 1326 quae
3494 1268 3594 1308 nos
3625 1262 3745 1323 post
3768 1252 3913 1307 hanc
3943 1251 4021 1305 vi.

2410 1354 2517 1402 lant
2543 1346 2829 1417 excipient.

2480 1440 2533 1494 ὅ.
2567 1437 2869 1509 Μαςιιὶιιιόο
2898 1454 3067 1493 rerum
3107 1454 3235 1509 quas
3276 1439 3450 1507 adepti
3476 1454 3681 1493 'suutus.
3711 1468 3784 1479 —
3811 1437 4015 1494 Verum

2409 1531 2522 1585 bare
2546 1531 2725 1586 omnia
2754 1540 2879 1587 sunt
2905 1531 2959 1587 in
2988 1546 3084 1602 spe
3101 1572 3119 1599 ,
3144 1530 3287 1587 dicet
3313 1531 3577 1602 quispiam
3603 1547 3621 1586 :
3652 1531 4020 1602 pusillautmis

2406 1634 2583 1681 autem
2598 1640 2662 1682 ac
2680 1626 2844 1682 miser
2862 1626 3045 1693 homo,
3070 1639 3176 1680 non
3195 1626 3265 1680 ita
3284 1623 3490 1697 pridem
3520 1623 3590 1679 ab
3610 1623 3915 1681 idololatria
3943 1624 4015 1680 li-

2408 1718 2624 1774 betatus
2648 1758 2664 1782 ,
2698 1733 2874 1789 neque
2902 1716 3029 1773 dum
3060 1716 3236 1772 sciens
3264 1715 3334 1772 de
3361 1715 3521 1772 rebus
3551 1715 3742 1772 futuris
3770 1716 4017 1787 philoso-

2409 1808 2558 1879 pbart
2584 1850 2598 1871 ,
2629 1824 2735 1863 non
2776 1806 3063 1862 admodum
3093 1806 3177 1862 bis
3205 1804 3546 1861 sermonibus
3572 1806 3884 1878 corrigitur.
3914 1807 4017 1862 sed

2410 1902 2463 1956 in
2492 1900 2740 1969 prmseuti
2769 1909 3011 1971 tempore
3037 1896 3460 1954 consolationem
3490 1897 3723 1969 aliquam
3750 1905 3902 1968 optat
3925 1897 4019 1955 iu-

2409 1996 2612 2049 venire.
2644 1992 2849 2050 Idcirco
2875 1991 3125 2047 nimirum
3152 1990 3450 2059 et-sapiens
3476 1990 3563 2045 bic
3591 1989 3868 2061 magister,
3893 1988 4018 2045 eni-

2407 2102 2511 2157 que
2536 2097 2660 2141 no'a
2690 2095 2815 2139 sunt
2838 2084 3039 2149 omnia,
3074 2098 3178 2137 non
3209 2080 3369 2136 modo
3388 2097 3453 2137 ex
3481 2080 3636 2137 bonis
3663 2081 3853 2135 futuris
3869 2095 4013 2135 ctut-

2408 2181 2631 2243 eolatur,
2663 2178 2760 2234 sed
2781 2193 2847 2234 ex
2873 2176 3226 2247 praesentibus
3250 2177 3413 2231 etiam
3440 2174 3738 2232 cornutodis
3757 2173 4015 2231 cohorta-

2406 2280 2513 2328 tur.
2547 2275 2623 2327 Ac
2653 2272 2882 2343 primum
2922 2271 3137 2341 quidem
3164 2285 3225 2324 ea
3246 2311 3261 2333 ,
3294 2284 3415 2339 qum
3439 2268 3548 2335 jatn
3580 2268 3695 2321 orbi
3738 2276 4010 2322 terrarmn

2404 2362 2733 2417 obvenerant
2757 2404 2771 2423 .
2813 2362 2953 2417 bona
2982 2369 3369 2416 commemorat
3392 2401 3407 2421 .
3438 2376 3556 2429 quae
3594 2374 3702 2413 non
3746 2358 3798 2412 in
3828 2374 3925 2428 spe
3954 2370 4015 2413 et

2404 2471 2569 2527 exspe
2605 2454 2802 2521 tatioue
2844 2454 2943 2508 sita
2984 2462 3138 2509 erant
3160 2492 3176 2518 ,
3208 2451 3303 2507 sed
3330 2452 3522 2521 quibus
3551 2452 3725 2520 reipsa
3752 2449 4009 2505 inteban.

2407 2558 2493 2600 lllf
2522 2565 2534 2600 Ξ
2566 2563 2686 2617 qum
2716 2546 3012 2600 futurorum
3037 2585 3051 2607 ο
3085 2556 3137 2600 et
3165 2559 3351 2599 eorum
3397 2560 3517 2615 qua:
3558 2552 3845 2611 ενεηιιιιιι·
3889 2557 4008 2595 11ιὲ-

2406 2639 2547 2693 xitna
2568 2648 2647 2692 est
2670 2646 2725 2692 et
2748 2636 3147 2692 evidentissima
3171 2634 3560 2689 demonstratio
3583 2651 3597 2687 :
3620 2647 3848 2701 cumque
3869 2631 4010 2688 bene

2407 2727 2622 2798 longum
2647 2726 2716 2781 de
2745 2724 2849 2783 lide
2874 2740 3181 2780 sermonem
3206 2723 3482 2786 tevuisset,
3506 2732 3667 2793 atque
3690 2722 4009 2791 patre-reb:

2405 2818 2675 2874 Abnbam
2696 2817 3024 2871 mentionem
3054 2813 3288 2879 iecisset,
3313 2814 3402 2883 qui
3433 2813 3559 2868 licet
3587 2813 3884 2869 reluctante
3913 2829 4006 2868 na-

2404 2919 2521 2967 tura
2560 2910 2795 2982 speravit
2825 2917 3007 2965 tamen
3043 2924 3103 2962 se
3132 2915 3338 2977 patrem
3370 2905 3609 2961 futurum
3630 2944 3648 2972 ,
3677 2907 4011 2976 exspectavit

2403 3010 2457 3057 et
2500 2998 2729 3056 credidit
2750 3042 2764 3063 ,
2796 3008 3128 3071 quapropter
3165 3008 3217 3053 et
3264 2998 3481 3053 tandem
3524 2995 3621 3051 fuit
3650 3016 3665 3053 :
3696 2995 3823 3052 inde
3849 2996 4009 3052 dum

2404 3093 2685 3150 occasione
2708 3093 3038 3158 cohortatur,
3065 3098 3124 3146 nt
3148 3104 3435 3160 numquam
3454 3089 3521 3145 ad
3543 3088 4007 3145 ratiocinationem

2408 3186 2769 3243 inﬁrmitatem
2794 3185 3125 3251 delabamur,
3148 3183 3242 3239 sed
3271 3184 3480 3238 animos
3505 3193 3718 3239 nostros
3748 3182 4009 3250 magisqu

2404 3280 2530 3335 dine
2544 3278 2664 3335 tidei
2680 3278 2966 3348 erigamus,
2983 3276 3305 3334 attollamus.
3321 3285 3374 3330 et
3386 3274 3489 3330 altu
3506 3276 3798 3344 sapiamus:
3814 3271 4010 3330 deiwle

2405 3388 2585 3429 rerum
2604 3416 2618 3436 ,
2646 3387 2780 3444 quas
2808 3371 2987 3441 adepti
3011 3370 3120 3439 jam
3151 3382 3338 3423 sumus
3361 3410 3375 3432 ,
3411 3368 3640 3437 explicat
3671 3366 4007 3437 dignitatem.

2404 3464 2659 3532 Quanam
2692 3463 2777 3518 illa
2804 3476 2963 3532 porro
2983 3470 3065 3516 est
3088 3460 3113 3514 τ
3137 3458 3290 3528 Quod
3321 3458 3571 3514 nimirmn
3599 3455 3789 3511 Filium
3814 3471 4004 3521 suum,

2406 3558 2606 3628 inquit,
2638 3555 2969 3626 unigenitum
2987 3595 3003 3619 ,
3032 3551 3322 3623 genuinum
3343 3589 3361 3616 ,
3392 3548 3799 3603 dilectissimum
3821 3588 3838 3612 ,
3867 3546 4010 3602 hunc

2408 3651 2548 3705 Dens
2577 3663 2674 3719 pro
2704 3647 2856 3702 nobis
2883 3642 3163 3701 sceleratis
3195 3640 3367 3696 servis
3399 3638 3551 3694 dedit
3571 3681 3587 3702 .
3618 3648 3671 3693 e;
3712 3638 4010 3693 innumeris

2408 3744 2639 3812 peccatis
2666 3748 2916 3810 gravatos
2939 3776 2955 3801 ,
2988 3734 3257 3804 tanti~que
3284 3731 3598 3787 delictorum
3623 3730 3879 3784 oneribus
3904 3743 4007 3798 op-

2408 3848 2621 3903 pressos
2651 3847 2758 3886 non
2786 3845 2815 3883 a
2846 3827 3079 3900 peccatis
3105 3827 3280 3879 solum
3308 3823 3591 3887 liberavit,
3622 3821 3718 3876 sed
3750 3830 3804 3877 et
3829 3820 4008 3891 justas

2408 3921 2582 3978 elfecit
2607 3965 2621 3983 .
2649 3920 2779 3976 ntltil
2807 3933 2974 3989 grave
3004 3916 3279 3985 imperans
3305 3923 3395 3969 aut
3422 3911 3743 3967 laboriosum
3774 3920 3867 3966 aut
3890 3926 3984 3967 tuo

2407 4016 2635 4079 lestum,
2682 4009 2778 4066 sed
2818 4008 2976 4064 iidem
3024 4023 3053 4061 a
3100 4005 3255 4060 nobis
3295 4012 3499 4058 tantum
3530 4003 3810 4070 requirens
3830 4002 4008 4071 iustos

2406 4104 2657 4170 reddidit,
2686 4113 2902 4158 sanctos
2929 4099 3124 4164 elTecit,
3156 4098 3207 4152 in
3239 4095 3335 4152 Dei
3363 4095 3501 4151 illius
3525 4095 3820 4165 adoptavit,
3846 4094 4007 4151 bere-

2406 4196 2503 4252 des
2533 4193 2681 4265 regni
2714 4192 2943 4249 instituit
2968 4230 2984 4255 ,
3015 4187 3286 4259 Uoigeniti
3314 4186 3610 4242 coheredes
3637 4186 3968 4242 renuntiavit
3988 4226 4005 4251 ,

2408 4284 2855 4340 resurrectionem
2887 4279 3132 4353 promisit
3152 4320 3167 4342 ,
3197 4292 3483 4347 corporum
3511 4276 4005 4348 incorruptionem,

2404 4376 2767 4433 conditionem
2795 4381 2851 4431 et
2875 4380 3075 4429 sortem
3105 4370 3351 4427 eamdem
3376 4384 3499 4425 cum
3525 4369 3749 4440 angelis,
3775 4385 3899 4441 qua
3921 4385 4009 4425 ra-

2407 4472 2607 4526 tionem
2634 4482 2849 4523 omnem
2877 4480 2944 4522 ac
2975 4472 3213 4522 mentem
3246 4468 3574 4533 exsuperat,
3617 4458 4006 4518 habitationem

2408 4564 2461 4617 in
2488 4562 2635 4617 αιτιίι
2654 4601 2670 4627 ,
2698 4562 3159 4615 conversationem
3188 4570 3310 4611 cum
3341 4556 3459 4624 ipso
3480 4595 3496 4621 ,
3526 4568 3591 4609 ac
3618 4553 3853 4624 Spiritus
3878 4570 4007 4610 sau-

2406 4657 2477 4710 cti
2505 4656 2739 4724 gratiam
2756 4653 2867 4722 jam
2895 4651 3019 4706 inde
3046 4650 3202 4704 nobis
3228 4647 3437 4711 eﬂ’udit,
3466 4662 3499 4702 a
3525 4646 3725 4703 diaboli
3756 4662 3857 4703 nos
3884 4663 4011 4717 pos-

2407 4749 2647 4803 sessione
2677 4744 2940 4805 liberavit.
2974 4758 3071 4798 nos
3094 4758 3125 4797 a
3154 4741 3456 4796 dxi-montum
3485 4740 3742 4795 servitute
3769 4740 4009 4796 vindica-

2409 4840 2503 4903 vit,
2532 4847 2808 4909 peccatum
2835 4835 3120 4898 destruxit,
3146 4832 3579 4889 maledictiouem
3606 4831 3841 4894 sustulit.
3874 4833 4010 4889 infe-

2406 4947 2585 4987 rorum
2618 4939 2799 5000 portas
2825 4927 3091 4997 confregit
3113 4968 3127 4991 ,
3158 4923 3463 4996 paradisum
3493 4923 3698 4992 aperuit
3724 4964 3739 4990 ,
3773 4938 3881 4977 non
3911 4940 4014 4979 an-

2404 5027 2601 5092 gelum,
2635 5038 2741 5078 nun
2768 5020 3172 5091 archangelum,
3204 5017 3297 5073 sed
3330 5019 3505 5086 ipsum
3533 5011 3878 5087 Unigenitum
3912 5033 4013 5088 pro

2406 5118 2575 5173 salute
2606 5124 2786 5171 nostin
2815 5113 2981 5180 misit,
3010 5113 3150 5167 sicut
3174 5124 3271 5182 per
3298 5108 3616 5179 prophetam
3647 5109 3851 5181 inquit,
3888 5108 4014 5165 Non

2402 5211 2617 5279 legatus,
2647 5223 2808 5277 neque
2832 5206 3065 5277 angelus,
3093 5204 3182 5258 sed
3210 5204 3319 5273 ipse
3344 5200 3597 5256 Dominus
3620 5202 3787 5256 salsos
3816 5219 3911 5256 nos
3940 5204 4017 5271 fe—

2402 5302 2471 5354 cit
2501 5298 2704 5370 (Hemi.
2732 5300 2820 5353 65.
2848 5297 2924 5365 9).
2972 5295 3098 5350 llzec
3136 5309 3315 5349 nonne
3351 5294 3620 5348 sexcentis
3643 5293 4016 5360 splendidiora

2406 5401 2531 5447 sunt
2547 5389 2794 5446 coronis?
2816 5388 2956 5459 quod
2971 5384 3283 5441 sanetiiieati
3305 5380 3683 5454 sumusiqnnd
3697 5383 3927 5453 iustiﬁct
3941 5384 3980 5438 ti
3997 5386 4021 5437 τ

2408 5481 2550 5553 quod
2591 5496 2684 5551 per
2712 5480 2914 5535 iidem?
2942 5477 3084 5549 quod
3126 5476 3403 5546 unigenito
3434 5474 3529 5529 Dei
3558 5473 3697 5529 Filio
3728 5489 3823 5543 pro
3852 5475 4021 5528 nobis

2409 5572 2809 5631 desecttdente?
2839 5570 2979 5642 quod
3022 5570 3177 5625 Patre
3207 5567 3397 5623 Filium
3418 5582 3572 5622 suum
3598 5564 4019 5621 dilectissimum

2413 5677 2633 5741 propter
2658 5682 2755 5722 nos
2783 5665 3027 5722 tradente
3048 5664 3074 5716 ἲ
3097 5661 3239 5733 quod
3276 5662 3534 5732 Spiritum
3575 5669 3817 5715 Iunctum
3850 5673 4019 5715 acce-

2414 5761 2630 5833 pimus?
2656 5758 2797 5829 quod
2822 5773 2943 5813 cum
2974 5742 3119 5810 omni
3146 5754 3444 5810 facilitate?
3469 5751 3612 5823 quod
3639 5750 3855 5830 mpiosa
3884 5767 4013 5822 gn.

2415 5828 2486 5910 tia
2520 5828 2773 5922 donoque
2812 5848 2962 5920 potiti
3005 5846 3231 5904 sumus?
3260 5844 3356 5902 llis
3400 5843 3580 5916 itaque
3618 5843 3775 5899 dictis
3799 5828 3859 5899 ἃ
3882 5858 4018 5900 eum
