4212 6290
222 318 310 375 ibi
1298 314 1387 370 DE
1425 308 1681 368 GLOBIA
1725 308 1788 364 ΙΝ
1827 310 1834 325 ⁴

1948 308 2035 365 BU
2044 306 2473 367 LA’l'lONlllUS.

220 432 608 505 paucﬁ'verbis
637 433 815 487 omnia
839 430 1189 496 declarasset,
1223 442 1409 483 rursus
1435 438 1827 481 commemora-

223 527 362 581 tione
388 524 506 591 spei
540 540 848 579 sermonem
879 522 1071 577 linirit.
1102 521 1235 575 Cum
1264 518 1409 573 enim
1435 514 1696 577 dixisset,
1721 512 1824 566 Ju-

222 614 421 683 stiﬁcati
445 616 607 686 igitur
632 630 697 668 ea:
723 615 824 683 ﬁde
850 629 1027 683 pacem
1051 610 1292 666 habemus
1317 608 1385 661 ad
1414 606 1577 661 Deum
1606 622 1694 675 per
1719 604 1827 658 Do-

225 706 407 759 minum
437 718 670 759 nostrum
686 703 862 759 Iesum
888 704 1167 768 Christum,
1191 718 1282 772 per
1305 716 1456 771 quem
1482 706 1529 753 et
1557 697 1829 752 habuimus

222 810 479 850 accessum
510 812 603 865 per
631 796 786 864 ﬁdem
811 796 864 849 in
889 794 1128 865 gratiam,
1158 794 1212 846 in
1240 807 1341 861 qua
1364 798 1579 853 sturnus,
1608 786 1824 858 adjecit,

226 888 284 941 Et
303 888 594 959 gloriamur
608 889 660 942 in
676 904 765 957 spe
778 887 955 959 glorite
970 886 1069 941 Dei
1082 884 1262 956 (Rom.
1283 884 1337 939 5.
1362 883 1415 939 l.
1435 882 1515 953 2).
1541 881 1827 951 Postquam

224 981 377 1050 igitur
388 979 527 1033 dixit
549 980 739 1049 partim
756 995 874 1047 qua:
886 978 995 1048 jam
1008 984 1319 1037 evenerant,
1333 974 1525 1045 partim
1540 989 1660 1042 qua:
1676 986 1833 1026 even-

222 1081 331 1125 tura
352 1080 513 1125 erant
538 1088 553 1125 :
582 1086 705 1124 nam
730 1069 875 1140 quod
893 1068 1162 1139 juslillcsti
1180 1066 1395 1138 quidem
1414 1080 1600 1120 sumus
1617 1104 1632 1129 ,
1655 1062 1827 1135 quod-

221 1178 319 1231 que
346 1175 445 1230 pro
473 1162 633 1217 nobis
658 1172 709 1215 et
728 1161 1033 1219 immolatus
1054 1172 1133 1215 est
1151 1159 1339 1225 Filius,
1363 1168 1416 1214 et
1433 1155 1575 1230 quod
1599 1172 1693 1227 per
1706 1171 1829 1212 eum

221 1266 492 1307 secessum
524 1253 594 1306 ad
627 1252 835 1307 Patrem
862 1252 1211 1310 obtinuimus.
1233 1248 1378 1320 quod
1404 1248 1629 1320 gratiam
1660 1254 1715 1302 et
1733 1245 1833 1301 do-

222 1359 342 1398 num
358 1343 545 1413 adepti
568 1357 774 1405 sumus,
788 1342 929 1413 quod
949 1358 977 1396 a
992 1343 1224 1412 peccatis
1242 1341 1451 1397 liberali
1464 1352 1673 1401 sumus,
1688 1337 1829 1409 quod

220 1434 282 1490 sd
311 1436 478 1491 Deum
507 1450 697 1505 pacem
725 1434 1002 1501 habemus,
1030 1444 1082 1490 et
1102 1432 1333 1503 Spiritus
1356 1432 1526 1489 sancti
1544 1431 1832 1503 participes

223 1526 432 1593 luimus,
459 1528 576 1582 inec
599 1542 668 1583 ex
688 1525 754 1581 iis
770 1536 895 1580 sunt
915 1541 1034 1596 qua:
1048 1525 1159 1595 jam
1186 1532 1484 1581 evenerunt
1511 1541 1525 1579 :
1555 1537 1677 1595 qua
1702 1537 1837 1578 vero

220 1630 337 1675 sunt
358 1628 645 1686 eventura,
665 1620 833 1691 gloria
857 1620 1107 1675 nimirum
1130 1627 1215 1675 est
1237 1619 1328 1674 illa
1352 1617 1658 1682 ineﬂ'abilis,
1689 1616 1831 1689 quod

222 1716 387 1782 ipsum
412 1714 580 1767 etiam
607 1710 803 1782 adjecit
828 1711 1014 1766 dicens
1044 1728 1057 1765 :
1085 1708 1152 1765 In
1179 1727 1281 1773 qua
1309 1702 1524 1775 stamus,
1551 1718 1601 1765 et
1629 1710 1827 1780 gloria-

221 1821 330 1859 tnur
368 1805 421 1858 in
462 1820 557 1870 sps
596 1802 778 1875 gloria
818 1802 914 1857 Dei
946 1801 1137 1875 (Rom.
1170 1803 1225 1858 5.
1249 1802 1361 1872 2):
1394 1815 1557 1871 porro
1582 1814 1740 1870 spes,
1775 1806 1833 1854 ut

219 1905 341 1951 ante
369 1895 519 1960 dixi,
552 1893 621 1949 sd
655 1894 1048 1966 pusillanimem
1090 1892 1393 1948 auditorem
1434 1891 1747 1960 erigendum
1778 1900 1832 1944 et

218 1984 558 2041 excitandum
588 1999 696 2040 non
726 1982 1014 2039 admodum
1034 1990 1118 2039 est
1150 1982 1338 2038 idonea
1366 1982 1524 2036 :vide
1548 1979 1677 2051 quid
1706 1994 1829 2034 rur-

219 2092 307 2131 sus
352 2076 553 2142 faciat,
597 2084 651 2131 et
691 2073 1047 2130 constantiam
1077 2073 1228 2128 Pauli
1256 2072 1537 2134 considera
1567 2085 1629 2125 ac
1659 2068 1832 2142 philo-

218 2168 498 2240 sophicam
529 2176 786 2223 mentem.
818 2168 893 2222 Ex
925 2167 1029 2222 illis
1054 2167 1198 2222 enim
1229 2166 1382 2235 ipsis,
1409 2181 1529 2236 qua:
1562 2163 1830 2220 tristitiam

219 2270 305 2315 aut
333 2259 796 2330 perturbationem
839 2260 1035 2314 afferre
1062 2258 1380 2314 videbantur
1401 2299 1416 2322 ,
1444 2266 1500 2313 et
1526 2256 1828 2312 auditorem

222 2353 438 2407 turbare
460 2393 476 2414 .
522 2367 587 2407 ex
632 2351 715 2406 his
747 2350 1133 2407 consolationis
1158 2360 1213 2405 et
1240 2348 1574 2419 gloriationis
1600 2362 1830 2404 coronas

221 2446 480 2502 contexit.
520 2444 612 2499 llis
639 2445 784 2497 enim
815 2442 1067 2497 omnibus
1092 2442 1425 2496 enumeratis
1452 2440 1708 2509 deinceps
1736 2438 1831 2491 ad-

216 2538 326 2606 jicit
349 2537 546 2591 dicens
580 2553 593 2588 :
638 2528 755 2589 Non
796 2534 969 2588 solum
1013 2534 1129 2587 haec
1166 2534 1290 2597 aio,
1331 2547 1453 2602 quae
1494 2545 1636 2584 nunc
1677 2528 1828 2594 dixi,

220 2630 352 2699 quod
397 2628 653 2682 nimirum
694 2624 1011 2680 sanctificati
1051 2638 1277 2688 sumus,
1320 2621 1465 2694 quod
1506 2620 1783 2691 justiiicati
1813 2660 1830 2687 ,

220 2718 355 2788 and
390 2734 491 2789 per
514 2716 888 2789 Unigeuitnm,
913 2716 1056 2787 quod
1082 2715 1252 2785 gratia
1276 2715 1424 2783 potiti
1454 2727 1660 2777 sumus,
1688 2711 1831 2781 quod

223 2825 368 2880 pace,
396 2809 545 2880 quod
575 2809 741 2874 dono,
773 2807 917 2878 quod
947 2806 1264 2862 remissione
1291 2812 1658 2874 peccatorum,
1681 2801 1825 2872 quod

221 2900 711 2955 communicatione
748 2898 981 2967 Spiritus
1020 2912 1129 2950 sana
1152 2900 1187 2951 tl
1210 2935 1225 2960 ,
1254 2894 1396 2965 quod
1426 2894 1575 2947 omni
1600 2908 1722 2947 cum
1755 2891 1832 2945 fa-

222 2992 455 3053 cilitate,
496 2990 637 3061 quod
678 2989 880 3058 absque
923 2986 1106 3042 labore
1130 3028 1145 3052 ,
1184 2987 1387 3055 absque
1426 2984 1658 3049 sudore,
1686 2982 1829 3052 quod

222 3083 330 3138 sola
362 3081 471 3137 fide
492 3123 507 3147 ,
536 3079 678 3150 quod
711 3079 903 3134 Filium
931 3076 1076 3133 misit
1102 3077 1429 3147 unigenitum
1455 3116 1470 3140 ,
1500 3073 1640 3143 quod
1669 3089 1832 3128 unum

223 3175 437 3245 quidem
473 3174 696 3243 largitus
721 3181 803 3225 est
824 3213 840 3238 ,
866 3172 1097 3226 alterum
1124 3186 1253 3223 vero
1281 3168 1559 3237 promisit,
1591 3166 1834 3222 ineffabi-

224 3268 323 3320 lem
348 3265 604 3335 gloriam,
631 3262 1115 3327 immortalitatem,
1152 3260 1606 3315 resurrectionem
1633 3274 1832 3327 corpo-

226 3375 337 3413 rum
365 3401 379 3424 ,
410 3357 781 3414 conditionem
808 3364 863 3410 et
891 3363 1091 3409 sortem
1124 3354 1422 3423 angelicam
1446 3392 1461 3415 ,
1487 3350 1835 3405 consuetudi-

228 3469 346 3508 nem
375 3467 503 3507 cutn
532 3448 748 3503 Christo
770 3488 786 3514 ,
818 3447 1203 3501 habitationem
1236 3446 1288 3499 in
1319 3444 1465 3499 caelis
1496 3460 1509 3495 :
1545 3442 1661 3497 haec
1688 3442 1833 3496 enim

228 3547 406 3598 omnia
434 3543 614 3598 verbis
639 3542 742 3595 illis
764 3540 1077 3609 complexus
1098 3547 1201 3603 esl,
1223 3536 1518 3591 Gloriamur
1535 3536 1588 3589 in
1614 3552 1703 3607 spe
1723 3536 1835 3607 glo-

229 3638 316 3691 ria
350 3635 445 3690 Dei
478 3635 673 3704 (llam.
701 3634 752 3687 5.
786 3633 823 3685 2
845 3632 882 3700 ).

297 3726 439 3797 [pste
460 3726 749 3797 aﬂlictiones
772 3736 887 3777 sunt
919 3722 1108 3776 (milia
1138 3722 1444 3775 occasiones.
1478 3747 1550 3757 ——
1574 3717 1689 3772 Non
1712 3718 1831 3772 Inec

232 3821 387 3891 igitur
415 3820 590 3874 solum
620 3818 762 3881 dicit,
795 3832 915 3886 qua:
951 3815 1314 3885 contigerunt,
1339 3822 1394 3866 et
1422 3827 1542 3881 quae
1587 3818 1711 3865 sunt
1751 3809 1834 3863 fu-

234 3926 347 3967 tura
378 3930 391 3966 :
421 3911 517 3965 sed
547 3925 609 3965 ea
638 3923 850 3978 quoque
876 3907 1010 3976 ipsa,
1036 3922 1154 3975 qua:
1177 3906 1315 3959 inter
1331 3904 1578 3957 homines
1604 3902 1825 3957 molesta

232 4011 537 4070 censentur,
586 4000 869 4056 tribunalia
918 3998 1203 4061 nimirum,
1254 4011 1540 4059 carceres,
1590 4003 1826 4057 mortes,

233 4096 423 4158 minas,
448 4092 667 4153 fantem,
694 4098 978 4156 tormenta,
996 4089 1314 4157 sartagines,
1340 4091 1603 4147 fornaccs,
1627 4084 1834 4151 (lepra:-

232 4187 525 4247 dationem,
579 4184 739 4247 bella,
782 4182 1229 4251 oppugnationes,
1261 4192 1484 4248 pugnas,
1511 4175 1837 4241 seditiones,

232 4279 630 4341 contentiones,
660 4277 775 4329 haec
816 4287 1028 4343 quoque
1070 4271 1234 4325 refert
1265 4271 1315 4323 in
1348 4282 1628 4322 numerum
1671 4266 1841 4321 dono-

238 4386 354 4424 rum
382 4384 446 4422 ac
477 4364 621 4422 recte
649 4365 930 4419 factorum.
962 4360 1077 4416 Non
1115 4361 1257 4415 enim
1288 4359 1357 4412 ob
1379 4358 1466 4411 illa
1495 4357 1689 4422 solum,
1721 4372 1841 4425 qua:

235 4461 373 4515 dicta
418 4464 569 4523 sunt,
615 4455 902 4509 uelandum
947 4462 1030 4507 est
1065 4462 1223 4521 atque
1266 4448 1628 4519 gaudendum,
1659 4446 1755 4501 sed
1786 4446 1839 4500 in

239 4555 318 4608 his
365 4553 529 4605 etiam
569 4547 932 4619 gloriandum,
980 4556 1037 4599 nt
1077 4560 1198 4599 cutn
1240 4545 1335 4603 ait,
1372 4541 1527 4595 Nunc
1568 4540 1764 4611 gaudeo
1789 4542 1842 4593 in

240 4644 556 4715 passiouibus
605 4643 729 4695 meis
763 4658 853 4709 pro
898 4640 1055 4706 vobis,
1078 4649 1124 4692 et
1152 4638 1408 4706 adimpleo
1428 4652 1487 4689 ea
1512 4625 1626 4699 qua
1662 4635 1843 4689 desunt

240 4740 533 4808 passionum
560 4734 746 4789 Christi
770 4734 822 4787 in
847 4749 997 4786 carne
1020 4748 1129 4786 mea
1157 4728 1293 4799 (Col.
1320 4732 1371 4783 l.
1395 4728 1508 4797 24).
1538 4726 1696 4781 Vides
1724 4727 1841 4781 ani-

242 4847 379 4882 mam
409 4830 627 4889 fortem,
658 4835 891 4879 mentem
913 4824 1231 4883 sublimem,
1262 4821 1509 4889 spiritum
1561 4819 1840 4882 invictum,

241 4921 326 4991 qui
370 4935 479 4974 non
510 4918 583 4973 ob
611 4930 842 4971 coronas
885 4924 1088 4969 tantum
1138 4915 1417 4983 gloriatur,
1451 4911 1549 4966 sed
1585 4922 1639 4966 et
1668 4921 1842 4965 certa-

244 5014 474 5069 minibus
506 5012 635 5081 ipsis
662 5010 997 5065 oblectatur?
1024 5024 1127 5062 non
1158 5008 1329 5061 solum
1359 5006 1428 5059 ob
1461 5004 1677 5073 praemia
1717 5019 1847 5074 gau-

242 5104 349 5164 det.
385 5103 482 5157 sed
507 5103 559 5157 ιιι
588 5102 743 5156 luetis
773 5102 931 5155 etiam
961 5100 1234 5153 exsultat?
1266 5114 1371 5149 non
1420 5094 1580 5148 modo
1626 5104 1843 5163 propter

245 5196 624 5252 retributiones
646 5195 873 5257 laetatur,
893 5192 986 5245 sed
1015 5200 1069 5245 et
1096 5193 1211 5259 ipso
1242 5187 1517 5259 pancratio
1545 5185 1848 5255 gloriatur?

245 5288 317 5343 Ne
342 5287 471 5341 mihi
511 5287 651 5340 enim
702 5299 923 5353 regnum
966 5283 1220 5334 ca-lorunt
1260 5290 1643 5341 commemora,
1677 5291 1850 5344 nequc

245 5396 467 5437 coronas
485 5378 601 5432 illas
618 5374 1219 5436 itntnarceseibiles,nec
1241 5367 1579 5439 pr;etnia.setl
1601 5381 1686 5419 res
1710 5366 1850 5437 ipsas

248 5481 557 5540 pntesentes.
579 5469 629 5521 in
647 5466 839 5537 quibus
858 5466 1021 5518 multa
1040 5465 1176 5517 inest
1194 5462 1433 5523 afﬂictio,
1450 5460 1600 5512 labor
1623 5499 1636 5521 ,
1658 5467 1712 5512 et
1745 5472 1853 5509 mo-

248 5564 393 5618 lestia
414 5562 639 5631 plurima
661 5574 671 5609 :
694 5557 809 5612 b:ec
828 5555 1067 5625 proferin
1085 5551 1344 5615 medium,
1379 5559 1433 5603 et
1462 5546 1745 5600 ostendere
1766 5562 1850 5614 po-

248 5670 358 5711 ιειή
380 5663 600 5722 propter
621 5653 719 5705 ista
749 5650 919 5703 multo
951 5647 1180 5716 amplius
1207 5660 1327 5699 esse
1347 5640 1701 5712 gloriandum.
1719 5637 1849 5692 Nam

244 5769 294 5804 ιιι
315 5748 544 5819 prolatus
562 5742 775 5813 quidem
796 5740 1050 5812 agonibus
1066 5738 1299 5793 laborem
1320 5733 1514 5789 habent
1533 5729 1849 5795 certamina,

3442 311 3545 366 (’3

1936 436 2151 477 coronae
2166 432 2370 487 autem,
2399 424 2724 492 voluptatem
2752 421 2874 478 :hic
2897 439 3025 478 vero
3052 438 3157 479 nou
3181 424 3284 493 ita;
3307 425 3401 481 scd
3419 440 3545 481 ante

1932 528 2163 569 coronas
2190 515 2305 584 ipsa
2340 515 2632 569 certamina
2670 515 2894 570 multam
2934 518 3277 571 occasiottem
3313 516 3545 575 afferunt

1933 605 2217 677 gloriandi.
2241 605 2417 676 Atque
2433 616 2490 659 nt
2511 607 2625 661 haec
2646 605 2717 661 ita
2734 605 3006 662 sebabere
3024 608 3545 679 intelligatls,tmum-

1934 714 2203 770 quemque
2227 710 2534 753 sanctorum
2567 714 2661 767 per
2689 699 2929 771 singulas
2963 702 3344 770 generationes
3367 702 3543 757 consi-

1934 790 2139 854 derate,
2160 801 2217 844 ut
2237 790 2409 861 inquit
2430 792 2541 857 ille,
2576 790 2879 863 Exemplum
2902 794 3138 862 accipite,
3168 788 3375 864 fratres,
3402 796 3543 850 labo-

1934 880 2006 934 ris
2026 891 2070 934 et
2093 881 2368 951 patientite,
2402 883 2696 951 prop/uias,
2725 883 2813 952 qui
2850 883 3049 951 loquuti
3090 893 3210 939 sunt
3255 883 3459 940 verbum
3488 887 3544 943 in

1934 973 2141 1025 nomine
2179 971 2389 1025 Domini
2419 972 2557 1041 (Jac.
2591 974 2643 1028 5.
2674 972 2785 1043 l0).
2831 974 3138 1042 Quinetiam
3180 975 3265 1031 hic
3303 977 3417 1047 ipse
3454 980 3546 1047 qui

1937 1063 2093 1118 nobis
2115 1063 2217 1118 hoc
2240 1054 2515 1120 certamen
2540 1066 2837 1136 proposuit,
2868 1076 2923 1122 et
2953 1067 3056 1123 hoc
3084 1070 3364 1138 spirituale
3393 1070 3545 1126 thes-

1937 1166 2075 1208 trum
2100 1158 2436 1223 convocavit,
2466 1157 2686 1225 Paulus,
2713 1158 2952 1229 inquam,
2986 1172 3267 1232 postquam
3295 1164 3545 1219 innume-

1936 1260 2024 1299 ras
2053 1247 2385 1318 singulorum
2407 1258 2717 1307 sanctorum
2747 1248 3066 1305 afuit-tiones
3095 1254 3383 1313 recensuit.
3413 1271 3550 1324 qua

1939 1355 2111 1407 neque
2138 1354 2281 1395 nunc
2318 1342 2563 1411 persequi
2598 1343 2934 1397 numerando
2962 1342 3119 1398 facile
3149 1345 3329 1410 fuerit,
3356 1346 3511 1416 adqu

1936 1431 2007 1497 git
2036 1430 2223 1486 dicens
2248 1448 2261 1485 :
2286 1430 2608 1487 Circulersnt
2632 1432 2685 1487 in
2710 1432 2928 1497 melotis,
2958 1435 3009 1488 in
3038 1435 3256 1503 pellibus
3292 1439 3522 1507 caprinis

1936 1531 2134 1591 egentes
2152 1562 2168 1587 ,
2213 1523 2490 1592 angustiati
2513 1565 2528 1589 ,
2568 1524 2737 1594 amicti
2777 1540 2796 1578 :
2831 1525 3011 1594 quibus
3048 1526 3236 1597 dignus
3288 1545 3389 1583 non
3431 1540 3542 1584 erat

1939 1610 2159 1666 mundus
2182 1613 2196 1642 ⁸
2227 1609 2418 1679 (Hebr.
2452 1614 2537 1668 ll.
2566 1615 2658 1670 b7.
2685 1614 2797 1686 58).
2834 1624 2890 1669 et
2931 1623 3111 1669 tamen
3164 1626 3384 1687 propter
3433 1619 3548 1675 haec

1936 1704 2115 1756 omnia
2156 1703 2493 1760 laetabantur.
2524 1704 2637 1760 lloc
2685 1720 2814 1761 vero
2851 1721 3076 1763 cernere
3123 1710 3300 1779 quivis
3346 1721 3545 1780 potosl,

1936 1796 2150 1866 quando
2189 1806 2307 1866 post
2330 1812 2628 1863 carcerem,
2657 1807 2711 1853 et
2742 1798 2933 1869 probra
2956 1800 3082 1854 οωξί
3112 1799 3428 1855 verberibus
3449 1802 3546 1871 eji-

1937 1890 2215 1945 ciebantnr
2247 1907 2262 1945 :
2291 1890 2419 1960 quid
2455 1892 2561 1945 ait?
2613 1890 2677 1943 Et
2717 1892 2796 1945 illi
2838 1892 3044 1961 quidem
3084 1892 3226 1946 ibant
3268 1895 3546 1964 gaudentes

1935 1999 1967 2035 ι
1987 1992 2259 2052 conspectu
2300 1983 2519 2047 consilii,
2550 1983 2791 2053 quoniam
2832 1972 2976 2054 digni
2998 1984 3160 2037 habiti
3178 1995 3295 2039 sunt
3323 2002 3415 2056 pro
3445 2003 3542 2040 no-

1938 2076 2073 2127 mine
2090 2072 2217 2129 Iesu
2247 2076 2606 2129 contumeliam
2633 2078 2741 2145 pati
2786 2075 2923 2141 (Act.
2955 2076 3011 2130 5.
3038 2077 3149 2146 Μ).

2008 2168 2062 2221 4.
2092 2164 2384 2237 Hartyrum
2425 2166 2625 2237 egregia
2667 2167 2964 2221 certamina.
2997 2166 3198 2221 Paulus
3232 2168 3547 2225 (temonibus

1936 2258 2173 2312 terribilis
2200 2258 2254 2311 in
2277 2258 2711 2329 αθῖἕειίοπὶὸιιι-
2732 2258 2928 2312 Verum
2958 2261 3105 2313 enim
3149 2273 3277 2314 vero
3318 2260 3432 2314 tunc
3453 2277 3551 2315 ηο.

1936 2361 2047 2406 stra
2077 2351 2237 2406 etiam
2261 2359 2419 2405 astate
2446 2350 2816 2420 contigerunt;
2844 2365 2907 2403 ac
2929 2351 2973 2404 si
2996 2350 3142 2413 velit,
3163 2350 3361 2419 cogitet
3373 2353 3549 2419 quivis

1936 2458 1997 2496 ea
2018 2456 2140 2512 quae
2176 2440 2320 2506 dico,
2349 2440 2525 2509 qualia
2549 2449 2791 2511 tempore
2825 2442 3302 2510 persequutionmn
3340 2442 3549 2497 accide-

1938 2536 2063 2587 rint.
2100 2532 2500 2603 Ingrediebatur
2527 2534 2677 2603 virgo
2703 2541 2884 2587 tenera
2916 2543 2971 2586 et
3003 2532 3243 2603 innupta,
3266 2548 3387 2588 cera
3410 2549 3549 2602 qua-

1940 2626 2018 2680 tis
2045 2626 2261 2680 tnollius
2306 2624 2509 2679 habens
2550 2639 2768 2692 corpus,
2801 2634 2911 2677 tum
2942 2622 3101 2679 afﬁxa
3133 2625 3364 2692 equuleo
3393 2624 3548 2679 dera-

1936 2718 2010 2771 sis
2042 2717 2298 2772 lateribus
2344 2714 2765 2786 perfodiebatnr,
2794 2716 3137 2795 et‘sanguine
3170 2724 3277 2768 tota
3331 2714 3542 2784 perfusa

1937 2818 2084 2874 erat;
2113 2818 2169 2863 at
2196 2809 2420 2879 perinde
2458 2808 2611 2877 quasi
2635 2822 2835 2878 sponsa
2865 2816 3011 2861 esset
3042 2806 3240 2876 potius,
3269 2817 3322 2861 et
3351 2808 3404 2861 in
3428 2807 3548 2860 tha-

1940 2901 2081 2953 lamo
2111 2900 2348 2964 sederet,
2379 2898 2450 2953 ita
2480 2899 2712 2954 libenter
2738 2912 2801 2952 ea
2833 2914 2953 2968 qua:
3002 2897 3202 2954 fiebant
3231 2898 3302 2952 ob
3326 2913 3551 2969 regnum

1936 2994 2191 3046 etelorum
2241 2989 2562 3061 perferebat,
2588 2990 2641 3045 in
2690 2990 2821 3059 ipsis
2865 2989 3252 3044 certaminibus
3292 3004 3552 3045 coronam

1940 3086 2262 3157 percipiens.
2290 3084 2477 3155 Cogita
2507 3085 2665 3154 quale
2692 3086 3059 3153 spectaculum
3091 3094 3237 3140 esset
3263 3094 3549 3154 tyranuum

1936 3192 2163 3233 cernere
2200 3191 2322 3230 cum
2349 3176 2462 3230 suis
2499 3173 2849 3237 exercitibus.
2876 3189 2997 3229 cum
3038 3175 3359 3229 acmninatls
3400 3175 3552 3229 etri-

1942 3270 2063 3333 bus,
2094 3284 2217 3323 cum
2248 3278 2325 3321 tot
2354 3268 2539 3333 armis,
2572 3282 2692 3335 que
2720 3266 2791 3321 ab
2817 3281 2922 3320 una
2952 3266 3127 3336 puella
3173 3266 3550 3320 vincebantur.

1944 3361 2102 3416 Vides
2146 3364 2313 3431 ipsam
2354 3358 2542 3413 etiam‘
2564 3357 2909 3411 alllictionem
2933 3372 3061 3411 cum
3086 3358 3317 3410 maxima
3351 3357 3551 3427 gloria-

1942 3456 2085 3510 tione
2112 3468 2235 3509 esse
2264 3451 2647 3521 conjunctatn?
2677 3450 2782 3506 Vos
2809 3466 2940 3505 vero
2970 3449 3128 3503 nobis
3155 3459 3321 3505 testes
3360 3465 3552 3505 eorum

1938 3550 2071 3604 estis
2096 3563 2218 3619 qua!
2243 3547 2498 3603 diximus.
2531 3546 2665 3601 Cum
2689 3546 2831 3599 enim
2874 3542 3109 3598 nondum
3146 3543 3425 3598 mercedes
3452 3559 3551 3597 ne-

1939 3657 2043 3711 que
2073 3641 2289 3711 praemia
2313 3639 2615 3709 receperint
2646 3648 2931 3707 martyres,
2961 3651 3062 3693 nec
3087 3652 3338 3699 coronas,
3369 3638 3467 3692 sed
3499 3638 3551 3691 in

1942 3732 2218 3803 pulverem
2249 3746 2311 3786 ac
2335 3732 2573 3786 cinerem
2622 3729 2870 3793 abierint,
2905 3744 3119 3784 summo
3159 3728 3337 3783 studio
3366 3729 3432 3782 ad
3453 3744 3551 3783 eo.

1942 3839 2058 3878 rum
2116 3822 2349 3877 honores
2395 3822 2770 3876 concurrimus
2795 3862 2810 3885 ,
2850 3836 2913 3874 ac
2956 3819 3225 3875 theatrum
3270 3820 3555 3889 Spirituale

1941 3928 2321 3979 convocatnns,
2352 3913 2585 3966 victores
2614 3928 2707 3966 eos
2738 3912 3131 3975 renuntiamus,
3155 3921 3209 3965 et
3232 3928 3556 3967 coronamus

1945 4016 2162 4076 propter
2188 4006 2431 4070 vulnera,
2481 4004 2818 4073 sanguinem,
2853 4012 3141 4067 tormenta,
3184 4004 3389 4074 plagas,
3419 4004 3557 4059 allli-

1942 4101 2148 4154 ctiones
2168 4099 2285 4153 illas
2302 4109 2355 4152 et
2375 4098 2647 4168 angustias
2680 4115 2693 4151 :
2725 4098 2804 4151 Sic
2839 4098 2895 4151 fit
2926 4106 2984 4150 ut
3008 4105 3062 4151 et
3092 4097 3219 4165 ipsa:
3240 4096 3558 4151 afflictiones

1944 4193 2320 4263 gloriationem
2346 4207 2499 4245 suam
2548 4192 2781 4245 habeant
2824 4190 2905 4243 vel
2948 4198 3072 4242 ante
3117 4189 3550 4243 retributionem.

1944 4284 2127 4354 Cogita
2154 4292 2389 4353 quantus
2417 4284 2496 4334 vir
2540 4290 2680 4335 esset
2730 4290 2839 4334 tum
2884 4280 3143 4349 temporis
3186 4279 3404 4345 Paulus,
3428 4295 3552 4333 cum

1944 4391 2195 4431 carceres
2220 4376 2508 4438 habitaret,
2538 4383 2590 4428 et
2613 4371 2679 4425 ad
2706 4372 2992 4425 tribunalia
3035 4372 3358 4435 traheretur,
3400 4388 3559 4439 quam

1946 4468 2307 4536 conspicuus,
2349 4480 2507 4534 quam
2565 4464 2795 4517 celebris
2838 4473 2889 4516 et
2931 4462 3153 4515 illustris
3190 4462 3328 4529 apud
3367 4475 3559 4515 omnes

1947 4569 2250 4630 appareret,
2280 4557 2548 4627 prarcipue
2594 4572 2721 4610 vero
2758 4554 2899 4623 apud
2948 4568 3064 4617 eos,
3098 4554 3349 4622 aquibus
3382 4567 3554 4620 Oppu-

1947 4653 2207 4722 gnabatnr
2238 4660 2291 4704 et
2322 4648 2528 4703 insidiis
2575 4645 2948 4715 appetebatur.
2975 4644 3079 4699 Sed
3110 4644 3236 4714 quid
3284 4658 3385 4712 ego
3427 4660 3552 4696 con-

1949 4744 2191 4812 spicuunt
2226 4741 2531 4793 hominibus
2558 4755 2679 4792 eum
2718 4738 2879 4792 fuisse
2905 4738 3048 4799 dico,
3079 4736 3295 4805 quando
3322 4736 3403 4789 vel
3435 4737 3557 4805 ipsis

1950 4835 2284 4889 dtetnonibus
2314 4844 2424 4886 tum
2458 4834 2625 4902 magis
2675 4830 2775 4884 fuit
2815 4829 3195 4894 formidabilis,
3226 4845 3349 4881 cum
3399 4829 3561 4898 virgis

1951 4927 2285 4981 caederetur?
2311 4926 2442 4979 Cum
2474 4938 2599 4978 vero
2626 4932 2769 4977 esset
2792 4924 2845 4977 in
2869 4922 3122 4983 vinculis,
3166 4936 3288 4975 cum
3341 4928 3561 4975 nmtra-

1952 5019 2035 5087 gia
2082 5026 2390 5087 pateretur,
2434 5026 2545 5069 tum
2598 5016 2829 5068 maxima
2872 5013 3065 5069 edebat
3109 5012 3399 5076 miracula,
3454 5022 3567 5067 tum

1956 5112 2123 5181 magis
2170 5110 2508 5165 adversarius
2556 5118 2849 5177 potestates
2879 5106 3187 5175 superabat.
3215 5105 3350 5159 Cum
3400 5107 3559 5175 igitur

1957 5206 2121 5270 probe
2163 5212 2365 5265 nosset,
2416 5212 2674 5270 quantum
2702 5216 2765 5254 ex
2821 5199 2903 5253 his
2946 5197 3328 5251 afflictionibus
3373 5199 3564 5251 aninue

1958 5295 2162 5346 lucrum
2213 5294 2512 5355 obveniret,
2555 5292 2766 5345 dicebat
2801 5306 2814 5346 :
2844 5288 2968 5344 Cum
3012 5289 3273 5355 inﬁrmor,
3313 5298 3430 5341 tunc
3478 5308 3568 5357 po-

1956 5396 2064 5439 tens
2094 5401 2206 5439 sum
2238 5400 2254 5437 :
2283 5384 2478 5438 deinde
2508 5382 2657 5437 addit
2687 5399 2702 5434 ε
2743 5380 2959 5450 Propter
2980 5381 3114 5448 quod
3157 5380 3331 5447 placeo
3360 5380 3483 5432 mihi
3517 5380 3568 5430 in

1958 5477 2356 5545 infirmitatibus,
2404 5476 2457 5529 in
2502 5484 2837 5535 t‘otlllttttrttts,
2873 5474 2921 5524 in
2951 5471 3352 5536 necessitatibus,
3382 5471 3431 5524 in
3453 5487 3565 5540 per-

2025 5610 2038 5639 ¹
2070 5615 2170 5657 \tss.
2202 5615 2325 5669 post,
2353 5604 2584 5669 caprinis,
2611 5605 2811 5669 addunt.
2839 5602 2885 5651 in
2913 5600 3247 5669 solitudinibus
3264 5609 3498 5669 errantes,
3526 5612 3567 5652 et

1960 5661 2214 5724 montibus:
2235 5678 2277 5716 et
2304 5661 2538 5723 ίέαιεείἰιις,
2564 5676 2606 5717 rt
2629 5676 2723 5715 ιυιιι
2740 5664 2781 5715 is
2806 5672 2942 5713 lct'm
2960 5699 2973 5723 ,
2995 5664 3137 5721 uulsi,
3162 5672 3367 5726 [εμενδεδ.
3391 5661 3560 5726 mrbus

1970 5732 2143 5797 dignus
2169 5743 2261 5782 non
2285 5738 2386 5779 erat
2414 5730 2638 5779 mundus.
