4212 6290
682 292 791 355 ωδ

1421 292 1479 349 8.
1516 290 1797 349 JOANNIS
1830 288 2307 350 οηιιῐεοδτοωι
2348 290 2664 348 summa.
2702 290 3240 350 ωκετλκτιιςορ.

3872 291 3976 349 160

672 404 1073 478 καραδοκῶν,
1111 406 1167 463 in
1203 404 1455 478 argutiis
1478 447 1493 472 ,
1534 414 1590 462 ιδ
1628 403 1873 461 intrabitet
1913 406 1968 460 in
1993 421 2073 460 ias
2112 405 2272 460 strtus
2381 419 2446 459 ac
2475 404 2637 460 rariis
2663 405 2717 462 in
2754 403 2964 462 deliciis
2990 404 3310 472 educantur,
3341 420 3459 476 qure
3505 406 3761 464 uallibus
3804 409 3973 461 reati-

673 496 863 553 Christi
889 497 1107 567 (2.6003
1124 496 1212 558 li.
1236 496 1324 553 £0.
1357 495 1437 568 9).
1460 495 1668 553 Idcirco
1682 508 1847 553 «tam
1874 512 1997 553 cum
2014 496 2082 553 ad
2102 512 2264 569 quos-

670 590 795 643 dam
838 588 1100 663 scriberet
1132 586 1375 644 Corinthi
1414 586 1694 660 degentes.
1743 597 1801 646 st
1828 586 1882 645 in
1910 604 2003 647 eos
2042 586 2263 644 invebe-

671 692 840 748 retur,
862 685 953 753 qut
970 679 1041 735 de
1066 679 1425 751 samagnitlee
1448 678 1771 746 sentiebant,
1796 680 1931 735 alios
1959 694 2088 735 vero
2112 678 2263 735 dani-

672 773 891 835 nabaat.
917 768 1163 841 epistolae
1208 770 1436 826 formam
1480 772 1793 841 exprimens
1832 768 2011 837 nobis,
2038 779 2260 827 coactus

671 871 755 917 est
769 876 987 916 suorum
1008 868 1155 917 recte
1176 860 1437 917 factorum
1459 861 1746 932 imaginem
1763 860 2078 933 depingere,
2100 861 2263 933 idque

673 968 779 1007 non
804 968 868 1007 ea
897 952 1081 1022 signia,
1113 967 1220 1007 non
1263 967 1331 1008 ex
1367 952 1657 1018 miraculis,
1675 965 1781 1006 non
1806 966 1873 1007 ex
1904 950 2131 1020 honore,
2154 967 2263 1009 non

669 1060 733 1102 ex
768 1043 997 1111 deliciis,
1045 1043 1141 1100 sed
1180 1059 1246 1101 ca
1291 1042 1618 1107 mroeﬁbm,
1644 1058 1715 1099 ea
1733 1043 1973 1115 judiciis,
1996 1058 2063 1099 ex
2090 1042 2257 1111 fame,

667 1151 730 1188 ex
760 1135 955 1205 frigore
973 1175 992 1201 ,
1011 1150 1076 1189 ex
1118 1134 1293 1199 bellis,
1321 1146 1388 1189 ex
1412 1124 1641 1201 insidiis,
1671 1134 1932 1203 ejusmodi
1960 1134 2141 1191 verbis
2168 1150 2263 1191 eos

668 1228 949 1298 alloquens
992 1244 1009 1282 :
1048 1225 1274 1281 Uisistn'
1328 1223 1517 1279 Christi
1558 1236 1710 1293 sunt,
1752 1236 1808 1281 at
1842 1227 2012 1282 suum
2058 1230 2261 1300 sapiens

672 1321 806 1385 dico,
837 1319 951 1390 ptas
967 1334 1080 1391 ego,
1111 1327 1167 1374 et
1195 1319 1438 1376 indicans
1470 1320 1597 1376 illud
1644 1319 1795 1385 Plus,
1825 1331 1881 1377 et
1921 1321 1973 1377 in
2003 1337 2111 1393 quo
2128 1324 2261 1378 emi-

671 1420 845 1478 neret,
865 1409 1059 1481 inquit,
1090 1408 1156 1465 Iit
1184 1411 1439 1466 laboribus
1452 1412 1695 1482 antplius,
1713 1413 1766 1467 in
1803 1414 2086 1468 carceribus
2098 1414 2261 1467 aban-

671 1502 894 1565 tlaatias,
926 1503 979 1556 in
1006 1503 1174 1574 plagis
1200 1521 1358 1573 supra
1382 1505 1617 1570 modum,
1633 1506 1689 1561 in
1722 1508 1961 1562 mortibus
1976 1510 2262 1578 frequenter

671 1596 756 1664 (Ξ.
773 1596 889 1650 Cor.
910 1597 999 1653 ll.
1021 1596 1148 1665 25),
1165 1606 1221 1652 et
1239 1613 1357 1667 qua:
1378 1611 1673 1671 sequuntur
1699 1618 1713 1651 :
1744 1599 1805 1655 Si
1820 1600 2029 1670 gloriari
2042 1610 2256 1671 oportet,

672 1687 726 1740 in
746 1687 809 1741 tn
834 1704 945 1756 qua:
959 1688 1270 1756 inﬁrmitatis
1286 1705 1409 1745 tacte
1427 1700 1543 1744 mi
1554 1690 1888 1762 gtoriatoqa.
1902 1690 2021 1745 Cor.
2036 1692 2059 1747 l
2073 1692 2123 1747 l.
2143 1692 2259 1762 so).

736 1779 918 1835 litat-ia
943 1780 1251 1849 voluptatein
1276 1780 1448 1848 σθαι.
1493 1779 1772 1837 Promistin
1790 1785 2046 1853 justorunt
2084 1790 2137 1839 in
2164 1787 2261 1839 Itac

670 1872 793 1925 vita.
820 1896 893 1910 --
914 1867 1079 1925 Vides
1106 1885 1231 1926 eum
1260 1870 1315 1925 in
1367 1871 1451 1927 bis
1505 1873 1676 1927 multo
1719 1875 1949 1943 amplius
2002 1876 2217 1946 gloriari
2241 1918 2256 1943 ,

666 1976 825 2031 quam
848 1961 919 2016 ob
956 1960 1261 2031 splendidas
1287 1977 1517 2018 coronas
1562 1964 1660 2019 sibi
1692 1966 1902 2035 placere
1926 2010 1938 2031 ,
1990 1976 2151 2038 atque
2177 1968 2259 2023 id-

665 2054 811 2106 circo
838 2053 1016 2106 dicere
1036 2095 1049 2114 ,
1103 2052 1225 2106 Non
1269 2054 1434 2107 solum
1461 2065 1651 2120 autem,
1692 2057 1781 2110 sed
1807 2068 1854 2110 et
1880 2058 2161 2128 gloriamur
2207 2062 2259 2114 in

664 2145 1122 2200 tribulationibus?
1142 2145 1277 2212 Quid
1308 2155 1391 2200 est
1412 2156 1589 2201 autem
1644 2147 1771 2202 illud
1797 2189 1813 2213 ,
1871 2148 1993 2203 Non
2040 2153 2205 2205 solum
2235 2154 2259 2205 3’

670 2242 785 2295 Non
808 2238 998 2299 solum,
1034 2238 1224 2306 inquit,
1256 2253 1361 2291 non
1382 2240 1617 2293 animum
1634 2239 2027 2309 despondentes
2052 2242 2254 2314 afﬂicti,

668 2328 922 2389 aerumnis
964 2331 1229 2397 oppressi,
1259 2329 1352 2384 sed
1382 2340 1649 2399 tamquam
1694 2332 1953 2402 majorem
1981 2333 2047 2387 ad
2082 2334 2251 2389 bono-

666 2436 777 2475 rem
803 2421 1138 2491 gloriamque
1164 2423 1418 2491 provecti,
1450 2423 1745 2493 gloriamur
1760 2426 1933 2492 potius
1954 2426 2022 2478 ob
2036 2441 2119 2492 ea,
2139 2442 2258 2498 quas

672 2512 827 2568 nobis
853 2514 1191 2583 contingunt,
1221 2514 1583 2569 incommoda.
1633 2516 1833 2571 Deinde
1862 2518 2112 2587 quoniam
2145 2536 2259 2573 ma-

668 2607 863 2660 ximam
890 2608 1016 2660 oriri
1039 2607 1285 2677 gloriam,
1316 2606 1529 2662 laudem
1556 2608 1966 2677 etjactationem
1998 2627 2064 2666 ex
2093 2612 2261 2667 tribu-

666 2696 951 2753 lotionibus
974 2698 1131 2765 dixit,
1161 2698 1384 2769 glorian‘
1416 2715 1547 2755 vero
1582 2712 1788 2755 certum
1816 2711 1900 2757 est
1933 2704 2253 2773 voluptatem

663 2792 884 2847 afferre:
915 2792 1000 2846 ubi
1022 2792 1167 2847 enim
1194 2792 1439 2864 voluptas
1467 2804 1571 2861 est,
1602 2796 1822 2849 omnino
1847 2806 1927 2850 est
1957 2796 2117 2851 etiam
2135 2797 2253 2866 glo-

666 2883 741 2936 ria
767 2899 781 2935 :
814 2883 907 2936 ubi
935 2897 1063 2936 vero
1088 2881 1211 2936 talis
1234 2882 1426 2952 gloria,
1450 2884 1521 2939 ibi
1546 2884 1765 2939 omnino
1789 2894 1875 2939 est
1904 2886 2067 2941 etiam
2096 2888 2254 2941 volu—

667 2982 785 3041 ptas
808 2988 822 3025 :
858 2980 1139 3041 postquam
1162 2971 1322 3042 igitur
1350 2971 1512 3043 afﬂigi
1535 2972 1871 3043 splendidum
1899 2974 2027 3046 quid
2047 2984 2104 3031 et
2128 2976 2253 3032 illu-

664 3071 921 3117 streesse
970 3061 1395 3130 demonstravit,
1441 3073 1500 3119 et
1540 3064 1872 3134 gloriationis
1917 3080 2255 3124 occasnonem

662 3152 877 3217 alferre,
902 3153 1067 3208 alium
1083 3156 1202 3223 ejus
1220 3154 1472 3210 effectum
1495 3156 1783 3211 maximum
1803 3167 1981 3212 narrat
2008 3156 2259 3214 fructum-

667 3259 771 3314 que
800 3259 1069 3299 summum
1095 3259 1159 3299 ac
1182 3245 1523 3314 stupendum.
1558 3246 1787 3312 Quisille
1807 3263 1966 3317 porro
1983 3250 2053 3304 sit
2070 3252 2253 3305 videa-

661 3351 799 3389 mus.
829 3335 1059 3390 Sa'entes
1085 3336 1259 3407 igitur,
1282 3337 1482 3407 inquit,
1507 3338 1643 3406 quod
1672 3340 1931 3394 tribulatio
1960 3343 2252 3411 patientiam

659 3433 917 3494 operatur,
964 3426 1207 3496 patientia
1256 3436 1423 3479 autem
1476 3426 1838 3497 probationem,
1870 3432 2097 3499 probatio
2139 3449 2254 3487 vero

654 3531 833 3583 spent,
884 3532 998 3585 spes
1038 3527 1205 3571 autem
1247 3532 1347 3571 non
1386 3519 1654 3588 confundit
1703 3520 1901 3590 (Rom.
1934 3523 1986 3576 5.
2035 3525 2070 3578 5
2100 3555 2122 3567 ο
2148 3527 2181 3580 5
2212 3529 2249 3594 ).

655 3604 791 3673 Quid
819 3615 921 3670 est,
955 3606 1179 3661 Scientes
1206 3609 1342 3678 quod
1376 3610 1635 3664 tribulatio
1691 3612 1987 3681 patientiam
2017 3614 2097 3684 (a)
2128 3631 2251 3684 ope-

660 3696 841 3751 ratur?
873 3695 1023 3750 llunc
1051 3699 1339 3754 maximum
1367 3701 1595 3756 fructum
1617 3700 1799 3766 habet,
1819 3704 1959 3774 quod
1980 3705 2250 3761 hominem

658 3782 913 3838 afflictum
960 3786 1314 3844 robustiorem
1372 3791 1566 3847 reddit.
1617 3792 1750 3847 Nam
1799 3797 2250 3862 quemadmodum

654 3874 894 3939 arbores,
925 3892 1045 3945 qua:
1093 3881 1145 3933 in
1189 3880 1455 3936 umbrosis
1499 3898 1564 3938 ac
1610 3896 1895 3940 ventorum
1944 3889 2251 3957 expertibus

660 3964 1036 4033 iocisaluntur,
1065 3983 1185 4023 cum
1212 3982 1431 4026 externa
1449 3975 1627 4042 specie
1652 3992 1906 4046 prospere
1926 3981 2247 4048 germinent,

660 4054 847 4110 molles
865 4057 995 4110 fiunt
1018 4067 1180 4129 atque
1208 4058 1467 4130 fungosae,
1499 4072 1553 4117 et
1590 4063 1743 4120 facile
1791 4070 1983 4136 quovis
2034 4060 2247 4125 incursu

658 4149 955 4214 lzeduntur;
987 4166 1107 4220 qute
1134 4165 1261 4206 vero
1304 4152 1354 4207 in
1393 4157 1619 4209 excelsis
1650 4160 1911 4213 montium
1962 4162 2249 4217 verticibus

660 4242 772 4295 siue
799 4251 923 4297 sunt
948 4284 963 4309 ,
992 4258 1020 4296 a
1068 4244 1247 4297 multis
1279 4248 1591 4315 magnisque
1617 4252 1792 4304 ventis
1816 4251 2083 4321 agitantur
2105 4294 2119 4318 ,
2172 4256 2252 4309 in-

660 4333 972 4401 temperiem
1000 4334 1137 4388 aeris
1157 4335 1366 4392 assidue
1390 4336 1581 4401 ferunt,
1599 4342 1910 4409 gravissima
1930 4352 2249 4414 tempestate

660 4423 958 4491 pulsantur,
990 4434 1039 4479 et
1069 4427 1232 4479 multa
1266 4428 1387 4482 nive
1418 4427 1699 4497 feriuntur,
1730 4431 1873 4487 ferro
1916 4437 2105 4503 quovis
2155 4454 2243 4490 ro.

556 4572 559 4577 g
657 4515 924 4569 bustiores
948 4514 1218 4571 eradunt:
1250 4520 1360 4587 pari
1394 4520 1600 4577 ratione
1621 4537 1871 4594 corpora,
1898 4540 2017 4595 qua!
2066 4525 2247 4581 multis

717 4690 795 4752 (υ)
830 4697 945 4754 Reg.
974 4699 1126 4740 totum
1148 4691 1303 4743 relert
1321 4694 1449 4745 Pauli
1475 4694 1651 4748 locum.

2374 496 2575 553 merula
2601 507 2884 564 uruntur,
2915 512 3035 569 qua:
3060 496 3332 553 continuis
3354 496 3561 553 balneis
3588 507 3646 553 et
3683 500 3971 569 unguentis

2373 598 2616 656 utuntur,
2645 588 2934 647 aediiersi
2981 590 3202 661 generis
3252 590 3524 646 alimentis
3575 600 3773 660 praeter
3814 604 3971 643 uanas

2369 679 2735 736 necessarium
2773 679 3005 737 delicate
3032 680 3317 745 fruuntur,
3368 695 3587 752 prorsus
3630 679 3701 736 ad
3740 680 3969 736 sudores

2371 768 2690 841 laboresque
2710 786 2813 841 pro
2831 771 3090 843 religione
3112 770 3425 828 subeundos
3455 770 3661 827 inutilia
3718 769 3965 827 reddun-

2369 868 2477 925 tur,
2506 861 2849 933 maxitnoque
2869 862 3132 933 supplicio
3155 873 3283 921 sunt
3308 862 3577 917 obnoxia“:
3602 861 3685 917 sie
3710 861 3973 917 nituit-uas

2366 959 2424 1006 et
2445 952 2661 1017 animae,
2690 968 2813 1023 qua
2836 954 3174 1009 miseriarum
3195 963 3473 1024 expertem
3522 952 3687 1008 vitam
3715 951 3927 1009 ducunt
3951 992 3971 1015 ,

2367 1058 2488 1113 qua:
2506 1043 2724 1101 deliciis
2745 1044 2990 1108 afﬂuunt,
3020 1060 3143 1115 qua:
3166 1045 3395 1100 libenter
3420 1044 3775 1114 praentibua
3804 1044 3973 1099 rebus

2368 1144 2492 1189 sunt
2525 1134 2724 1191 dedita
2750 1174 2769 1202 ,
2817 1150 2882 1191 ac
2926 1136 3090 1191 vitam
3115 1134 3320 1199 doloris
3345 1144 3624 1205 expertem
3672 1133 3978 1206 prrfcnmt

2366 1223 2746 1282 afﬂictioniqu
2785 1240 2886 1298 pro
2932 1242 3100 1297 regno
3148 1227 3409 1282 calorum
3456 1240 3607 1283 more
3654 1236 3967 1283 sanctorum

2366 1318 2606 1371 omnium
2623 1317 2950 1385 subeundis,
2976 1332 3101 1372 cera
3121 1317 3309 1387 quavis
3334 1316 3609 1374 molliores
3627 1327 3683 1373 et
3716 1317 3971 1374 imbecil-

2369 1407 2528 1461 liores
2556 1406 2777 1473 eﬂectte,
2816 1407 2924 1478 igni
2946 1407 3199 1479 pabulum
3215 1416 3553 1478 exponuntur
3577 1418 3818 1476 eterna;
3844 1424 3969 1479 qua:

2368 1514 2497 1555 vero
2521 1500 2772 1570 periculis
2795 1543 2811 1566 ,
2846 1501 3121 1557 laboribus
3148 1511 3203 1556 et
3229 1502 3486 1556 termnnis
3511 1501 3818 1559 afflictionia
3870 1503 3966 1559 Dei

2366 1606 2524 1647 ctlusa
2548 1592 2840 1648 tolerandae
2864 1602 2989 1648 sunt
3012 1595 3298 1663 expositas,
3343 1605 3506 1664 atque
3554 1595 3607 1649 in
3660 1594 3793 1666 ipsis
3829 1610 3969 1649 enn-

2367 1684 2525 1747 tritae,
2555 1682 2699 1739 ferro
2729 1686 2848 1756 ipso
2876 1684 2957 1740 vel
2985 1685 3271 1740 adamante
3298 1684 3585 1740 solidiores
3613 1686 3747 1741 fiunt
3786 1701 3851 1742 ac
3878 1703 3969 1757 ge-

2367 1776 2692 1839 nerosiores,
2723 1785 2780 1831 et
2808 1792 2875 1831 ex
2900 1791 2966 1831 eo
2994 1775 3135 1847 quod
3164 1776 3379 1831 assidue
3406 1787 3685 1841 vexentur,
3732 1778 3965 1849 ineapw

2364 1865 2607 1934 gnabiles
2631 1866 2952 1923 adversariis
2974 1866 3293 1934 redduntur,
3320 1878 3375 1924 et
3392 1868 3649 1947 invictum
3673 1870 3965 1938 quemdam

2367 1959 2634 2027 patientize
2653 1974 2717 2013 ac
2746 1959 3071 2015 fortitudinis
3093 1961 3332 2015 habitum
3360 1962 3664 2031 acquirunt.
3685 1962 3750 2017 Et
3774 1978 3966 2034 quem-

2362 2049 2650 2105 admodum
2680 2051 2739 2116 ii,
2772 2053 3011 2121 quicum
3061 2052 3293 2122 primum
3339 2054 3517 2107 navim
3564 2054 3961 2117 conscendunt,

2366 2149 2626 2196 nauseant
2656 2149 2709 2197 et
2734 2143 2926 2213 capitis
2962 2145 3221 2213 vertigine
3248 2144 3493 2199 laborant
3533 2144 3728 2198 turbati
3776 2160 3842 2201 ac
3886 2144 3965 2199 fa-

2365 2231 2524 2284 5tidio
2552 2234 2783 2302 correpti
2812 2251 2825 2285 :
2856 2234 2946 2304 qui
2976 2250 3105 2290 vero
3138 2235 3302 2288 multa
3333 2235 3599 2305 longaque
3624 2236 3791 2290 maria
3836 2248 3965 2291 sunt

2360 2322 2589 2388 emensi,
2620 2323 2709 2394 qui
2735 2324 2930 2379 millies
2972 2338 3032 2379 se
3078 2324 3329 2380 ﬂuctibus
3371 2325 3626 2379 audacter
3672 2327 3965 2381 commise-

2362 2424 2505 2477 runt,
2534 2424 2587 2469 et
2608 2417 2795 2471 crebra
2818 2426 2941 2471 sunt
2966 2418 3107 2487 passi
3146 2418 3443 2488 naufragia,
3472 2421 3962 2489 peregrinationem

2362 2506 2625 2573 ejusmodi
2657 2507 2994 2562 confidenter
3044 2509 3461 2579 aggrediuntur:
3494 2511 3571 2565 sic
3602 2512 3856 2565 nimirum
3908 2520 3963 2565 et

2362 2600 2562 2663 anima,
2595 2614 2714 2669 qua:
2737 2600 2933 2655 multas
2959 2602 3215 2657 sustinuit
3246 2604 3570 2659 tentatioues
3592 2644 3609 2669 ,
3659 2614 3714 2658 et
3738 2618 3961 2674 magnas

2363 2688 2941 2760 pertulitafllictiones,
2970 2692 3247 2750 laboribus
3266 2694 3521 2765 deinceps
3549 2698 3876 2761 assuefacta,
3907 2706 3962 2751 et

2360 2783 2475 2855 sibi
2491 2795 2805 2856 comparato
2830 2786 3015 2841 habitu
3041 2787 3333 2857 patientiae,
3358 2804 3464 2844 non
3494 2790 3727 2859 amplius
3747 2798 3833 2845 est
3849 2805 3968 2844 tne-

2362 2874 2609 2943 ticulosa,
2651 2892 2749 2932 nec
2780 2878 3077 2933 terroribus
3124 2878 3389 2947 obnoxia,
3441 2895 3543 2935 nec
3588 2881 3967 2950 ingruentibus

2362 2967 2515 3022 malis
2542 2969 2787 3022 turbatur
2811 2986 2824 3021 :
2854 2968 2949 3024 sed
2966 2968 3181 3025 assidua
3193 2985 3373 3025 rerum
3389 2986 3509 3040 quae
3528 2971 3783 3025 accidunt
3804 2987 3966 3029 exer-

2360 3059 2632 3125 citatione,
2663 3073 2726 3113 ac
2752 3058 3015 3131 frequenti
3045 3074 3268 3115 casuum
3298 3062 3651 3117 meditatione
3682 3062 3960 3125 roborata,

2360 3162 2710 3219 quaecumque
2736 3148 3019 3220 insurgunt
3045 3149 3383 3206 incommoda
3417 3152 3521 3207 fert
3542 3152 3817 3209 facillime.
3849 3155 3966 3212 lloc

2363 3238 2544 3306 itaque
2572 3240 2771 3307 peritus
2800 3240 2889 3295 ille
2913 3241 3145 3296 caelestis
3176 3244 3603 3297 conversationis
3631 3243 3965 3301 architectus

2361 3327 2603 3383 indicans
2631 3328 2879 3385 dicebat:
2912 3329 3033 3384 Non
3062 3330 3226 3384 solum
3250 3342 3441 3398 autem,
3474 3332 3565 3387 sed
3590 3343 3638 3388 et
3666 3334 3958 3405 gloriantur

2359 3419 2411 3473 in
2432 3420 2841 3493 tribulationibus
2868 3438 2886 3477 :
2915 3424 3169 3494 quoniam
3196 3434 3321 3481 ante
3348 3427 3496 3496 regni
3524 3440 3962 3499 coronarumque

2357 3508 2655 3565 czelestium
2688 3510 3030 3583 adeptionem
3060 3516 3353 3570 maximum
3400 3516 3526 3571 hinc
3556 3520 3838 3588 puemium
3869 3536 3964 3575 re-

2360 3610 2633 3669 portamus
2656 3644 2671 3667 ,
2722 3603 2849 3658 dum
2894 3620 2992 3677 per
3016 3607 3261 3663 assiduas
3286 3606 3604 3663 afllictiones
3636 3611 3962 3667 tolerantior

2357 3694 2531 3747 anima
2563 3703 2744 3749 itostra
2774 3697 3037 3763 redditur,
3092 3707 3147 3753 et
3174 3699 3311 3753 ratio
3339 3700 3529 3755 fortior
3578 3701 3780 3757 evadit.
3834 3701 3963 3759 Hec

2359 3785 2518 3855 igitur
2537 3786 2715 3841 omnia
2742 3804 2865 3843 cum
2889 3789 3042 3844 nobis
3066 3792 3337 3859 explorata
3383 3792 3488 3846 sint
3515 3834 3531 3860 ,
3579 3793 3917 3848 dileCtissimi
3944 3837 3961 3859 ,

2355 3891 2613 3945 generese
2657 3894 3008 3949 quaecumque
3050 3881 3299 3937 accidunt
3349 3884 3573 3939 adversa
3607 3887 3906 3941 toleremus
3943 3926 3961 3953 ,

2355 3966 2519 4035 quod,
2544 3983 2664 4022 cum
2688 3971 2756 4023 ita
2784 3970 2894 4025 Deo
2916 3972 3087 4025 visum
3114 3972 3292 4038 fuerit,
3324 3973 3388 4028 ad
3414 3976 3694 4031 utilitatem
3714 3986 3961 4033 nostram

2356 4058 2408 4111 id
2442 4058 2549 4122 fiat,
2585 4076 2761 4131 neque
2786 4077 2935 4131 spem
2966 4063 3302 4133 abjiciamns,
3335 4080 3434 4120 nec
3462 4068 3657 4121 animis
3698 4071 3964 4126 concida-

2357 4164 2495 4215 mus,
2522 4151 2872 4208 afllictionum
2897 4154 3257 4225 impressione
3284 4160 3557 4227 prostrati,
3604 4159 3698 4213 sed
3746 4160 3963 4218 fortiter

2357 4250 2562 4295 stantes
2590 4258 2689 4313 pro
2719 4245 2929 4300 collatis
2958 4246 3010 4300 in
3041 4261 3139 4301 nos
3167 4247 3445 4303 beneﬁciis
3472 4259 3731 4321 perpetuo
3757 4254 3963 4321 gratias

2361 4330 2470 4385 Deo
2496 4346 2735 4401 agamus,
2766 4346 2826 4391 ut
2849 4346 2903 4391 et
2928 4342 3280 4408 praesentibus
3311 4340 3555 4397 fruamur
3584 4343 3741 4398 bonis
3786 4355 3843 4400 et
3887 4345 3963 4400 l'u-

2358 4430 2472 4476 tura
2502 4422 2641 4477 dona
2672 4440 3083 4497 consequamur,
3116 4434 3308 4501 gratia,
3339 4433 3704 4489 misericordia
3730 4474 3746 4499 ,
3774 4446 3828 4492 et
3861 4437 3961 4492 beo

2357 4512 2613 4582 nignitate
2641 4515 2849 4572 Domini
2881 4521 3047 4575 nostri
3076 4521 3201 4577 Jesu
3228 4522 3425 4579 Christi
3452 4566 3468 4590 ,
3494 4542 3617 4581 cum
3660 4542 3767 4598 quo
3809 4529 3960 4585 Patri

2354 4606 2523 4673 gloria
2544 4615 2601 4661 et
2623 4608 2927 4679 imperium,
2951 4612 3217 4684 simulque
3241 4626 3429 4671 sancto
3450 4632 3514 4671 ac
3548 4619 3762 4674 vivifico
3784 4620 3958 4690 Spiri-

2357 4696 2452 4763 tui,
2483 4712 2624 4753 nunc
2647 4710 2697 4755 et
2730 4715 2967 4772 semper,
2995 4712 3048 4759 et
3075 4705 3125 4759 in
3157 4706 3351 4761 saecula
3384 4708 3725 4764 sa'culorum.
3756 4711 3946 4767 Amen.
