4212 6290
591 454 887 467 *ιω-ο

986 344 1055 401 lN
1096 343 1325 414 ILLUD,
1370 343 1783 403 DlLlGENTlB.
1832 344 2023 403 DEUM
2063 344 2280 401 OMNIA
2318 345 2519 403 COOP.
2563 344 2630 400 IN
2672 344 2932 400 liONUM.

384 454 887 467 -,-›--.-----ο
2176 455 2538 465 ———-—-———-———

350 455 2546 488 ...ΨΜ-Ψ.-

3504 347 3605 402 166

3042 452 3571 482 πωῇ

2232 455 2538 465 —.—_—.—_

806 602 1084 664 SCIMUS
1124 602 1385 664 AUTEM
1427 602 1771 676 QUONIAM
1817 601 2353 665 DILIGENTIBUS
2391 601 2604 663 DEUM
2660 600 2934 675 OMNIA,
2981 618 3116 662 ETC.

329 747 697 819 usurpaverit.
725 745 779 802 ld
807 763 913 805 non
942 764 1170 820 prorsus
1200 750 1451 806 absimile
1480 766 1610 806 vero
1645 752 1899 817 videtur;
1932 750 2027 807 sed
2062 764 2189 806 cum
2216 748 2648 821 Cbrysostomus
2681 748 2987 804 Antiochia:
3017 745 3336 818 frequenter
3364 746 3601 803 adversa

332 842 644 896 valetudine
692 840 1049 906 laboraverit,
1074 852 1134 898 ut
1177 858 1244 898 ex
1288 844 1476 900 multis
1520 845 1640 915 ejus
1672 830 1925 901 homiliis
1972 846 2243 918 arguitur,
2276 855 2330 900 et
2381 845 2623 915 alioquin
2652 844 2843 898 eadem
2895 843 2950 897 in
2989 842 3125 899 urbe
3155 841 3461 896 Antiochia:
3493 853 3603 893 non

333 935 497 990 modo
532 935 820 1004 protentis,
850 935 946 991 sed
980 936 1147 991 etiam
1186 937 1485 993 conciones
1507 937 1772 1008 integras,
1805 945 2151 1003 retractatos,
2182 946 2238 992 et
2280 951 2573 1008 parumper
2618 942 2891 1000 mutatas,
2922 930 3320 989 intercurrente
3362 930 3605 1002 quodam

330 1041 602 1083 armorum
631 1027 832 1096 spatio,
857 1036 1099 1097 repetere
1129 1027 1325 1083 solitus
1349 1028 1441 1094 sit,
1472 1036 1531 1082 ut
1559 1029 1673 1097 jam
1711 1042 1857 1098 sape
1897 1028 2176 1084 vidimus:
2212 1027 2346 1081 nihil
2392 1025 2566 1081 ofticit
2598 1025 2919 1096 quominus,
2964 1025 3112 1095 quod
3166 1038 3313 1079 anno
3353 1022 3459 1079 587
3494 1024 3608 1076 Au-

330 1117 550 1174 tiochiai
580 1118 908 1187 prooemium
941 1119 1176 1185 dixerat,
1207 1120 1416 1190 aliquot
1434 1127 1621 1189 postea
1656 1118 1861 1190 elapsis
1888 1119 2069 1186 annis,
2096 1118 2293 1173 morbo
2326 1118 2519 1189 aliquo
2550 1119 2702 1186 (nam
2740 1114 3056 1186 frequenter
3088 1114 3425 1187 aegrotabat)
3456 1113 3607 1170 leva-

330 1222 439 1277 tus,
469 1211 614 1267 idem
648 1211 827 1281 ipsum
855 1212 1045 1267 eadem
1073 1213 1127 1267 in
1160 1214 1296 1269 urbe
1320 1222 1615 1284 repeteret.
1640 1212 1821 1268 Potuit
1863 1212 2031 1283 igitur
2078 1210 2401 1276 Antiochiae,
2436 1212 2611 1279 potuit
2652 1216 2706 1264 et
2740 1207 3213 1290 Constantinopoli
3252 1206 3394 1264 hanc
3427 1206 3610 1265 homi-

332 1302 461 1358 liam
493 1302 699 1359 habere
725 1321 741 1357 :
780 1303 835 1356 in
863 1312 984 1359 utra
1018 1312 1203 1360 autem
1235 1303 1371 1361 urbe
1405 1304 1681 1371 habuerit,
1708 1319 1817 1359 non
1849 1302 1924 1358 ita
1966 1302 2124 1359 facile
2156 1312 2241 1359 est
2270 1300 2549 1372 augurari.
2780 1320 2783 1323 ι

400 1393 787 1468 lnterpretatio
808 1396 1002 1454 Latina
1028 1407 1113 1454 est
1135 1397 1429 1455 Frontonis
1464 1399 1667 1456 Dltcmi.

1864 1522 2252 1538 ____—__...

820 1536 1083 1543 ο--ι--..ρρν

2272 1518 2319 1530 ‘—

315 1626 373 1669 I!
420 1625 662 1670 ωσι-ωε
697 1625 886 1669 ιιιυι)
927 1626 1250 1682 Αιιοπου,
1303 1624 1527 1672 CCIII}!
1573 1622 1814 1675 Αυτειι,
1842 1620 1882 1674 Ω

1995 1614 2133 1658 "AI
2178 1612 2626 1657 DIUGBNTIBUS
2684 1614 2862 1658 DIUM
2922 1617 3125 1661 οωηΑ
3156 1619 3620 1668 COOI‘BIIANTUI

392 1729 453 1773 ut
482 1728 703 1775 BONUI
749 1712 770 1791 (
799 1712 976 1773 Rom.
1008 1710 1069 1772 8.
1100 1710 1182 1771 28
1205 1710 1251 1790 ),
1292 1727 1374 1770 ur
1400 1727 1482 1769 ne
1521 1718 1887 1773 P‘a'rteuru,
1946 1717 2024 1759 er
2068 1712 2378 1767 QUANTUM
2408 1712 2666 1758 Lucanis
2698 1715 2782 1757 ex
2810 1714 3389 1764 rntneuvtomous
3422 1722 3623 1768 oau—

389 1830 518 1873 τοι
564 1811 675 1893 (a).

1733 1916 2179 1959 στπητττππδ

377 2068 430 2122 t.
457 2067 805 2139 Chrysostomi
838 2085 986 2123 amor
1026 2084 1148 2140 erga
1186 2084 1305 2124 suos
1345 2067 1623 2122 auditores.
1656 2065 1899 2121 Caritatis

304 2158 524 2212 debitam
543 2175 824 2230 numnam
858 2161 1088 2214 solvitur.
1115 2189 1188 2202 --
1215 2160 1378 2228 Quasi
1406 2160 1568 2230 longo
1593 2159 1802 2214 veniam
1833 2158 1898 2211 od

308 2264 403 2305 vos
431 2251 730 2316 intervallo,
761 2252 839 2306 sic
864 2252 1117 2308 aﬂ'ectum
1158 2251 1421 2308 hodierno
1448 2253 1538 2308 die
1576 2268 1664 2308 me
1701 2253 1894 2307 sentio.

301 2340 633 2414 Quamquam
677 2344 820 2398 enim
867 2344 1030 2399 domo
1070 2345 1357 2399 conclusus
1400 2354 1621 2414 propter
1658 2343 1899 2411 corporis

302 2434 665 2489 inﬁrmitatem
692 2436 977 2491 nunebam
1006 2453 1019 2488 :
1050 2445 1228 2491 tamen
1268 2436 1492 2507 perinde
1517 2435 1672 2506 quasi
1702 2435 1897 2489 alicubi

300 2521 487 2590 [mal
510 2538 541 2577 a
570 2532 746 2579 vestra
777 2525 1002 2580 caritate
1030 2525 1324 2580 translatus
1356 2524 1607 2596 degerem
1626 2566 1643 2593 ,
1670 2526 1749 2580 sic
1776 2525 1897 2579 ani-

299 2626 389 2669 mo
426 2611 724 2670 amciebar.
753 2614 854 2684 Qui
886 2615 1033 2671 enim
1083 2614 1295 2671 sincere
1320 2614 1545 2685 diligere
1574 2616 1750 2679 novit,
1772 2606 1897 2670 etim

298 2702 350 2758 ia
396 2718 745 2775 congressum
775 2706 962 2762 venire
1006 2720 1111 2761 non
1151 2707 1309 2761 datur
1354 2707 1475 2776 ejus
1509 2721 1668 2777 quem
1698 2706 1896 2775 diligit,

294 2798 536 2868 quamvis
574 2797 819 2854 eamdem
867 2798 1057 2854 urbem
1091 2798 1319 2864 incolat,
1344 2814 1451 2853 non
1482 2798 1641 2854 aliter
1662 2798 1897 2853 afﬁcitur

294 2903 358 2944 ae
393 2888 441 2942 si
482 2889 535 2943 in
577 2889 751 2944 aliena
798 2891 1020 2961 regione
1049 2898 1376 2946 versaretur.
1414 2889 1528 2945 Hoc
1564 2899 1767 2944 norunt
1802 2889 1895 2961 qui

295 2995 423 3037 vere
467 2980 717 3053 diligunt.
762 2983 1032 3054 ignoscite
1072 2984 1233 3053 igitur
1282 2983 1474 3048 nobis,
1526 2996 1753 3053 quasso:
1787 2997 1895 3037 nou

291 3074 436 3128 enim
469 3089 536 3129 ex
577 3076 901 3146 negligentia
940 3085 1121 3131 nostra
1166 3076 1437 3144 separatio
1462 3076 1561 3130 ista
1587 3086 1766 3131 ortum
1793 3075 1895 3130 ha-

290 3163 426 3232 buit,
456 3164 551 3220 sed
585 3166 782 3221 silentii
821 3180 1040 3221 causam
1082 3165 1367 3221 infirmitas
1402 3166 1646 3235 corporis
1680 3165 1883 3221 attulit.

290 3258 367 3310 Ae
387 3271 485 3309 vos
506 3256 723 3325 quidem
752 3256 987 3327 gaudere
1014 3271 1159 3312 nunc
1184 3271 1373 3311 omnes
1399 3257 1532 3316 scio,
1561 3256 1705 3327 quod
1731 3257 1890 3327 agri-

289 3346 527 3401 tndinem
558 3346 970 3416 deposuerimus
1006 3364 1020 3401 :
1052 3362 1153 3419 ego
1191 3362 1320 3402 vero
1347 3347 1558 3417 gaudeo
1596 3361 1702 3401 non
1729 3346 1891 3401 modo

286 3438 430 3508 quod
457 3436 833 3508 aegritudinem
860 3436 1225 3507 deposuerim,
1254 3436 1349 3492 sed
1375 3438 1516 3507 quod
1538 3445 1750 3506 optatos
1775 3436 1891 3491 vul-

286 3539 371 3583 tus
396 3538 608 3583 vestrm
646 3544 831 3584 rursus
874 3530 1069 3584 intueri
1118 3529 1341 3599 possim,
1375 3540 1431 3584 et
1458 3529 1684 3583 caritate
1708 3539 1885 3583 vestra

283 3620 579 3676 secundum
605 3621 769 3674 Deum
795 3621 1071 3676 obiectari.
1093 3620 1163 3675 Et
1181 3619 1635 3690 quemadmodum
1664 3620 1877 3689 plurimi

285 3710 551 3774 homines,
577 3726 700 3765 cum
731 3719 786 3765 et
828 3712 1017 3765 morbo
1064 3710 1264 3766 fuerint
1312 3712 1537 3766 recreati
1557 3752 1572 3773 .
1598 3711 1806 3781 phialas
1831 3720 1887 3766 et

281 3800 496 3869 pocula,
524 3800 841 3870 gelidosque
874 3802 1061 3856 latices
1090 3810 1340 3872 quzerunt
1373 3820 1386 3855 :
1418 3802 1488 3857 ita
1520 3802 1649 3856 mihi
1691 3803 1877 3858 laetitia

280 3892 469 3960 quavis
504 3890 795 3958 jucundior
840 3891 1046 3946 exstitit
1091 3905 1415 3962 congressus
1464 3902 1659 3953 vester.
1687 3902 1737 3947 et
1780 3892 1884 3948 hoc

283 3983 411 4036 mihi
444 3983 687 4037 sanitatis
714 3984 933 4036 materia
962 3982 1078 4046 fuit,
1102 3992 1155 4037 et
1176 3984 1389 4037 occasio
1414 3984 1615 4053 gaudii.
1644 3987 1756 4053 Age
1783 3985 1878 4053 igi-

286 4085 390 4145 tur,
408 4074 843 4147 quandoquidem
878 4075 971 4134 Dei
996 4075 1257 4135 beneflcio
1277 4091 1379 4134 nos
1402 4078 1629 4135 invicem
1655 4093 1881 4149 recupe-

285 4169 541 4231 ravimns,
564 4168 805 4223 caritatis
833 4168 986 4223 vobis
1011 4168 1251 4223 debitum
1294 4171 1686 4239 perstvlvamns,
1716 4169 1884 4237 siqui-

282 4258 404 4313 dem
452 4258 562 4312 ullo
610 4266 853 4327 tempore
899 4261 1066 4327 possit
1125 4258 1255 4313 illud
1310 4260 1561 4329 persolvi.
1598 4258 1711 4312 lloc
1735 4259 1880 4312 enim

282 4348 458 4403 solum
489 4336 727 4405 debitum
774 4348 932 4404 finem
980 4351 1186 4412 nescit;
1218 4349 1311 4404 sed
1338 4359 1541 4419 quanto
1579 4350 1746 4419 magis
1774 4350 1884 4403 dis-

283 4441 526 4504 solvitur,
557 4448 706 4493 tanto
751 4440 918 4509 magis
964 4440 1205 4495 debitum
1244 4449 1511 4510 augetur:
1550 4439 1882 4510 etquemad-

284 4530 501 4585 modum
561 4530 612 4583 in
666 4544 726 4584 re
766 4530 1069 4598 pecuniaria
1130 4530 1413 4585 laudamus
1463 4544 1558 4584 eos
1613 4530 1702 4597 qui
1750 4528 1881 4583 nihil

282 4619 501 4683 debent,
526 4620 597 4673 ita
629 4619 714 4675 hic
740 4635 855 4683 eos,
884 4620 974 4689 qui
1016 4620 1183 4673 multa
1216 4619 1435 4685 debent,
1466 4620 1657 4675 beatos
1685 4621 1879 4689 praedi-

280 4728 487 4769 Camus.
523 4712 727 4767 idcirco
754 4713 1007 4782 magister
1032 4712 1177 4767 orbis
1218 4720 1479 4766 terrarum
1525 4711 1719 4765 Paulus
1743 4712 1881 4764 scri-

283 4804 415 4859 heus
444 4802 656 4858 dicebat
686 4818 700 4855 :
730 4802 938 4856 Nemini
969 4803 1244 4873 quidquam
1275 4802 1517 4866 debeatis,
1548 4802 1645 4855 nisi
1676 4812 1729 4855 ut
1754 4802 1883 4855 invi-

278 4911 388 4949 ctus
435 4894 661 4965 diligatis
688 4893 865 4963 (Rom.
899 4893 986 4947 l3.
1013 4891 1091 4962 8),
1125 4892 1266 4960 quod
1315 4893 1563 4946 nimirum
1612 4892 1739 4945 velit
1784 4907 1881 4947 nos

278 4986 377 5041 hoc
427 4984 667 5039 debitum
713 4992 770 5038 et
814 4998 1028 5052 semper
1073 4983 1305 5044 solvere,
1338 4991 1393 5036 et
1420 4996 1634 5052 semper
1659 4981 1875 5047 debere,

277 5098 377 5139 nec
416 5092 672 5147 umquam
723 5074 825 5129 hoc
855 5090 929 5128 ms
968 5073 1200 5127 alienum
1243 5072 1483 5133 solvere.
1514 5072 1687 5127 donec
1717 5074 1879 5126 vitam

277 5178 601 5239 praesentem
640 5167 1043 5223 absolverimus.
1082 5164 1149 5221 Ut
1194 5165 1352 5235 igitur
1382 5165 1638 5234 pecunias
1679 5163 1878 5218 debere

275 5279 358 5315 era
375 5276 440 5315 ve
464 5275 529 5314 ac
560 5260 842 5313 molestum
873 5268 977 5323 est,
1006 5258 1075 5311 ita
1108 5257 1345 5311 debitum
1387 5258 1487 5311 hec
1526 5272 1630 5310 non
1666 5272 1879 5326 semper

274 5350 480 5405 debere
513 5348 724 5403 crimini
767 5357 850 5403 est
889 5348 1202 5402 obnoxium.
1228 5350 1404 5416 Atque
1428 5357 1483 5401 ut
1515 5350 1615 5401 hoc
1644 5363 1712 5402 ua
1755 5364 1879 5403 esse

271 5453 594 5508 cognoscas,
615 5438 737 5493 andi
785 5439 1048 5493 mirabilis
1085 5439 1239 5494 istius
1266 5440 1502 5492 doctoris
1534 5440 1875 5508 sapientiam,

277 5546 388 5598 quo
432 5539 587 5598 pacto
625 5529 1052 5585 cohortationem
1100 5530 1385 5584 induxerit.
1416 5528 1550 5583 Cum
1579 5529 1722 5582 enim
1754 5542 1878 5586 ante

276 5621 541 5685 dixisset,
588 5619 795 5676 Nemini
850 5622 1125 5691 quidquam
1169 5621 1409 5686 debeatis,
1457 5632 1569 5675 tum
1613 5621 1876 5690 adjunxit,

360 5817 433 5876 (ἢ
460 5818 632 5883 Collat.
661 5834 779 5875 cum
806 5823 893 5877 )ls.
919 5822 1077 5883 [legio
1106 5818 1240 5872 19η.

2027 2058 2141 2112 Nisi
2169 2070 2223 2111 ut
2257 2059 2466 2114 invicem
2491 2059 2739 2132 dibgatis,
2767 2063 2917 2131 quasi
2949 2062 3049 2117 hoc
3076 2066 3222 2131 velit,
3252 2074 3308 2121 ut
3334 2083 3495 2125 autne
3522 2070 3611 2127 hic

2011 2149 2251 2203 debitum
2277 2149 2683 2222 dispungamus,
2715 2161 2770 2208 et
2794 2153 2894 2209 hoc
2919 2170 2996 2210 ms
3025 2156 3259 2212 alienum
3293 2171 3609 2231 perpetumn

2009 2254 2072 2295 ac
2112 2252 2415 2311 numquam
2446 2242 2759 2300 dissolubile
2804 2258 3131 2315 perseveret.
3178 2249 3291 2305 line
3333 2254 3478 2308 enim
3526 2266 3611 2311 est

2011 2333 2279 2401 prmeipne
2302 2333 2445 2406 quod
2476 2336 2638 2391 vitam
2668 2347 2907 2394 nostram
2942 2342 3183 2396 continet
3202 2384 3218 2408 ,
3245 2355 3300 2399 et
3342 2348 3614 2404 entistriu-

2008 2425 2103 2495 git.
2135 2424 2360 2491 Quando
2385 2426 2564 2497 igitur,
2597 2440 2791 2499 quanta
2820 2443 2886 2484 ex
2920 2430 3021 2486 hoc
3044 2430 3227 2487 debito
3254 2446 3437 2492 manet
3464 2438 3611 2495 utili-
3706 2485 3711 2489 .

2010 2525 2112 2579 tas,
2144 2515 2365 2581 scimus,
2406 2524 2462 2571 et
2494 2516 2624 2572 dum
2670 2519 3013 2588 persolvitur,
3047 2524 3215 2593 magis
3242 2526 3372 2581 illud
3403 2532 3609 2601 augeri,

2006 2618 2127 2677 age,
2152 2621 2250 2662 nos
2270 2622 2484 2678 quoque
2511 2608 2749 2664 debitum
2772 2650 2788 2674 ,
2814 2612 2959 2681 quod
3001 2629 3106 2667 non
3152 2629 3218 2669 ex
3260 2616 3450 2673 inertia
3473 2636 3609 2691 qua-

2006 2700 2171 2768 piam,
2200 2700 2284 2755 vel
2307 2699 2651 2771 improbitate
2675 2717 2740 2757 ac
2765 2703 2951 2759 fraude
2974 2705 3175 2775 aliqua,
3202 2708 3299 2763 sed
3319 2724 3384 2765 ex
3412 2723 3606 2767 eventu

2004 2786 2181 2843 morbi
2206 2792 2594 2858 contraximus,
2622 2792 2817 2860 hodie,
2843 2802 3103 2864 quantum
3144 2797 3197 2853 in
3244 2800 3400 2855 nobis
3440 2802 3604 2861 situm

2001 2880 2124 2944 erit,
2157 2880 2388 2936 reddere
2414 2881 2748 2951 studeamns,
2768 2892 2820 2939 et
2846 2885 3033 2956 paucis
3063 2897 3298 2944 vestram
3324 2893 3603 2950 caritatem

2001 2970 2335 3039 alloquentes
2373 2985 2750 3042 argumentum
2792 2976 3061 3033 sermonis
3086 2980 3154 3034 ab
3182 2979 3286 3036 hoc
3312 2979 3429 3052 ipso
3456 2986 3605 3041 orbis

2002 3072 2267 3119 terrarum
2301 3064 2525 3121 doctore
2550 3068 2807 3123 ducamus
2836 3086 2850 3122 :
2881 3078 2937 3125 et
2961 3086 3083 3140 qua:
3103 3072 3170 3127 ad
3206 3074 3480 3132 Romanos
3507 3077 3603 3133 ho-

1998 3156 2087 3211 die
2110 3156 2355 3213 scribens
2381 3158 2614 3223 dicebat,
2646 3160 2761 3214 haec
2797 3161 2850 3215 in
2879 3160 3114 3218 medium
3137 3164 3367 3222 adducta
3392 3184 3599 3240 expen-

1996 3248 2207 3313 damus,
2229 3262 2294 3303 ac
2320 3248 2482 3320 longo
2504 3249 2784 3305 intervallo
2805 3252 3139 3322 spiritualem
3167 3258 3377 3312 caritati
3408 3274 3599 3315 vestrm

1998 3355 2238 3394 mensam
2266 3341 2611 3396 instruamus.
2639 3342 2772 3411 Quae
2798 3358 2925 3399 vero
2947 3344 3083 3400 lecta
3112 3346 3240 3413 sint,
3262 3362 3445 3418 Operm
3471 3367 3597 3421 pro-

1998 3433 2128 3487 timn
2171 3433 2333 3489 fuerit
2363 3433 2631 3501 indicare,
2663 3444 2721 3490 ut
2743 3441 2809 3489 de
2840 3437 2904 3491 iis
2932 3452 3053 3509 qua:
3082 3437 3222 3493 dicta
3250 3450 3378 3495 stmt
3411 3442 3597 3498 admo-

1996 3524 2111 3586 niti,
2142 3524 2353 3580 facilius
2372 3540 2493 3597 qua
2519 3541 2548 3579 a
2578 3527 2731 3581 nobis
2755 3526 3026 3594 dicentur,
3050 3534 3331 3599 percipere
3349 3534 3593 3591 valeatis.

1993 3617 2221 3685 Scimus,
2252 3618 2453 3689 inquit,
2480 3620 2721 3690 quoniam
2742 3620 3067 3691 diligentibus
3099 3620 3261 3675 Deum
3292 3629 3463 3679 omnia
3502 3643 3594 3680 co-

1990 3714 2327 3781 eperantarin
2340 3712 2525 3766 bonum
2542 3711 2758 3780 (Rom.8
2782 3713 2897 3782 28).
2916 3713 3053 3782 Quid
3071 3714 3171 3769 sibi
3191 3716 3299 3769 vult
3318 3716 3419 3770 hoc
3433 3734 3598 3774 exor-

1990 3801 2179 3856 dium?
2206 3802 2349 3857 Nihil
2375 3804 2518 3857 enim
2550 3812 2753 3857 temere
2800 3812 2892 3857 aut
2934 3803 3127 3858 frustra
3176 3805 3412 3875 loquitur
3436 3807 3594 3863 beata

1992 3890 2108 3946 haec
2128 3892 2325 3958 anima,
2357 3893 2449 3947 sed
2478 3892 2849 3947 convenientia
2876 3908 3093 3964 semper
3114 3896 3341 3966 objectis
3371 3900 3592 3968 :rgritu-

1989 3984 2206 4037 diuibus
2235 3985 2529 4053 spiritttalia
2556 3984 2946 4039 medicamenta
2970 3987 3104 4041 solet
3131 3988 3405 4044 adhibere.

2067 4072 2484 4144 Perseqnuliones
2512 4073 2791 4128 Christiani
2833 4077 3117 4143 patiuntur.
3150 4109 3223 4119 —
3248 4079 3385 4147 Quid
3428 4082 3589 4151 igitur

1988 4177 2067 4221 est
2094 4166 2195 4220 hoc
2235 4167 2376 4237 quod
2414 4166 2525 4219 ait?
2546 4168 2989 4238 Quandoquidem
3015 4170 3175 4223 multa
3204 4172 3439 4241 undique
3469 4185 3589 4229 teu-

1990 4258 2219 4312 tatioues
2249 4273 2343 4311 eos
2371 4258 2856 4323 circumsidebant,
2889 4273 2981 4328 qut
3027 4269 3136 4313 tum
3164 4262 3491 4318 accedebant
3515 4267 3585 4321 ad

1990 4349 2172 4417 ﬁdem,
2200 4360 2254 4404 et
2284 4350 2589 4420 frequentes
2614 4349 2683 4403 ab
2724 4352 2876 4403 hoste
2918 4351 3180 4405 macinitue
3218 4352 3587 4412 admoveban-

1991 4454 2095 4507 tur,
2126 4453 2178 4497 et
2200 4443 2468 4497 comitium
2501 4442 2861 4497 tendebantur
2896 4444 3105 4498 insidize
3127 4484 3145 4510 ,
3187 4461 3358 4516 neque
3387 4450 3589 4517 pra-di,

1987 4536 2215 4591 cationis
2241 4536 2500 4604 evangelii
2519 4535 2814 4590 adversarii
2842 4536 3212 4603 quiescebant,
3240 4538 3337 4592 sed
3367 4541 3503 4593 alius
3532 4542 3584 4596 in

1987 4645 2260 4683 carcerem
2290 4627 2643 4698 conjiciebant
2659 4661 2673 4683 .
2693 4627 2829 4683 alios
2842 4628 2895 4682 in
2910 4627 3167 4684 exsilium
3180 4626 3549 4697 mittebanttb)
3568 4666 3585 4691 ,

1987 4720 2121 4773 alios
2152 4718 2204 4773 in
2234 4719 2338 4772 alia
2364 4716 2652 4787 pnecipitia
2672 4717 2954 4773 trahebant
2975 4735 2987 4770 :
3009 4730 3294 4790 propterea
3319 4723 3585 4789 quemad-

1989 4811 2206 4865 modum
2232 4810 2469 4880 Optimus
2497 4810 2809 4878 imperator,
2838 4825 2961 4863 cum
2999 4812 3207 4864 hostem
3238 4812 3380 4867 videt
3402 4828 3585 4869 acrem

1989 4905 2315 4959 iracundiam
2344 4904 2660 4972 spirantem,
2694 4902 3019 4956 circumiens
3045 4916 3173 4957 suos
3201 4905 3400 4958 excitat
3432 4906 3589 4960 undi-

1986 5011 2110 5066 que,
2142 4994 2476 5055 corroborat,
2508 4993 2743 5056 instruit,
2775 4994 3092 5047 audaciores
3118 4995 3327 5060 reddit,
3353 4997 3584 5051 alacrio-

1987 5104 2075 5141 res
2103 5086 2297 5149 efficit,
2331 5094 2390 5139 ut
2433 5099 2621 5138 manus
2666 5094 2853 5139 contra
2896 5085 3267 5140 adversarium
3312 5090 3579 5151 attollant,

1987 5194 2085 5232 nec
2112 5178 2251 5231 illius
2279 5177 2616 5231 incursiones
2644 5175 3013 5242 reformident,
3041 5178 3136 5231 sed
3164 5179 3344 5231 animo
3376 5180 3497 5233 forti
3526 5196 3588 5233 se

1987 5269 2059 5323 illi
2086 5278 2380 5338 opponant,
2429 5268 2601 5337 ipsum
2650 5267 2767 5336 ejus
2799 5267 3027 5332 vultum,
3058 5270 3101 5321 si
3133 5273 3355 5337 possint,
3392 5271 3583 5324 vulne-

1988 5372 2126 5424 rent,
2160 5376 2257 5415 uec
2292 5361 2363 5413 illi
2388 5361 2644 5414 resistere
2675 5360 3056 5427 pertimescant
3084 5378 3096 5411 :
3129 5376 3235 5413 non
3276 5362 3430 5414 aliter
3457 5362 3573 5415 beo.

1987 5465 2069 5508 lus
2101 5454 2219 5519 iste,
2247 5453 2361 5507 lucc
2392 5453 2567 5505 anima
2596 5452 2661 5504 ad
2708 5452 2901 5505 emittm
2949 5467 3116 5518 usque
3153 5451 3421 5517 sublimis,
3455 5454 3583 5505 lide-

1986 5546 2112 5598 lium
2146 5545 2331 5597 volens
2374 5544 2582 5596 animos
2624 5542 2894 5603 excitare,
2928 5550 2981 5595 et
3030 5540 3177 5595 hmni
3204 5544 3494 5606 jacentem.
3526 5555 3581 5596 ut

1986 5637 2053 5689 ita
2087 5636 2295 5697 dicam,
2344 5636 2393 5687 l”
2423 5651 2553 5686 -rttm
2587 5635 2965 5704 cogitationem
2998 5636 3204 5702 erigere
3239 5636 3478 5697 studt-ns,
3509 5638 3579 5690 ita

1985 5728 2163 5783 dicere
2203 5727 2432 5795 occuqiit
2464 5745 2474 5778 :
2510 5727 2712 5781 Scimus
2759 5738 2927 5779 autem
2967 5726 3205 5797 quoniam
3260 5727 3585 5795 diligentibus

362 5884 432 5944 (ω
461 5882 602 5933 llum;
627 5888 789 5934 locum
814 5879 1045 5935 secundis
1072 5885 1202 5935 curis
1228 5887 1515 5934 retractuvit
1546 5879 1714 5932 iloutf.
1745 5880 1865 5931 \‘idc
1905 5880 2048 5941 hojm
2074 5881 2191 5928 ιι)ιηί
2220 5879 2440 5939 I‘rtcl'aL,
2468 5881 2563 5931 col.
2596 5879 2668 5929 Η.
