4212 6290
559 270 661 325 N37

553 391 717 447 Deum
731 388 901 443 omnia
924 384 1256 458 cooperantur
1278 380 1332 433 in
1358 365 1543 432 bonum
1566 375 1739 458 (Rom.
1768 367 1950 443 ειη).
1980 369 2139 423 Vides

551 480 887 543 prudentiam
927 456 1311 547 apostolicam?
1340 469 1456 526 Non
1482 456 1797 533 disit,’Scio
1815 506 1831 529 ,
1857 462 1991 529 sed,
2016 457 2137 517 Sei-

553 550 685 637 inas,
715 583 773 626 ut
814 569 962 639 ipsos
987 564 1054 620 ad
1078 577 1358 619 assensum
1391 559 1735 632 tinebendum
1763 554 1989 610 orationi
2022 550 2136 623 pel-

550 665 757 727 liceret,
782 655 926 731 quod
953 652 1299 727 diligentibus
1338 651 1507 708 Deum
1551 648 1733 704 omnia
1770 652 2135 713 cooptarentur

552 755 605 809 in
651 750 877 807 Mm.
932 744 1335 810 Animadverte,
1374 755 1537 812 quam
1593 745 1843 794 morato
1892 735 2142 804 loquatur

552 834 846 914 apostolos.
888 837 1006 895 Non
1056 838 1225 903 dixit,
1254 835 1355 905 Qui
1414 832 1580 888 Deum
1629 828 1889 898 diligunt,
1936 823 2142 879 evitant

551 935 712 1000 mala,
740 932 1035 987 liberantur
1051 944 1081 983 a
1102 925 1513 986 mutationibus;
1544 920 1662 985 sed,
1682 918 1909 978 Scimus.
1935 914 2131 987 inquit,

553 1026 658 1081 hoc
679 1032 784 1089 est,
815 1031 1130 1093 persuasum
1160 1018 1318 1073 nobis
1343 1024 1457 1075 est.
1479 1011 1742 1067 certiores
1777 1008 1901 1063 lacti
1928 1020 2137 1070 sumus,

550 1120 667 1190 ipsa
698 1130 878 1173 rerum
904 1110 1231 1183 aperienda
1257 1107 1432 1164 edocti
1459 1102 1952 1161 demonstrationes
1978 1112 2140 1154 acce-

550 1211 726 1279 pimus
756 1226 769 1261 :
800 1205 1004 1262 Scimus
1040 1202 1276 1272 quitiam
1312 1197 1633 1270 diligentibus
1661 1193 1821 1250 Desint
1844 1191 2016 1247 omnia
2048 1207 2141 1245 co-

550 1307 824 1371 eperantur
846 1295 899 1349 in
925 1294 1130 1348 bonum.

618 1388 678 1443 2.
719 1386 993 1440 Verborum
1023 1381 1252 1452 Apostoli
1277 1390 1465 1451 quanta
1496 1378 1589 1432 eis.
1625 1374 1927 1431 Macedones
1952 1371 2142 1442 ingrati

550 1484 604 1537 in
642 1478 923 1549 apostolos.
960 1474 1063 1533 Cur
1102 1476 1291 1545 eiectus
1333 1472 1533 1526 damon
1575 1470 1745 1540 fuerit.
1777 1495 1850 1508 —
1876 1466 2141 1533 Quantam

552 1574 678 1629 huic
710 1570 859 1628 brevi
900 1568 1122 1625 dictioni
1151 1568 1255 1621 vim
1305 1564 1483 1620 inesse
1530 1558 1896 1615 arbiraminit
1928 1556 2137 1621 Omnia,

554 1665 745 1735 inquit,
776 1672 1116 1731 cooperantur
1157 1660 1209 1713 in
1247 1656 1452 1711 bonum.
1485 1652 1602 1710 Noli
1640 1652 1783 1707 enim
1815 1650 1944 1705 mihi
1979 1649 2141 1720 hujus

552 1760 677 1812 vitte
716 1751 997 1810 commoda
1037 1762 1494 1811 commemorare,
1538 1759 1713 1813 neque
1757 1743 2142 1811 jucunditatcm

556 1855 761 1904 tantum
787 1855 879 1901 aut
903 1844 1243 1900 securitatem
1271 1841 1451 1895 animo
1476 1838 1678 1902 volvas,
1699 1835 1793 1891 sed
1822 1834 1982 1890 etiam
2009 1848 2145 1888 ron-

555 1940 740 2005 traria,
763 1950 1012 1993 carceres
1034 1975 1050 1998 ,
1082 1931 1487 1994 tribulationes,
1514 1925 1732 1983 insidias
1751 1968 1766 1993 ,
1808 1923 2146 1995 quotidianus

555 2033 818 2094 incursus,
844 2043 907 2082 ac
958 2034 1069 2081 tum
1107 2020 1355 2078 dictionis
1381 2020 1486 2073 vim
1538 2025 1787 2071 accurate
1824 2028 2140 2084 cognosces.

555 2124 633 2177 Ac
659 2137 727 2177 ne
760 2119 895 2174 forte
932 2116 998 2172 ad
1025 2115 1185 2184 longe
1216 2109 1443 2183 petenda
1475 2107 1719 2178 exempla
1745 2104 2022 2161 caritatem
2047 2120 2145 2159 vc-

552 2222 720 2267 stram
739 2209 1017 2271 abducam,
1042 2203 1267 2277 paucula
1285 2200 1553 2273 qttazdam,
1579 2199 1621 2251 si
1653 2198 1819 2259 lubet,
1846 2212 1911 2250 es
1939 2195 2004 2251 iis
2024 2210 2144 2265 qua:

555 2302 712 2358 beato
742 2300 826 2355 isti
848 2297 1158 2352 acciderunt
1178 2336 1194 2360 ,
1227 2293 1281 2346 in
1309 2290 1542 2347 medium
1574 2286 1928 2358 proferamus,
1957 2294 2012 2339 et
2038 2286 2142 2337 vim

554 2397 707 2450 istius
751 2392 897 2447 verbi
935 2388 1289 2460 cognoscetis.
1323 2384 1458 2440 Nam
1497 2398 1619 2437 cum
1657 2382 1909 2451 regiones
1954 2394 2143 2433 omnes

552 2484 894 2547 circumiens,
925 2481 1138 2552 pietatis
1182 2478 1402 2533 verbum
1450 2488 1730 2544 spargens,
1774 2472 1956 2541 spinas
2003 2470 2146 2523 (ενι-1-

556 2580 691 2643 lens,
716 2576 994 2643 veritatem
1021 2574 1074 2626 in
1094 2569 1428 2638 singulorum
1446 2566 1636 2620 animis
1658 2567 1899 2634 plantare
1920 2571 2143 2616 conten-

554 2640 711 2734 dens,
761 2667 827 2721 ad
850 2640 1057 2721 ‘urbem
1102 2660 1386 2731 quamdam
1442 2658 1735 2727 appulisset
1788 2653 2142 2719 Macedonite,

552 2754 1004 2830 quemadmodum
1028 2754 1213 2809 beatus
1242 2750 1444 2815 Lucas,
1475 2749 1521 2803 is
1543 2744 1633 2817 qui
1670 2746 1860 2799 librum
1884 2745 2140 2799 Actorum

555 2847 875 2921 compasult,
913 2846 1065 2900 nobis
1090 2840 1378 2905 enarravit,
1408 2837 1655 2893 ancillam
1679 2833 1986 2908 quamdam,
2024 2848 2143 2902 qua:

556 2941 844 3013 malignum
900 2934 1125 2992 habebat
1170 2932 1637 3003 spiritum,neque
1692 2935 1869 2982 tacere
1914 2930 2139 2996 poterat,

554 3033 648 3092 sed
676 3031 955 3093 circuibat,
980 3037 1031 3083 et
1058 3026 1253 3094 ubique
1293 3022 1413 3076 illos
1448 3019 1709 3074 dirmonis
1751 3032 1914 3086 Opera
1943 3014 2145 3086 patefa-

560 3141 685 3180 cere
708 3121 944 3187 volebat,
970 3117 1134 3171 multa
1178 3128 1297 3168 cum
1338 3109 1674 3171 auctoritate.
1715 3108 1833 3162 solo
1874 3107 2039 3160 verbo
2082 3118 2145 3158 ac

559 3219 706 3288 iussu
735 3226 1003 3284 tamquam
1034 3209 1377 3263 verberonem
1408 3201 1695 3274 quemdam
1724 3200 1966 3270 abigens,
2000 3200 2142 3252 illam

556 3328 585 3365 a
611 3324 771 3376 pravo
797 3308 1041 3361 daemone
1083 3300 1361 3354 liberasset
1394 3311 1408 3346 :
1439 3308 1561 3349 cum
1594 3292 1734 3345 illius
1765 3292 1910 3344 urbis
1942 3291 2144 3344 incolas

554 3402 878 3473 oportuisset
898 3405 1165 3463 tamquam
1190 3387 1557 3443 bcuel'actores
1582 3401 1707 3439 suos
1730 3399 1792 3438 ac
1820 3384 2004 3435 salutis
2032 3398 2142 3436 sure

556 3492 790 3548 vindices
818 3488 1075 3556 deinceps
1118 3481 1391 3552 apostolos
1421 3477 1823 3547 illlllel'l‘,":IIQtlc
1859 3474 2006 3528 omni
2048 3490 2143 3529 eos

553 3583 845 3635 officiorum
893 3589 1090 3646 genere
1134 3579 1538 3642 prosequentes.
1576 3576 1779 3620 tantum
1824 3564 2139 3618 beneﬁcium

555 3668 923 3728 remunerari,
976 3665 1048 3717 illi
1100 3664 1254 3731 plane
1296 3657 1560 3713 contraria
1610 3654 1928 3722 rependunt.
1972 3656 2141 3720 Atque

555 3760 680 3814 audi
708 3772 814 3827 quo
855 3763 1011 3825 pacto
1052 3752 1171 3805 illos
1198 3759 1633 3805 remunerentur.
1674 3745 1924 3804 l’a’dentes.
1952 3744 2141 3813 inquit,

557 3850 748 3904 domini
774 3849 899 3918 ejus,
929 3846 1049 3915 quia
1076 3843 1221 3897 exivit
1248 3856 1361 3908 spes
1390 3848 1610 3908 quastus
1636 3854 1830 3901 eorum,
1854 3837 2144 3903 apprehen-

554 3945 724 3998 dentes
750 3937 971 3995 Paulum
994 3948 1042 3991 et
1074 3934 1237 3989 Silam
1266 3931 1611 4003 perduxerunt
1639 3930 1688 3981 in
1710 3932 1874 3998 fortun
1897 3928 1963 3978 ad
1996 3928 2142 3996 prin-

552 4036 720 4104 cipes,
753 4040 800 4084 et
840 4027 1103 4096 oﬂ'erentes
1127 4040 1211 4077 eos
1241 4022 1644 4091 magistratibus,
1682 4035 1796 4071 cum
1842 4017 2026 4070 multas
2074 4019 2143 4070 eis

558 4126 735 4196 plagas
757 4117 1128 4188 imposuissent,
1162 4103 1403 4167 miserunt
1448 4127 1531 4164 eos
1574 4110 1626 4163 in
1657 4127 1928 4173 carcerem,
1961 4110 2142 4179 τιναυεί-

560 4214 748 4282 pientes
790 4208 1019 4272 custodi,
1047 4214 1098 4256 ut
1135 4202 1402 4272 diligenter
1442 4218 1526 4255 eos
1568 4201 1840 4253 custodiret
1889 4200 2024 4272 (Act.
2056 4201 2142 4255 16.

562 4302 767 4371 19-23).
804 4297 1008 4351 Videtis
1051 4306 1313 4347 smnmam
1356 4290 1499 4345 illius
1530 4290 1676 4344 urbis
1707 4290 2001 4344 incolarum
2048 4290 2143 4344 inv

561 4390 917 4467 probitatem?
944 4389 1135 4443 videtis
1163 4387 1525 4458 apostolorum
1570 4386 1876 4457 patientiam
1911 4399 1974 4439 ac
2003 4385 2141 4438 tole-

563 4484 829 4542 rantiam?
859 4483 1177 4550 Exspectate
1206 4478 1493 4549 pauliSper,
1524 4486 1579 4531 ct
1608 4477 1699 4530 Dei
1729 4476 1973 4531 videbitis
2005 4476 2147 4529 beni-

561 4572 998 4647 gnitatem.Cum
1042 4571 1184 4627 enim
1235 4570 1447 4639 sapiens
1489 4570 1557 4623 sit
1605 4584 1667 4622 ac
1715 4569 1906 4633 solers,
1937 4585 2042 4622 non
2093 4569 2143 4623 iu

561 4664 820 4735 principio
851 4677 949 4717 nec
978 4662 1031 4717 itt
1070 4660 1307 4716 exordiis
1335 4659 1471 4713 mala
1501 4658 1659 4724 tollit,
1686 4659 1781 4714 sed
1812 4674 1931 4714 cum
1970 4660 2145 4713 incre-

560 4768 797 4812 mentum
829 4754 1132 4821 acceperint
1173 4752 1597 4807 adversariorum
1644 4752 1916 4805 molimina
1936 4795 1948 4818 ,
1977 4762 2028 4807 et
2058 4768 2145 4807 rc-

562 4854 660 4906 bus
695 4849 824 4920 ipsis
865 4847 1184 4902 athletarum
1230 4846 1449 4916 probata
1492 4826 1741 4918 patieritia
1773 4846 1951 4913 fuerit,
1985 4859 2038 4902 et
2071 4850 2149 4902 in-

562 4962 594 4997 n
621 4943 835 5005 ituerit,
881 4949 992 4995 tum
1030 4938 1326 4994 subsidium
1374 4954 1529 4993 suum
1572 4941 1776 5009 pra-bet
1810 4956 1825 4995 :
1856 4957 1923 4994 ne
1968 4941 2149 4996 dicere

564 5036 730 5103 possit
761 5036 920 5098 ullus,
945 5033 1061 5087 illos
1089 5032 1287 5088 idcirco
1314 5041 1504 5101 sponte
1531 5033 1779 5100 periculis
1805 5051 1863 5089 se
1890 5036 2146 5103 objiccre,

562 5126 703 5194 quod
743 5141 803 5179 sc
858 5122 1015 5180 nihil:
1044 5124 1325 5179 molestum
1384 5138 1635 5193 passuros
1683 5140 1803 5179 esse
1852 5126 2143 5180 confidant.

566 5218 715 5271 lianc
744 5216 993 5269 nimirum
1032 5215 1103 5269 ob
1131 5230 1346 5269 causam
1393 5214 1649 5284 quosdam
1695 5217 1855 5271 etiam
1898 5219 2148 5274 inell'alnli

563 5307 791 5376 quadam
823 5308 1079 5377 sapientia
1113 5308 1165 5360 in
1193 5307 1346 5362 malis
1371 5307 1693 5378 derelinquit
1712 5351 1727 5373 ,
1760 5311 2017 5379 quosdam
2047 5314 2149 5365 (τί-

569 5399 665 5467 pit,
685 5408 819 5452 utea
838 5398 1082 5452 omnibus
1105 5398 1281 5453 discas
1303 5416 1564 5454 summam
1594 5402 1711 5470 ejus
1740 5402 2146 5472 benignitatem,

572 5492 852 5560 ipsumque
902 5490 1102 5558 majora
1152 5492 1254 5546 illis
1298 5495 1511 5561 przrmia
1562 5506 1982 5564 pratpar'mtem,
2017 5504 2149 5551 mala

571 5580 877 5652 frequenter
917 5582 1097 5650 augeri
1145 5585 1470 5651 permittere.
1508 5586 1580 5638 Ita
1612 5588 1712 5639 hoc
1743 5586 1901 5640 etiam
1933 5589 2047 5641 loco
2079 5592 2149 5643 fe-

573 5676 662 5729 cit.
696 5674 823 5732 Post
848 5681 1053 5731 tantum
1078 5678 1389 5733 miraculum
1424 5696 1484 5735 ac
1514 5679 1850 5749 beneficium,
1884 5685 2023 5752 quod
2052 5685 2143 5738 itit-

1258 264 1318 320 ε.
1354 257 1633 339 ιιΟᾹΝΝιὸ
1662 250 2137 313 (ἰΙΙΙὶῖδΟὸΤΟδΙΙ
2178 238 2498 308 ΑΚΩΙΗἘΡ.
2538 252 3077 310 CONSTANTINOI‘.

3742 254 3847 310 Mil

2248 369 2483 439 pudt-nte
2521 370 2615 428 illo
2648 370 2891 428 dazmone
2937 371 3114 442 ejecta
3137 372 3493 437 contulerant,
3523 371 3687 443 virgis
3725 374 3847 428 illos

2244 462 2377 518 «εωὐί
2409 465 2671 535 permisit,
2689 474 2743 520 et
2773 468 2825 521 in
2846 480 3115 521 carcerem
3147 466 3303 520 mitti.
3339 464 3473 521 ilinc
3492 475 3640 520 enim
3668 467 3845 520 maxi-

2248 571 2336 611 me
2366 555 2461 611 Dei
2501 556 2671 612 virtus
2696 557 2858 613 etiam
2891 557 3156 614 elucebat.
3179 558 3520 628 Quapropter
3564 568 3619 614 et
3654 557 3847 614 beatos

2247 645 2337 701 hic
2372 646 2584 702 dicebat
2615 663 2630 700 :
2661 646 3013 703 Libauissime
3052 649 3312 719 gloriabor
3357 650 3411 703 in
3458 647 3846 718 inﬁrmitatibus

2246 738 2391 805 meis,
2410 746 2465 791 at
2484 737 2727 792 inhabitet
2738 738 2792 793 in
2807 755 2889 793 sne
2904 741 3061 793 virtus
3072 737 3261 795 Christi
3276 756 3296 805 ;
3316 749 3371 794 et
3397 754 3601 805 rursus,
3623 738 3751 793 Cum
3768 740 3822 793 in
3833 767 3849 779 -

2246 830 2443 898 ﬁnitor,
2460 841 2580 884 tunc
2596 842 2771 900 potens
2780 849 2892 887 sunt
2912 833 2929 902 (
2950 832 3003 887 2.
3021 830 3140 888 Cor.
3156 832 3247 887 12.
3265 832 3320 888 9.
3336 830 3404 887 l0
3419 832 3460 904 ),
3482 832 3846 886 infirmitatem

2244 923 2526 979 continuas
2551 912 2875 980 tentationes
2901 921 3197 995 appellans.
3222 922 3334 979 Sed
3368 932 3577 994 quaeret
3610 923 3841 978 fortasse

2246 1013 2510 1085 quispiam
2538 1014 2640 1069 hoc
2664 1015 2804 1079 loco,
2834 1015 2988 1083 cujus
3028 1016 3107 1071 rei
3144 1015 3318 1085 gratia
3344 1014 3649 1069 dzrmonem
3671 1030 3845 1083 expu-

2248 1107 2407 1163 lerint
2432 1108 2562 1163 nihil
2599 1108 2730 1179 ipsis
2762 1108 3248 1170 contradicentem,
3275 1106 3371 1163 sed
3400 1108 3577 1177 potius
3603 1107 3726 1162 illos
3752 1124 3845 1177 pa-

2246 1198 2617 1263 tefacientetn;
2650 1200 2826 1269 spatio
2849 1201 3047 1270 quippe
3083 1200 3372 1255 mulionum
3400 1197 3612 1253 dierum
3641 1199 3843 1255 clama-

2246 1288 2337 1344 bat
2359 1288 2590 1344 dicens:
2624 1287 2721 1344 Isti
2770 1291 2997 1344 homines
3039 1290 3170 1345 servi
3220 1287 3320 1343 Dei
3362 1290 3545 1344 excelsi
3584 1298 3734 1357 sunt,
3760 1292 3847 1357 qui

2245 1381 2553 1434 annuntiant
2583 1381 2725 1435 nobis
2740 1380 2871 1435 riam
2894 1381 3075 1437 salutis
3099 1379 3237 1452 (Act.
3266 1382 3349 1434 16.
3378 1372 3487 1450 Π).
3508 1382 3587 1439 Ne
3609 1383 3841 1448 mireris,

2246 1471 2523 1527 carissime
2551 1488 2565 1524 :
2596 1487 2717 1526 nam
2746 1481 2800 1527 et
2837 1471 2941 1526 hoc
2979 1471 3277 1540 prodeuntia:
3305 1472 3403 1527 fuit
3434 1475 3748 1545 apostolico
3778 1490 3841 1529 ac

2249 1563 2490 1618 beneficii
2524 1563 2754 1633 Spiritus
2793 1565 2987 1618 sancti.
3022 1564 3170 1618 Licet
3210 1565 3355 1619 enim
3382 1564 3717 1618 contrarium
3744 1565 3848 1619 illis

2248 1654 2453 1710 diceret
2494 1654 2646 1719 nihil,
2681 1670 2748 1709 ne
2785 1664 2961 1708 tamen
3007 1654 3132 1709 inde
3175 1653 3336 1709 fidem
3366 1654 3470 1709 sibi
3500 1654 3714 1710 daemon
3743 1656 3846 1710 alio

2248 1761 2406 1815 quam
2455 1746 2785 1810 conciliaret,
2820 1755 2871 1801 et
2924 1746 2976 1800 in
3033 1745 3154 1800 aliis
3208 1744 3569 1813 simpliciores
3622 1744 3848 1801 subdole

2252 1848 2431 1905 posset
2470 1836 2769 1903 attrahere,
2799 1846 3078 1906 propterea
3127 1850 3248 1891 cum
3292 1836 3364 1890 illi
3409 1851 3473 1890 os
3519 1836 3843 1904 obtitrasset,

2248 1929 2423 1999 ejecit,
2458 1943 2629 1998 neque
2672 1928 2793 1982 sivit
2836 1943 2901 1981 ea
2956 1927 3219 1997 proloqui,
3268 1944 3389 1997 qua:
3441 1926 3762 1998 dignitatem
3793 1940 3849 1983 et

2248 2028 2463 2089 Captum
2495 2019 2611 2088 ejus
2641 2018 2992 2075 excedebant.
3027 2018 3137 2074 lloc
3164 2028 3342 2073 autem
3373 2019 3639 2088 pnestitit,
3665 2027 3725 2074 ut
3752 2020 3847 2074 do-

2250 2110 2379 2164 mini
2409 2111 2493 2165 sui
2519 2112 2753 2182 vestigiis
2778 2113 3049 2167 insisteret
3087 2128 3103 2165 :
3136 2126 3257 2166 nam
3289 2112 3355 2165 ad
3386 2112 3533 2165 illum
3565 2115 3729 2166 etiam
3756 2128 3847 2167 ae-

2247 2200 2501 2256 cedentes
2529 2202 2781 2256 dicebant
2812 2221 2826 2256 :
2862 2201 3065 2257 Scimus
3110 2214 3159 2256 te
3199 2204 3312 2272 quis
3350 2202 3439 2266 sis,
3492 2213 3700 2257 sanctus
3754 2202 3850 2258 Dei

2249 2291 2400 2361 (an.
2434 2293 2487 2348 4.
2520 2291 2635 2365 54),
2664 2303 2718 2347 et
2748 2304 2924 2349 tamen
2952 2293 3070 2349 haec
3098 2294 3338 2351 dicentes
3370 2310 3464 2349 eos
3490 2295 3757 2364 ejiciebat.
3791 2294 3846 2349 Id

2248 2399 2377 2438 vero
2409 2385 2562 2437 fiebat
2592 2385 2644 2438 in
2667 2387 3066 2439 accusationem
3093 2384 3483 2452 impudentiam
3510 2385 3847 2451 iudicarunt,

2248 2476 2395 2543 quod
2428 2474 2499 2527 illi
2523 2473 2739 2543 quidem
2769 2475 3026 2529 miracula
3048 2476 3290 2544 quotidie
3311 2484 3593 2530 cernentes
3615 2484 3671 2529 et
3692 2477 3821 2530 innu

2248 2581 2394 2620 mera
2427 2566 2663 2635 prodigia
2696 2566 2832 2632 fieri,
2860 2583 2963 2619 non
2994 2566 3282 2621 crederent
3312 2582 3326 2617 ε
3358 2565 3635 2622 daemones
3662 2576 3845 2621 autem

2248 2667 2621 2728 agnoscerent,
2652 2671 2881 2725 eumque
2914 2656 3003 2710 Dei
3040 2656 3232 2710 Filium
3264 2656 3576 2712 faterentur.

2317 2748 2371 2803 3.
2434 2746 2587 2802 Pauli
2631 2756 2675 2801 et
2728 2747 2857 2802 Sila
2893 2750 3061 2817 fervor
3093 2759 3139 2803 et
3188 2749 3437 2803 liberalia.
3503 2750 3587 2804 Vis
3630 2752 3848 2819 hymno-

2247 2857 2362 2893 rum
2428 2850 2619 2909 quanto
2662 2840 2773 2904 sit;
2820 2855 2911 2893 cur
2955 2840 3063 2893 hare
3123 2841 3292 2893 media
3338 2850 3482 2894 nocte
3523 2842 3722 2908 ﬁerent.
3782 2869 3850 2881 ——

2245 2933 2351 2989 Sed
2412 2934 2480 2988 ad
2549 2933 2746 2989 seriem
2815 2933 3042 2987 instituti
3109 2936 3375 2987 sermonis
3419 2933 3725 2987 redeamus.
3782 2934 3850 2989 lIt

2249 3027 2408 3096 igitur
2437 3024 2658 3079 discatis
2684 3067 2699 3089 ,
2731 3038 2839 3093 quo
2868 3034 3025 3092 pacto
3059 3022 3404 3092 diligentibus
3456 3022 3623 3077 Deum
3667 3025 3848 3078 otiinia

2248 3114 2618 3185 coopercntur'
2636 3116 2687 3168 in
2718 3115 2947 3177 bonum,
2982 3123 3148 3167 totam
3187 3114 3338 3167 vobis
3361 3114 3636 3168 historiam
3669 3129 3867 3187 operat,

2251 3211 2476 3280 pretium
2544 3206 2701 3261 fuerit
2758 3207 3008 3273 recitari,
3064 3215 3122 3261 ιιι
3180 3206 3302 3260 inde
3352 3210 3687 3277 coguoscat's
3744 3223 3852 3271 quo

2251 3307 2406 3368 pacto
2438 3306 2555 3366 post
2586 3297 2828 3355 verbera,
2853 3305 2973 3365 post
3004 3311 3279 3350 carcerem
3305 3338 3320 3360 ,
3353 3297 3534 3350 omnia
3562 3297 3651 3351 Dei
3679 3301 3847 3367 gratia

2249 3390 2299 3442 iu
2330 3389 2527 3441 bonum
2560 3389 2797 3461 mutarit.
2823 3387 2927 3441 Sed
2958 3388 3254 3453 videamus,
3280 3404 3383 3457 qua
3412 3389 3620 3443 ratione
3658 3389 3849 3443 beatus

2252 3479 2301 3531 id
2335 3478 2507 3532 Lttt'as
2536 3477 2735 3532 indit-ct
2764 3478 2951 3532 dicens
2976 3478 3135 3531 :Cum
3178 3489 3347 3532 autem
3402 3482 3500 3533 tale
3542 3492 3849 3549 praeceptum

2248 3572 2521 3640 accepisset
2563 3572 2779 3622 carceris
2805 3580 2993 3633 custos,
3024 3558 3156 3623 misit
3179 3586 3262 3623 eos
3292 3572 3341 3621 in
3365 3571 3652 3624 interiorem
3672 3589 3847 3626 carce-

2248 3679 2370 3725 rem,
2398 3671 2441 3713 et
2463 3662 2611 3728 pedis
2631 3677 2802 3713 eorum
2832 3662 3036 3714 striurit
3059 3660 3195 3730 ligno
3224 3662 3362 3728 (Act.
3390 3662 3471 3715 i6.
3502 3661 3616 3732 94).
3662 3664 3851 3719 Anim-

2247 3752 2465 3805 adverte
2496 3767 2602 3820 quo
2643 3760 2797 3819 pacto
2842 3761 3136 3820 augeantur
3176 3751 3313 3805 mala
3340 3792 3354 3815 ,
3385 3761 3441 3805 ut
3482 3754 3850 3823 apostolorum

2248 3842 2407 3896 etiam
2450 3842 2701 3910 [salientia
2737 3842 2827 3894 fiat
2858 3842 3116 3895 illustrior
3140 3883 3155 3904 ,
3188 3853 3239 3894 et
3273 3842 3530 3895 iitum-ma
3564 3844 3652 3897 Dei
3681 3844 3850 3896 virtus

2247 3936 2497 3990 omnibus
2523 3935 2804 3988 manifesta
2833 3934 3110 3989 reddatur.
3145 3934 3280 3987 Audi
3325 3949 3455 3988 vero
3482 3935 3608 4002 quid
3654 3952 3849 4004 sequa-

2251 4037 2336 4080 tur
2366 4044 2378 4079 :
2422 4025 2570 4080 addit
2599 4024 2743 4079 enim
2763 4067 2777 4088 ,
2810 4024 2983 4078 Media
3029 4034 3198 4078 autem
3244 4035 3390 4077 nocte
3417 4023 3612 4078 Paulus
3632 4035 3678 4077 et
3709 4025 3850 4079 Silus

2250 4131 2450 4173 orantes
2494 4116 2771 4171 laudabant
2809 4116 2972 4169 Deum
3003 4116 3021 4185 (
3058 4114 3139 4169 Ib.
3174 4132 3222 4168 υ.
3258 4117 3328 4171 25
3358 4120 3400 4187 ).
3433 4116 3568 4171 Vide
3611 4119 3847 4173 animum

2255 4212 2568 4273 excitatum,
2599 4209 2720 4263 vide
2748 4208 2959 4277 vigilem
2990 4217 3223 4263 mentem
3254 4225 3267 4264 :
3302 4223 3377 4264 ne
3400 4220 3600 4264 temere
3631 4220 3848 4279 przetcr-

2250 4319 2437 4359 Cautus
2482 4318 2601 4373 qua:
2629 4300 2768 4355 dicta
2801 4310 2958 4365 sunt,
2985 4299 3340 4354 dilectissimi.
3382 4301 3493 4352 Non
3549 4300 3692 4354 enim
3733 4300 3852 4355 sine

2252 4412 2409 4451 causa
2442 4406 2651 4465 tempus
2677 4395 2849 4463 ipsum
2887 4393 3185 4465 designavit
3220 4394 3435 4455 dicens,
3471 4391 3643 4446 Media
3675 4403 3846 4447 autem

2253 4499 2425 4549 nocte,
2468 4484 2561 4541 sed
2594 4485 2736 4557 quod
2764 4487 2927 4539 vellet
2956 4484 3239 4539 ostendere
3262 4527 3276 4550 ,
3312 4484 3361 4537 id
3405 4493 3612 4553 gestum
3641 4499 3762 4539 csse
3786 4500 3850 4541 eo

2255 4590 2533 4647 tempore,
2578 4593 2686 4647 quo
2723 4577 2935 4632 cauet-is
2986 4577 3233 4632 omnibus
3287 4576 3459 4630 dulcis
3509 4576 3721 4631 advenit
3759 4594 3850 4630 sn-

2255 4686 2432 4737 mnus,
2457 4680 2509 4723 et
2536 4670 2816 4740 palpebras
2844 4668 3090 4737 consopit
3109 4710 3123 4731 ,
3150 4678 3205 4723 et
3228 4685 3333 4737 quo
3361 4669 3393 4722 ii
3419 4710 3431 4729 ,
3466 4669 3734 4738 praecipue
3762 4671 3849 4739 qui

2257 4762 2436 4815 multis
2472 4760 2748 4814 doloribus
2797 4775 2859 4813 ac
2908 4760 3169 4814 molestiis
3215 4769 3341 4814 sunt
3382 4760 3588 4815 obsessi
3661 4776 3855 4816 Somno

2255 4853 2448 4921 corripi
2497 4852 2849 4908 solcutztum
2892 4850 3072 4921 igitur,
3112 4850 3302 4919 inquit,
3332 4867 3453 4905 cum
3486 4849 3720 4919 undique
3767 4866 3855 4904 so-

2256 4947 2362 5000 mni
2413 4946 2490 4999 vis
2544 4944 2911 4999 dominaretur
2967 4952 3021 4997 et
3072 4944 3274 5013 vigeret
3304 4981 3319 5005 ,
3356 4953 3479 4996 tunc
3530 4942 3604 4996 illi
3637 4943 3857 4997 Orontes

2260 5037 2421 5091 Deum
2449 5036 2747 5100 laudabant,
2782 5045 2841 5089 et
2866 5034 2967 5088 hoc
2996 5048 3105 5088 suae
3131 5035 3183 5088 in
3225 5034 3375 5088 illum
3407 5034 3645 5088 caritatis
3683 5038 3857 5088 maxi-

2259 5144 2405 5183 mum
2459 5128 2713 5183 iudicium
2776 5126 3028 5181 edebant.
3079 5125 3211 5181 Nam
3262 5126 3714 5195 quemadmodum
3758 5143 3858 5180 nos

2259 5224 2471 5292 quoties
2498 5221 2775 5277 doloribus
2814 5219 3055 5288 corporis
3079 5218 3411 5282 divexamur,
3437 5219 3856 5288 propinquorum

2258 5330 2607 5386 Congressum
2652 5311 2994 5381 requirimus,
3030 5322 3087 5365 ut
3137 5310 3487 5364 intentionem
3514 5309 3714 5363 doloris
3742 5310 3857 5363 illo-

2264 5426 2377 5462 rum
2412 5407 2647 5476 alloqqu
2678 5405 2981 5473 mitigemus
3013 5423 3025 5455 :
3069 5404 3147 5457 sic
3192 5406 3351 5457 etiam
3395 5403 3445 5455 hi
3480 5404 3646 5456 sancti
3673 5418 3858 5457 amore

2261 5503 2313 5554 in
2344 5501 2626 5555 Dominum
2650 5496 2983 5561 inflammati,
3016 5513 3078 5550 ac
3106 5512 3289 5550 sacros
3316 5495 3542 5565 hymnos
3570 5494 3861 5550 offerentes

2269 5608 2334 5646 ne
2365 5606 2580 5645 sensum
2618 5589 2832 5659 quidem
2869 5589 3079 5643 illatum
3132 5588 3493 5641 molestiarum
3536 5588 3856 5656 capiebant,

2263 5682 2357 5742 scd
2382 5682 2473 5738 toti
2506 5683 2556 5737 itt
2590 5684 2884 5739 orationem
2926 5679 3303 5737 incumbebant
3330 5721 3343 5741 .
3375 5690 3430 5735 et
3463 5680 3757 5735 mirabilem
3800 5679 3853 5732 il-
