4212 6290
230 444 328 500 169

252 561 359 609 tum
378 551 713 623 hymnorum
736 550 951 598 ctutum
979 534 1300 600 odete‘baut,
1318 546 1381 586 ac
1396 530 1651 598 deinceps
1676 539 1864 582 carcer

259 615 486 701 ecclesia
516 638 684 695 flebat
703 676 719 696 .
750 638 803 688 et
828 632 1042 686 illorum
1071 634 1382 681 sanctorum
1413 627 1575 675 cantu
1604 626 1748 671 totus
1774 615 1863 670 ille

261 743 409 793 locus
436 727 893 790 sanctiﬁcahstur.
933 721 1009 778 Ac
1031 718 1217 775 videre
1243 724 1362 771 erat
1386 727 1476 768 res
1496 712 1660 765 miras
1694 716 1749 764 et
1789 708 1871 762 ln-

261 830 507 892 usitatas,
535 820 784 876 homines
826 816 970 887 ligno
1012 811 1290 881 alligatos,
1326 819 1500 876 neque
1526 811 1706 857 tamen
1736 813 1875 869 quo-

264 921 444 976 minus
471 918 704 988 hymnos
734 914 993 966 canerent
1010 901 1310 974 quidquam
1342 894 1612 967 impediri.
1639 891 1869 964 Vigilern

261 1010 411 1068 enim
443 1017 498 1062 et
528 1012 817 1064 attentum,
844 1006 901 1054 et
928 994 1139 1051 ardenti
1181 994 1235 1048 in
1277 992 1446 1046 Deum
1482 998 1872 1042 amorecorre-

267 1110 418 1174 ptum
447 1095 580 1151 nihil
613 1104 867 1161 nmquam
894 1085 1094 1161 poterit
1130 1098 1158 1137 a
1190 1078 1465 1150 colloquio
1484 1091 1609 1133 cum
1642 1071 1872 1129 Domino

267 1168 597 1261 prohibere:
628 1181 770 1237 Deus
798 1180 943 1235 enim
972 1218 987 1239 ,
1040 1173 1251 1244 inquit,
1304 1168 1726 1243 appropinquans
1779 1177 1872 1233 ego

264 1256 383 1337 sum
411 1322 427 1347 ,
452 1290 501 1334 et
555 1294 657 1332 non
683 1274 824 1329 Dm
874 1266 1064 1342 Ionge(
1092 1266 1287 1321 Jercm.
1331 1264 1424 1319 25.
1453 1259 1566 1333 εδ)
1598 1275 1614 1323 ;
1640 1266 1697 1314 et
1746 1256 1875 1311 alibi

266 1385 460 1429 rursus
484 1412 499 1436 ,
527 1368 709 1423 Adhuc
752 1366 987 1435 loquente
1010 1370 1059 1414 te
1082 1359 1284 1422 dicam,
1319 1354 1449 1409 Ecce
1483 1352 1669 1407 adsum
1704 1348 1875 1422 (Isai.

267 1466 362 1523 58.
394 1465 486 1535 9).
516 1462 616 1519 Ubi
660 1457 927 1531 siquidem
961 1453 1188 1525 vigilans
1215 1450 1432 1503 animus
1456 1445 1640 1511 fuerit,
1672 1442 1874 1498 excita-

270 1570 359 1611 tur
390 1556 551 1619 ratio,
593 1560 649 1608 et
693 1546 1079 1621 propemodum
1128 1543 1372 1611 corporis
1409 1538 1644 1594 vinculis
1674 1536 1879 1591 libera-

271 1660 382 1712 tur,
423 1656 480 1701 et
504 1644 681 1700 evolat
710 1640 775 1694 ad
798 1653 921 1693 eum
951 1649 1111 1706 quem
1152 1632 1325 1702 diligit
1349 1673 1364 1699 ,
1389 1639 1587 1685 terram
1613 1626 1876 1697 despicit,

269 1747 326 1792 et
355 1752 479 1807 qua:
514 1743 639 1789 sunt
667 1730 841 1787 oculis
875 1726 1112 1797 subjecta
1144 1737 1475 1793 exsuperans
1509 1719 1577 1773 ad
1616 1719 1764 1773 illum
1800 1716 1877 1769 fe-

270 1805 438 1881 stinat
462 1839 479 1879 :
507 1821 649 1894 quod
694 1820 874 1889 utique
915 1814 1116 1871 sanctis
1142 1812 1302 1867 etiam
1326 1809 1717 1878 istis‘eonttgit.
1750 1805 1883 1861 Vide

274 1926 509 1988 namque
528 1914 759 1969 celerem
800 1920 857 1965 et
882 1908 1157 1963 eflicacem
1186 1906 1508 1978 hymnorum
1535 1901 1667 1966 vim,
1695 1908 1749 1954 et
1774 1912 1882 1970 quo

276 2020 435 2080 pacto
486 2021 609 2061 cum
660 2004 713 2058 in
761 2014 980 2056 carcere
1020 2004 1388 2055 versarentur.
1420 2002 1477 2048 et
1505 1990 1702 2061 alligati
1737 1990 1882 2059 ligno

275 2108 485 2163 essent,
520 2107 684 2165 atque
718 2091 1101 2161 impostoribns
1138 2096 1193 2142 ct
1231 2085 1455 2155 captivis
1482 2082 1703 2138 admixti
1730 2121 1746 2148 ,
1775 2093 1882 2134 non

278 2194 447 2249 modo
470 2190 601 2246 niltil
632 2188 772 2259 passi
800 2186 909 2240 sint
952 2179 1261 2238 detrimenti
1293 2222 1308 2244 ,
1342 2177 1436 2233 sed
1463 2185 1517 2230 et
1542 2175 1641 2229 hac
1674 2172 1885 2228 ratione

280 2276 968 2355 splendidioresevaserint
992 2315 1007 2338 ,
1035 2284 1091 2328 et
1112 2284 1303 2327 oumcs
1334 2310 1349 2334 ,
1382 2269 1470 2338 qui
1500 2280 1773 2321 carcerem
1803 2264 1887 2318 in-

282 2375 570 2438 colebant,
603 2370 817 2425 virtutis
873 2382 986 2421 sua:
1034 2364 1199 2419 radiis
1246 2357 1631 2415 collustrarint.
1677 2355 1887 2424 Quippe

285 2469 370 2523 illa
402 2479 678 2521 sacrorum
702 2476 807 2516 vox
846 2459 1169 2531 hymnorum
1196 2469 1318 2508 cum
1349 2454 1399 2505 in
1430 2453 1665 2504 animam
1696 2447 1886 2501 unius-

284 2560 543 2629 cujusque
576 2555 914 2625 captivorum
941 2554 1311 2621 penetrasset,
1336 2540 1711 2599 transmutavit
1741 2539 1885 2594 illam

287 2648 693 2722 prOpemodum,
723 2660 786 2699 ac
814 2641 1144 2698 reformavit.
1172 2636 1356 2693 Subito
1371 2634 1538 2699 enim,
1572 2632 1761 2702 inquit,
1783 2639 1888 2684 ter-

286 2759 358 2796 ra:
378 2751 544 2795 motas
574 2739 740 2809 factus
784 2745 855 2789 est
900 2748 1112 2804 magnus
1131 2772 1146 2797 ,
1176 2730 1248 2781 ita
1276 2736 1333 2781 ut
1358 2734 1675 2780 moverentur
1700 2722 1891 2793 {unda-

288 2846 453 2889 nteuta
477 2830 693 2885 carceris
718 2871 734 2892 ,
766 2836 812 2882 et
853 2826 1026 2880 statim
1063 2831 1238 2893 aperta
1282 2828 1399 2873 sunt
1425 2817 1595 2871 omnia
1640 2815 1771 2869 ostia
1797 2856 1812 2877 ,
1844 2822 1892 2866 et

288 2928 636 2981 universorum
659 2919 859 2974 vincula
884 2916 1052 2971 soluta
1076 2924 1194 2967 sunt
1224 2911 1244 2982 (
1275 2912 1384 2965 Act.
1414 2910 1498 2964 l6.
1526 2908 1598 2963 20
1627 2910 1667 2977 ).
1705 2906 1890 2975 Vides,

288 3021 612 3090 hymnorum
638 3054 655 3079 ,
697 3010 785 3082 qui
825 3009 935 3064 Deo
980 3014 1265 3067 canuntur,
1324 2998 1620 3055 virtutem?
1670 2995 1786 3051 Non
1817 2994 1895 3050 illi

291 3108 451 3163 modo
479 3148 494 3170 ,
527 3105 618 3175 qui
665 3100 976 3157 obtulerunt
1038 3096 1287 3166 hymnos,
1339 3090 1588 3144 solatium
1632 3100 1889 3156 percepe-

291 3209 413 3258 runt
446 3241 462 3265 ,
490 3197 584 3253 sed
614 3195 777 3250 etiam
803 3190 1118 3252 eiecerunt,
1149 3197 1203 3237 ut
1247 3182 1489 3238 omnium
1530 3178 1739 3234 vincula
1779 3176 1895 3231 sol-

291 3301 545 3351 verentur
593 3304 607 3342 :
660 3296 719 3341 ut
755 3284 920 3339 factis
974 3280 1101 3351 ipsis
1160 3279 1555 3337 innate-sceret,
1585 3284 1694 3341 quo
1740 3278 1895 3339 pacto

297 3389 467 3443 Deum
492 3380 821 3455 diligentibus
850 3374 1022 3431 omnia
1057 3378 1391 3440 cooperentur
1420 3368 1472 3419 in
1501 3366 1709 3418 bonum.
1758 3361 1898 3416 Ecce

294 3493 527 3550 namque
556 3473 806 3537 verbera,
836 3480 1045 3532 carcer,
1079 3459 1371 3532 compedes
1395 3498 1411 3524 ,
1442 3465 1496 3512 et
1521 3470 1644 3511 cum
1682 3450 1900 3508 carniﬁ-

294 3546 454 3629 cibus
487 3563 870 3628 conversatio,
918 3569 973 3613 et
1025 3564 1202 3611 tamen
1260 3553 1375 3605 haec
1421 3548 1600 3603 omnia
1631 3546 1898 3600 bonorum

293 3661 518 3719 materia
551 3658 767 3713 luerunt
792 3662 847 3708 et
882 3648 1095 3706 occasio
1133 3644 1316 3715 gloria:
1339 3683 1355 3707 ,
1398 3655 1504 3695 non
1536 3638 1667 3707 ipsis
1690 3647 1898 3691 tantum

298 3769 394 3808 nec
425 3751 529 3806 illis
556 3747 647 3819 qui
679 3756 953 3799 carcerem
982 3735 1288 3793 incolebant
1316 3729 1567 3802 captivis,
1598 3725 1693 3781 sed
1721 3735 1775 3787 ct
1797 3724 1897 3795 ipsi

296 3843 504 3901 custodi
532 3839 787 3897 carceris.
836 3832 1242 3903 Espergefactus
1290 3825 1433 3881 enim
1457 3865 1472 3886 ,
1502 3820 1704 3891 inquit,
1733 3828 1901 3874 custos

296 3939 532 4000 carceris,
564 3944 610 3988 et
658 3932 834 3987 uidens
868 3931 1061 3997 januas
1099 3930 1307 3992 apertas
1348 3917 1565 3971 carceris
1590 3956 1603 3979 ,
1636 3912 1901 3983 euaginan

297 4030 470 4103 gladio
497 4025 693 4081 volebat
729 4038 784 4077 se
818 4018 1136 4087 interﬁcere,
1181 4012 1438 4066 testimans
1482 4006 1673 4077 fugisse
1709 4004 1901 4057 vinctos

299 4099 316 4194 ξ
354 4122 435 4177 Ib.
458 4138 504 4176 lt.
529 4119 599 4173 27
624 4116 665 4189 ).
691 4114 771 4169 Tu
803 4110 932 4166 mihi
960 4109 1063 4162 hoc
1087 4107 1205 4160 loco
1225 4103 1317 4166 Dei
1351 4099 1741 4167 benignitatem
1771 4109 1901 4146 con-

297 4185 494 4277 sidera,
512 4185 670 4285 quam
697 4207 844 4263 nulla
871 4203 1170 4275 exprimere
1201 4203 1377 4267 potest
1402 4192 1597 4249 oratio.
1628 4188 1735 4243 Cur
1756 4185 1902 4240 enim

301 4310 479 4368 media
509 4281 670 4363 nocte
697 4303 831 4357 liuut
860 4298 977 4354 haec
1004 4292 1229 4352 omnia?
1261 4288 1471 4344 Nullam
1494 4284 1655 4338 aliam
1683 4281 1755 4335 oh
1775 4293 1903 4333 can.

297 4420 412 4461 sam
441 4444 459 4471 ,
489 4400 595 4457 nisi
624 4408 681 4452 ut
711 4391 1079 4465 provideatur,
1110 4394 1165 4441 ut
1191 4384 1308 4437 sine
1336 4378 1504 4435 turbis
1534 4387 1589 4431 et
1618 4372 1903 4441 tranquille

298 4475 385 4553 res
423 4464 787 4553 succedat,et
823 4481 979 4539 saluti
1006 4476 1246 4533 custodis
1284 4469 1518 4528 carceris
1564 4464 1900 4521 consulatur.

296 4590 429 4643 Cum
463 4584 607 4638 enim
645 4587 803 4633 terra:
831 4580 1009 4629 motus
1033 4567 1341 4628 accidisset,
1370 4569 1424 4615 et
1465 4566 1718 4613 reserata:
1761 4553 1905 4607 fores

295 4686 508 4742 essent,
532 4672 774 4728 omnium
799 4667 889 4737 qui
913 4670 1069 4719 erant
1091 4659 1163 4715 ibi
1192 4658 1364 4713 soluta
1390 4660 1519 4706 sunt
1542 4646 1772 4709 vincula,
1802 4655 1905 4696 nec

298 4772 390 4826 ulli
425 4740 745 4839 permissum
766 4768 870 4825 est,
902 4767 961 4813 ut
988 4752 1112 4811 inde
1139 4746 1461 4804 discederet.
1494 4740 1666 4796 Aliam
1691 4749 1905 4808 quoque

301 4825 393 4918 hei
426 4825 758 4930 sapientiam
811 4851 901 4906 hic
940 4842 1327 4912 contemplare.
1371 4834 1504 4891 Nam
1542 4832 1643 4886 alia
1686 4825 1904 4897 quidem

297 4960 623 5012 evenerunt.
647 4958 807 5002 terrae
834 4949 1035 5005 motus,
1067 4938 1306 5005 inquam,
1338 4936 1392 4983 et
1425 4922 1687 4980 rescratio
1708 4920 1906 4989 ianua-

299 5062 444 5111 rum,
471 5051 534 5097 ut
573 5011 737 5095 robus
755 5034 886 5106 ipsis
911 5042 1104 5088 omnes
1126 5024 1483 5092 intelligerent
1504 5014 1692 5087 quales
1720 5011 1792 5066 illi
1819 5024 1909 5065 es-

298 5105 456 5203 senti,
486 5134 577 5206 qui
602 5142 732 5188 tunc
759 5140 1035 5201 carcerem
1065 5120 1416 5180 habitabant,
1445 5124 1618 5179 neque
1658 5105 1907 5173 vulgares

302 5232 554 5287 homines
579 5241 699 5281 esse
733 5240 746 5277 :
782 5236 944 5293 porro
992 5214 1195 5273 nemini
1225 5208 1450 5278 contigit
1491 5214 1549 5259 ut
1578 5206 1786 5265 exiret,
1841 5215 1909 5255 ne

298 5323 447 5393 quod
497 5319 624 5375 inde
663 5313 955 5387 periculum
982 5306 1189 5365 custodi
1221 5302 1454 5358 carceris
1480 5308 1775 5352 crearetur.
1809 5297 1909 5349 At-

302 5392 406 5486 que
438 5422 500 5467 ut
542 5412 645 5465 hoc
686 5421 871 5463 verum
900 5417 1020 5458 esse
1061 5396 1327 5467 intelligas
1351 5436 1366 5458 ,
1395 5392 1516 5446 audi
1560 5403 1666 5457 quo
1716 5396 1907 5458 pacto,

310 5522 438 5562 cum
471 5504 522 5559 id
550 5501 811 5557 accidisse
840 5496 1207 5565 suspicaretur
1232 5497 1418 5542 custos
1438 5480 1693 5541 cameris.
1726 5488 1781 5533 et
1808 5493 1907 5531 au-

306 5599 509 5670 fugisse
538 5594 798 5667 quosdam
831 5596 1064 5660 putaret,
1096 5586 1256 5639 etiam
1290 5579 1454 5633 vitam
1482 5589 1633 5630 suam
1668 5581 1903 5626 contem-

309 5664 498 5761 pserit.
522 5664 809 5757 Evagiuato
828 5683 995 5742 enim,
1021 5677 1210 5747 inquit,
1244 5671 1438 5745 gladio,
1462 5666 1654 5722 volebat
1675 5682 1729 5719 se
1755 5664 1908 5717 inter-

314 5758 461 5852 Fcere
479 5796 497 5836 :
517 5780 614 5835 sed
643 5778 734 5848 qui
774 5775 896 5845 vigil
925 5772 1121 5840 ubique
1153 5779 1312 5835 atque
1341 5758 1751 5831 expergefactus
1770 5762 1906 5816 erat,

314 5877 492 5931 beatus
520 5872 828 5930 l’aulus,ex
876 5863 1067 5919 bellum
1109 5856 1349 5912 lancibus
1399 5869 1492 5907 sua
1542 5863 1670 5904 voce
1713 5859 1909 5915 agnum

946 426 1013 481 IN
1053 423 1284 489 ntus,
1318 416 1728 476 uttactzmta.
1773 379 1969 473 natm
2007 416 2221 473 OMNIA
2260 412 2459 470 σοον.
2503 410 2566 465 IN
2604 390 2862 465 nomen.

3466 397 3571 460 ιιι)

1971 525 2191 597 eripuit.
2219 524 2479 581 CIamaeit
2506 525 2643 579 enim
2675 540 2797 579 rore
2816 538 3009 593 magna
3047 518 3275 585 dicens;
3296 514 3450 571 Nihil
3477 517 3575 571 tibi

1976 618 2105 672 mali
2128 617 2312 693 feceris
2335 634 2353 682 ;
2378 618 2608 671 uniuersi
2643 617 2781 671 enim
2812 615 2898 668 hic
2935 628 3119 667 sumus
3158 611 3300 681 (Act.
3337 609 3420 666 l6.
3451 608 3567 678 28).

1976 707 2023 763 0
2052 708 2423 763 incredibilem
2464 706 2860 762 humilitateml
2906 703 3019 760 Non
3056 704 3235 759 elatus
3269 711 3355 758 est
3394 704 3448 757 in
3478 718 3571 757 su-

1979 799 2221 868 perbiam
2243 799 2314 853 ob
2338 813 2401 853 ea
2428 811 2551 866 qtae
2583 797 2921 860 acciderant,
2947 810 3054 849 non
3081 796 3133 847 in
3157 795 3435 849 custodem
3456 809 3574 849 can

1982 894 2126 950 ceris
2143 894 2459 959 insurrexit,
2485 894 2689 949 nullum
2709 909 2975 963 arrogans
3001 892 3206 947 dictum
3233 888 3308 945 illi
3335 890 3575 952 excidito,

1984 984 2082 1040 sed
2120 1000 2242 1039 cum
2273 984 2493 1048 vinctis,
2546 1000 2668 1040 cum
2722 985 3024 1049 lictoribus,
3051 1000 3174 1039 cum
3205 982 3469 1039 maleficls
3496 1000 3580 1037 se-

1986 1076 2163 1147 ipsum
2191 1076 2531 1141 numerabat,
2562 1076 2750 1131 dicens
2774 1090 2789 1131 :
2818 1073 3057 1131 Unimsi
3077 1075 3165 1129 hic
3186 1090 3391 1130 unus.
3419 1074 3590 1129 Vides

1989 1165 2214 1236 insignis
2240 1179 2364 1219 eum
2402 1164 2724 1220 humilitatis
2757 1165 3066 1236 exemplum
3108 1165 3293 1231 edere,
3346 1178 3446 1236 nec
3484 1165 3590 1220 sibi

1984 1264 2105 1335 plus
2132 1277 2292 1335 quam
2318 1261 2577 1318 maleficis
2596 1262 2829 1327 caeteris,
2848 1261 2938 1332 qui
2972 1261 3084 1315 illic
3112 1268 3287 1323 erant,
3314 1258 3591 1313 tribuere?

1985 1354 2125 1410 Vide
2142 1355 2254 1426 jam
2281 1368 2390 1426 quo
2432 1365 2589 1424 pacto
2628 1350 2864 1408 carceris
2902 1352 3065 1408 etiam
3099 1361 3287 1407 custos
3316 1366 3422 1405 non
3448 1361 3587 1405 tam-

1986 1460 2147 1516 quam
2174 1444 2240 1498 ad
2273 1459 2435 1498 unum
2477 1459 2545 1498 ex
2570 1443 2689 1497 aliis
2718 1442 2787 1497 ad
2819 1441 2966 1497 illum
2996 1440 3220 1497 accedat
3260 1458 3275 1494 :
3306 1441 3588 1495 conliden-

1994 1542 2100 1593 linl‘
2122 1538 2265 1593 enim
2297 1543 2469 1599 factus
2494 1584 2510 1609 ,
2556 1538 2825 1609 Petitoqtte
2848 1536 3039 1592 lumine
3060 1536 3402 1604 introgressus
3428 1540 3524 1596 est,
3547 1542 3592 1583 et

1989 1640 2311 1710 tremefactus
2336 1636 2562 1707 procidit
2599 1632 2767 1687 Paulo
2809 1642 2855 1685 et
2900 1630 3034 1686 Sila
3056 1672 3072 1696 ,
3104 1640 3150 1682 et
3194 1627 3481 1697 producens
3510 1639 3595 1677 eos

1989 1736 2129 1807 foras
2151 1736 2264 1786 ait:
2296 1728 2541 1795 Domini,
2570 1725 2694 1796 quid
2728 1740 2807 1778 me
2831 1729 3031 1794 oportet
3080 1722 3246 1789 facere
3269 1759 3284 1783 ,
3326 1725 3381 1769 ut
3420 1716 3594 1771 tantum

1992 1829 2114 1897 [iam
2143 1826 2162 1896 (
2186 1822 2270 1879 Ib.
2301 1839 2347 1878 tt.
2383 1822 2475 1878 29.
2504 1822 2576 1877 30
2600 1820 2657 1891 )i
2687 1817 2889 1873 Videtis
2915 1829 3023 1887 quo
3067 1825 3224 1885 pacto
3253 1808 3596 1881 Diligentibus

1994 1919 2162 1973 Deum
2206 1916 2381 1971 omnia
2426 1920 2759 1984 cooperantur
2786 1909 2840 1964 in
2886 1904 3352 1962 bonum!Videtis
3390 1901 3589 1956 diaboli

1994 2008 2239 2065 machina
2272 2020 2376 2077 quo
2405 2012 2562 2075 pacto
2590 2002 2747 2056 fuerit
2773 1985 3074 2073 dissoluta?
3104 2010 3212 2067 quo
3237 2004 3396 2065 pacto
3432 1992 3486 2047 in
3514 1992 3597 2046 ni-

1995 2101 2160 2155 hilum
2192 2096 2621 2152 machinationes
2642 2092 2758 2160 ejus
2803 2088 3132 2145 rcciderint‘t
3160 2084 3293 2140 Nam
3325 2098 3447 2157 cum
3474 2082 3589 2136 «bed

1994 2209 2209 2252 mortem
2236 2191 2547 2261 ejecissent,
2576 2186 2707 2241 utin
2743 2198 3017 2240 carcerem
3046 2180 3445 2249 conjicerentur
3459 2176 3590 2233 effe-

1992 2290 2086 2353 cit,
2112 2297 2260 2343 ratus
2287 2300 2346 2341 se
2372 2276 2489 2338 ihoc
2520 2290 2676 2351 pacto
2722 2274 3122 2349 prmdicationis
3165 2272 3345 2331 cursui
3387 2270 3597 2326 obicem

1996 2379 2390 2449 Oppositurum.
2416 2374 2522 2429 Sed
2553 2388 2680 2427 ccce
2702 2383 2888 2425 carcer
2907 2369 3070 2423 etiam
3098 2373 3339 2437 quastus
3361 2362 3466 2418 illis
3487 2377 3601 2416 ma-

1997 2474 2186 2529 teriam
2215 2468 2506 2542 spiritualis
2536 2465 2753 2535 obiecit.

2068 2597 2125 2652 4.
2157 2593 2371 2666 Απιὲσιὶο
2399 2590 2667 2661 diligentes
2693 2585 2856 2642 reddit
2882 2593 2927 2637 et
2957 2588 3190 2636 attentos.
3210 2608 3283 2620 --
3310 2577 3453 2645 Ergo
3476 2587 3603 2643 pos-

1997 2702 2185 2744 sumus
2215 2700 2314 2740 nos
2334 2696 2570 2752 quoque,
2603 2681 2645 2732 si
2678 2678 2917 2745 sapimus
2945 2689 3009 2728 ac
3039 2672 3230 2743 vigiles
3258 2683 3467 2731 sumus,
3488 2681 3594 2718 non

1999 2779 2160 2836 modo
2178 2791 2302 2834 cum
2344 2790 2431 2830 res
2465 2771 2718 2828 secundae
2747 2776 2894 2833 sunt,
2926 2765 3021 2822 sed
3047 2773 3246 2820 etcum
3273 2758 3562 2828 afﬂigimur
3587 2795 3605 2820 ,

2001 2877 2207 2930 lucrum
2232 2870 2510 2941 acquirere
2536 2908 2550 2931 ,
2579 2880 2643 2920 ac
2672 2876 2782 2919 tum
2826 2862 2987 2917 etiam
3021 2857 3189 2927 magis
3215 2898 3230 2920 ,
3278 2868 3441 2925 quam
3470 2866 3594 2907 cum

2000 2965 2251 3022 secundis
2286 2963 2448 3018 rebus
2487 2959 2733 3015 fruimur.
2787 2953 3080 3009 lnertiores
3108 2949 3252 3003 enim
3282 2945 3603 3016 plerumque

2001 3072 2101 3115 nos
2120 3057 2353 3114 reddunt
2369 3052 2623 3112 secunda:
2647 3066 2735 3104 res
2760 3065 2773 3100 :
2797 3044 3121 3101 aﬂlictiones
3160 3048 3341 3094 autem
3370 3036 3499 3091 dum
3521 3036 3605 3088 vi-

2000 3154 2135 3224 giles
2161 3166 2260 3205 nos
2290 3146 2540 3211 reddunt,
2572 3142 2831 3197 auxilium
2860 3138 3018 3192 nobis
3036 3135 3255 3189 cteleste
3277 3130 3591 3189 conciliant.

2001 3221 2067 3300 ac
2097 3253 2207 3299 tum
2261 3239 2528 3310 prmcipue
2555 3276 2571 3301 ,
2620 3248 2744 3288 cum
2770 3238 2991 3304 propter
3040 3238 3191 3294 spem
3223 3223 3276 3277 in
3309 3221 3478 3277 Deum
3510 3235 3607 3287 pa-

2004 3322 2268 3398 tientiam,
2295 3338 2350 3386 et
2392 3329 2444 3385 in
2472 3324 2747 3388 omnibus,
2772 3336 2893 3392 qua:
2938 3316 3264 3379 inferuntur,
3295 3310 3603 3367 afflictioni-

2004 3429 2105 3483 bus
2127 3421 2460 3479 tolerantiam
2487 3417 2826 3473 exhibemus.
2860 3409 2937 3468 Ne
2983 3410 3144 3480 igitur
3186 3405 3467 3461 doleamus
3494 3443 3511 3468 ,
3558 3404 3604 3455 si

2003 3514 2219 3589 quando
2239 3510 2577 3573 tribulemnr,
2610 3506 2704 3563 sed
2753 3505 2930 3575 potius
2976 3500 3307 3571 gaudeamus
3338 3514 3352 3549 :
3382 3495 3433 3549 id
3458 3494 3604 3549 enim

2008 3588 2162 3666 nobis
2189 3608 2241 3663 in
2270 3604 2610 3661 occasionem
2638 3600 2824 3670 gloriae
2852 3594 3034 3651 vertit.
3077 3593 3368 3662 Propterea
3410 3588 3610 3643 Paulus

2006 3702 2167 3757 etiam
2194 3697 2448 3759 dicebat,
2492 3691 2698 3747 Scimus
2742 3697 2945 3748 autem,
2988 3682 3231 3754 quoniam
3275 3679 3601 3750 diligentibus

2011 3794 2170 3846 Deum
2213 3788 2384 3843 omnia
2431 3790 2766 3854 cooperantur
2813 3780 2865 3832 in
2918 3780 3123 3831 bonum.
3178 3772 3283 3827 Sed
3325 3771 3603 3826 ardentem

2007 3898 2316 3945 sanctorum
2374 3882 2595 3935 istormn
2651 3876 2889 3929 animum
2936 3871 3234 3924 videamus.
3282 3866 3415 3919 Cum
3449 3865 3611 3933 igitur

2008 3980 2284 4038 custodem
2327 3972 2561 4029 carceris
2611 3969 2881 4024 dicentem
2936 3963 3216 4017 audissent
3266 3978 3279 4014 :
3342 3958 3481 4025 Quid
3536 3974 3614 4011 me

2008 4080 2203 4144 Oportet
2234 4069 2401 4140 {acere
2424 4106 2440 4132 ,
2467 4074 2520 4119 ut
2550 4060 2719 4116 salvus
2745 4060 2869 4131 ﬁam
2905 4055 3017 4125 (Ib.
3042 4072 3089 4109 υ.
3122 4054 3192 4108 '50
3214 4054 3276 4123 )?
3331 4067 3458 4105 num
3501 4052 3610 4104 dis-

2011 4163 2295 4221 tulerunt?
2334 4175 2463 4215 num
2488 4154 2724 4211 cunctati
2750 4150 2913 4207 sunt?
2936 4164 3061 4202 num
3102 4143 3433 4199 catechismo
3462 4142 3610 4195 illmn

2012 4258 2253 4313 imbuere
2307 4245 2708 4319 neglexerunt?
2759 4242 2918 4298 Nullo
2972 4237 3133 4293 modo
3189 4252 3203 4288 :
3254 4233 3350 4289 sed
3383 4232 3508 4302 quid
3541 4233 3607 4285 ad

2009 4349 2173 4406 eum?
2204 4345 2364 4402 Crede
2405 4343 2456 4396 in
2498 4339 2775 4393 Dominum
2803 4334 2982 4388 Jcsum
3009 4330 3300 4394 Christum,
3347 4336 3393 4381 et
3445 4328 3619 4379 salvus

2010 4444 2109 4497 eris
2161 4450 2215 4493 tu
2240 4480 2254 4503 ,
2288 4447 2333 4491 et
2372 4445 2475 4489 tota
2518 4432 2700 4486 domus
2750 4438 2836 4481 tua
2872 4426 2891 4497 (
2920 4424 3001 4479 Io.
3031 4440 3081 4477 tt.
3109 4424 3172 4478 3i
3210 4422 3250 4492 ).
3284 4420 3415 4475 Vide
3462 4419 3614 4472 solli-

2010 4533 2305 4591 citndincm
2346 4524 2717 4599 apostolicam.
2780 4519 2927 4573 Illius
2982 4514 3153 4572 salute
3206 4510 3443 4567 contenti
3506 4524 3611 4563 non

2012 4635 2170 4689 sunt,
2203 4632 2258 4678 et
2287 4632 2477 4675 onmes
2505 4615 2622 4684 ejus
2667 4610 2995 4666 domesticos
3043 4608 3094 4659 in
3132 4620 3292 4660 causa
3346 4602 3618 4673 religionis

2012 4715 2292 4786 acquirere
2338 4709 2449 4763 Deo
2480 4705 2687 4769 volunt,
2718 4712 2770 4755 et
2802 4700 3017 4753 letalem
3047 4694 3264 4751 diabolo
3290 4693 3499 4764 plagam
3531 4692 3613 4746 in-

2015 4815 2217 4884 digere.
2243 4806 2307 4863 Et
2331 4805 2619 4872 baptizatus
2648 4809 2719 4855 est
2740 4798 2871 4867 ipse,
2901 4803 2948 4848 et
2975 4794 3157 4846 domus
3184 4791 3298 4862 ejus
3329 4789 3570 4842 continuo
3592 4826 3608 4850 ,

2012 4875 2311 4961 etvla'tatus
2341 4909 2413 4955 est
2450 4912 2567 4950 cum
2592 4891 2731 4948 omni
2775 4887 2927 4943 domo
2974 4902 3069 4941 sua
3096 4884 3305 4939 credens
3342 4877 3496 4952 Deo(
3526 4875 3607 4933 Ib.

2015 5018 2065 5055 υ.
2092 4998 2182 5054 55.
2206 4994 2277 5051 54
2302 4994 2343 5063 ).

2090 5090 2385 5159 Numquam
2425 5077 2763 5148 differendum
2793 5075 2846 5127 in
2884 5067 3254 5143 spiritualibus.
3298 5064 3410 5121 Cur
3453 5071 3616 5115 truta-

2018 5190 2175 5241 tioncs
2202 5157 2456 5254 permittat
2491 5174 2647 5227 Deus.
2677 5198 2750 5211 ——
2779 5167 2914 5222 llinc
2940 5164 3224 5221 docemur,
3268 5157 3321 5211 in
3366 5157 3620 5227 spiritus.

2024 5278 2166 5333 libus
2202 5247 2279 5328 ne
2329 5266 2597 5323 tantillum
2642 5262 2858 5333 quidem
2906 5270 3158 5326 umquam
3204 5250 3458 5311 diﬂ‘orrc,
3516 5247 3614 5301 sed

2019 5375 2270 5429 idoneum
2301 5378 2525 5422 censere
2555 5359 2780 5432 quodvis
2812 5366 3026 5423 tempus
3046 5393 3060 5413 .
3108 5346 3252 5419 quod
3299 5342 3620 5400 occurrerit.

2019 5467 2075 5523 Si
2107 5464 2252 5520 enim
2286 5459 2449 5512 multa
2479 5463 2635 5508 nocte
2664 5449 2917 5505 nolebant
2954 5444 3007 5497 hi
3033 5440 3200 5497 sancti
3230 5436 3469 5498 diﬂ'erre,
3505 5447 3625 5502 quae

2022 5561 2178 5616 nobis
2220 5554 2373 5610 venia
2423 5549 2536 5603 dari
2588 5545 2802 5617 poterit.
2848 5541 2891 5594 si
2923 5535 3030 5590 alio
3061 5545 3301 5602 tempore
3343 5526 3624 5598 spirituale

2022 5656 2225 5710 lucrum
2257 5637 2781 5702 omittamusH’ides
2810 5642 3081 5687 carcerem
3119 5626 3169 5679 iu
3198 5620 3479 5678 ecclesiam
3506 5632 3628 5671 esse

2021 5737 2380 5801 conversum?
2430 5733 2578 5789 vides
2623 5730 2871 5782 lictorum
2915 5717 3271 5775 diversorium
3328 5711 3627 5777 derepente

2024 5838 2241 5893 domum
2270 5826 2528 5884 orationis
2558 5836 2676 5879 esse
2705 5818 2925 5881 factum,
2972 5824 3026 5866 et
3058 5808 3162 5865 illic
3194 5816 3405 5861 sacram
3446 5800 3625 5862 initia-
