4212 6290
210 434 313 490 H3

215 1046 321 1161 ξιξ
704 1079 924 1140 habent,
962 1046 1330 1161 dilig-athon
1369 1046 1818 1161 applattsus,:ej

552 1174 740 1245 diligat
782 1141 1108 1223 auditorum.
1157 1158 1275 1215 Non
1320 1149 1591 1233 medioere
1618 1141 1816 1198 malum

218 1280 308 1331 est
345 1271 577 1326 fratrum
602 1244 788 1321 curam
820 1274 928 1316 non
970 1266 1177 1327 gerere,
1226 1245 1324 1303 sed
1362 1249 1671 1340 extremum.
1690 1244 1821 1340 sup:

218 1361 443 1433 plicium
473 1366 576 1425 est,
603 1363 661 1412 et
687 1348 1008 1409 inevitabilis
1032 1355 1191 1416 pruna
1219 1357 1232 1392 :
1262 1332 1413 1433 quod
1452 1332 1628 1433 ipsum
1656 1332 1703 1381 is
1727 1336 1819 1395 qui

220 1420 485 1509 ialentum
514 1420 796 1504 defoderat
822 1437 1094 1495 indicavit.
1117 1434 1257 1489 Sane
1284 1425 1416 1483 nihil
1442 1423 1495 1479 ei
1535 1420 1665 1476 vitio
1692 1432 1816 1509 ver-

220 1507 460 1607 ἠῶθι-τ,
504 1536 649 1608 quod
695 1535 752 1589 iu
790 1532 899 1586 vita
932 1532 1226 1600 peccasset,
1267 1530 1439 1589 neque
1485 1512 1625 1608 male
1662 1507 1819 1581 quid-

220 1646 385 1705 quam
438 1606 491 1686 in
523 1606 760 1700 depositi
802 1620 1047 1680 custodia
1085 1614 1429 1705 commiserat
1484 1622 1511 1705 εΔ
1540 1606 1820 1705 integrum

221 1692 369 1778 enim
408 1717 539 1775 illud
586 1692 866 1773 restituit:
897 1710 994 1767 sed
1022 1719 1202 1765 tamen
1244 1705 1298 1759 in
1329 1697 1556 1771 depositi
1584 1692 1823 1764 negotia-

186 1852 191 1855 ς
226 1815 377 1871 tione
417 1810 560 1869 male
607 1823 668 1865 se
709 1810 971 1878 gesserat.
999 1800 1115 1856 Non
1143 1793 1363 1855 enimid
1392 1788 1534 1862 quod
1558 1784 1819 1842 creditum

225 1903 405 1960 fucat
448 1900 787 1972 implicat-at;
832 1890 1109 1967 quamvob
1154 1899 1372 1944 causam
1420 1882 1822 1972 etiam‘ptenas

224 1994 412 2050 dabat.
446 1968 611 2049 Unde,
628 1986 970 2046 manifestum
995 1980 1196 2045 evadit,
1242 1977 1370 2033 licet
1396 1969 1621 2028 studiosi
1652 1968 1821 2024 simus

226 2094 285 2142 et
313 2082 581 2149 instructi,
632 2082 759 2137 licet
786 2076 855 2134 ad
880 2090 1091 2133 sacram
1132 2067 1453 2126 audiendam
1488 2060 1823 2132 Scripturam

226 2176 396 2231 multa
424 2174 719 2245 cupiditate
745 2167 1183 2226 exardescamus.
1203 2160 1257 2217 id
1280 2167 1459 2214 tamen
1486 2154 1554 2210 ad
1584 2158 1823 2245 nostram

227 2266 460 2322 salutem
498 2240 611 2321 non
648 2261 917 2318 sufficere.
970 2250 1356 2326 Duplicandum
1383 2258 1615 2315 namque
1660 2240 1826 2311 depo-

228 2358 392 2414 situm
432 2364 521 2413 est
560 2372 575 2411 :
610 2368 771 2426 porro
817 2350 1039 2421 duplum
1085 2346 1185 2413 lit,
1226 2338 1443 2415 quando
1484 2332 1829 2426 cumﬁsalute

230 2455 416 2504 nostra
463 2424 649 2503 curam
696 2442 922 2498 aliorum
969 2450 1184 2509 quoque
1231 2432 1575 2501 suscipimus.
1614 2424 1745 2481 Nam
1773 2435 1829 2480 et

229 2541 350 2610 ipso
395 2537 555 2603 dixit,
613 2534 744 2590 Ecce
787 2533 983 2588 solum
1022 2528 1196 2593 habes,
1220 2524 1360 2596 quod
1394 2532 1536 2577 tuum
1573 2529 1685 2610 est;
1730 2515 1825 2610 sed

230 2629 337 2685 hoc
382 2626 449 2682 ad
503 2624 902 2682 excusationem
952 2620 1027 2675 illi
1074 2618 1211 2674 satis
1265 2630 1370 2671 non
1413 2612 1532 2668 fuit.
1589 2609 1828 2679 Oportm't

229 2719 411 2785 enim,
461 2717 665 2788 inquit,
711 2726 761 2770 te
803 2712 1113 2769 committere
1185 2706 1490 2762 numulariis
1543 2701 1683 2769 quod
1738 2700 1830 2755 tibi

228 2810 556 2864 contulissem
585 2819 659 2861 est
707 2805 926 2876 (Matth.
962 2804 1054 2858 25.
1107 2800 1225 2871 27).
1273 2799 1339 2852 At
1390 2807 1443 2851 ιιι
1485 2794 1638 2861 mihi,
1669 2806 1826 2865 quam

229 2902 369 2958 levia
400 2903 510 2957 sint
542 2898 753 2955 Domini
779 2896 1052 2966 mandata,
1083 2892 1385 2949 considera.
1410 2890 1663 2944 llomines
1684 2885 1827 2940 enim

236 3007 350 3057 eos,
387 2991 477 3064 qui
507 2982 987 3061 pecunias'beriles
1013 2986 1141 3041 dant
1170 2984 1386 3048 faenori,
1438 2983 1600 3037 etiam
1629 2977 1834 3048 repeti;

232 3083 370 3139 tioni
408 3082 639 3138 reddunt
676 3079 967 3136 obnoxios.
1006 3078 1089 3133 Tu
1127 3075 1463 3138 commisisti,
1511 3081 1589 3135 tu,
1637 3070 1827 3140 inquit,

231 3187 421 3249 repete
470 3194 485 3229 :
532 3175 736 3230 nullum
769 3173 1043 3228 mihicum
1073 3185 1139 3226 eo
1169 3169 1257 3240 qui
1288 3168 1510 3237 reapit,
1559 3164 1829 3235 negotium

232 3276 335 3321 est.
366 3266 510 3321 Deus
534 3280 663 3319 vero
692 3279 796 3317 non
823 3263 915 3326 ita,
944 3260 1039 3316 sed
1064 3260 1402 3316 committere
1423 3257 1577 3327 jubet
1602 3263 1827 3319 tantum,

232 3365 289 3410 at
317 3370 426 3410 non
456 3355 581 3410 item
608 3353 913 3423 repetitioni
956 3366 1056 3406 nos
1094 3349 1274 3405 reddit
1311 3347 1596 3404 obnoxios.
1625 3345 1831 3415 Quippe

237 3447 288 3500 in
315 3454 580 3517 potestate
606 3444 836 3500 oratoris
863 3452 966 3511 est,
993 3453 1054 3496 ut
1078 3442 1344 3508 consulat,
1387 3453 1495 3495 non
1526 3448 1581 3517 ut
1610 3453 1830 3508 persua-

232 3515 379 3593 deat.
408 3536 745 3607 Quapropter
769 3534 834 3590 ad
859 3532 1304 3589 committendum
1345 3530 1518 3586 solum
1550 3515 1601 3583 ie
1629 3528 1827 3598 obligo,

235 3646 343 3685 non
386 3630 515 3685 item
558 3629 625 3683 ad
669 3625 1041 3697 repetendum.
1070 3623 1209 3693 Quid
1237 3624 1341 3678 hoc
1364 3621 1535 3677 levius
1565 3621 1688 3675 est?
1735 3622 1829 3673 At-

236 3719 653 3777 tamendurum
699 3717 1003 3789 appellabat
1050 3726 1155 3770 tam
1200 3714 1383 3769 mitem
1430 3727 1495 3767 ac
1543 3712 1829 3781 benignum

233 3810 514 3865 dominum
544 3822 753 3865 servus.
781 3807 853 3862 Ea
882 3806 1079 3877 quippe
1105 3803 1470 3872 improborum
1499 3810 1553 3857 et
1584 3800 1830 3855 inertium

234 3907 319 3955 est
345 3897 679 3953 consuetudo
706 3910 984 3951 servorum
1013 3912 1027 3947 :
1061 3903 1410 3963 peccatorum
1450 3906 1669 3947 suorum
1715 3892 1832 3945 cul-

236 4006 361 4061 pam
408 4004 626 4060 semper
670 3988 724 4044 io
763 3988 1013 4043 dominos
1042 4001 1168 4042 suos
1193 3986 1457 4056 rcjicinnt.
1484 3984 1688 4040 Idcirco
1712 4000 1835 4041 cru-

234 4081 415 4135 ciatus
433 4089 489 4135 et
514 4078 862 4149 compedibus
890 4078 1100 4131 vinctus
1126 4078 1213 4131 ille
1247 4078 1309 4155 in:
1328 4076 1577 4131 tenebras
1599 4079 1834 4132 exterio-

234 4188 325 4227 res
362 4171 693 4241 ejiciebatur.
731 4169 884 4237 Quod
926 4185 995 4224 ne
1034 4169 1187 4225 nobis
1218 4163 1390 4223 etiam
1438 4168 1681 4233 accidat,
1732 4170 1831 4223 do~

233 4263 464 4317 ctrinam
493 4261 746 4316 fratribus
780 4260 1198 4325 committamus,
1227 4261 1344 4316 sive
1385 4260 1829 4331 persuadeantur,

233 4352 351 4407 sive
372 4366 477 4405 non
504 4351 949 4422 persuadeanlur.
982 4350 1040 4405 Si
1064 4351 1209 4405 enim
1243 4353 1484 4421 persuasi
1511 4351 1730 4418 fuerint,
1779 4362 1833 4409 ct

233 4441 305 4498 do
358 4441 552 4511 aeipsis
598 4449 656 4497 et
696 4440 764 4497 de
806 4441 962 4495 nobis
1005 4440 1143 4496 bene
1194 4442 1545 4498 merebuntur
1587 4460 1601 4497 :
1641 4443 1688 4500 si
1726 4459 1831 4499 non

234 4533 440 4587 fuerint
485 4534 766 4603 persuasi,
825 4532 1144 4602 supplicium
1188 4531 1287 4587 sibi
1334 4544 1611 4590 acccrsent
1661 4536 1829 4591 inevi-

233 4622 439 4688 tabile,
499 4622 655 4678 nobis
700 4630 881 4677 autem
934 4637 1003 4677 ne
1055 4623 1319 4677 tantillum
1376 4625 1588 4694 quidem
1638 4642 1831 4681 nocere

231 4724 509 4786 poterunt.
563 4714 719 4780 Quod
758 4715 901 4770 enim
952 4715 1120 4769 nostri
1168 4718 1405 4770 muneris
1458 4716 1575 4782 fuit,
1619 4722 1829 4789 prmsti-

232 4809 419 4874 timus,
450 4822 571 4862 cum
597 4808 879 4862 consilium
909 4805 1216 4891 dederimus
1263 4828 1275 4863 :
1323 4810 1465 4879 quod
1506 4811 1551 4865 si
1592 4813 1828 4881 persuasi

230 4917 339 4956 non
380 4900 599 4966 fuerint,
645 4900 775 4955 nihil
808 4900 932 4955 inde
963 4915 1245 4969 possumus
1272 4917 1464 4972 capere
1502 4903 1825 4960 detrimenti.

227 4991 508 5059 siquidem
533 4991 734 5045 crimen
758 5000 859 5054 est,
889 5004 995 5044 non
1023 4991 1065 5044 si
1095 4991 1314 5047 minime
1344 4995 1696 5063 persuaseris,
1735 5000 1831 5054 sed

227 5081 273 5133 si
307 5080 527 5135 minimc
557 5082 838 5135 consilium
869 5079 1086 5135 dederis
1116 5098 1129 5135 :
1161 5080 1251 5135 ubi
1282 5096 1410 5137 vero
1434 5082 1825 5150 cohortatione,

227 5172 564 5240 consilioque
637 5172 891 5227 continuo
949 5172 1318 5243 frequentique
1394 5173 1655 5243 perfuncti
1709 5176 1825 5231 fuc-

228 5263 423 5328 rimus,
480 5276 585 5316 non
623 5262 735 5332 jam
759 5276 790 5314 a
821 5261 995 5326 nobis,
1028 5263 1123 5317 sed
1152 5263 1219 5317 ab
1251 5264 1641 5319 illisrationem
1690 5267 1827 5321 Deus

226 5353 427 5422 exiget.
474 5350 678 5408 Vellem
722 5354 969 5424 equidem
1024 5355 1301 5409 evidenter
1346 5370 1505 5412 nosse
1555 5373 1651 5413 vos
1704 5360 1827 5413 illos

225 5445 447 5499 assidue
484 5443 816 5499 cohortando
854 5459 1220 5515 perseverare,
1270 5455 1322 5501 et
1370 5463 1496 5502 num
1541 5450 1591 5502 in
1633 5450 1822 5504 eadem

226 5549 445 5605 semper
509 5534 587 5590 illi
642 5536 960 5607 negligentia
1021 5536 1343 5607 persistant,
1411 5554 1511 5595 nec
1572 5556 1822 5611 umquam

224 5626 380 5682 Vobis
430 5627 733 5683 molestiam
782 5627 1092 5683 exhiberem
1151 5646 1165 5681 :
1212 5628 1324 5697 jam
1376 5645 1504 5685 vero
1547 5634 1708 5687 timeo
1757 5648 1824 5687 ne

227 5717 437 5772 inertia:
487 5718 814 5789 incurizequc
881 5728 1073 5774 vestra:
1131 5720 1261 5774 vitio
1323 5731 1572 5776 maneant
1642 5723 1819 5778 ineor-

224 5812 381 5867 recti.
426 5807 610 5883 Neque
654 5813 796 5868 enim
850 5814 961 5869 lit-ri
1008 5818 1205 5883 potest.
1250 5821 1307 5867 ut
1335 5814 1420 5883 qui
1449 5814 1816 5872 cohortatione

1145 408 1213 467 IN
1251 400 1477 466 ILLUD,
1514 395 1576 454 SI
1611 378 1983 448 εδυιιεκιτ
2023 374 2348 445 ωωιουε,
2388 369 2537 431 επς.

3420 360 3521 417 ιτι

1921 492 2272 561 doctrinaque
2326 490 2636 558 frequenter
2683 479 2913 543 fruatur,
2963 474 3157 531 melior
3200 471 3521 561 studiosior-

1788 618 1813 632 .
1919 598 2028 655 que
2072 556 2201 636 non:
2226 579 2343 633 fiat.
2412 556 2490 632 Ᾰο
2536 571 2756 643 vulgare
2800 568 3025 641 quidem
3071 576 3155 622 est
3205 563 3337 620 illud
3388 556 3530 655 prt-

1920 653 2201 737 verbium,
2272 667 2416 739 «ιωιι
2471 665 2713 721 dicturus
2764 675 2922 728 sum;
2988 667 3360 715 verumtamen
3421 653 3527 711 hoc

1920 766 2094 837 ipsum
2146 769 2389 819 testatur.
2435 756 2646 815 Stillula
2685 745 2865 819 enim,
2916 751 3120 823 inquit,
3160 748 3340 805 mollis
3368 762 3523 826 aqnze

1921 870 2108 915 saxum
2162 853 2380 910 assiduo
2424 858 2581 907 cavat
2616 849 2747 905 icta.
2772 843 3027 903 Tametsi
3055 841 3185 914 quid
3210 854 3349 911 aqua
3382 838 3524 893 mol-

1924 947 2070 1003 lius?
2138 944 2267 1017 quid
2313 957 2445 1000 saxo
2484 938 2719 997 duritli
2790 947 3026 993 attamen
3083 933 3371 990 assiduitas
3428 947 3529 987 na-

1918 1050 2101 1103 turam
2159 1036 2346 1095 vincit.
2388 1032 2551 1103 Quod
2594 1030 2643 1087 si
2697 1042 2946 1087 naturam
2999 1028 3168 1082 vincit
3210 1024 3524 1086 assiduitas,

1924 1130 2095 1186 multo
2157 1127 2330 1198 magis
2395 1126 2725 1180 voluntatem
2801 1120 2997 1192 poterit
3056 1131 3333 1189 superare.
3404 1113 3524 1171 Non

1923 1220 2080 1277 ludus
2126 1230 2210 1276 est
2253 1217 2729 1282 Christianismus,
2773 1213 2991 1277 dilecti.
3038 1225 3143 1269 nec
3198 1223 3292 1266 res
3338 1222 3532 1278 supu-

1925 1328 2176 1369 vacanea.
2205 1312 2472 1368 Coittinuc
2492 1310 2596 1366 ista
2620 1308 2885 1373 dicimus,
2923 1315 2980 1362 et
2995 1302 3138 1362 nihil
3166 1302 3495 1373 proficimus.

1999 1408 2054 1461 2.
2100 1407 2370 1473 Quantum
2410 1402 2543 1459 mibi
2579 1399 2820 1458 censetis
2870 1399 3114 1456 dolorem
3156 1395 3335 1463 inuri,
3400 1409 3526 1450 cum

1925 1500 2181 1559 recordor
2215 1499 2366 1555 festis
2406 1495 2624 1568 quidem
2668 1492 2863 1549 diebus
2912 1496 3061 1546 vasta
3096 1490 3264 1545 maris
3310 1500 3528 1558 aequora

1923 1594 2272 1651 eollectarutn
2330 1588 2513 1646 turbas
2555 1584 2776 1649 imitari,
2812 1584 2927 1656 jam
2975 1597 3111 1640 vero
3152 1596 3222 1638 ne
3274 1589 3529 1651 quotam-

1927 1686 2012 1743 vis
2058 1683 2274 1757 quidem
2325 1689 2532 1753 partem
2581 1678 2670 1734 hic
2713 1678 2857 1733 illius
2903 1672 3262 1733 multitudinis
3294 1685 3533 1743 congre-

1924 1781 2081 1854 gari?
2123 1778 2227 1838 {ibi
2278 1793 2424 1833 nunc
2457 1785 2604 1841 sunt,
2661 1773 2752 1845 qui
2791 1772 2954 1830 nobis
2999 1772 3057 1828 iu
3096 1770 3528 1828 solemnitatibus

1926 1872 2228 1931 molestiam
2295 1869 2596 1926 exhibent?
2671 1866 2795 1922 illos
2860 1866 3117 1935 requiro,
3185 1871 3245 1919 rt
3309 1862 3525 1919 illorum

1925 1978 2087 2022 causa
2134 1964 2315 2034 lugeo',
2366 1960 2497 2015 dum
2546 1958 2678 2015 mihi
2721 1956 2870 2013 venit
2920 1957 2975 2012 in
3015 1963 3275 2022 mentem,
3326 1963 3530 2026 quanta

1928 2067 2114 2131 pereat
2172 2071 2359 2112 eorum
2426 2051 2749 2117 multitudo,
2798 2050 2891 2121 qui
2942 2049 3073 2106 salvi
3124 2055 3309 2112 erant,
3362 2062 3534 2119 quan-

1930 2160 2037 2204 tam
2082 2148 2271 2204 faciam
2331 2145 2557 2201 fratrum
2600 2143 2893 2216 jactura‘m,
2950 2154 3111 2210 quam
3159 2140 3412 2209 exiguum
3474 2138 3529 2194 in

1929 2254 2211 2295 numerum
2261 2237 2609 2307 redigantur,
2670 2233 2762 2304 qui
2830 2232 3060 2287 salutem
3114 2229 3527 2301 adipiscuntur,

1928 2340 1989 2386 ut
2038 2329 2211 2400 major
2258 2343 2386 2400 pars
2429 2326 2675 2397 corporis
2721 2323 2980 2381 Ecclesia:
3018 2331 3233 2378 mortuo
3259 2332 3313 2377 et
3337 2322 3532 2378 immo-

1928 2423 2020 2480 bili
2058 2422 2271 2493 corpori
2311 2419 2657 2475 assimiletur.

2004 2512 2126 2568 Non
2147 2514 2273 2568 solis
2298 2511 2440 2566 nobis
2468 2509 2576 2564 nati
2600 2523 2795 2565 sumas.
2840 2505 3092 2575 Emuplo
3120 2513 3411 2561 sanctorum
3437 2520 3531 2559 stt-

1930 2606 2077 2660 dooes
2127 2620 2231 2657 non
2270 2601 2543 2657 metuendi.
2591 2597 2835 2654 Ecclesia!
2866 2595 3366 2665 structum—Quid
3402 2594 3533 2651 illud

1930 2696 1997 2751 ad
2059 2709 2159 2751 nos
2188 2695 2400 2757 attinet,
2448 2691 2590 2747 dicet
2626 2689 2853 2761 aliquis?
2899 2688 2982 2745 Ad
3024 2703 3119 2743 vos
3147 2687 3363 2758 quidem
3381 2695 3535 2743 certe

1931 2789 2164 2844 maxime
2207 2786 2417 2851 attinet,
2449 2784 2539 2854 qui
2569 2799 2675 2842 non
2721 2797 2817 2839 eos
2868 2781 3090 2846 curatis,
3124 2794 3232 2835 nou
3280 2778 3532 2833 adhorta-

1932 2881 2086 2946 miui,
2132 2894 2242 2934 nou
2266 2878 2493 2933 consilio
2532 2875 2752 2948 iuratis,
2798 2874 2866 2929 ad
2908 2889 3005 2929 vos
3033 2873 3125 2944 qui
3156 2871 3533 2928 necessitatem

1933 2987 2039 3027 non
2084 2971 2358 3041 imponitis
2413 2984 2587 3039 neque
2632 2968 2680 3023 vi
2712 2966 3036 3037 pertrahitis,
3066 2974 3126 3023 et
3166 2965 3235 3021 ab
3264 2965 3349 3019 illa
3377 2980 3533 3021 sum-

1933 3077 2020 3117 ma
2075 3055 2397 3132 negligentia
2445 3059 2730 3115 revocatis.
2787 3058 2903 3114 Non
2934 3059 3084 3114 enim
3122 3068 3332 3113 tantum
3379 3057 3534 3112 nobis

1936 3151 2193 3222 prodesse
2244 3165 2343 3205 nos
2368 3150 2587 3221 debere,
2644 3148 2737 3205 sed
2780 3156 2837 3204 et
2870 3148 3049 3205 multis
3071 3192 3087 3215 ,
3114 3148 3350 3204 ostendit
3376 3146 3533 3203 Chri-

1933 3253 2065 3309 stus,
2082 3258 2204 3299 cunt
2234 3243 2400 3306 salem
2429 3257 2547 3307 nos,
2578 3256 2641 3296 ac
2658 3241 3071 3307 fermentum,et
3100 3240 3274 3295 lucem
3300 3239 3533 3294 vocavit.

1936 3336 2062 3392 ilazc
2086 3336 2230 3395 enim
2253 3336 2373 3391 aliis
2399 3336 2547 3389 utilia
2576 3342 2701 3390 sunt
2733 3344 2787 3388 et
2825 3332 3127 3387 commoda.
3158 3331 3291 3387 Nam
3315 3330 3533 3388 lucerna

1934 3444 2041 3483 non
2071 3428 2172 3484 sibi
2203 3427 2366 3501 lucet,
2396 3434 2449 3481 at
2492 3426 2598 3481 illis
2628 3426 2717 3497 qui
2763 3425 2952 3480 sedent
3003 3424 3057 3480 in
3092 3425 3364 3481 tenebris:
3395 3432 3452 3480 et
3480 3432 3533 3479 tu

1934 3519 2150 3576 lucerna
2179 3534 2259 3586 es,
2292 3536 2397 3575 non
2429 3529 2487 3574 ut
2513 3519 2716 3575 lumine
2743 3518 2887 3575 solus
2919 3518 3130 3582 fruaris,
3159 3518 3257 3575 sed
3287 3526 3347 3573 ut
3384 3518 3532 3572 illum

1934 3621 2202 3668 errantem
2252 3609 2722 3681 reducas(Hatth.
2756 3610 2810 3665 5.
2844 3611 2931 3664 l3.
2962 3609 3075 3679 l4).
3119 3608 3257 3677 Quid
3304 3623 3534 3679 namque

1935 3706 2153 3777 prodest
2198 3705 2439 3769 lucerna,
2477 3704 2691 3776 quando
2730 3703 2783 3758 in
2817 3702 3057 3758 tenebris
3086 3701 3293 3758 sedenti
3315 3716 3423 3757 non
3449 3703 3533 3757 lu-

1934 3796 2055 3851 cet?
2093 3812 2211 3867 quae
2238 3810 2401 3867 porro
2454 3795 2659 3849 utilitas
2682 3793 2990 3857 Christiani,
3022 3793 3235 3865 quando
3263 3792 3533 3849 neminem

1936 3886 2191 3953 lucratur,
2236 3901 2336 3943 nec
2379 3886 2446 3941 ad
2492 3886 2741 3939 virtutem
2780 3884 3027 3939 reducit?
3072 3882 3278 3939 Rursus
3308 3897 3414 3938 non
3442 3896 3530 3939 se-

1935 3978 2108 4048 ipsum
2157 3978 2438 4045 adstringit
2480 3977 2561 4032 sal
2619 3984 2863 4040 tantum,
2893 3975 2987 4031 sed
3032 3982 3089 4030 et
3141 3958 3367 4045 corpora
3413 3991 3531 4046 qua:

1936 4078 2347 4139 corrumpuntur
2372 4067 2609 4134 cohibet,
2631 4082 2807 4140 neque
2831 4066 3077 4125 diftlucre
3102 4081 3165 4122 ac
3204 4067 3381 4136 perire
3403 4081 3529 4136 pcr-

1937 4164 2115 4217 mittit.
2135 4164 2225 4218 Sic
2254 4170 2309 4216 tu
2348 4176 2596 4233 quoque;
2626 4159 3055 4231 quandoquidem
3102 4160 3433 4232 spiritualem
3481 4168 3531 4215 lc

1935 4255 2101 4311 salem
2128 4255 2267 4311 Deus
2296 4254 2495 4320 effecit,
2515 4252 2753 4308 membra
2781 4260 3029 4321 corrupta
3052 4292 3065 4314 ,
3094 4250 3196 4305 hoc
3217 4260 3298 4304 est
3322 4250 3485 4305 desid-
3509 4266 3532 4305 s

1936 4346 2148 4412 fratres,
2180 4354 2235 4401 et
2262 4345 2351 4415 qui
2384 4343 2721 4400 mechanicas
2750 4352 3005 4399 exercent
3049 4350 3213 4405 artes,
3260 4342 3531 4413 adstringo

1933 4448 1989 4495 et
2030 4439 2244 4508 colliga,
2277 4438 2588 4507 desidiaque
2636 4445 2886 4505 tanquam
2942 4436 3120 4492 ulcere
3149 4434 3400 4505 quopiam
3432 4450 3531 4505 pa-

1936 4533 2073 4587 trido
2119 4533 2398 4587 liberatum
2428 4545 2548 4585 cum
2579 4530 2784 4599 reliquo
2814 4528 3071 4583 Ecclesia:
3108 4542 3337 4597 corpore
3364 4542 3532 4597 copu-

1936 4626 2059 4681 lato.
2090 4625 2377 4693 Propterea
2428 4634 2479 4677 te
2518 4622 2837 4677 fermentum
2876 4620 3202 4691 appellavit:
3248 4620 3291 4675 si
3317 4618 3531 4690 quidem

1935 4717 2256 4771 fermentum
2307 4716 2467 4769 etiam
2530 4728 2636 4768 non
2683 4712 2921 4781 seipsum
2973 4712 3277 4777 fermentat,
3309 4712 3404 4766 sed
3451 4727 3531 4765 re-

1934 4806 2130 4876 liquam
2162 4820 2391 4859 massam
2426 4806 2691 4875 ingentem
2716 4804 2839 4859 licet
2863 4815 2917 4858 et
2954 4804 3269 4858 immensam
3292 4846 3306 4866 ,
3360 4802 3530 4863 ipsum

1933 4912 2155 4969 parvum
2202 4910 2323 4949 cum
2376 4897 2446 4949 sit
2495 4903 2550 4949 et
2611 4894 2774 4949 breve
2842 4891 2959 4965 (id.
2998 4894 3084 4949 l3.
3116 4894 3245 4964 33).
3296 4892 3387 4948 Sic
3446 4891 3531 4946 ni-

1932 4991 2124 5044 mirum
2153 5003 2247 5043 vos
2271 5002 2518 5058 quoque,
2550 5003 2871 5057 quamquam
2904 5001 3131 5043 numero
3176 4987 3328 5057 pauci
3364 4988 3531 5056 estis,

1932 5083 2085 5137 multi
2140 5090 2318 5137 tamen
2348 5096 2411 5135 ac
2454 5090 2699 5148 potentes
2728 5088 2900 5136 estote
2948 5080 3053 5135 fide
3092 5095 3156 5137 ac
3201 5080 3378 5136 studio
3406 5096 3529 5153 erga

1931 5176 2132 5228 cultum
2167 5174 2280 5229 Dei.
2316 5171 2385 5227 Ut
2404 5172 2561 5241 igitur
2590 5171 2911 5226 fermentum
2942 5180 3162 5243 propter
3188 5174 3532 5243 exiguitatem

1932 5265 2195 5320 imbecille
2248 5278 2353 5317 non
2395 5271 2519 5327 est,
2579 5260 2675 5317 sed
2735 5272 2953 5333 propter
3001 5262 3219 5317 insitum
3261 5279 3290 5316 a
3345 5273 3533 5320 natura

1930 5358 2165 5412 Calorem
2220 5368 2284 5409 ac
2335 5353 2586 5408 virtutem
2639 5353 2913 5423 qualitatis
2947 5362 3283 5421 exsuperat:
3336 5354 3415 5411 sic
3440 5368 3531 5408 vos

1931 5448 2181 5500 nimirum
2212 5444 2380 5499 multo
2410 5446 2590 5513 plures
2623 5445 2865 5515 poteritis
2890 5444 2956 5498 ad
2983 5445 3232 5500 eumdem
3264 5444 3532 5502 fervorem

1927 5553 1990 5594 ac
2020 5537 2252 5592 studium
2284 5536 2564 5602 reducere,
2594 5536 2639 5591 si
2681 5536 2879 5592 velitis.
2911 5536 3066 5605 Quod
3092 5538 3138 5592 si
3165 5547 3405 5594 :estatem
3430 5540 3535 5594 ob-

1929 5631 2149 5686 tendant
2190 5629 2498 5699 :siquidem
2544 5629 2645 5685 hoc
2683 5645 2898 5701 quoque
2949 5631 3068 5686 ilius
3122 5633 3283 5685 audio
3335 5631 3525 5687 dicen-

1928 5736 2028 5789 tes,
2071 5723 2374 5778 Vehemens
2420 5737 2561 5776 nunc
2606 5730 2771 5778 :cstus
2819 5732 2938 5792 est,
2981 5732 3145 5797 atque
3208 5726 3529 5782 intolerandi

1925 5817 2163 5880 calores;
2226 5826 2331 5868 non
2383 5826 2664 5883 possumus
2696 5820 2958 5872 coarctari
2992 5825 3051 5871 et
3094 5818 3146 5874 in
3204 5824 3349 5871 tanta
3376 5819 3531 5873 turba
