4212 6290
714 363 742 415 ’1
756 361 822 413 75

714 473 1016 542 comprimi,
1077 474 1306 542 nudique
1339 479 1530 527 sudore
1575 471 1899 537 difﬂuentes,
1942 482 2074 528 testu
2099 473 2301 543 gravati

715 571 771 616 et
821 563 872 615 in
920 565 1191 633 angustias
1231 564 1429 638 redacti
1460 582 1473 617 :
1505 562 1665 633 pudet
1716 579 1800 619 me
1872 565 2121 628 illorum,
2180 562 2305 617 mihi

712 654 945 719 credite;
997 665 1119 710 sunt
1148 658 1287 709 enim
1322 655 1605 709 muliebres
1639 654 1722 709 isti
1753 664 2059 724 praetextas,
2098 654 2177 709 vel
2210 670 2303 723 po-

716 745 822 798 tius
843 760 937 831 .ne
979 746 1081 799 illis
1127 745 1340 816 quidem
1390 746 1455 799 ad
1501 746 1842 802 obtinendam
1889 747 2096 800 veniam
2137 761 2301 801 exen-

712 836 949 891 sationes
996 837 1110 892 ista:
1163 836 1491 903 suflicerent,
1520 839 1714 909 quibus
1760 839 1996 893 molliora
2025 848 2148 893 sunt
2176 854 2299 893 cor-

716 942 841 997 pora
883 937 946 983 et
1002 928 1317 985 imbecillior
1361 941 1569 986 natura.
1600 931 1931 1001 Quamquam
1960 940 2135 985 autem
2166 931 2305 1001 ejus-

712 1018 857 1073 modi
902 1018 1268 1075 defcnsionetn
1331 1022 1679 1091 responsione
1732 1022 1936 1077 diluere
1967 1032 2120 1091 turpe
2158 1023 2303 1077 vide-

709 1110 873 1175 bitur,
919 1114 1278 1167 necessarimn
1331 1123 1416 1168 est
1456 1123 1649 1168 tamen.
1676 1113 1734 1169 Si
1781 1113 1922 1169 enim
1974 1113 2045 1167 illi
2079 1113 2173 1167 has
2198 1113 2299 1166 oh-

709 1202 931 1259 tendere
977 1206 1348 1260 excusationes
1394 1222 1499 1260 non
1555 1206 1901 1272 erubescunt,
1932 1206 2100 1260 multo
2130 1206 2299 1276 magis

706 1311 805 1351 nos
834 1298 1034 1367 pudere
1086 1314 1193 1354 non
1236 1298 1395 1355 debet
1417 1300 1531 1353 haec
1560 1299 1823 1355 refellere.
1872 1300 2007 1367 Quid
2031 1315 2157 1372 ergo
2182 1300 2296 1356 bmc

702 1390 1118 1447 obiendentibus
1194 1393 1560 1461 opponemns?
1635 1392 1817 1447 Trium
1872 1408 2153 1462 puerorum
2192 1395 2296 1461 illis

704 1483 1017 1539 memoriam
1071 1484 1191 1541 volo
1234 1484 1527 1548 refricare.
1580 1486 1669 1556 qui
1708 1501 1833 1541 cum
1870 1487 1920 1540 in
1974 1486 2189 1542 fornace
2232 1503 2296 1543 ac

701 1573 894 1631 mediis
942 1573 1171 1631 ﬂammis
1198 1575 1575 1643 versarentur,
1618 1592 1738 1631 cum
1790 1577 2024 1647 undique
2074 1594 2132 1632 se
2178 1593 2295 1633 cer-

704 1675 889 1721 nerent
936 1667 1144 1737 ignibus
1200 1668 1454 1734 obsideri,
1505 1670 1597 1740 qui
1646 1671 1697 1723 in
1741 1683 1823 1733 os,
1880 1671 1933 1725 in
1986 1670 2189 1735 oculos,
2239 1672 2289 1725 in

703 1756 992 1812 anhelitum
1020 1758 1191 1828 ipsum
1244 1760 1594 1825 incurrerent,
1636 1774 1846 1815 sacrum
1886 1759 2037 1815 illum
2087 1770 2139 1815 ct
2170 1778 2290 1831 my-

700 1851 897 1905 sticum
927 1849 1181 1922 hymnum
1227 1868 1348 1908 cum
1368 1853 1632 1909 creaturis
1664 1852 1776 1908 Deo
1817 1868 2011 1908 canere
2036 1868 2142 1908 non
2167 1868 2287 1909 ces-

697 1952 903 2010 sarunt,
936 1945 1030 1998 sed
1060 1946 1305 2014 alacrius,
1338 1962 1495 2015 quam
1519 1947 1630 2001 siin
1657 1956 1808 2017 prato
1832 1948 2026 2001 versati
2043 1944 2286 2012 fuissent,

697 2042 813 2088 tum
858 2033 909 2087 ἰι
936 2034 1114 2089 medio
1144 2051 1274 2106 rogo
1302 2046 1503 2091 stantes
1520 2038 1787 2091 communi
1811 2037 2035 2091 Domino
2075 2039 2289 2092 univcr-

694 2138 878 2179 sorum
904 2124 1088 2182 laudes
1114 2126 1407 2181 oli‘erebant
1433 2125 1595 2196 (Dan.
1622 2127 1678 2197 5)
1710 2144 1723 2180 :
1753 2135 1807 2181 et
1845 2142 1966 2181 cum
1997 2128 2168 2181 tribus
2207 2129 2287 2182 his

697 2217 877 2283 pueris
902 2217 1115 2272 leonum
1154 2219 1203 2271 in
1234 2219 1523 2290 Babylone,
1553 2219 1787 2274 Danielis
1820 2228 1876 2273 et
1919 2218 2065 2273 lacus
2094 2216 2201 2289 (Id.
2227 2218 2280 2273 ϐ.

690 2305 995 2378 2ι);ιιοιιιιθ
1016 2324 1143 2362 vero
1168 2318 1368 2363 tantum
1386 2309 1565 2379 hujus,
1584 2309 1676 2364 sed
1698 2317 1752 2364 et
1780 2310 1998 2365 alterius
2030 2310 2192 2369 lacus,
2221 2324 2284 2363 ac

696 2398 992 2468 prapheta‘,
1037 2400 1257 2469 lutique,
1284 2416 1390 2471 quo
1415 2400 1480 2455 ad
1510 2400 1704 2455 collum
1758 2414 1929 2470 usque
1979 2398 2279 2453 sull‘ocaba-

690 2496 783 2540 tur
809 2485 1084 2554 Jerctnias,
1135 2499 1191 2543 ut
1248 2490 1612 2555 recordentur,
1647 2490 1765 2543 illos
1792 2490 2017 2543 obsecro
2062 2488 2276 2558 (Jerem.

684 2577 780 2632 38.
811 2577 887 2649 6).
923 2578 987 2632 Et
1026 2594 1090 2634 ex
1134 2580 1351 2635 lacubus
1395 2581 1509 2635 istis
1546 2579 1865 2646 ascendens,
1900 2581 1951 2633 in
2002 2595 2274 2635 carcerem

694 2667 1032 2724 introducere
1062 2670 1191 2725 istos
1217 2671 1356 2735 volo,
1416 2671 1502 2739 qui
1543 2670 1751 2725 calores
1785 2671 2099 2735 obtendunt,
2134 2671 2279 2725 Pau-

688 2758 914 2828 lumque
958 2772 1255 2817 monstrare
1283 2777 1346 2817 ac
1373 2763 1537 2817 Silam
1565 2764 1912 2833 compedibus
1941 2764 2045 2819 illic
2071 2779 2278 2835 prapo-

694 2852 877 2917 ditos,
936 2852 1172 2924 vestigiis
1223 2854 1503 2907 verberum
1561 2853 1785 2924 plenos,
1854 2855 2049 2924 quibus
2109 2863 2276 2909 totum

688 2958 889 3013 corpus
938 2944 1244 3000 vulneribus
1297 2946 1676 3015 plagarumqne
1727 2946 1896 3001 fuerat
1938 2946 2276 3000 multitudine

694 3034 1003 3099 laceratum,
1054 3036 1225 3091 media
1277 3046 1431 3091 nocte
1484 3036 1651 3091 Deum
1696 3036 1973 3091 laudantes
2001 3044 2053 3090 et
2095 3049 2276 3090 sacras

682 3128 811 3183 illas
874 3128 1079 3195 vigilias
1120 3129 1470 3185 celebrantes.
1516 3129 1593 3182 An
1645 3144 1751 3183 non
1796 3129 1937 3182 enim
1984 3127 2272 3183 absurdum

689 3229 775 3273 est
804 3230 1017 3273 sanctos
1044 3220 1258 3289 quidem
1306 3220 1445 3281 illos,
1486 3234 1607 3273 cum
1653 3220 1704 3273 in
1747 3218 2005 3284 fornacc,.
2034 3228 2087 3272 ct
2130 3220 2270 3287 igne,

684 3320 740 3364 ct
766 3310 905 3373 lacu,
950 3320 1003 3363 et
1031 3310 1241 3375 belluis,
1292 3320 1345 3365 et
1366 3311 1495 3373 luto,
1528 3326 1765 3377 carcere,
1808 3320 1860 3364 ct
1904 3311 2268 3379 compedibus,

676 3410 743 3454 et
794 3402 978 3470 plagis,
1010 3410 1063 3455 ct
1109 3402 1409 3471 ergastulis,
1437 3410 1491 3455 et
1538 3400 1883 3457 intolerandis
1925 3411 2265 3457 versarentur

676 3492 863 3550 anatis,
909 3490 1038 3544 nihil
1069 3506 1316 3561 umquam
1344 3492 1530 3546 horum
1564 3495 1799 3561 culpare,
1832 3492 1925 3547 sed
1956 3493 2118 3547 multa
2149 3508 2269 3547 cum

690 3582 850 3635 animi
899 3583 1239 3636 contentione
1287 3592 1339 3636 et
1383 3582 1573 3637 ardore
1626 3591 1881 3654 perpetuo
1924 3583 2178 3653 precibus
2216 3594 2273 3665 et

693 3672 902 3741 hymnis
943 3672 1109 3725 sacris
1151 3688 1365 3740 operam
1398 3672 1547 3734 dare;
1578 3688 1673 3727 nos
1721 3674 1809 3743 qui
1839 3689 1943 3728 non
1972 3674 2131 3728 ullam
2158 3676 2269 3728 cxi-

686 3775 865 3827 guatn.
924 3778 1028 3814 non
1080 3778 1321 3831 magnam
1350 3778 1415 3817 ex
1463 3762 1565 3815 illis
1611 3778 1730 3831 qua:
1780 3772 2104 3817 enumeratzc
2149 3776 2270 3818 sunt

688 3852 1024 3920 passionibus
1076 3853 1437 3919 toleravimus,
1478 3852 1549 3907 ob
1580 3864 1767 3907 aestum
1808 3862 1861 3908 ct
1896 3854 2124 3909 calorem
2156 3872 2267 3907 mu-

689 3943 867 3996 dienm
910 3957 974 3998 ac
1026 3943 1296 4007 sudorem,
1345 3953 1540 3998 nostra:
1588 3944 1821 4011 ipsorum
1868 3946 2050 3998 salutis
2085 3961 2266 4000 curam

690 4032 979 4099 depmuere,
1012 4046 1072 4086 ac
1125 4034 1320 4088 relictis
1364 4034 1600 4087 collectis
1636 4034 1765 4088 furis
1801 4037 2010 4103 Vagari,
2066 4052 2269 4105 nosque

684 4123 914 4176 antibus
941 4122 1313 4192 depravandos
1352 4125 1673 4187 immiscere,
1713 4126 1980 4195 inquibus
2004 4127 2131 4179 nihil
2164 4143 2266 4180 non

689 4213 936 4267 vitiosum
978 4225 1061 4269 est
1102 4220 1157 4269 et
1185 4215 1536 4284 corruptum?
1585 4214 1787 4268 Tantus
1826 4230 2097 4269 sacrorum
2152 4221 2270 4271 clo-

680 4302 928 4369 quiorutu
964 4312 1045 4356 est
1067 4317 1177 4366 ros,
1207 4313 1262 4355 et
1300 4314 1487 4356 mstum
1515 4302 1737 4371 objicis?
1776 4305 1917 4373 Aqua
1938 4346 1950 4368 ,
1980 4322 2129 4375 quam
2177 4323 2270 4377 ego

674 4392 813 4443 dabo
852 4392 917 4455 ei,
948 4392 1021 4445 ait
1044 4390 1305 4455 Christus,
1355 4393 1438 4461 ﬁet
1468 4393 1517 4445 in
1540 4408 1597 4446 eo
1625 4392 1739 4462 fons
1777 4409 1921 4460 uotae
1944 4395 2172 4449 salientis
2216 4398 2267 4451 in

685 4484 835 4534 vitam
880 4492 1118 4535 retentans
1152 4482 1328 4555 (Joan.
1357 4485 1409 4539 4.
1433 4486 1519 4553 Η)
1550 4502 1565 4539 :
1594 4495 1647 4539 et
1700 4500 1918 4553 rursus,
1964 4488 2061 4553 Qui
2106 4490 2267 4542 credit

678 4574 736 4624 ιη
766 4588 861 4637 me,
907 4574 1036 4627 sicut
1080 4574 1207 4627 dixit
1248 4574 1533 4643 Scriptura,
1578 4576 1793 4645 [lumina
1837 4578 1898 4631 de
1946 4590 2113 4633 ventre
2156 4584 2266 4649 ejus

691 4666 841 4718 ’lucnt
896 4680 1044 4735 aqua
1079 4666 1201 4720 sive:
1252 4665 1360 4734 (Id.
1396 4669 1447 4721 7.
1494 4668 1609 4737 ‘58).
1663 4671 1744 4723 An
1789 4680 1863 4733 tu,
1893 4687 2095 4739 qumso,
2144 4689 2262 4727 cum

676 4758 821 4810 intus
866 4756 1037 4810 fontes
1062 4756 1259 4812 habeas
1287 4771 1340 4813 ct
1388 4759 1601 4815 tlnmina
1637 4762 1965 4831 spiritualia,
2015 4766 2263 4818 sensilem

677 4850 911 4901 calorem
958 4850 1154 4904 times?
1206 4861 1259 4904 at
1312 4852 1363 4904 in
1416 4852 1550 4917 foro,
1603 4869 1805 4921 qua:so,
1866 4856 1951 4907 nhi
1986 4865 2162 4911 tantus
2182 4868 2265 4911 est

668 4940 957 5006 strepitus,
1002 4951 1077 4994 tot
1122 4944 1400 5012 angustizc,
1445 4960 1507 4997 ac
1549 4945 1745 5000 multus
1772 4956 1952 5005 mstus.
2012 4949 2098 5015 qui
2128 4947 2183 5001 lit
2208 4960 2265 5002 ut

673 5031 887 5084 calores
908 5040 964 5085 et
990 5031 1119 5086 solis
1153 5034 1396 5089 ardorem
1428 5050 1538 5089 non
1586 5036 1885 5092 obtendas?
1929 5036 2044 5091 Non
2095 5038 2260 5107 enim,

676 5122 889 5187 opinor,
941 5120 989 5191 id
1036 5121 1213 5177 dicere
1263 5133 1411 5193 putes
1462 5126 1568 5180 illic
1613 5126 1883 5195 frigidiore
1913 5127 2074 5181 licere
2122 5132 2261 5183 aeris

677 5220 864 5265 natura
893 5211 1018 5279 frui,
1063 5213 1149 5269 hic
1175 5231 1297 5269 vero
1321 5226 1485 5271 totum
1527 5217 1681 5271 nobis
1721 5220 2000 5273 collectum
2028 5221 2259 5276 calorem

675 5304 865 5358 smvire
899 5322 913 5369 ;
947 5306 1073 5374 quin
1113 5308 1293 5377 potius
1313 5309 1639 5362 contrarium
1671 5311 1897 5378 penitus,
1935 5310 2019 5365 hic
2046 5313 2258 5380 quidem

678 5393 762 5448 ubi
804 5398 995 5449 crustis
1030 5396 1247 5465 lapideis
1277 5398 1445 5451 solum
1498 5408 1827 5453 constratum
1859 5410 1961 5461 est,
1992 5411 2041 5455 et
2074 5402 2143 5455 ob
2173 5419 2259 5458 re-

678 5485 875 5553 liquam
929 5488 1058 5541 tedis
1102 5502 1267 5541 sacrm
1318 5488 1568 5542 fabricam
1630 5490 1923 5559 (siquidem
1958 5492 2008 5543 in
2036 5493 2262 5546 immen-

676 5592 787 5629 s.»m
854 5580 1083 5647 assurgit
1135 5580 1511 5649 altitudinem),
1572 5581 1737 5634 levior
1782 5591 1835 5635 et
1882 5582 2120 5651 frigidior
2179 5596 2260 5639 est

676 5686 765 5721 aer
798 5688 809 5720 :
845 5680 896 5721 at
940 5670 1045 5723 illic
1083 5671 1276 5723 multus
1311 5672 1539 5739 undique
1567 5674 1644 5723 θυι
1679 5673 1923 5736 irradiat,
1961 5676 2138 5727 multm
2167 5692 2259 5728 an-

675 5762 883 5827 gustia,
918 5758 1110 5827 fumus,
1138 5760 1333 5829 pulvis,
1378 5772 1426 5813 et
1473 5763 1571 5814 alia
1622 5763 1789 5831 plura,
1839 5779 1952 5831 quur
1996 5764 2250 5833 majorem

1420 360 1475 411 S.
1517 357 1798 414 JO.\1\'N|S
1834 356 2312 411 lillliYSOSTOMI
2356 357 2673 414 AllCllIl-JP.
2716 360 3254 417 (IONSTANTINOP.

3908 360 4010 413 1711

2424 473 2539 528 istis
2587 477 2883 530 molestiam
2936 474 3205 531 exhibent.
3254 475 3331 530 Ex
3374 491 3483 546 quo
3527 476 3835 546 intelligitur
3866 475 4011 528 iniu-

2419 565 2503 619 tite
2531 572 2585 619 et
2638 566 2878 621 mollitiei
2910 566 3093 631 animi,
3127 566 3217 635 qui
3248 565 3478 636 Spiritus
3505 569 3674 622 sancti
3701 567 3915 621 ﬂamma
3936 568 4009 621 sit

2414 655 2721 723 destitutus,
2785 658 2881 713 has
2926 661 3134 729 ineptas
3187 660 3563 715 excusationes
3602 674 3721 715 esse
3760 660 4008 715 tribuen-

2412 747 2526 801 das.

2484 841 2537 895 5.
2584 840 2706 895 lla‘c
2750 856 2853 895 non
2888 852 2993 895 tam
3034 842 3101 898 ad
3155 843 3274 897 illos
3302 859 3332 898 a
3387 859 3473 899 me
3500 844 3639 898 dicta
3677 843 4005 914 diriguntur,

2410 948 2567 1001 quam
2600 933 2665 987 ad
2705 949 2819 997 vos,
2863 936 2951 1004 qui
3002 952 3107 989 non
3150 937 3270 991 illos
3298 937 3629 1006 pertrahitis,
3671 936 3762 1008 qui
3801 950 3908 990 non
3933 934 4010 987 ab

2410 1024 2597 1080 inertia
2642 1028 2935 1093 revocatis,
2967 1035 3021 1082 et
3060 1028 3127 1082 ad
3154 1029 3442 1085 salutarem
3469 1028 3607 1084 hanc
3634 1043 3874 1085 mensam
3902 1027 4006 1080 ad-

2408 1115 2624 1171 ducitis.
2653 1118 2730 1173 Ac
2756 1118 2895 1173 servi
2920 1119 3134 1189 quidem
3175 1134 3295 1174 cum
3326 1134 3612 1175 commune
3641 1118 4003 1175 ministerium

2406 1207 2602 1263 obituri
2656 1219 2801 1275 sunt,
2858 1210 3121 1266 advocant
3150 1224 3276 1265 suos
3316 1224 3652 1265 conservos:
3700 1223 3795 1263 vos
3842 1223 4001 1274 vero,

2403 1316 2432 1355 ιι
2483 1302 2675 1372 quibus
2697 1303 2797 1357 hoc
2839 1302 3116 1371 spirituale
3153 1298 3463 1373 obsequium
3490 1300 3849 1356 exhibendum
3889 1308 3999 1361 est,

2402 1405 2693 1447 conservos
2732 1392 2906 1446 sinitis
2949 1402 3151 1447 vestros
3201 1392 3299 1445 hoc
3329 1400 3533 1462 questu
3585 1391 3799 1461 privari.
3830 1388 3996 1456 Quid.

2400 1484 2443 1536 si
2475 1484 2642 1538 nolint
2668 1483 2787 1554 ipsi,
2816 1484 2957 1539 dicet
2997 1483 3224 1553 aliquis?
3255 1483 3419 1539 Efﬁce
3447 1482 3661 1538 assidue
3706 1478 3995 1545 instando,

2404 1584 2459 1628 ut
2486 1575 2681 1639 velint;
2704 1576 2748 1630 si
2774 1575 2915 1629 enim
2946 1583 3204 1643 urgentes
3231 1589 3329 1629 nos
3363 1573 3615 1639 viderint,
3643 1572 3869 1628 omnino
3896 1585 3996 1627 vo-

2401 1666 2529 1720 lent.
2589 1668 2658 1722 At
2689 1667 2830 1721 enim
2883 1675 3169 1736 pra-textus
3218 1681 3330 1719 nzec
3359 1674 3484 1719 sunt
3509 1676 3562 1719 et
3591 1664 3729 1719 ﬁcta:
3767 1677 3997 1720 excusa-

2400 1759 2591 1814 tiones.
2643 1758 2814 1826 Quam
2865 1757 3013 1811 multi
3058 1772 3287 1825 namque
3338 1755 3427 1811 hic
3472 1764 3595 1810 sunt
3642 1764 3857 1826 patres,
3896 1754 3995 1823 qui

2396 1864 2577 1905 secum
2627 1858 2831 1904 stantes
2876 1865 2982 1904 non
3033 1847 3233 1905 habent
3272 1848 3450 1902 ﬁlios?
3497 1846 3631 1902 Num
3672 1846 3833 1901 etiam
3863 1843 3993 1898 libb

2398 1957 2487 1996 ros
2529 1940 2631 1996 huc
2680 1940 2992 2012 pertrahere
3042 1956 3148 1996 non
3193 1938 3439 2010 poteras?
3485 1938 3560 1994 Ex
3609 1952 3721 2009 quo
3763 1944 3992 2008 appares

2393 2043 2621 2089 caeteros
2652 2048 2865 2103 quoque
2904 2048 3009 2087 non
3052 2033 3123 2087 ob
3152 2031 3397 2086 inertiam
3448 2039 3651 2085 tantum
3683 2044 3858 2096 suam,
3887 2030 3988 2085 sed

2393 2135 2448 2179 et
2500 2125 2569 2180 ob
2619 2134 2847 2179 vestram
2894 2122 3150 2178 i..curiam
3200 2121 3331 2176 foris
3355 2136 3592 2177 manere.
3625 2122 3695 2175 At
3724 2120 3849 2176 licet
3875 2136 3986 2176 non

2393 2217 2558 2285 mins,
2589 2231 2729 2270 nunc
2758 2216 2946 2270 saltem
2975 2215 3301 2279 excitantini,
3332 2222 3387 2268 et
3428 2227 3549 2268 cum
3600 2212 3845 2267 membro
3881 2226 3988 2268 suo

2389 2301 2613 2371 quisque
2640 2302 2693 2355 in
2742 2300 3023 2355 ecclesiam
3071 2298 3429 2368 ingrediatur,
3478 2307 3535 2353 et
3587 2308 3739 2367 pater
3791 2297 3979 2361 ﬁlium,

2388 2401 2443 2447 et
2482 2392 2780 2462 genitorem
2822 2391 2980 2457 ﬁlius,
3014 2400 3067 2444 et
3108 2390 3205 2443 viri
3246 2402 3465 2456 uxores,
3493 2396 3547 2444 et
3589 2388 3731 2443 viros
3761 2402 3979 2454 uxores,

2386 2489 2440 2537 et
2491 2496 2704 2536 servum
2750 2480 2945 2544 herus,
2990 2487 3044 2534 ct
3078 2478 3243 2533 frater
3268 2477 3511 2545 fmtrcm,
3541 2486 3594 2532 et
3620 2478 3826 2532 amicus
3846 2478 3983 2531 ami-

2386 2588 2507 2627 cum
2550 2574 2766 2635 excitet,
2818 2581 2875 2626 et
2899 2570 2965 2625 ad
3002 2570 3143 2625 hunc
3169 2579 3493 2623 conventum
3534 2566 3977 2639 frequentandum

2387 2664 2645 2733 instiget:
2674 2663 2781 2716 imo
2819 2676 2948 2716 vero
2988 2675 3093 2714 non
3122 2659 3325 2713 amicos
3375 2667 3601 2723 tantum,
3644 2658 3739 2713 sed
3794 2658 3977 2711 inimi-

2383 2770 2475 2810 cos
2524 2754 2683 2809 etiam
2723 2751 2787 2807 ad
2838 2765 3174 2805 communem
3206 2748 3346 2803 hunc
3374 2750 3634 2803 bonorum
3662 2748 3975 2803 thesaurum

2384 2845 2692 2899 invitemus.
2744 2841 2799 2897 Si
2844 2856 3027 2897 curam
3058 2840 3249 2895 viderit
3299 2848 3441 2895 tuam
3474 2839 3741 2905 inimicus,
3790 2839 3976 2893 odium

2381 2938 2540 3008 plane
2565 2935 2815 3005 deponet.

2452 3027 2752 3082 Judwormn
2781 3025 3038 3096 diligentia
3066 3024 3200 3078 circa
3220 3024 3501 3078 sabbatum.
3529 3021 3817 3077 Saliari.
3853 3025 3976 3077 bene

2379 3119 2689 3187 succedunt,
2737 3118 2782 3171 si
2811 3115 2950 3171 Deus
2993 3115 3408 3171 colatum—Dic
3456 3114 3532 3169 illi
3584 3132 3598 3168 :
3642 3113 3761 3170 Non
3814 3130 3972 3170 vere-

2381 3211 2653 3275 cundaris,
2681 3223 2779 3263 nec
2807 3207 3079 3263 erubescis
3123 3203 3340 3262 Iudaeos
3358 3248 3377 3274 ,
3405 3204 3495 3275 qui
3527 3213 3670 3259 tanta
3700 3219 3823 3259 cum
3850 3205 3975 3259 dili-

2380 3300 2556 3369 gentia
2602 3298 2879 3353 sabbatum
2923 3295 3252 3361 custodiunt,
3284 3305 3443 3365 atque
3467 3296 3534 3350 ab
3585 3296 3698 3364 ipsa
3733 3295 3845 3364 jam
3875 3311 3970 3351 ve-

2378 3406 2535 3461 spera
2561 3389 2631 3445 ab
2668 3390 2814 3443 omni
2863 3403 3026 3457 opere
3072 3386 3377 3443 abstinent?
3420 3387 3571 3456 Quod
3602 3388 3651 3443 si
3678 3388 3767 3445 die
3802 3388 3970 3445 Para-

2377 3500 2562 3540 sceves
2589 3482 2758 3538 solem
2790 3482 3001 3535 videant
3030 3480 3098 3535 ad
3126 3496 3373 3535 occasum
3416 3492 3746 3551 vergentem,
3775 3491 3832 3539 et
3878 3497 3975 3553 pa-

2376 3586 2461 3631 cta
2492 3575 2832 3638 rescindunt,
2863 3581 2915 3627 et
2963 3574 3261 3643 cmptiones
3294 3573 3705 3644 interrumpunt.
3734 3572 3887 3642 Quod
3924 3576 3970 3630 si

2376 3670 2495 3740 quis
2528 3685 2649 3723 cum
2701 3678 2824 3721 ante
2863 3680 3136 3736 vesperam
3184 3665 3422 3729 emisset,
3480 3681 3701 3736 vespere
3748 3668 3972 3723 veniens

2378 3761 2603 3829 pretium
2653 3757 2861 3823 afferat,
2913 3773 3018 3810 non
3050 3755 3317 3811 sustinent
3361 3756 3628 3824 accipere,
3674 3770 3776 3809 nec
3796 3771 3961 3825 pecu-

2375 3852 2513 3905 niam
2532 3846 2838 3903 admittunt.
2884 3846 3021 3914 Quid
3053 3846 3172 3901 dico
3209 3848 3433 3915 pretium
3464 3860 3642 3900 rerum
3674 3846 3966 3912 venalium,

2373 3952 2427 3997 et
2479 3942 2667 4011 pacta?
2712 3940 2958 4009 quamvis
3009 3938 3316 3991 thesaurum
3360 3936 3603 4004 accipere
3636 3936 3845 4002 liceret,
3880 3938 3967 3991 lu-

2374 4050 2523 4088 crum
2576 4032 2701 4086 illud
2749 4032 2967 4084 tnaflent
3016 4030 3287 4094 amittere,
3333 4044 3495 4103 quam
3536 4028 3704 4099 legent
3733 4030 3959 4084 violare.

2376 4126 2585 4193 Ergone
2631 4123 2821 4183 Jud.t:i,
2875 4122 3083 4176 tametsi
3137 4121 3304 4189 legem
3362 4121 3734 4190 intempestive
3781 4132 3966 4176 custu-

2374 4216 2542 4280 diant,
2586 4216 2654 4267 ita
2701 4224 2823 4266 sunt
2870 4221 3115 4265 accurate
3146 4212 3465 4279 diligentes,
3510 4220 3564 4264 et
3612 4211 3683 4264 ita
3737 4212 3966 4265 SlUdiOsi

2375 4316 2499 4361 sunt
2528 4304 2934 4364 observationis,
2982 4319 3097 4371 qua:
3128 4302 3258 4355 nihil
3289 4303 3366 4355 eis
3409 4301 3643 4369 prodest,
3677 4301 3787 4355 imo
3805 4304 3965 4357 etiam

2377 4404 2577 4450 nocet:
2634 4406 2685 4448 ttt
2726 4395 2811 4463 qui
2854 4393 2962 4461 jam
3008 4390 3193 4445 umbra
3236 4391 3480 4461 superior
3530 4406 3620 4456 cs,
3658 4392 3740 4444 cui
3795 4392 3964 4446 solem

2367 4488 2585 4556 justitim
2629 4487 2810 4540 videre
2848 4499 3160 4539 concessum
3212 4494 3311 4546 est,
3361 4484 3447 4553 qui
3474 4483 3586 4553 jam
3616 4483 3681 4537 ad
3709 4484 3966 4539 czrlorum

2373 4582 2749 4649 municipatum
2800 4580 3057 4648 pertincs,
3090 4592 3158 4631 ne
3210 4578 3451 4631 eamdem
3483 4575 3696 4645 quidem
3725 4590 3849 4630 cum
3880 4578 3959 4640 iis,

2371 4674 2459 4740 qui
2497 4670 2623 4723 vitio
2667 4668 3038 4738 intempestive
3077 4667 3213 4721 adha
3234 4678 3390 4731 rent,
3432 4665 3851 4721 sollicitudinem
3902 4684 3967 4723 ac

2370 4764 2601 4816 studium
2632 4762 2873 4823 exhihes,
2919 4771 2972 4811 tu
3009 4758 3091 4811 cui
3122 4760 3314 4813 veritas
3348 4760 3460 4827 ipsa
3488 4766 3570 4812 est
3606 4758 3841 4823 cncdita;
3872 4759 3966 4814 sed

2371 4854 2434 4906 ad
2459 4852 2723 4906 modicam
2753 4850 2855 4903 diei
2891 4860 3093 4917 partem
3112 4848 3214 4902 ltttc
3237 4859 3475 4913 vocatus,
3508 4862 3576 4901 ne
3599 4862 3715 4902 cam
3744 4848 3966 4917 quidem

2376 4958 2648 4997 sacrormn
2680 4941 3012 5009 eloquiorum
3064 4938 3325 4993 auditioni
3352 4938 3587 5008 dignaris
3613 4938 3973 5006 impendere?

2368 5050 2525 5104 quam
2579 5032 2790 5086 tandem
2832 5030 3062 5095 veniam,
3116 5046 3316 5099 qumso,
3349 5031 3540 5084 mereri
3580 5030 3969 5101 queaslquam

2370 5142 2496 5180 vero
2514 5126 2713 5194 poteris
2740 5124 3027 5193 legitimam
3048 5123 3306 5192 ctjustam
3326 5122 3722 5177 excusationem
3743 5122 3973 5179 altene?

2367 5218 2483 5276 Non
2550 5225 2727 5287 potest
2784 5217 2919 5281 lieri,
2979 5216 3131 5284 plane
3181 5229 3287 5268 non
3333 5222 3544 5283 potest,
3604 5224 3661 5269 ut
3704 5216 3795 5283 qui
3856 5226 3970 5271 tam

2369 5309 2639 5379 negligens
2669 5308 2737 5361 sit
2766 5322 2828 5360 ac
2861 5306 3041 5375 piger,
3074 5320 3323 5373 umquam
3355 5305 3506 5359 venia
3545 5304 3735 5375 dignus
3768 5306 3976 5362 halica-

2370 5408 2474 5465 tur,
2505 5399 2629 5453 licet
2648 5398 2840 5451 millies
2866 5396 3198 5451 smcularinm
3218 5395 3552 5466 negotiorum
3584 5399 3975 5466 occupationes

2367 5491 2641 5547 obtendat.
2682 5490 2886 5553 Nescis,
2930 5490 2974 5544 si
3006 5489 3109 5544 huc
3155 5491 3373 5544 veniens
3418 5490 3583 5545 Deum
3631 5491 3969 5555 adoravcris,

2366 5595 2419 5638 et
2469 5591 2762 5636 conventus
2822 5581 2972 5634 istius
3025 5580 3290 5650 particeps
3348 5580 3547 5647 lueris,
3598 5594 3809 5650 eaquae
3859 5598 3971 5651 prre

2370 5674 2613 5729 manibus
2662 5683 2783 5728 sunt
2815 5673 3023 5743 negotia
3068 5672 3239 5725 facilia
3280 5671 3369 5725 tibi
3398 5681 3451 5725 et
3494 5672 3740 5740 expedita
3772 5674 3971 5727 reddi?

2367 5766 2719 5823 Sacularihus
2783 5767 2921 5819 curis
2980 5764 3272 5833 premeris?
3328 5764 3520 5819 Earum
3574 5764 3732 5835 igitur
3802 5779 3968 5821 causa
