4212 6290
250 348 348 405 m

256 462 360 517 huc
403 460 628 523 ventita,
675 461 736 509 ut
778 463 898 507 eum
945 446 1040 503 libi
1079 445 1173 502 Dei
1202 436 1634 500 benevolentiam
1661 428 1846 523 conci-

262 547 497 611 iiave’ris,
541 519 686 615 quod
738 540 825 596 hic
877 544 1121 594 versatus
1146 533 1333 599 fueris,
1380 530 1451 585 ita
1480 541 1601 583 cum
1643 519 1847 579 securi-

264 651 373 697 tate
403 633 680 699 discedas;
735 638 795 686 ut
839 629 991 689 illum
1020 625 1220 681 habeas
1253 621 1553 691 adiutorem
1575 656 1589 684 ,
1643 620 1702 668 ut
1748 624 1855 666 cae-

265 732 416 801 lestis
475 739 665 785 ntanus
714 722 912 777 auxilio
970 728 1155 789 septus
1193 712 1526 773 daemonibus
1575 709 1673 763 fias
1722 702 1857 759 invi-

265 832 404 879 ctus.
444 822 499 878 Si
518 818 754 891 paternis
784 815 1037 888 precibus
1079 811 1296 875 fruaris,
1327 807 1376 863 si
1419 801 1720 863 communis
1740 812 1861 891 ora:

269 911 432 967 tionis
460 887 726 980 particeps
772 887 893 971 fias,
948 904 994 959 si
1035 903 1247 973 eloquia
1300 898 1454 954 sacra
1497 891 1787 954 audiveris,
1814 887 1859 943 si

270 1004 368 1059 Dei
426 1001 519 1057 libi
565 999 820 1054 auxilium
860 994 1276 1065 comparaveris,
1302 991 1349 1045 si
1396 989 1481 1043 bis
1524 986 1688 1040 armis
1711 995 1864 1037 com-

270 1094 512 1150 munitus
560 1104 808 1162 egressus
853 1087 1037 1151 fueris,
1080 1102 1149 1142 ne
1204 1084 1448 1140 diabolus
1491 1077 1707 1149 quidem
1751 1075 1866 1143 ipse

272 1194 462 1239 contra
489 1191 540 1237 te
586 1181 837 1248 deinceps
886 1177 1071 1233 oculos
1120 1172 1339 1230 audebit
1362 1168 1643 1234 attollere,
1670 1164 1866 1220 nedum

279 1275 529 1331 homines
576 1271 821 1342 improbi,
863 1269 1054 1340 quibus
1088 1265 1268 1321 studio
1309 1276 1429 1317 esse
1470 1257 1627 1321 solet,
1660 1266 1718 1310 ut
1742 1269 1871 1310 con-

280 1363 516 1419 tumeliis
547 1370 773 1417 caeteros
819 1368 873 1414 et
920 1356 1201 1413 calumniis
1256 1358 1664 1424 persequantur.
1714 1344 1869 1411 Quod

281 1456 330 1510 si
374 1469 442 1511 cx
484 1452 688 1506 aedibus
726 1450 777 1503 in
829 1449 1002 1504 forum
1042 1461 1291 1517 egressus
1329 1438 1594 1512 ejusmodi
1644 1434 1874 1496 nudatus

283 1548 451 1603 armis
487 1543 797 1609 oli‘cndaris,
824 1541 1060 1597 omnium
1090 1540 1179 1609 qui
1220 1548 1271 1593 te
1298 1532 1636 1591 contumeliis
1657 1528 1877 1585 infesta-

286 1641 418 1695 bnnt
445 1637 598 1692 facile
636 1633 929 1690 vincendus
978 1632 1183 1703 patebis
1235 1626 1555 1685 incursibus.
1596 1623 1799 1679 Idcirco
1825 1629 1879 1675 et

289 1731 343 1785 in
387 1729 608 1803 privatis
635 1737 691 1784 et
718 1728 771 1782 in
801 1725 1023 1797 publicis
1060 1723 1259 1799 nostris
1286 1720 1512 1792 negotiis
1547 1729 1878 1787 nequaquam

291 1834 359 1875 ex
400 1819 569 1873 animi
598 1817 859 1874 sententia
889 1815 1045 1869 nobis
1072 1804 1581 1875 multa-succedunt,
1610 1805 1751 1877 quod
1773 1804 1882 1873 spi-

291 1909 506 1964 ritualia
536 1924 641 1963 non
668 1906 816 1977 prius
846 1905 1083 1961 studiose
1112 1901 1541 1959 accuraverimus
1558 1940 1574 1965 ,
1598 1912 1667 1953 ae
1690 1894 1883 1952 deinde

292 2000 593 2065 secuturis,
626 1996 722 2053 sed
762 1996 1003 2052 ordinem
1040 1993 1438 2049 inverterimus.
1470 1989 1671 2044 idcirco
1724 1999 1886 2056 nego-

295 2089 494 2143 tiorum
539 2100 750 2157 quoque
790 2086 960 2142 series
997 2099 1061 2140 ac
1111 2095 1287 2139 rectus
1327 2079 1460 2137 ordo
1500 2078 1801 2143 invertitur,
1834 2083 1889 2130 et

294 2177 666 2248 emniaplane
712 2177 1007 2246 turbantur.
1061 2175 1329 2243 Quantum
1370 2173 1498 2227 mihi
1556 2171 1798 2225 dolorem
1827 2183 1891 2222 ac

299 2266 598 2322 molestiam
629 2266 766 2332 inuri
801 2266 1026 2336 putatis,
1058 2280 1179 2320 cum
1208 2265 1384 2334 cogito
1404 2262 1651 2333 veniente
1674 2259 1889 2330 quidem

300 2354 439 2412 fasto
475 2371 541 2411 ac
565 2356 925 2423 solemnitate,
977 2355 1101 2409 licet
1129 2354 1306 2409 nullus
1353 2353 1421 2407 sit
1465 2351 1554 2422 qui
1602 2358 1781 2415 vocet,
1812 2358 1893 2402 to-

301 2455 414 2508 tam
460 2461 781 2509 concurrere
817 2446 1083 2502 civitatem
1134 2462 1148 2499 :
1206 2445 1295 2499 ubi
1339 2458 1468 2499 vero
1512 2444 1702 2497 festum
1756 2441 1895 2495 sole-

302 2546 607 2615 innitasqne
635 2532 933 2610 transierit,
962 2547 1074 2598 toto
1101 2536 1225 2592 licet
1252 2535 1338 2590 die
1370 2546 1772 2605 perseveremus
1798 2545 1897 2585 nos

301 2634 705 2704 disrumpcntes
734 2642 788 2689 et
830 2649 923 2689 vos
954 2634 1297 2695 advocantes,
1332 2625 1534 2682 nullum
1577 2634 1753 2679 tamen
1778 2636 1898 2677 esse

304 2727 395 2796 qui
444 2724 722 2779 attendat‘?
774 2726 899 2781 llaec
943 2727 1084 2781 enim
1139 2731 1509 2795 saepenumero
1555 2731 1678 2776 eunt
1718 2724 1901 2776 mente

306 2832 605 2883 cessarem,
652 2818 889 2889 graviter
914 2817 1168 2888 ingemui,
1210 2825 1264 2872 et
1292 2816 1408 2871 haec
1435 2813 1576 2885 apud
1607 2827 1695 2867 me
1738 2811 1899 2867 verba

307 2908 569 2965 faciebam
602 2926 614 2963 :
643 2907 780 2975 Quid
826 2908 1196 2963 cohortatione
1228 2908 1310 2963 vel
1340 2905 1565 2961 consilio
1595 2913 1679 2960 est
1730 2916 1897 2973 opus,

309 3016 429 3055 cum
479 3015 573 3055 vos
621 3000 1006 3056 consuetudine
1056 3008 1265 3055 tantum
1313 3008 1503 3055 cuncta
1543 2997 1766 3064 faciatis,
1802 3011 1902 3051 nec

310 3092 473 3147 ullius
497 3100 694 3146 nostrae
715 3091 972 3146 docti-inte
997 3106 1159 3161 opera
1182 3090 1535 3160 promptiores
1572 3087 1902 3143 reddamini?

308 3183 443 3237 Cum
486 3184 628 3238 enim
658 3181 809 3237 festis
844 3182 1057 3252 quidem
1092 3182 1503 3237 diebus‘nostra
1533 3179 1905 3237 cohortatione

312 3272 443 3326 nihil
488 3270 786 3342 indigestis.
835 3281 1115 3343 postquam
1163 3279 1342 3327 autem
1374 3271 1448 3325 illi
1505 3270 1901 3340 praeterierint,

315 3362 514 3417 nullam
572 3376 640 3417 es
686 3361 928 3417 doctrina
985 3362 1267 3417 utilitatem
1317 3359 1657 3433 percipiatis,
1724 3375 1903 3416 nonne

315 3461 573 3522 quanttln
615 3450 830 3522 quidem
884 3452 935 3506 in
985 3452 1138 3508 vobis
1181 3452 1340 3507 situm
1385 3461 1497 3518 est,
1554 3452 1795 3507 inutilem
1845 3466 1908 3507 ac

314 3556 763 3612 supervacaneam
813 3543 1111 3599 orationem
1158 3552 1392 3599 nostram
1442 3544 1707 3600 redditis?

384 3634 437 3688 4.
482 3632 645 3688 Forte
673 3634 863 3699 multi,
906 3635 993 3704 qui
1025 3634 1141 3689 hmo
1173 3634 1412 3701 audiunt,
1443 3634 1644 3689 dolent.
1678 3634 1783 3691 Sed
1813 3650 1907 3689 ne-

313 3723 575 3793 gligentes
616 3724 687 3778 ita
734 3739 839 3779 non
897 3724 1136 3779 sentiunt
1167 3742 1181 3777 :
1207 3724 1438 3795 alioquin
1465 3725 1725 3781 incuriam
1756 3740 1909 3780 suam

316 3813 665 3883 deponerent.
696 3822 756 3869 ut
792 3829 889 3870 nos
916 3816 1004 3886 qui
1037 3814 1275 3885 quotidie
1293 3814 1370 3870 de
1400 3815 1558 3871 rebus
1584 3816 1775 3871 vestris
1796 3816 1909 3870 sol-

320 3906 443 3962 liciti
498 3921 705 3962 sumus.
746 3907 898 3977 Quod
943 3916 1146 3962 tantttm
1194 3924 1261 3963 ex
1306 3909 1534 3980 negotiis
1564 3908 1911 3964 smcularibus

320 3997 523 4052 lucrum
585 3998 829 4068 colligis,
876 4006 1130 4069 quantum
1185 3998 1278 4053 tibi
1326 3997 1577 4053 damnum
1636 3997 1911 4055 accersis?

322 4086 458 4143 Fieri
516 4088 729 4158 nequit,
777 4098 837 4142 ut
868 4104 933 4143 ex
971 4089 1085 4143 alio
1100 4093 1392 4157 congressu
1429 4097 1769 4144 conventuve
1796 4096 1914 4143 tan-

322 4186 430 4233 tum
499 4178 704 4233 lucrum
758 4189 1039 4250 reportes,
1091 4190 1354 4249 quantum
1396 4195 1465 4234 ex
1528 4194 1594 4235 eo
1635 4179 1776 4249 quod
1829 4180 1915 4235 hic

323 4271 558 4326 versetis
600 4288 629 4356 :_
661 4271 774 4325 sive
812 4270 1065 4341 iudiciale
1107 4271 1280 4326 forum
1336 4286 1759 4340 commemores,
1802 4273 1916 4330 sive

319 4361 544 4429 curiam,
576 4362 692 4417 sive
740 4363 907 4432 ipsam
962 4363 1205 4434 Regiam.
1244 4362 1361 4418 Non
1390 4366 1533 4419 enim
1563 4366 1799 4434 gentium
1826 4381 1917 4421 ur-

322 4452 574 4522 biumque
620 4454 894 4524 regimen,
944 4471 1118 4526 neque
1152 4456 1402 4512 ducatum
1457 4458 1790 4514 exercituum
1832 4459 1917 4513 his

321 4541 409 4611 qui
455 4540 561 4597 huc
608 4543 976 4612 ingrediuntur
1004 4546 1408 4614 committimus,
1450 4549 1545 4605 sed
1572 4549 1733 4603 alium
1766 4550 1915 4619 prius

322 4636 558 4705 cipatum
578 4638 939 4707 augustiorem
962 4639 1077 4709 ipso
1096 4656 1261 4709 regno
1296 4658 1309 4693 :
1342 4641 1428 4696 vel
1453 4642 1629 4712 potius
1646 4656 1753 4698 non
1770 4656 1919 4697 com-

324 4726 585 4782 mittimus
611 4742 728 4794 nos,
785 4729 878 4783 sed
928 4728 1158 4797 Spiritus
1197 4718 1385 4799 gratia.

396 4817 473 4872 De
495 4819 675 4890 quibus
703 4821 849 4875 rebus
869 4818 1183 4876 instruantur
1206 4824 1289 4893 qui
1316 4825 1548 4881 ceucioni
1575 4827 1918 4883 intersunt.—

322 4909 579 4978 Quisuam
611 4911 769 4981 igitur
792 4921 876 4967 est
903 4914 1046 4984 regia
1073 4924 1334 4983 potestate
1359 4918 1632 4986 augustior
1652 4919 1918 4988 principa-

326 5009 446 5069 tus,
479 5017 640 5071 quem
671 5003 1039 5075 adlpiscuntur
1078 5007 1168 5077 qui
1212 5006 1316 5063 huc
1357 5008 1768 5078 ingrediuntur?
1813 5012 1918 5065 Do-

326 5102 513 5145 ccntur
541 5093 788 5148 absurdis
819 5097 1156 5164 passionibus
1183 5097 1449 5168 imperare
1472 5138 1488 5166 ,
1525 5115 1717 5169 pravas
1747 5101 1919 5156 libidi-

327 5197 421 5238 nes
448 5198 637 5253 regere
660 5225 676 5251 ,
710 5184 842 5239 iram
869 5186 1132 5241 moderari
1159 5229 1174 5255 ,
1204 5189 1455 5244 invidiam
1485 5191 1730 5262 subigere
1755 5233 1770 5257 ,
1802 5192 1920 5247 ina-

330 5289 450 5329 nem
501 5275 727 5345 gloriam
778 5277 829 5331 in
877 5280 1188 5335 servitutem
1229 5282 1493 5352 redigere.
1536 5282 1651 5338 Non
1701 5285 1921 5353 perinde

330 5366 672 5423 veneratione
701 5366 891 5437 dignus
921 5378 1004 5425 est
1046 5370 1339 5441 Imperator
1364 5374 1416 5428 in
1463 5376 1612 5445 regio
1635 5378 1922 5433 considens

327 5455 457 5528 solio
475 5466 530 5511 et
553 5456 858 5514 diademate
886 5459 1162 5517 redimitus
1188 5502 1203 5529 ,
1232 5473 1390 5533 atque
1419 5464 1579 5520 homo
1604 5507 1617 5531 ,
1642 5467 1729 5536 qui
1761 5468 1923 5522 ratio-

330 5559 446 5598 nem
488 5545 541 5600 in
579 5548 772 5603 solium
802 5549 1106 5608 dominatus
1135 5554 1405 5609 servilium
1436 5557 1744 5627 passionum
1791 5560 1918 5613 sub-

331 5637 507 5701 vehit,
540 5646 595 5693 et
637 5638 862 5709 imperio
889 5679 905 5707 ,
937 5641 1078 5711 quod
1125 5642 1176 5697 in
1228 5643 1343 5699 illas
1369 5653 1619 5712 exercet,
1650 5654 1919 5717 tamquam

328 5730 604 5798 splendido
631 5732 862 5803 quodam
895 5734 1192 5791 revinctum
1220 5744 1379 5808 caput
1405 5736 1575 5795 habet
1589 5738 1910 5797 diademate.

1152 329 1218 387 IN
1259 326 1484 392 ILLUD.
1524 321 1594 380 Si
1625 310 2005 377 ESURlERlT
2029 307 2351 377 INlMlCUS,
2393 301 2549 361 ΕΠΖ

3452 281 3556 340 ηε

1960 424 2103 495 Quid
2129 424 2275 482 enim
2302 463 2319 490 ,
2348 433 2532 493 quaeso
2552 458 2570 487 ,
2598 411 2817 488 prodest
2846 420 3081 481 purpura
3108 445 3123 473 ,
3152 416 3331 495 aurea:
3354 407 3566 495 vestes,

1958 490 2014 573 et
2042 529 2240 571 corona
2265 490 2532 583 gemmata
2558 548 2574 574 ,
2596 499 3142 578 quandopassionum
3167 492 3376 566 captiva
3402 490 3564 545 fuerit

1961 606 2138 662 anima
2159 603 2183 659 τ
2208 580 2354 675 quod
2378 615 2445 657 ex
2472 600 2574 655 ista
2600 605 2825 652 externa
2862 591 3111 647 libertate
3152 586 3361 642 lucrum
3394 580 3565 675 obvc-_

1965 697 2047 753 nit
2072 737 2088 762 ,
2119 671 2334 767 quando
2363 691 2416 748 id
2448 687 2591 761 quod
2618 687 2673 743 in
2702 679 3227 752 nobis=potissimutn
3272 682 3393 767 est,
3425 671 3569 767 turpi

1965 803 2030 844 ac
2055 760 2349 842 miserabili
2378 760 2620 853 subiacet
2639 774 2882 834 servituti
2900 772 2926 827 i
2945 768 3096 827 Nam
3114 760 3569 853 quemadmodum

1967 893 2089 934 cum
2116 874 2284 934 febris
2309 874 2378 929 ad
2420 849 2676 929 interiora
2718 870 3001 939 penetrat,
3046 866 3103 917 et
3141 857 3347 913 viscera
3389 849 3572 910 omnia

1970 968 2245 1034 incendit,
2278 965 2414 1021 nihil
2449 963 2609 1023 nobis
2642 958 2901 1032 prodest,
2951 954 2999 1009 si
3045 949 3311 1022 superior
3330 945 3579 1015 corporis

1974 1059 2292 1130 superficies
2319 1055 2451 1111 nihil
2484 1053 2590 1109 tale
2618 1052 2848 1123 patiatur
2878 1064 2892 1102 :
2924 1046 2997 1101 ita
3034 1039 3354 1099 dunt-nobis
3393 1034 3574 1092 anima

1976 1150 2325 1209 interioribus
2365 1144 2686 1203 distrahitur
2726 1136 3065 1213 passionibus
3090 1175 3106 1202 ,
3154 1130 3582 1188 nihil‘externus

1977 1243 2308 1315 principatus
2330 1240 2481 1312 juvat
2506 1277 2521 1305 ,
2556 1251 2625 1293 ne
2650 1234 2835 1305 ipsum
2854 1228 3072 1303 quidem
3101 1223 3323 1315 regium;
3335 1220 3532 1315 solium
3563 1258 3575 1281 ,

1977 1313 2098 1390 cum
2129 1335 2340 1389 animus
2368 1331 2603 1387 violento
2647 1328 2849 1397 impetu
2867 1338 2904 1378 a
2931 1318 3269 1393 passionibus
3294 1313 3362 1371 de
3389 1314 3585 1368 throno

1980 1430 2129 1500 regio
2174 1427 2486 1484 devolvatur
2524 1432 2580 1478 et
2621 1421 2762 1477 ultro
2809 1431 2891 1473 se~
2921 1413 3238 1474 submittat,
3291 1418 3585 1475 earumque

1981 1498 2210 1578 rebelles
2263 1518 2491 1574 insultus
2542 1508 2925 1586 pertimescat?
2954 1504 3129 1579 ‘Quod
3184 1516 3252 1557 ne
3308 1498 3453 1586 ﬁat,
3487 1511 3589 1551 un-

1985 1608 2146 1677 dique
2195 1602 2483 1677 propheta}
2518 1582 2848 1657 concurrunt
2890 1600 2946 1648 et
2993 1586 3263 1661 apostoli,
3316 1582 3595 1677 passiones

1989 1675 2209 1752 nostras
2227 1693 2570 1765 reprimunt,
2601 1702 2817 1744 omnem
2851 1681 3119 1755 appetitus
3146 1675 3369 1734 rationis
3395 1686 3592 1741 exper-

1988 1791 2055 1846 tis
2080 1790 2343 1846 feritatem
2372 1800 2403 1841 a
2433 1784 2587 1840 nobis
2608 1779 2897 1837 amandant
2918 1819 2935 1846 ,
2958 1785 3015 1833 et
3039 1772 3209 1831 multo
3229 1768 3595 1841 augustiorem

1992 1899 2162 1955 regno
2190 1880 2545 1952 principatum
2576 1874 2732 1931 nobis
2762 1870 3124 1936 committunt.
3171 1862 3285 1919 [lac
3325 1860 3392 1916 de
3434 1871 3599 1955 causa

1992 1948 2234 2033 dicebam
2265 1948 2399 2039 eos,
2426 1969 2517 2041 qui
2545 1968 2646 2023 hac
2669 1962 3027 2023 sollicitudine
3059 1973 3121 2013 se
3155 1956 3367 2028 privant
3391 1994 3407 2019 ,
3438 1948 3617 2005 letale

1995 2067 2099 2122 sibi
2127 2065 2319 2120 vulnus
2346 2062 2587 2133 inﬂigere
2610 2100 2626 2126 ,
2655 2072 2718 2112 ac
2742 2063 2955 2111 tantum,
2976 2063 3171 2121 capere
3191 2045 3602 2108 detrimentum,

1995 2167 2252 2230 quantum
2284 2156 2392 2212 ulla
2421 2155 2527 2209 alia
2554 2168 2617 2207 ex
2646 2158 2797 2222 parte
2838 2160 3035 2218 capere
3080 2147 3354 2213 nequeunt
3381 2156 3395 2191 :
3425 2150 3599 2208 quau-

1997 2250 2282 2321 doqnidem
2309 2257 2364 2304 et
2386 2233 2481 2319 qui
2506 2248 2609 2300 huc
2634 2240 2861 2313 ingressi
2891 2237 3089 2294 fuerint
3113 2278 3126 2301 ,
3156 2232 3421 2305 ejusmodi
3448 2247 3598 2300 qua:-

2001 2348 2140 2397 stum
2173 2340 2410 2407 faciunt,
2431 2336 2642 2409 qualem
2670 2331 2886 2402 aliunde
2911 2331 3085 2385 facere
3110 2326 3258 2382 nullo
3287 2324 3449 2380 modo
3476 2336 3603 2393 pas-

2001 2439 2169 2487 sent:
2214 2428 2357 2501 quod
2406 2438 2463 2484 et
2510 2428 2624 2498 ipsa
2671 2422 2941 2480 sermonis
2980 2420 3151 2477 series
3195 2416 3604 2472 demonstravit.

2006 2522 2129 2577 Non
2150 2521 2421 2593 apparebis
2448 2520 2502 2573 in
2530 2528 2802 2589 conspectu
2831 2514 3039 2570 Domini
3061 2527 3250 2566 naeuus
3273 2507 3486 2580 (,Ea‘od.
3513 2506 3627 2563 25..

2004 2615 2073 2670 15
2098 2611 2141 2686 ),
2169 2612 2345 2667 aiebat
2368 2612 2454 2667 lex
2484 2630 2496 2664 :
2531 2611 2635 2666 hoc
2658 2618 2737 2665 est
2763 2650 2779 2675 ,
2808 2606 3013 2675 absque
3056 2602 3339 2659 sacriﬁciis
3376 2615 3484 2655 non
3525 2601 3610 2654 in—

2007 2714 2203 2760 troeas.
2234 2702 2389 2771 Quod
2418 2704 2462 2758 si
2504 2700 2706 2772 absque
2734 2697 3011 2754 sacrificiis
3040 2695 3096 2750 in
3123 2693 3343 2750 domum
3376 2691 3472 2747 Dei
3506 2706 3613 2745 non

2006 2806 2087 2858 est
2114 2795 2520 2873 ingrediendum
2546 2836 2561 2862 ,
2593 2793 2763 2848 multo
2787 2790 2957 2861 magis
2983 2788 3051 2844 ad
3075 2786 3338 2844 collectas
3356 2799 3478 2840 cum
3509 2782 3616 2837 fra-

2011 2894 2180 2948 tribus
2210 2902 2316 2947 non
2342 2895 2432 2946 est
2460 2883 2813 2941 intrandum:
2858 2881 3057 2952 quippe
3103 2875 3426 2933 sacrificium
3473 2873 3618 2931 istud
3674 2950 3675 2955 η

2011 2983 2109 3038 illo
2138 2982 2331 3037 melius
2356 2992 2439 3036 est
2460 3022 2476 3048 ,
2506 2984 2559 3036 et
2588 2973 2828 3044 oblatio,
2853 2958 3241 3027 cum‘animum
3269 2975 3444 3023 tecum
3470 2965 3618 3021 acci-

2011 3074 2163 3144 piens
2203 3073 2477 3143 ingressus
2519 3071 2703 3127 fueris.
2745 3069 2861 3124 Non
2901 3063 3094 3122 videtis
3135 3061 3453 3127 columbas,
3492 3077 3617 3131 qua:

2014 3167 2290 3221 instructa:
2316 3162 2535 3220 fuerunt
2561 3206 2576 3231 ,
2609 3177 2716 3233 quo
2742 3171 2896 3233 pacto
2931 3160 3166 3229 reliquas
3196 3171 3426 3227 egressa:
3458 3155 3617 3226 pelli-

2010 3258 2155 3314 ciant
2182 3266 2236 3313 et
2262 3255 2569 3313 venentur?
2597 3255 2710 3310 Hoc
2752 3268 2849 3308 nos
2891 3265 3103 3323 quoque
3147 3248 3424 3305 faciamus.
3454 3246 3617 3313 Qum-

2014 3364 2136 3404 nam
2166 3349 2310 3407 enim
2344 3348 2556 3402 tandem
2585 3343 2864 3401 excusatio
2894 3342 3096 3411 reliqua
3128 3340 3232 3395 erit
3254 3380 3268 3403 ,
3302 3353 3424 3393 cum
3455 3336 3621 3392 ratio-

2014 3441 2097 3496 nis
2127 3449 2377 3513 expertes
2406 3438 2708 3493 animantes
2736 3434 2868 3489 alias
2897 3432 3138 3505 ejusdem
3184 3429 3395 3502 generis
3437 3430 3622 3482 venari

1960 3596 1964 3603 '
2014 3532 2260 3603 possint,
2292 3544 2392 3586 nos
2434 3540 2616 3585 autem
2642 3526 2852 3582 ratione
2883 3536 3135 3594 tantaque
3159 3522 3419 3592 sapientia
3460 3536 3622 3577 exor-

2017 3625 2128 3678 nati
2160 3623 2320 3678 talem
2356 3628 2632 3693 capturam
2663 3618 2999 3689 negligamus
3018 3617 3041 3670 ?
3061 3614 3336 3684 Superiori
3362 3613 3625 3669 concione

2017 3731 2112 3771 vos
2141 3717 2192 3771 in
2221 3715 2336 3770 litae
2361 3714 2525 3769 verba
2569 3711 2882 3767 cohortatus
2926 3724 3045 3763 sum
3071 3748 3087 3774 ,
3134 3704 3499 3776 unusquisque
3530 3719 3615 3758 ve-

2018 3816 2188 3862 strum
2219 3805 2285 3860 ad
2319 3804 2553 3875 proximi
2581 3803 2803 3859 domum
2836 3801 3037 3872 pergite
3063 3840 3078 3864 ,
3108 3806 3366 3854 exeuntes
3396 3806 3625 3867 praesto-

2017 3896 2237 3963 lamini,
2290 3894 2645 3965 prehendite,
2688 3900 2851 3962 atque
2896 3890 2963 3945 ad
3007 3903 3348 3944 communem
3397 3893 3625 3941 matrem

2017 3988 2266 4044 adducite
2299 4005 2315 4043 :
2342 3987 2565 4057 illosque
2590 3985 2679 4056 qui
2708 3985 2759 4038 in
2791 3980 3095 4054 spectacula
3124 3980 3455 4035 theatrorum
3485 3978 3629 4033 insa-

2021 4082 2179 4137 nith
2204 4080 2484 4135 imitamini
2512 4120 2527 4146 ,
2558 4079 2647 4149 qui
2676 4089 2888 4132 summo
2916 4073 3094 4129 studio
3135 4071 3288 4143 quasi
3327 4072 3631 4141 composito

2021 4172 2163 4228 inter
2190 4186 2251 4227 se
2278 4172 2528 4242 agmine,
2558 4184 2677 4223 cum
2720 4166 2891 4238 prima
2936 4165 3056 4220 luce
3080 4162 3148 4219 ad
3191 4160 3453 4218 nefarium
3498 4159 3631 4215 illud

2021 4267 2388 4339 spectaculum
2435 4262 2799 4320 contuendum
2839 4265 3174 4329 exspectant.
3231 4256 3299 4311 At
3349 4254 3482 4310 nihil
3539 4254 3629 4313 illa

2022 4368 2210 4414 nostra
2236 4357 2611 4413 cohortatione
2632 4351 3018 4425 promovimus.
3045 4349 3249 4404 Idcirco
3278 4363 3460 4402 rursus
3484 4345 3629 4409 dico,

2022 4465 2196 4521 neque
2220 4448 2404 4503 dicere
2431 4446 2696 4511 desinam,
2719 4443 2893 4499 donec
2921 4455 3261 4514 persuasero.
3289 4436 3433 4494 Nihil
3461 4436 3627 4511 prod-

2022 4549 2106 4598 est
2148 4538 2469 4595 anscultatio
2494 4581 2508 4603 ,
2542 4536 2645 4591 nisi
2672 4536 2817 4591 illam
2845 4534 2988 4589 actio
3026 4532 3337 4588 comitetur.
3365 4530 3478 4585 lmo
3504 4544 3637 4587 vero

2024 4632 2324 4703 graviorem
2367 4631 2522 4687 nobis
2563 4644 2776 4701 pinnam
2822 4627 3089 4692 accersit,
3130 4641 3253 4679 eum
3292 4623 3485 4687 eadem
3529 4622 3639 4678 frc-

2024 4732 2255 4795 quenter
2279 4723 2558 4777 audientes
2584 4761 2599 4787 ,
2632 4719 2764 4776 nihil
2794 4734 2981 4775 eorum
3009 4726 3330 4796 praestamus
3355 4756 3372 4783 ,
3402 4731 3522 4786 qua:
3550 4714 3637 4773 di-

2024 4824 2237 4872 cuntur.
2278 4814 2345 4869 Et
2384 4828 2513 4868 vero
2554 4812 2727 4883 majus
2767 4810 3089 4885 supplicium
3133 4807 3415 4863 imminere
3440 4848 3456 4873 ,
3487 4806 3634 4872 audi

2024 4923 2133 4977 quo
2164 4915 2319 4977 pacto
2348 4905 2593 4961 Christus
2622 4903 2869 4963 indicet;
2890 4902 2970 4967 ,Si
3003 4917 3103 4955 non
3134 4900 3373 4956 venissem
3401 4940 3413 4963 ,
3460 4907 3507 4953 et
3554 4898 3635 4952 lo-

2026 5013 2213 5074 quutus
2240 5001 2449 5071 fuissem
2481 5000 2551 5054 eis
2575 5039 2591 5065 ,
2620 5006 2884 5068 peccatum
2909 5011 3013 5049 non
3036 4995 3279 5049 haberent
3308 5008 3326 5047 :
3364 5008 3497 5046 nunc
3544 5008 3641 5045 an-

2030 5105 2128 5147 tem
2154 5094 2530 5146 excusationem
2557 5106 2659 5150 non
2685 5087 2868 5143 habent
2888 5088 2956 5141 de
2976 5094 3182 5157 peccato
3207 5102 3297 5139 suo
3320 5083 3338 5153 (
3359 5082 3517 5137 Joan.
3547 5082 3635 5137 lii.

2027 5187 2100 5241 22
2126 5190 2166 5257 );
2198 5194 2254 5241 et
2282 5184 2557 5255 apostolus
2588 5181 2789 5254 pariter
2817 5203 2830 5238 :
2876 5178 2997 5233 Non
3034 5178 3168 5232 enim
3210 5178 3469 5231 auditores
3511 5174 3640 5244 legis

2020 5282 2150 5351 justi
2173 5290 2287 5335 sunt
2314 5278 2454 5350 apud
2480 5277 2684 5340 Deum,
2712 5275 2803 5329 sed
2847 5276 3065 5344 fartores
3103 5270 3229 5341 legis
3265 5267 3636 5340 justificabnu-

2030 5385 2112 5427 tur
2141 5373 2158 5445 (
2186 5372 2328 5426 Rom.
2364 5371 2416 5424 2.
2452 5370 2518 5424 15
2541 5369 2584 5440 ).
2631 5370 2775 5437 Atqu
2848 5363 3227 5445 ad_auditores
3272 5358 3499 5431 quidem
3533 5358 3633 5413 ista

2029 5466 2278 5521 dicuntur
2309 5483 2320 5516 :
2354 5463 2537 5516 volens
2562 5470 2740 5515 autem
2764 5437 3198 5513 conciotiatorem
3230 5454 3402 5529 ipsum
3432 5450 3629 5504 docere

2032 5573 2098 5610 nc
2128 5556 2226 5626 ipsi
2254 5553 2467 5623 quidem
2500 5553 2661 5607 ullam
2692 5566 2759 5607 ex
2792 5549 3030 5605 doctrina
3058 5588 3073 5615 ,
3123 5560 3282 5617 quam
3331 5540 3634 5598 communi—

2031 5659 2115 5701 cat
2141 5691 2153 5712 ,
2187 5648 2464 5701 utilitatem
2492 5660 2611 5699 esse
2638 5644 2989 5701 obventuram
3016 5680 3031 5706 ,
3077 5639 3121 5693 si
3162 5634 3629 5693 conversationem

2032 5757 2151 5795 cum
2178 5739 2416 5795 doctrina
2442 5753 2544 5792 non
2578 5736 2769 5792 habeat
2795 5734 3095 5805 copulatam
3123 5771 3137 5799 ,
3164 5738 3223 5785 et
3242 5727 3405 5783 vitam
3433 5738 3632 5781 conve-
