4212 6290
587 302 686 356 HQ

581 415 815 468 olentem
859 414 1086 469 orationi
1110 456 1122 477 ,
1162 414 1281 468 audi
1323 427 1428 483 quo
1462 421 1616 482 pacto
1657 411 1929 484 apostolus
1955 419 2004 466 et
2035 422 2161 481 pro-

583 504 740 572 pheta
773 505 823 557 in
854 503 997 558 illum
1025 503 1355 558 invehantur.
1386 503 1514 557 Nam
1546 503 1630 558 hic
1669 503 1881 574 quidem
1923 502 2002 556 sic
2039 501 2115 556 ait
2141 517 2158 558 :

589 592 847 648 Peccutori
876 605 1039 649 autem
1067 596 1194 647 dixit
1225 593 1360 648 Deus
1387 613 1405 648 :
1431 595 1600 662 Quare
1625 603 1676 647 tu
1706 610 1911 648 enarras
1934 591 2163 664 justitias

585 701 721 739 meas
743 726 758 749 ,
792 694 837 738 et
864 686 1078 737 assumis
1114 693 1460 738 testamentum
1500 701 1661 738 meum
1697 700 1784 753 per
1816 699 1872 736 os
1904 692 2082 749 tuum,
2109 691 2163 735 ω

584 792 698 830 vero
724 775 872 828 odisti
901 775 1221 843 disciplinam
1255 776 1272 846 (
1296 775 1438 830 I’sal.
1471 776 1557 830 49.
1593 777 1678 830 16.
1709 776 1770 829 Π
1797 774 1842 842 )?
1878 773 2164 843 Apostolus

583 877 758 921 autem
789 880 909 919 cum
942 866 992 918 in
1023 867 1241 920 eosdem
1271 868 1400 921 istos
1429 882 1612 920 rursus
1642 866 1906 919 invehitur
1929 904 1942 926 ,
1971 865 2063 934 qui
2093 864 2162 918 ob

584 955 879 1010 doctrinam
919 957 1199 1024 magnifice
1237 956 1303 1009 de
1349 971 1408 1010 se
1447 958 1718 1017 sentiunt,
1765 955 1835 1008 ita
1884 953 2163 1022 loquitur:

586 1045 812 1110 Conﬁdis
843 1047 1054 1114 teipsnm
1084 1064 1188 1100 esse
1211 1048 1386 1100 ducem
1411 1062 1655 1102 canorum
1679 1088 1694 1111 ,
1741 1047 1909 1099 lumen
1955 1061 2126 1098 eorum
2147 1086 2160 1105 ,

582 1136 668 1202 qni
713 1137 764 1188 in
801 1135 1014 1189 tettcbris
1049 1145 1162 1190 siml
1185 1178 1201 1202 ,
1243 1138 1540 1190 eruditorcm
1579 1136 1920 1206 insipientium
1943 1175 1958 1198 ,
2006 1136 2166 1204 magi-

586 1235 745 1278 strum
775 1228 1062 1296 infantium.
1101 1227 1202 1293 Qui
1240 1245 1360 1298 ergo
1401 1229 1558 1282 alium
1595 1229 1771 1293 doces,
1816 1227 2025 1297 teipsunt
2067 1244 2165 1280 non

588 1316 736 1370 doces
765 1315 952 1387 (Rom.
986 1317 1039 1371 9.
1077 1318 1311 1386 i9-2l)?

659 1408 882 1461 ια·ιὶοηὶ
909 1409 1194 1477 Scriptura:
1218 1410 1474 1462 addantur
1496 1410 1626 1463 bona
1649 1426 1818 1480 Opera.
1850 1438 1922 1448 —
1944 1406 2165 1472 Quando

588 1499 744 1567 igitur
785 1515 957 1568 neque
1003 1501 1131 1554 mihi
1170 1502 1258 1569 qui
1294 1501 1451 1566 dico,
1482 1501 1736 1570 prodesse
1781 1508 1987 1569 potest,
2026 1496 2166 1566 quod

587 1590 747 1642 verba
781 1588 966 1643 faciam
997 1630 1011 1654 ,
1045 1606 1216 1659 neque
1241 1590 1391 1644 vobis
1417 1591 1748 1645 audientibus
1772 1631 1786 1654 ,
1825 1589 1964 1658 quod
1987 1587 2169 1642 audia-

589 1681 656 1733 tis
680 1722 693 1744 ,
729 1681 827 1734 nisi
870 1682 1028 1736 dictis
1073 1683 1468 1752 obtemperetur
1490 1723 1508 1748 ,
1534 1682 1625 1737 sed
1659 1691 1713 1736 et
1764 1681 1930 1749 magis
1966 1679 2166 1734 conde-

587 1779 736 1824 mnat
767 1789 776 1824 :
811 1787 878 1825 ne
906 1771 1021 1825 sola
1057 1772 1326 1826 auditione
1357 1780 1506 1826 tenus
1525 1772 1754 1825 studium
1784 1769 2128 1824 exltibcamus
2151 1808 2166 1830 ,

589 1859 681 1913 sed
732 1861 981 1928 operibus
1027 1862 1187 1915 etiam
1235 1877 1295 1915 ea
1342 1877 1460 1931 qua:
1505 1860 1752 1916 dicuntur
1800 1861 2164 1914 observemus.

591 1955 794 2006 Brutum
823 1953 1038 2022 quidem
1087 1963 1170 2008 est
1209 1954 1475 2007 assiduam
1519 1967 1794 2006 sacrorum
1840 1951 2166 2018 eloquiortnn

587 2043 843 2097 auditioni
865 2059 1080 2112 operam
1102 2043 1228 2098 dare
1252 2061 1266 2108 ;
1291 2044 1384 2098 sed
1405 2054 1458 2098 et
1485 2046 1584 2097 hoc
1615 2044 1811 2097 bonum
1834 2043 2016 2096 inuti'e
2047 2041 2170 2095 red-

589 2132 732 2185 ditur
757 2175 768 2195 ,
796 2135 842 2186 si
870 2134 1206 2202 conjunctam
1235 2137 1512 2188 utilitatem
1545 2149 1649 2186 non
1678 2133 1906 2196 habeat,
1951 2147 2067 2200 qua:
2105 2146 2172 2185 ex

591 2221 892 2276 obedientia
919 2224 1172 2278 nascitur.
1200 2224 1276 2278 Ne
1301 2225 1461 2293 igitur
1489 2223 1574 2278 hic
1599 2223 1794 2277 frustra
1822 2220 2167 2285 conveniatis,

592 2314 734 2365 omni
764 2313 938 2366 studio
962 2353 978 2379 ,
1007 2313 1151 2382 quod
1177 2329 1204 2366 a
1250 2316 1399 2369 vobis
1436 2314 1682 2384 precibus
1711 2328 1851 2381 strpe
1879 2312 2127 2366 contendi
2151 2352 2167 2376 ,

594 2417 764 2469 neque
791 2403 1117 2457 contendere
1146 2403 1385 2458 desinam
1409 2445 1425 2469 ,
1465 2403 1652 2458 fratres
1695 2402 1848 2456 nobis
1884 2403 2128 2455 adducite
2152 2442 2167 2468 ,

593 2494 944 2548 eoltortamini
973 2504 1212 2550 errantes
1240 2537 1253 2560 ,
1285 2497 1563 2551 coosilium
1590 2497 1712 2550 date
1739 2513 1843 2550 non
1871 2495 2032 2550 verbo
2059 2505 2174 2548 tan-

591 2591 742 2647 tum,
785 2583 879 2637 sed
925 2585 1084 2638 etiam
1123 2601 1304 2654 opere.
1347 2586 1513 2655 Major
1545 2595 1626 2641 est
1656 2587 1750 2639 ista
1778 2585 2016 2638 doctrina
2058 2601 2173 2654 qua:

593 2674 832 2728 moribus
861 2715 874 2739 ,
904 2690 1022 2742 quae
1051 2678 1450 2729 conversatione
1482 2677 1766 2745 profertur.
1801 2677 1910 2729 Etsi
1941 2676 2068 2729 nihil
2094 2675 2171 2729 di-

592 2778 682 2817 cas
703 2802 722 2829 ,
753 2765 794 2817 si
826 2774 1026 2819 tantum
1054 2781 1214 2819 exeas
1239 2782 1268 2820 e
1294 2768 1513 2820 collecta
1541 2810 1553 2831 ,
1597 2779 1646 2821 et
1692 2778 1906 2821 externa
1953 2768 2130 2836 specie
2154 2809 2168 2832 ,

593 2865 810 2923 aspectu
837 2897 849 2918 ,
885 2871 1014 2909 voce
1039 2898 1052 2922 ,
1079 2857 1286 2910 incessu
1307 2899 1322 2920 ,
1349 2868 1403 2911 ct
1431 2869 1534 2911 tota
1565 2860 1762 2927 reliqua
1792 2859 2027 2911 nnzdrsta
2050 2873 2168 2912 cor-

597 2945 740 3013 poris
769 2947 1152 3013 compositione
1179 2949 1379 3002 lucrum
1406 2990 1420 3014 ,
1466 2951 1601 3016 quod
1647 2950 1767 3003 hinc
1809 2964 2055 3018 egressus
2093 2959 2169 3002 te-

595 3050 716 3088 cum
743 3037 967 3089 rctulisti
994 3077 1008 3100 ,
1039 3039 1290 3091 ostendas
1317 3039 1617 3094 hominibus
1643 3083 1657 3105 ,
1687 3043 1771 3108 qui
1801 3042 2038 3093 Colleelm
2067 3056 2170 3093 non

595 3124 984 3190 interfuerunt,
1015 3126 1079 3180 ad
1110 3127 1528 3182 coltortationem
1557 3139 1607 3182 et
1636 3131 1913 3183 consilium
1947 3131 1994 3182 id
2023 3130 2172 3183 suffi-

596 3213 686 3265 cit.
717 3213 807 3267 Sic
836 3217 975 3266 enim
1006 3215 1182 3284 egredi
1214 3232 1308 3268 nos
1332 3216 1452 3270 hinc
1477 3228 1682 3285 Oportet
1709 3259 1721 3283 ,
1747 3220 1892 3286 quasi
1918 3236 1982 3272 ex
2012 3221 2174 3272 sacris

597 3305 772 3372 adytis
801 3345 814 3367 ,
861 3308 1006 3373 quasi
1035 3306 1100 3359 de
1131 3306 1260 3359 calo
1285 3307 1526 3376 delapsos
1550 3350 1561 3371 ,
1611 3310 1962 3362 modestiores
2001 3309 2175 3363 reddi-

599 3405 679 3447 tos
707 3435 719 3456 ,
757 3394 1222 3463 pbilosOpltantt-s,
1267 3399 1537 3451 moderate
1565 3413 1624 3451 ac
1656 3408 1944 3466 templ-rate
1983 3411 2172 3453 cuncta

598 3485 664 3535 fat
684 3483 847 3537 ientes
876 3499 938 3537 ac
963 3485 1197 3538 dicentes
1225 3502 1236 3537 :
1266 3496 1316 3539 et
1345 3502 1478 3540 uxor
1508 3489 1752 3541 maritum
1786 3507 1812 3538 a
1845 3489 2063 3542 collecxa
2095 3506 2177 3544 re-

600 3573 877 3627 cedentem
907 3574 1090 3628 videns
1117 3617 1131 3640 ,
1166 3586 1218 3628 et
1251 3577 1412 3629 lilium
1446 3588 1594 3644 pater
1619 3619 1632 3640 ,
1677 3588 1728 3631 et
1764 3590 1963 3647 patrem
1999 3579 2136 3632 filius
2158 3622 2172 3642 ,

598 3675 650 3716 et
677 3664 949 3718 dominum
977 3681 1158 3718 servus
1184 3708 1199 3730 ,
1228 3675 1279 3719 et
1307 3667 1532 3721 amicum
1560 3670 1762 3722 amicus
1789 3712 1800 3731 ,
1831 3683 1882 3723 et
1908 3671 2176 3724 inimicum

602 3757 844 3809 inimicus
869 3796 884 3820 ,
910 3772 1094 3810 omnes
1121 3758 1356 3812 utilitatis
1386 3774 1597 3811 sensum
1627 3762 1836 3828 capiant
1859 3803 1873 3825 ,
1915 3778 2070 3830 quam
2112 3777 2175 3816 ex

605 3848 704 3900 hoc
733 3857 991 3901 conventu
1016 3849 1400 3916 reportavimus
1424 3866 1436 3902 :
1463 3851 1670 3918 eapient
1697 3861 1869 3903 autem
1895 3893 1908 3914 ,
1936 3858 1979 3905 si
2007 3853 2176 3906 mitio-

603 3955 710 4003 res,
735 3939 776 3990 si
807 3940 1167 4006 patientiores,
1195 3940 1235 3990 si
1271 3940 1626 4008 religiosiores
1666 3955 1758 3993 vos
1802 3940 1967 3994 factos
2003 3942 2175 3994 anim-

604 4030 897 4081 advertant.
951 4028 1129 4094 Cogita
1188 4029 1380 4097 quibus
1439 4032 1704 4100 mysteriis
1767 4031 2025 4085 interesse
2089 4031 2178 4086 tibi

600 4117 782 4172 datum
816 4119 883 4170 sit
907 4159 922 4182 ,
957 4118 1046 4186 qtti
1092 4119 1325 4171 initiatus
1367 4135 1424 4171 es
1449 4157 1465 4184 ,
1509 4135 1627 4172 cum
1664 4121 1854 4188 quibus
1901 4137 1986 4190 my
2021 4121 2178 4177 ticum

606 4207 749 4260 illutn
778 4215 988 4260 cantum
1019 4207 1212 4262 offeras
1234 4249 1246 4270 ,
1291 4223 1409 4262 cum
1438 4211 1626 4278 quibus
1672 4220 1752 4265 tcr
1793 4222 2033 4266 sanctum
2080 4212 2176 4282 lty-

605 4315 789 4352 tnnum
824 4301 1150 4367 pronunties.
1194 4301 1332 4354 Doce
1360 4303 1622 4369 profanos,
1658 4313 1706 4356 te
1747 4321 1866 4356 (:llllt
1901 4305 2180 4371 Seraphitu

603 4390 824 4444 choreas
852 4390 1079 4458 agitasse
1104 4431 1117 4453 ,
1149 4401 1198 4443 te
1225 4390 1288 4444 ad
1317 4391 1585 4445 caelestem
1611 4397 1858 4464 populum
1893 4398 2179 4462 pertinere,

602 4490 654 4534 te
703 4481 754 4534 itt
797 4482 1020 4536 chorum
1061 4484 1368 4552 angelorum
1409 4484 1733 4554 adscriptum
1777 4501 1935 4554 esse,
1966 4497 2016 4544 te
2061 4505 2179 4542 eum

605 4574 828 4628 Domino
859 4574 1219 4642 colloquutnnt
1249 4591 1365 4629 esse
1388 4617 1403 4641 ,
1437 4585 1486 4631 te
1516 4594 1633 4630 cum
1661 4578 1875 4633 Christo
1903 4597 2020 4636 esse
2049 4600 2181 4638 con-

600 4678 863 4733 gressum.
895 4664 952 4719 Si
993 4680 1091 4718 nos
1127 4665 1195 4720 ita
1232 4670 1687 4737 composuerimus
1710 4712 1726 4736 ,
1771 4671 1902 4726 nihil
1945 4676 2183 4731 oratione

600 4768 735 4821 opus
778 4755 881 4808 erit
927 4770 1049 4824 erga
1095 4755 1248 4820 illos,
1282 4758 1368 4827 qui
1410 4775 1513 4813 non
1557 4760 1949 4829 interfuerunt,
1996 4765 2087 4818 sed
2117 4783 2182 4821 ex

601 4844 838 4913 profecw
881 4855 1065 4901 nostro
1107 4845 1368 4916 jacturam
1415 4866 1567 4908 suam
1610 4854 2032 4910 animadverterit
2065 4899 2080 4924 ,
2130 4868 2184 4912 et

598 4933 878 4989 confestim
907 4948 1182 4992 accurrent
1210 4978 1229 5005 ,
1258 4948 1313 4993 ut
1357 4941 1543 4995 iisdem
1584 4945 1877 4999 commodis
1903 4950 2182 5016 perfruan-

605 5036 707 5078 tur.
742 5023 872 5080 Cutn
899 5029 1038 5081 enim
1065 5030 1252 5083 anima:
1275 5043 1465 5086 vestra:
1493 5033 1936 5102 pulchritudinem
1958 5055 2021 5094 ex
2052 5041 2182 5110 ipsis

604 5115 848 5171 sensibus
876 5117 1101 5173 viderint
1131 5121 1451 5176 relucentem
1479 5165 1492 5188 ,
1523 5124 1647 5178 licet
1674 5128 1908 5182 omnium
1939 5131 2043 5184 sint
2070 5143 2182 5186 Sillo

607 5212 863 5281 pidissimi
892 5257 905 5277 ,
938 5216 1003 5268 ad
1030 5218 1371 5286 cupiditatem
1395 5223 1573 5277 eximii
1608 5227 1765 5279 vestri
1796 5225 2001 5280 decoris
2031 5242 2184 5281 exar-

601 5305 839 5358 descent.
872 5305 926 5361 Si
967 5307 1106 5362 enim
1153 5308 1321 5363 forma
1360 5315 1598 5383 corporis
1638 5316 1836 5370 excitat
1880 5318 2178 5383 intuentes,

605 5395 771 5449 multo
807 5398 974 5466 magis
1013 5400 1206 5454 animze
1248 5403 1582 5472 pulchritudo
1624 5418 1971 5474 spectatorem
2011 5421 2182 5477 potest

604 5501 943 5543 commovere
965 5531 980 5556 ,
1012 5502 1170 5562 atque
1212 5494 1276 5546 ad
1317 5495 1543 5552 similem
1585 5499 1754 5553 zelum
1788 5501 2006 5554 hortari.
2038 5501 2178 5557 inte-

606 5577 800 5632 riorem
832 5578 991 5649 igitur
1035 5582 1301 5640 hominem
1339 5597 1576 5644 nostrum
1625 5606 1942 5648 cxornomus
1967 5634 1983 5658 ,
2013 5603 2066 5649 et
2090 5611 2181 5650 co-

607 5681 722 5722 rum
761 5686 875 5742 qua:
920 5671 1005 5729 hic
1050 5672 1190 5731 dicta
1235 5677 1427 5734 fuerint
1467 5679 1593 5736 foris
1639 5682 2021 5740 recordemur:
2073 5687 2176 5742 illic

1316 303 1373 359 S.
1413 299 1692 359 JOANNIS
1732 296 2207 355 (ιιιιιῑδοετοδιι
2243 296 2556 354 ARCIIIEP.
2601 298 3138 358 CONSTANTINOP.

3747 299 3850 355 180

2272 409 2414 464 enim
2445 420 2500 466 ut
2543 412 2774 468 maxime
2814 427 3080 467 memores
3114 413 3280 468 simus
3312 422 3517 483 tempus
3553 417 3750 486 exigit;
3796 427 3852 471 et

2266 499 2714 568 quemadmodum
2745 500 2942 556 athleta
2965 541 2980 564 ,
3015 516 3136 572 quae
3179 503 3238 557 in
3286 503 3523 572 palasstra
3564 505 3850 568 didicerit,

2267 600 2452 641 eorum
2485 587 2536 641 itt
2568 589 2948 645 certaminibus
2973 593 3242 660 specimen
3268 592 3378 646 edit
3411 609 3424 644 :
3459 594 3535 647 sic
3565 607 3662 647 nos
3687 595 3853 648 etiam

2267 692 2386 746 quae
2429 677 2514 732 hic
2551 680 2837 748 audimus,
2882 682 2936 736 in
2975 684 3212 738 externis
3256 685 3482 754 itegotiis
3518 697 3730 755 Oportet
3760 699 3836 738 os

2269 765 2505 822 tendere.

2338 856 2390 910 5.
2420 857 2624 914 Memor
2653 859 2813 930 igitur
2836 877 3021 917 eorum
3061 871 3176 917 esto
3201 879 3319 932 qua:
3366 864 3450 918 hic
3489 864 3757 928 dicuntur,
3799 873 3859 917 ut

2268 960 2386 1000 cum
2412 963 2658 1017 egressus
2683 951 2866 1018 fueris,
2899 961 2953 1007 et
2983 963 3033 1008 te
3062 953 3301 1008 diabolus
3334 956 3413 1009 vel
3461 971 3555 1023 per
3583 958 3738 1020 iram,
3775 958 3860 1009 vel

2270 1051 2366 1104 per
2392 1039 2601 1093 inanem
2627 1041 2871 1109 gloriam,
2897 1043 2978 1097 vel
3015 1059 3109 1112 per
3123 1044 3279 1097 aliam
3306 1044 3534 1112 aliquam
3556 1047 3859 1113 passionem

2272 1127 2542 1195 invaserit,
2571 1132 2688 1198 ejus
2717 1131 2972 1187 doctrina:
2999 1149 3224 1196 memor,
3251 1149 3354 1202 qua
3385 1135 3469 1188 hic
3517 1135 3748 1188 imbutus
3777 1151 3859 1198 es,

2270 1214 2421 1272 facile
2458 1221 2630 1286 possis
2674 1222 2794 1274 tnali
2836 1222 3064 1291 laqueos‘
3091 1233 3146 1277 et
3183 1239 3355 1278 nexus
3387 1224 3633 1278 evadere.
3673 1224 3864 1282 Nonne

2271 1305 2458 1360 videtis
2475 1306 2526 1361 in
2546 1309 2730 1364 stadiis
2754 1313 3072 1380 ptedotribas
3092 1329 3154 1368 ac
3175 1315 3432 1383 pabestraa
3457 1314 3759 1382 magistros,
3772 1316 3864 1383 qui

2270 1412 2388 1450 cum
2415 1410 2532 1466 post
2557 1401 2700 1454 mille
2730 1404 3019 1456 certamina
3061 1405 3392 1456 vacationem
3435 1403 3689 1473 deinceps
3718 1421 3746 1456 a
3779 1404 3866 1457 lu-

2271 1488 2371 1542 etis
2408 1489 2666 1545 beneficio
2706 1492 2876 1545 aztatis
2919 1495 3244 1564 acceperint,
3291 1505 3443 1548 extra
3485 1495 3712 1548 stadium
3757 1510 3866 1548 non

2274 1575 2427 1646 longe
2456 1578 2524 1632 ab
2547 1579 2662 1648 ipso
2693 1581 2909 1649 pulvere
2941 1582 3191 1637 sedentes
3233 1584 3295 1636 iis
3325 1584 3414 1652 qui
3455 1594 3580 1638 sunt
3620 1586 3761 1638 intus
3803 1600 3869 1640 ac

2272 1665 2548 1722 decertant
2573 1669 2849 1724 clamando
2866 1685 3167 1740 suggerere,
3197 1681 3483 1727 ntmanum
3509 1675 3865 1743 prehendunt,

2273 1768 2329 1812 ut
2358 1774 2481 1814 crus
2513 1761 2800 1826 attraltant,
2835 1773 2892 1817 ut
2920 1764 3137 1818 dorsum
3165 1765 3436 1832 invadant,
3476 1775 3531 1820 ct
3566 1767 3666 1820 alia
3699 1767 3869 1820 multa

2273 1852 2533 1919 ejusmodi
2563 1865 2860 1919 monentes,
2894 1857 2938 1910 si
2971 1855 3072 1909 hoc
3099 1856 3182 1909 vel
3213 1855 3344 1909 illud
3372 1856 3584 1922 feceris,
3615 1856 3871 1910 adversa-

2274 1944 2410 1996 rium
2441 1943 2593 1998 facile
2619 1946 2670 1998 itt
2701 1955 2896 2000 terram
2929 1946 3186 2001 extendes
3214 1963 3227 1999 :
3257 1946 3357 2000 bac
3384 1947 3588 2001 ratione
3633 1945 3872 2015 discipu-

2277 2035 2340 2089 lis
2399 2037 2759 2106 maximopere
2802 2039 3094 2107 prodesse?
3145 2038 3222 2093 Tu
3263 2055 3475 2109 quoque
3519 2041 3872 2109 p:edotribam

2276 2133 2423 2180 tuum
2455 2127 2664 2182 beatum
2695 2129 2914 2183 Paulum
2943 2131 3172 2194 intuere,
3202 2132 3289 2199 qui
3317 2142 3438 2200 post
3459 2147 3686 2186 coronas
3715 2134 3875 2188 innu-

2276 2231 2470 2280 meras,
2499 2223 2649 2272 extra
2699 2220 2928 2274 stadium
2973 2236 3114 2275 nunc
3157 2222 3465 2284 consideus,
3519 2221 3619 2276 hoc
3661 2232 3765 2287 est,
3803 2237 3875 2278 ex

2277 2303 2374 2358 hac
2400 2306 2500 2359 viza
2529 2322 2776 2376 egressus
2801 2309 3128 2362 certantibus
3147 2310 3297 2364 nobis
3313 2311 3590 2365 clamando
3615 2311 3874 2383 suggerit,

2275 2407 2328 2451 et
2352 2413 2444 2466 per
2471 2400 2725 2468 epistolas
2750 2416 2874 2456 suas
2900 2402 3238 2469 vociferatur,
3269 2419 3389 2457 cum
3413 2415 3688 2474 correptos
3707 2407 3775 2458 ab
3796 2406 3875 2459 ira

2277 2492 2486 2554 viderit,
2517 2493 2586 2544 ab
2617 2493 2924 2560 injuriarum
2949 2497 3228 2560 memoria,
3275 2503 3434 2564 atque
3462 2510 3493 2548 a
3536 2495 3878 2563 passionibus

2279 2596 2585 2650 oppressos,
2631 2582 2692 2637 Si
2716 2585 2944 2638 esurierit
2985 2585 3220 2638 inimicus
3239 2594 3374 2645 tuus.
3399 2586 3508 2639 ciba
3533 2587 3676 2639 illum
3695 2586 3875 2655 (Rom.

2283 2672 2365 2724 li.
2399 2671 2470 2725 20
2491 2670 2533 2742 ).
2568 2673 2633 2727 Et
2657 2675 3102 2742 quematltnodum
3140 2676 3267 2730 dicit
3305 2677 3565 2744 palzestra:
3599 2679 3878 2746 magister.

2278 2761 2320 2813 si
2367 2761 2468 2815 hoc
2513 2763 2593 2816 vel
2619 2761 2745 2816 illud
2788 2765 3001 2831 feceris,
3055 2765 3419 2819 adversarium
3459 2766 3759 2835 superabis,
3805 2767 3879 2821 ita

2278 2851 2490 2920 subjicit
2521 2853 2605 2907 Itie
2633 2870 2844 2924 quoque
2875 2873 2888 2904 2
2929 2855 3037 2908 [loc
3066 2857 3198 2908 enim
3237 2858 3450 2926 faciens,
3476 2858 3716 2912 carbones
3739 2861 3880 2928 ignis

2279 2958 2511 3011 congeres
2531 2961 2680 3014 super
2703 2955 2854 3014 caput
2872 2948 2998 3011 ejus.
3029 2946 3223 3001 Verum
3255 2948 3380 3000 dum
3405 2948 3572 3016 legem
3598 2964 3878 3016 percurro,

2278 3036 2500 3100 quaestio
2541 3036 2694 3088 nobis
2723 3037 2973 3102 occurrit,
3029 3055 3148 3105 qua:
3188 3054 3250 3092 es
3300 3039 3411 3107 ipsa
3460 3041 3606 3094 nasci
3644 3039 3877 3107 videtur,

2281 3136 2333 3176 et
2381 3127 2558 3178 multis
2611 3126 2865 3180 adversus
2922 3128 3138 3180 Paulum
3194 3129 3628 3196 reprehensionis
3689 3145 3880 3185 ansam

2283 3217 2605 3282 suppeditat,
2631 3234 2784 3286 quatn
2811 3219 3069 3273 hodierno
3086 3220 3172 3278 die
3201 3219 3358 3273 statui
3381 3221 3531 3274 vobis
3555 3222 3606 3275 itt
3641 3223 3879 3276 medium

2283 3305 2492 3359 afferre.
2527 3308 2660 3374 Quid
2707 3323 2834 3376 ergo
2861 3309 3073 3363 tandem
3113 3319 3214 3374 est,
3252 3311 3390 3380 quod
3435 3323 3642 3368 mentes
3690 3328 3880 3367 eorum

2288 3405 2469 3462 terret,
2499 3400 2588 3467 qui
2618 3399 2898 3468 diligenter
2922 3403 3098 3456 omnia
3131 3404 3314 3456 nolunt
3344 3404 3630 3458 excutere?
3650 3405 3781 3459 Cum
3811 3405 3883 3459 ab

2287 3488 2360 3539 ira
2391 3499 2665 3544 revocaret
2695 3490 2914 3557 Paulus,
2959 3493 3150 3561 inquit,
3195 3503 3247 3546 et
3279 3504 3334 3546 ut
3365 3495 3625 3548 mansueti
3670 3505 3880 3560 essent,

2285 3591 2347 3631 ac
2395 3580 2621 3633 modesti
2669 3596 2792 3651 erga
2848 3585 3140 3650 proximos,
3186 3584 3457 3646 suaderet,
3494 3585 3612 3639 illos
3648 3585 3880 3653 amplius

2285 3670 2616 3732 exasperavit
2646 3680 2697 3724 et
2726 3671 2994 3726 iracundia
3037 3672 3402 3729 inflammavit.
3431 3674 3582 3740 Quod
3617 3675 3758 3727 enim
3790 3675 3878 3727 di-

2285 3762 2378 3820 xit,
2401 3762 2458 3813 Si
2483 3762 2711 3814 esuricrit
2741 3763 2972 3818 inimicus
2999 3775 3136 3829 tuus,
3159 3765 3266 3817 ciba
3287 3765 3456 3829 illum;
3484 3766 3527 3818 si
3548 3766 3670 3830 sitit,
3704 3777 3882 3834 potum

2285 3851 2351 3900 du
2378 3851 2473 3914 illi,
2503 3854 2813 3920 praeclarum
2848 3854 3151 3907 mandatum
3179 3864 3279 3919 est,
3309 3865 3361 3908 et
3391 3855 3740 3924 philosOphim
3768 3857 3882 3925 ple-

2285 3956 2438 4007 uutn,
2467 3958 2530 3996 ac
2580 3953 2691 3997 tum
2725 3947 2923 4016 agenti,
2997 3957 3105 4000 tum
3153 3948 3372 4017 patienti
3437 3949 3665 4016 perutile
3697 3968 3708 4002 :
3738 3950 3883 4018 quod

2290 4053 2416 4090 vero
2463 4037 2655 4091 deinde
2705 4039 2964 4107 sequitur,
3012 4041 3230 4093 multam
3286 4041 3444 4093 habet
3487 4040 3881 4106 difficultatem,

2289 4132 2615 4199 minimeque
2662 4132 2870 4185 videtur
2912 4147 3032 4185 cum
3064 4133 3202 4199 ejus,
3233 4133 3320 4198 qui
3353 4132 3526 4201 priora
3554 4132 3708 4193 dixit.
3756 4147 3883 4187 sen-

2291 4216 2452 4274 tentia
2470 4223 2774 4276 convenire.
2793 4222 3055 4289 Quidnam
3086 4237 3212 4276 vero
3235 4222 3361 4277 illud
3387 4231 3466 4274 est
3489 4223 3511 4274 ?
3538 4221 3690 4288 Quod
3715 4222 3880 4287 dicat,

2291 4311 2404 4364 Hoc
2424 4323 2587 4364 mitem
2617 4315 2824 4381 faciens,
2869 4314 3107 4366 cmbones
3137 4314 3266 4383 ignis
3288 4330 3527 4383 congeres
3551 4330 3702 4382 super
3728 4324 3885 4383 caput

2291 4402 2419 4469 ejus.
2448 4401 2539 4453 llis
2588 4405 2727 4456 enim
2776 4404 2952 4456 verbis
3005 4416 3056 4457 et
3098 4419 3218 4456 eum
3247 4405 3333 4473 qni
3379 4405 3486 4474 agit
3527 4414 3582 4459 et
3624 4421 3746 4458 eum
3789 4407 3882 4474 qui

2291 4494 2488 4560 patitur
2509 4493 2670 4547 allicit
2698 4495 2908 4562 injuria,
2936 4510 3054 4548 cum
3081 4495 3229 4549 istius
3252 4507 3408 4563 caput
3433 4507 3640 4558 exurat,
3664 4504 3721 4550 et
3746 4497 3883 4565 ignis

2288 4586 2547 4639 Carbones
2585 4586 2836 4653 imponat.
2881 4586 3031 4653 Quod
3067 4588 3207 4640 enim
3240 4597 3441 4641 tantum
3479 4587 3676 4642 bonum
3715 4589 3883 4643 obve-

2289 4677 2418 4741 niat,
2450 4691 2513 4730 ex
2543 4691 2606 4730 eo
2630 4677 2769 4746 quod
2801 4678 3006 4732 cibetur
3031 4688 3085 4730 et
3113 4686 3343 4746 potetur,
3373 4689 3628 4747 quantum
3682 4677 3883 4732 malum

2288 4783 2355 4822 ev
2385 4770 2806 4823 accumulalione
2827 4772 3115 4824 carbonum
3139 4771 3161 4822 ’ἶ
3185 4771 3368 4838 Itaque
3400 4770 3547 4822 illmn
3587 4770 3676 4839 qui
3722 4770 3887 4825 bene-

2290 4861 2410 4914 licio
2440 4861 2684 4927 afficitur,
2715 4862 2902 4930 inquit,
2928 4860 3027 4916 hoc
3059 4871 3211 4928 pacto
3231 4863 3394 4916 allicit
3432 4861 3644 4930 injuria,
3674 4875 3796 4915 cum
3830 4861 3885 4915 itt

2289 4953 2459 5021 majus
2479 4953 2790 5021 supplicium
2815 4955 2959 5007 illum
2987 4955 3268 5021 conjiciat;
3299 4969 3421 5008 eum
3444 4968 3571 5008 vero
3599 4955 3686 5023 qui
3713 4953 3885 5009 bene-

2288 5041 2465 5096 ﬁcium
2493 5043 2731 5106 contulit,
2789 5044 2891 5096 alio
2934 5059 3116 5097 rursus
3173 5043 3332 5098 modo
3369 5045 3533 5097 laedit.
3567 5044 3702 5111 Quid
3737 5045 3886 5100 enim

2289 5135 2488 5189 referre
2511 5135 2640 5188 lucri
2670 5144 2845 5204 potest
2871 5149 2934 5187 ex
2963 5149 3048 5198 eo,
3077 5135 3216 5202 quod
3243 5133 3310 5189 de
3342 5134 3569 5189 inimicis
3590 5135 3730 5190 bene
3766 5150 3885 5190 meo

2291 5236 2490 5291 reatur,
2537 5242 2655 5280 cunt
2691 5227 2815 5280 illttd
2856 5242 2951 5293 spe
2983 5226 3224 5294 supplicii
3267 5225 3466 5280 faciat?
3511 5226 3643 5281 Nam
3674 5226 3761 5295 qui
3798 5227 3885 5281 id-

2286 5319 2427 5372 circo
2456 5318 2596 5372 cibat
2640 5319 2718 5374 vel
2757 5328 2902 5389 potat
2928 5318 3221 5382 inimicum,
3253 5329 3310 5371 ut
3351 5318 3402 5370 in
3431 5327 3590 5387 caput
3617 5317 3733 5387 ejus
3757 5333 3886 5373 car-

2287 5409 2454 5464 bones
2483 5422 2756 5479 congerat,
2782 5425 2887 5464 non
2917 5410 3178 5480 benignus
3205 5420 3258 5464 et
3286 5411 3546 5476 clemens,
3571 5409 3664 5464 sed
3683 5411 3885 5467 crude-

2287 5500 2353 5554 lis
2384 5509 2466 5556 est
2493 5513 2546 5556 et
2573 5501 2793 5556 immitis
2819 5502 2907 5574 qui
2959 5517 3056 5570 per
3101 5504 3349 5571 exiguum
3391 5501 3703 5557 beneficium
3751 5517 3884 5574 sup-

2287 5595 2504 5665 plicium
2533 5594 2850 5652 immensum
2885 5593 3098 5650 inferat.
3131 5594 3266 5661 Quid
3307 5593 3448 5649 enim
3489 5594 3730 5663 asperius
3765 5596 3887 5650 fieri

2288 5695 2459 5756 potest
2507 5702 2591 5753 eo,
2623 5689 2707 5752 qui
2739 5697 3016 5756 propterea
3051 5689 3280 5757 nutriat,
3307 5699 3364 5742 ut
3391 5687 3440 5743 in
3469 5696 3626 5758 caput
3652 5688 3768 5754 ejus
3793 5689 3889 5757 qui
