4212 6290
685 307 796 364 481
1381 313 1458 369 -S.
1497 308 1785 372 JOANNIS
1817 304 2308 365 CHRYSOSTOII
2349 304 2666 362 ARCIIIEP.
2699 306 3249 364 CONSTANTINOP.

691 416 1033 489 τρεφομένου
1058 417 1332 490 κεφαλήνς
1361 415 1426 470 ’Π
1454 417 1553 489 μέν
1581 412 1676 472 οὖν
1699 416 1969 498 ἀντίθεσις
1999 415 2137 487 αὕτη
2158 430 2173 446 ο
2196 415 2279 470 δεῖ

692 501 753 556 δέ
779 500 963 557 λοιπον
993 502 1091 574 τὴν
1119 500 1273 555 λύσιν
1301 502 1626 569 ἐπαγαγεῖν,
1649 501 1739 556 ῖνα
1767 501 1836 555 δι’
1865 500 2042 565 αὐτῶν
2072 497 2278 556 τούτων

695 580 810 637 τῶν
837 583 1138 642 δοκούντων
1163 581 1630 654 ἐπιλαμϐάνεσθαι
1650 583 1760 640 τῶν
1784 581 1878 641 τοῦ
1909 582 2074 655 νόμου
2099 600 2279 655 γραμ-

698 666 885 736 μάτων
909 666 1023 738 ίδῃς
1053 663 1299 738 ἀκριϐῶς
1331 665 1424 720 τοῦ
1457 665 1746 738 νομοθέτου
1779 668 1879 740 τὴν
1911 666 2103 736 σοφίαν
2136 667 2279 721 ἄπα-

695 765 814 804 σαν.
849 749 947 815 τίς
978 746 1074 805 οὖν
1100 749 1248 805 ἐστιν
1274 754 1308 822 ή
1332 750 1516 818 λύσις;
1845 813 1850 818 ,

764 835 977 891 Συνεῖδε
1009 837 1170 892 τοῦτο
1205 837 1388 903 καλῶς
1429 842 1458 893 6
1503 840 1678 909 μέγας
1711 838 1806 893 καὶ
1851 831 2099 908 γενναῖος
2137 837 2280 911 ἀνὴρ

693 925 920 987 ἐκεῖνος,
943 923 1024 979 δτι
1052 923 1193 997 βαρὺ
1215 926 1308 979 καὶ
1337 924 1572 996 χαλεπὸν
1601 926 1855 998 πρᾶγμα,
1873 925 2054 997 ἐχθρῷ
2081 924 2280 980 καταλ-

692 1007 925 1080 λαγῆναι
957 1010 1199 1082 ταχέωςο
1231 1010 1371 1084 βαρὺ
1400 1010 1458 1064 δέ
1490 1013 1585 1065 καὶ
1613 1010 1869 1082 χαλεπὸν,
1898 1013 1959 1066 οὐ
2001 1011 2153 1084 παρά
2181 1011 2279 1083 τὴν

689 1099 902 1153 οἰκείαν
926 1099 1107 1169 φύσιν,
1143 1097 1279 1153 ἀλλά
1319 1098 1474 1170 παρά
1503 1098 1602 1171 τὴν
1634 1100 1909 1173 ῥᾳθυμίαν
1955 1100 2054 1173 τὴν
2080 1101 2280 1173 ἡμετέ-

694 1204 816 1258 ραν.
847 1186 1017 1251 Αὐτὸς
1059 1186 1116 1240 δέ
1153 1187 1272 1256 οὐχὶ
1310 1186 1718 1257 καταλλαγῆναι
1774 1188 1933 1258 μόνον
1967 1188 2277 1254 ἐκέλευσεν,

693 1274 830 1327 ἀλλά
862 1273 955 1327 καὶ
983 1272 1202 1345 θρέψαι,
1233 1273 1261 1326 ὃ
1291 1274 1424 1327 πολὺ
1448 1273 1541 1327 τοῦ
1571 1273 1840 1347 προτέρου
1863 1275 2162 1348 βαρύτερον
2187 1272 2274 1349 ἦν.

695 1360 760 1416 Εἰ
793 1358 901 1432 γάρ
930 1359 1224 1430 βλέποντες
1255 1360 1416 1430 μόνον
1439 1362 1567 1424 τοὺς
1594 1361 1973 1434 λελυπηκότας
2003 1361 2148 1427 τινές
2186 1364 2279 1419 ἐκ⁶

690 1444 1028 1517 θηριοῦνται,
1059 1447 1178 1511 πῶς
1219 1448 1285 1502 ἂν
1318 1448 1525 1502 εἴλοντο
1559 1446 1757 1519 θρέψαι
1794 1451 2130 1515 πεινῶνταςς
2168 1452 2281 1505 Και

675 1532 747 1587 ητί
776 1533 941 1602 λέγω,
969 1533 1294 1606 βλέποντεςς
1326 1535 1424 1588 “Av
1467 1534 1679 1607 μνησθῇ
1709 1551 1794 1598 τις
1826 1535 2025 1601 αὐτῶν,
2061 1537 2154 1590 καὶ
2179 1537 2280 1609 τὴν

695 1623 1070 1695 προσηγορίαν
1114 1625 1194 1686 είς
1238 1622 1402 1693 μέσον
1448 1623 1647 1695 ἐνέγκῃ
1704 1623 1885 1693 μόνον,
1926 1626 2145 1680 ἀνανεοῖ
2181 1627 2282 1698 τὴν

697 1709 913 1781 πληγὴν
947 1713 1049 1783 τῆς
1089 1710 1328 1775 διανοίας
1383 1713 1554 1783 ημῖν,
1609 1710 1703 1765 καὶ
1758 1713 1930 1782 μείζω
1979 1716 2125 1768 ποιεῖ
2181 1715 2282 1787 τὴν

691 1795 1027 1868 φλεγμονήν.
1054 1797 1218 1852 ταῦτ’
1243 1794 1338 1852 οῦν
1379 1798 1597 1852 ἄπαντα
1623 1796 1852 1852 συνιδὼν
1872 1800 1902 1850 6
1928 1799 2159 1866 Παῦλος,
2188 1802 2283 1856 καὶ

698 1884 1019 1960 βουλόμενος
1045 1887 1107 1942 τὸ
1137 1888 1582 1959 δυσκατόρθωτον
1620 1886 1778 1943 τοῦτο
1804 1889 1898 1943 καὶ
1932 1890 2169 1960 χαλεπὸν
2196 1889 2285 1944 εὐ-

696 1979 854 2033 κολον
893 1978 1116 2051 ποιῆσαι
1150 1979 1245 2033 καὶ
1281 1978 1484 2051 ῥᾴδιον,
1516 1978 1610 2032 καὶ
1643 1981 1827 2033 πεῖσαι
1857 1979 1948 2034 τὸν
1977 1981 2109 2052 μηδέ
2157 1982 2284 2037 ἰδεῖν

695 2068 1024 2142 ἀνεχόμενον
1046 2069 1138 2123 τὸν
1165 2069 1359 2140 ἐχθρὸν
1391 2071 1471 2134 εἰς
1494 2069 1814 2141 εὐεργεσίαν
1841 2053 1993 2142 [166]
2016 2071 2113 2143 τὴν
2137 2073 2283 2126 ἐκεί-

695 2177 790 2215 νου
817 2158 1140 2229 γενέσθαιι,
1166 2161 1294 2225 τοὺς
1338 2160 1614 2232 ἄνθρακας
1659 2160 1824 2231 ἔθηκε
1865 2160 1959 2216 τοῦ
1994 2163 2186 2235 πυρὸς,
2215 2165 2282 2219 ῖν⁴

680 2251 877 2307 ’ἐλπίδι
909 2254 1007 2325 τῆς
1042 2252 1314 2326 τιμωρίας
1361 2254 1726 2325 προτραπεὶς,
1774 2254 2053 2327 ἐπιδράμῃ
2085 2259 2152 2328 τῇ
2188 2255 2281 2310 τοῦ

695 2341 1067 2416 λελυπηκότος
1092 2344 1396 2416 εὐεργεσίᾳ..
1419 2346 1530 2400 Καὶ
1558 2344 1813 2417 καθάπερ
1834 2346 1863 2397 6
1884 2345 2067 2410 άλιεὺς
2093 2347 2284 2401 πάντο-

694 2435 790 2492 θεν
839 2436 902 2490 τὸ
947 2436 1243 2508 ἄγκιστρον
1291 2435 1658 2507 περιστέλλων
1694 2436 1770 2507 τῷ
1817 2436 2057 2502 δελέατι,
2110 2455 2283 2508 προσ-

695 2525 877 2598 τίθησι
898 2528 1011 2590 τοῖς
1047 2526 1279 2597 ἰχθύσιν,
1314 2526 1403 2580 ῖνα
1423 2525 1790 2597 προσδραμὼν
1814 2529 1880 2598 τῇ
1910 2526 2132 2598 συνήθει
2159 2544 2276 2599 τροο

693 2617 797 2687 φῇ,
828 2614 897 2668 δι’
930 2616 1147 2685 ἐκείνης
1177 2613 1293 2685 ἀλῷ
1320 2616 1416 2668 καὶ
1445 2615 1758 2685 κατασχεθῇ
1793 2615 2012 2686 ῥαδίωςο
2048 2614 2192 2670 οῦτω
2219 2615 2284 2687 δὴ

695 2707 793 2761 καὶ
830 2708 857 2761 6
902 2705 1134 2770 Παῦλος,
1168 2705 1490 2776 βουλόμενος
1531 2707 1610 2769 εἰς
1640 2706 1738 2777 τὴν
1766 2706 2083 2777 εὐεργεσίαν
2125 2706 2272 2778 έμϐιυ

697 2797 864 2851 ϐάσαι
901 2796 995 2851 τοῦ
1063 2797 1382 2866 ἠδικηκότος
1420 2797 1512 2849 τὸν
1554 2795 1879 2866 ἠδικημένον
1902 2836 1916 2861 ,
1973 2797 2035 2850 οὐ
2076 2797 2283 2868 γυμνὸν

696 2885 1027 2957 προστίθησι
1051 2886 1112 2939 τὸ
1138 2885 1240 2956 τῆς
1270 2885 1588 2954 φιλοσοφίας
1614 2885 1930 2956 ἄγκιστρον,
1954 2887 2070 2940 ἀλλ’
2091 2887 2282 2960 ῶσπερ

692 2975 802 3032 τινὶ
840 2976 1087 3043 δελέατι,
1137 2980 1250 3041 τοῖς
1292 2976 1519 3049 ἄνθραξι
1552 2976 1646 3031 τοῦ
1696 2975 1867 3049 πυρὸς
1913 2978 2279 3050 περιστείλας,

695 3067 858 3124 καλεῖ
893 3069 992 3141 μέν
1018 3068 1110 3122 τὸν
1140 3067 1556 3140 ἐπηρεασθέντα
1582 3070 1649 3138 τῇ
1673 3067 1773 3137 τῆς
1803 3067 2079 3131 κολάσεως
2107 3068 2281 3123 ἐλπίδι

697 3159 836 3232 πρὸς
875 3159 976 3230 τὴν
1023 3157 1344 3228 εὐεργεσίαν
1383 3155 1479 3210 τοῦ
1534 3156 1934 3230 λελυπηκότος·
1967 3156 2191 3212 ἐλθόντα
2223 3157 2281 3212 δὲ

695 3249 861 3306 αὐτὸν
891 3251 1114 3319 κατέχει
1148 3247 1334 3302 λοιπὸν
1381 3248 1474 3302 καὶ
1501 3247 1602 3302 οὐκ
1641 3247 1866 3318 ἀφίησιν
1909 3248 2279 3320 ἀποπηδῆσαι,

696 3340 869 3412 αὐτῆς
887 3338 982 3394 τοῦ
1007 3338 1334 3409 πράγματος
1353 3338 1450 3408 τῆς
1477 3335 1692 3407 φύσεως
1717 3338 2095 3410 προσηλούσης
2117 3340 2280 3394 αὑτὸν

692 3429 773 3502 τῷ
803 3428 985 3501 ἐχθρῷ
1003 3447 1016 3459 ⁸
1057 3428 1149 3483 καὶ
1182 3427 1465 3498 μονονουχὶ
1493 3427 1637 3496 λέγει
1667 3427 1804 3498 πρὸς
1831 3428 2013 3483 αὐτόν’
2049 3433 2124 3484 O6
2155 3430 2283 3502 βού-

694 3522 777 3577 λει
819 3521 885 3576 δι’
934 3520 1220 3574 εὐλάϐειαν
1251 3520 1471 3589 τρέφειν
1517 3518 1607 3571 τὸν
1659 3518 1986 3589 ἡδικηκότα;
2022 3519 2113 3574 διὰ
2149 3521 2280 3588 γοῦν

694 3614 797 3688 τὴν
821 3613 1010 3668 ἐλπίδα
1044 3614 1143 3680 τῆς
1171 3610 1447 3672 κολάσεως
1487 3607 1706 3679 θρέψον.
1743 3606 1864 3663 Οἶδε
1905 3611 2034 3680 γὰρ,
2061 3613 2144 3665 ὅτι
2185 3613 2280 3669 ἐὰν

698 3704 905 3774 ἃψηται
933 3699 1034 3769 τῆς
1065 3700 1149 3763 είς
1177 3698 1338 3751 αὐτὸν
1368 3697 1708 3768 εὐεργεσίας,
1744 3699 1886 3780 ἀρχή
1915 3700 2099 3754 λοιπὸν
2132 3703 2280 3774 αὐτῷ

699 3792 794 3848 κοιλ⁵
812 3791 930 3854 ὁδὸς
952 3787 1161 3858 γίνεται
1187 3785 1287 3856 τῆς
1323 3784 1692 3855 καταλλαγῆς.
1727 3787 1915 3850 Οὐδεὶς
1952 3788 2080 3860 γὰρ,
2102 3791 2280 3855 οὐδεὶς

696 3883 790 3937 τὸν
812 3879 1190 3952 ψωμιζόμενον
1211 3877 1303 3930 ὑπ’
1325 3876 1489 3932 αὐτοῦ
1523 3876 1618 3930 καὶ
1645 3877 1995 3948 ποτιζόμενον
2015 3881 2281 3951 διηνεκῶς

698 3973 988 4045 ἀνάσχοιτο
1012 3970 1156 4042 ἐχειν
1179 3969 1391 4041 ἐχθρὸν,
1413 3969 1462 4022 εἰ
1491 3969 1583 4022 καὶ
1607 3967 1758 4038 παρά
1785 3969 1884 4041 τὴν
1905 3971 2080 4042 ἀρχὴν
2103 3972 2280 4028 ἐλπίδι

696 4063 965 4137 τιμωρίας
988 4060 1146 4117 τοῦτο
1169 4062 1331 4145 ποιεῖ.
1360 4060 1420 4113 '0
1448 4059 1558 4131 γὰρ
1579 4059 1770 4130 χρόνος
1791 4061 1994 4132 προῖὼν
2015 4062 2155 4132 χαλᾷ
2186 4065 2281 4118 καὶ

695 4159 797 4231 τῆς
828 4154 1002 4230 ὀργῆς
1027 4153 1115 4207 τδν
1141 4151 1312 4206 τόνον.
1339 4151 1552 4222 Ὥσπερ
1578 4145 1670 4204 οὖν
1697 4151 1726 4204 6
1765 4149 1970 4214 ἁλιεὺς,
2000 4153 2048 4205 εἰ
2075 4155 2280 4225 γυμνὸν

697 4250 760 4306 ἰδ
807 4249 1079 4319 θήρατρον
1118 4240 1488 4314 προσέθηκεν,
1527 4241 1626 4294 οὐκ
1670 4240 1737 4293 ἂν
1792 4240 2142 4295 ἐπεσπάσατο
2189 4243 2280 4297 τὸν

703 4339 878 4416 ἰχθὺν,
906 4338 1027 4391 νυνὶ
1058 4335 1115 4390 δέ
1148 4333 1494 4406 περιστείλας
1535 4333 1688 4396 αὐτὸ,
1711 4331 2078 4397 λανθανόντως
2105 4333 2279 4406 ἐνίησι

695 4432 777 4504 τῷ
812 4430 1040 4502 στόματι
1069 4426 1161 4481 τοῦ
1191 4423 1508 4498 προσιόντος
1530 4421 1669 4490 ζώου
1699 4423 1759 4477 τδ
1782 4424 2074 4497 ἄγκιστρον
2092 4441 2107 4456 ο
2135 4425 2279 4479 οὕτω

698 4524 794 4580 καὶ
825 4525 853 4577 6
877 4519 1110 4585 Παῦλος,
1141 4520 1189 4572 εἰ
1228 4515 1302 4590 μὴ
1349 4515 1629 4590 προέτεινε
1663 4515 1763 4590 τὴν
1812 4515 2133 4589 προσδοκίαν
2179 4518 2280 4588 τῆς

699 4615 995 4678 κολάσεως,
1022 4612 1121 4665 οὐκ
1157 4610 1222 4665 ἂν
1251 4606 1453 4664 ἐπεισε
1479 4607 1602 4670 τοὺς
1653 4606 2015 4678 ἠδικημένους
2039 4607 2278 4679 ἄψασθαι

698 4708 799 4780 τῆς
846 4703 956 4758 τῶν
1000 4701 1382 4775 λελυπηκότων
1425 4698 1760 4773 εὐεργεσίας.
1811 4698 2144 4770 Βουλόμενος
2187 4695 2278 4754 οὖν

699 4796 1095 4868 ἀποπηδῶντας
1131 4793 1361 4856 αὐτοὺς,
1386 4791 1479 4844 καὶ
1512 4789 1981 4861 δυσχεραίνοντας,
2018 4789 2111 4843 καὶ
2151 4807 2280 4862 ναρ-

701 4891 915 4956 κῶντας
941 4888 1038 4946 καὶ
1065 4887 1202 4960 πρὸς
1227 4882 1396 4956 αὐτὴν
1419 4882 1518 4954 τὴν
1548 4881 1656 4934 τῶν
1685 4880 1895 4953 ἐχθρῶν
1918 4880 2063 4950 ὄψιν,
2095 4885 2278 4937 πεῖσαι

699 4981 770 5036 τά
800 4981 1033 5052 μέγιστα
1062 4979 1257 5040 αὐτοὺς
1295 4976 1624 5048 εὐεργετεῖν,
1648 4974 1773 5037 τοὺς
1805 4973 2082 5046 ἄνθρακας
2115 4973 2279 5045 ἔθηκε

700 5072 794 5128 τοῦ
829 5072 1032 5145 πυρδς,
1063 5070 1161 5140 οὐχ
1208 5069 1297 5121 ἵνα
1341 5065 1584 5129 ἐκείνους
1635 5063 1876 5137 ἐμϐάλλῃ
1922 5067 2001 5130 εἰς
2036 5067 2277 5137 ἀπαραε-

699 5181 864 5238 τητον
901 5163 1142 5225 κόλασιν,
1168 5158 1282 5213 ἀλλ’
1317 5157 1406 5210 ἵνα
1437 5157 1562 5220 τοὺς
1594 5155 1959 5225 ἠδικημένους
1998 5157 2190 5221 πείσας
2220 5157 2278 5211 ἐν

697 5261 767 5327 τῇ
797 5252 1092 5327 προσδοκίᾳ
1119 5253 1216 5322 τῆς
1247 5247 1522 5311 κολάσεως
1543 5248 1853 5318 εὐεργετεῖν
1877 5249 2000 5313 τοὺς
2027 5249 2275 5320 ἐχθροὺς,

699 5351 778 5419 τῷ
808 5347 984 5419 χρόνῳ
1000 5343 1184 5399 λοιπὸν
1210 5341 1372 5413 πείσῃ
1406 5340 1498 5394 καὶ
1522 5340 1700 5392 πᾶσαν
1731 5338 1912 5404 αὐτοῖς
1935 5340 2152 5410 άφεῖναι
2181 5340 2280 5412 τὴν

700 5441 892 5494 ὀργήν.

733 5460 998 5593 ρὲἷὶῗκκαὶ
1029 5527 1116 5578 τὸν
1150 5524 1246 5594 μὲν
1273 5523 1430 5593 ἠδικη
1441 5522 1598 5592 μένον
1632 5522 1773 5577 οὕτω
1816 5521 2241 5597 παρεμυθήσατο
2262 5537 2275 5551 ⁸

700 5625 803 5696 ὅρα
826 5623 881 5677 δὲ
907 5623 997 5675 κ)ιί
1020 5621 1109 5672 τὸν
1139 5618 1428 5688 ἠδικηκότα
1459 5616 1573 5679 πῶς
1601 5616 1861 5668 συνάπτει
1893 5615 1968 5686 τῷ
1997 5630 2279 5686 παρωργι-

768 5771 792 5802 ³
819 5768 947 5818 5.1in
996 5765 1039 5815 iu
1061 5778 1210 5826 marg.
1239 5762 1364 5823 conj.
1390 5760 1598 5822 γενέσθαι
1622 5760 1871 5822 προθνμον.

3875 303 3983 359 182

2381 417 2570 490 ’σμένιρ
2590 418 2772 474 πάλιν.
2808 417 3031 490 Πρῶτον
3069 417 3169 488 μὲν
3194 414 3273 487 τῷ
3296 416 3396 488 τῆς
3417 414 3739 487 εὐεργεσίας
3763 416 3976 488 τρόπιν

2382 509 2558 574 οὐδεὶς
2585 509 2694 583 γάρ
2732 512 2880 563 ἐστιν
2931 507 3104 574 οὕτως
3156 508 3340 572 ἄθλιος
3393 506 3487 562 καὶ
3525 506 3886 579 ἀναίσθητος,
3915 507 3978 572 δς

2386 598 2763 670 πυτιζόμενος,
2792 599 2883 652 καὶ
2904 597 3312 670 ψωμιζόμενος,
3343 597 3419 669 μὴ
3448 596 3704 672 γενέσθαι
3733 595 3978 667 βούλοιτο

2385 688 2572 755 δοῦλος
2605 691 2699 744 καὶ
2730 690 2884 760 φίλος
2924 690 3004 761 τῷ
3040 689 3216 753 ταῦτα
3249 689 3399 761 αὐτῷ
3432 689 3818 763 ἐργαζομένῳ·
3857 686 3980 742 δεύ-

2385 797 2543 852 τερον
2569 780 2627 835 δὲ
2655 779 2735 851 τῷ
2764 780 2914 853 φόϐῳ
2945 782 3044 853 τῆς
3068 781 3357 853 τιμωρίας.
3387 783 3546 834 Δοκεῖ
3571 779 3670 851 μέν
3703 780 3813 852 γάρ
3839 779 3980 850 πρὸς

2384 870 2478 926 τδν
2541 861 2859 943 ψωμίζοντα
2916 872 3298 927 ἀποτείνεσθαι
3319 915 3334 938 ,
3380 871 3577 942 λέγων’
3635 871 3816 926 Τοῦτο
3861 869 3978 940 γὰρ

2386 962 2594 1030 ποιῶν,
2625 962 2929 1032 ἄνθρακας
2961 964 3151 1033 πυρὸς
3183 964 3471 1032 σωρεύεις
3507 963 3605 1016 ἐπὶ
3639 961 3756 1030 τὴν
3792 977 3979 1031 κεφα-

2385 1056 2510 1125 λὴν
2537 1055 2726 1111 αὑτοῦ
2747 1072 2761 1088 ⁸
2797 1055 3036 1127 μάλιστα
3079 1057 3137 1110 δέ
3170 1055 3265 1110 τοῦ
3304 1055 3672 1126 λελυπηκότος
3698 1055 3980 1108 καθάπτε-

2385 1164 2498 1214 ται,
2527 1147 2615 1201 ῖνα
2635 1146 2713 1217 τῷ
2743 1147 2894 1219 φόϐῳ
2921 1147 3020 1218 τῆς
3057 1147 3329 1211 κολάσεως
3352 1145 3560 1218 ταύτης
3590 1146 3666 1217 μὴ
3696 1147 3837 1219 μένῃ
3861 1146 3970 1200 διαν

2387 1242 2590 1306 παντὸς
2610 1241 2810 1314 ἐχθρὸς
2836 1242 2933 1310 ὢν,
2966 1242 3083 1297 ἀλλ’
3108 1241 3283 1308 είδὼς,
3314 1244 3395 1297 δτι
3441 1242 3509 1297 τά
3541 1242 3777 1314 μέγιστα
3815 1243 3985 1297 αὐτὸν

2387 1335 2733 1406 καταϐλάψαι
2756 1335 2955 1390 δύναιτ’
2979 1335 3045 1390 ἀν
3063 1335 3125 1389 τὸ
3146 1333 3492 1406 ψωμίζεσθαι
3514 1335 3608 1388 καὶ
3634 1333 3981 1402 ποτίξεσθαι,

2387 1429 2436 1481 εί
2464 1427 2615 1499 μένοι
2641 1426 2905 1498 διηνεκῶς
2934 1426 3029 1480 ἐπὶ
3061 1427 3160 1498 τῆς
3203 1424 3523 1497 ἀπεχθείας,
3559 1423 3847 1499 καταλύσῃ
3877 1426 3984 1497 τὴν

2386 1521 2578 1592 ὀργήν.
2607 1518 2766 1574 Οῦτω
2793 1519 2903 1591 γάρ
2937 1519 3064 1582 τοὺς
3111 1517 3392 1589 ἄνθρακας
3429 1517 3524 1571 τοῦ
3574 1517 3750 1590 πυρὸς
3787 1515 3984 1571 σϐέσαι

2388 1611 2699 1682 δυνήσεται.
2739 1611 2902 1663 Ὥστε
2936 1609 3030 1663 καὶ
3063 1611 3096 1680 ἡ
3135 1607 3358 1672 κόλασις
3390 1609 3484 1662 καὶ
3518 1609 3551 1679 ἡ
3589 1609 3830 1681 τιμωρία
3866 1625 3987 1663 κει-ο

2391 1697 2528 1771 μένη
2551 1699 2642 1753 τόν
2667 1716 2725 1752 τε
2755 1695 3085 1770 ἠδικημένον
3106 1698 3408 1752 ἐπισπᾶται
3435 1700 3517 1761 εἰς
3541 1697 3864 1769 εὐεργεσίαν
3885 1697 3984 1752 τοῦ

2387 1789 2754 1861 λελυπηκότος
2775 1829 2791 1855 ,
2826 1788 2916 1843 τόν
2957 1805 3016 1843 τε
3060 1788 3444 1860 παροξύναντα
3486 1788 3644 1857 φοϐεῖ
3692 1790 3788 1843 καὶ
3827 1789 3985 1843 διαν-

2393 1878 2594 1950 ίστησι,
2627 1882 2721 1934 καὶ
2749 1879 2887 1953 πρὸς
2910 1880 3256 1952 καταλλαγὴν
3285 1881 3419 1936 ὠθεῖ
3443 1879 3540 1935 τοῦ
3564 1881 3859 1954 τρέφοντος
3885 1881 3986 1936 καὶ

2391 1968 2544 2043 [lb'l]
2568 1969 2900 2033 ποτίζοντος.
2918 1969 3103 2041 Διπλῷ
3130 1971 3311 2024 τοίνυν
3339 1971 3686 2043 ἀμφοτέρους
3719 1970 3988 2041 συνέδησε

2387 2060 2574 2132 δεσμῷ
2597 2060 2732 2132 πρὸς
2754 2060 3036 2132 ἀλλήλους,
3068 2059 3263 2131 καὶτῷ
3283 2060 3383 2129 τῆς
3404 2060 3746 2130 εὐεργεσίας,
3778 2060 3871 2115 καὶ
3904 2060 3988 2130 τῷ

2388 2151 2492 2222 τῆς
2521 2152 2816 2222 τιμωρίας.
2850 2151 2924 2203 Τὸ
2956 2152 3065 2223 γὰρ
3096 2151 3377 2224 δυσχερές,
3407 2150 3598 2222 ἄρχειν
3643 2152 3738 2203 καί⁵
3775 2149 3986 2204 εἴσοδον

2388 2242 2568 2314 εὐρεῖν
2598 2245 2664 2313 τῇ
2703 2241 3018 2312 καταλλαγῇ
3041 2257 3054 2273 ο
3096 2240 3303 2312 ταύτης
3341 2241 3401 2295 δέ
3431 2240 3748 2313 ἀνοιγείσης
3786 2239 3985 2312 011966,-

2389 2349 2521 2386 ποτε
2559 2333 2768 2406 τρόπῳ,
2801 2332 2870 2386 τά
2903 2331 3041 2402 μετὰ
3069 2330 3244 2386 ταῦτα
3287 2331 3465 2386 πάντα
3499 2332 3659 2404 ῥᾴδια
3697 2330 3852 2386 ἔσται
3887 2332 3986 2386 καὶ

2389 2423 2610 2481 εὔκολα.
2637 2426 2760 2479 Κᾶν
2801 2425 2910 2496 γὰρ
2943 2423 3096 2496 παρὰ
3125 2423 3224 2494 τὴν
3268 2424 3442 2496 ἀρχὴν
3482 2423 3660 2478 ἐλπίδι
3704 2423 3990 2488 κολάσεως

2388 2516 2566 2589 τρέφῃ
2600 2518 2691 2572 τὸν
2720 2515 2914 2589 ἐχθρὸν
2949 2518 2977 2569 6
3007 2515 3406 2588 λελυπημένος,
3435 2516 3550 2570 ἀλλ’
3580 2515 3730 2586 αὐτῷ
3752 2515 3832 2587 τῷ
3859 2515 3992 2587 τρέ-

2392 2627 2515 2678 φειν
2544 2610 2834 2678 γινόμενος
2865 2609 3036 2678 φίλος,
3079 2608 3330 2662 ἐκϐαλεῖν
3360 2607 3459 2680 τὴν
3489 2607 3789 2678 ἐπιθυμίαν
3825 2607 3991 2679 δυνή-

2391 2718 2543 2755 σεται
2577 2701 2675 2771 τῆς
2711 2702 2998 2773 τιμωρίας.
3031 2699 3190 2764 Φίλος
3219 2699 3326 2772 γὰρ
3362 2699 3677 2770 γενόμενος,
3705 2698 3891 2752 οὐκέτι
3916 2697 3988 2751 ἂν

2387 2792 2616 2868 τοιαύτῃ
2650 2793 2869 2864 θρέψειε
2911 2793 3211 2866 προσδοκίᾳ
3237 2793 3330 2846 τὸν
3364 2791 3776 2860 καταλλαγέντα
3809 2789 3987 2860 αὐτῷ.

2389 2883 2559 2937 Πάλιν
2603 2887 2630 2936 6
2678 2882 3021 2955 παροξύνας,
3063 2883 3186 2937 ἰδὼν
3242 2884 3334 2937 τὸν
3386 2881 3718 2953 ἠδικημένον
3758 2882 3989 2952 τρέφειν

2389 2973 2553 3028 αὐτὸν
2581 2973 2676 3026 κῖὶ
2702 2971 2943 3038 ποτίζειν
2971 2972 3425 3045 προαιρούμενον,
3451 2972 3542 3026 διά
3564 2990 3626 3040 γε
3645 2973 3806 3025 τοῦτο
3828 2972 3986 3038 αὐτὸ,

2390 3066 2484 3118 καὶ
2512 3064 2602 3117 τὸν
2636 3063 2798 3134 φόϐον
2830 3063 2931 3133 τῆς
2960 3063 3332 3134 ἀποκειμένης
3360 3061 3510 3134 αὐτῷ
3541 3063 3839 3127 κολάσεως,
3874 3064 3988 3117 πᾶ-

2390 3173 2490 3210 σαν
2523 3154 2773 3210 ἐκϐάλλει
2804 3156 2902 3226 τὴν
2932 3153 3254 3225 ἀπέχθειαν,
3290 3154 3395 3208 κᾶν
3435 3154 3698 3225 μυριάκις
3728 3153 4008 3227 σιδηροῦς,

2387 3244 2446 3320 ᾖ,
2478 3249 2572 3303 καὶ
2593 3247 2828 3319 ἀπηνὴς,
2853 3247 2948 3301 καὶ
2975 3246 3211 3318 ἀδάμας,
3239 3246 3342 3317 τήν
3372 3263 3431 3298 τε
3461 3245 3860 3316 φιλοφροσύνην
3886 3245 3988 3299 τοῦ

2388 3339 2681 3412 τρέφοντος
2711 3337 3151 3410 δυσωπούμενος,
3181 3338 3277 3391 καὶ
3303 3338 3403 3409 τὴν
3432 3337 3807 3408 ἀποκειμένην
3831 3336 3989 3407 αὐτῷ

2388 3432 2612 3488 κόλασιν
2645 3431 2924 3496 δεδοικὼς,
2968 3433 3015 3484 εἰ
3051 3430 3202 3501 μένοι
3247 3429 3387 3500 μετά
3415 3429 3513 3500 τὴν
3545 3429 3752 3501 τροφὴν
3786 3428 3988 3500 ἐχθρὸς

2386 3525 2482 3579 ὢν.

2458 3633 2559 3687 Διά
2609 3650 2691 3686 τοι
2739 3631 2898 3685 τοῦτο
2938 3628 3059 3684 οὐδὲ
3109 3628 3342 3683 ἐνταῦθα
3394 3627 3523 3697 ἔστη
3563 3626 3663 3697 τῆς
3710 3627 3988 3698 παραινέ-

2389 3739 2548 3784 σεως,
2577 3720 2692 3774 ἀλλ’
2724 3721 2814 3774 ὅτε
2859 3718 3128 3772 ἐκένωσεν
3164 3715 3426 3787 ἐκατέρου
3470 3713 3571 3786 τὴν
3599 3713 3770 3785 ὀργὴν
3797 3753 3812 3776 ,
3849 3713 3984 3768 τότε

2388 3816 2484 3869 καί
2506 3813 2605 3885 τὴν
2636 3810 2863 3882 γνώμην
2902 3809 3082 3863 αὐτῶν
3121 3807 3432 3880 διορθοῦται
3472 3806 3668 3876 λέγων,
3697 3805 3794 3875 Μὴ
3824 3806 3982 3861 νικῶ

2385 3905 2507 3963 ὑπὸ
2545 3904 2653 3959 τοῦ
2683 3902 2895 3957 κακοῦ.
2938 3903 3037 3955 Ἂν
3065 3901 3176 3972 γὰρ
3205 3901 3393 3974 μένῃς,
3428 3899 3585 3969 φησὶ,
3613 3899 3976 3970 μνησικακῶν

2388 3998 2482 4052 καὶ
2503 3997 2867 4068 ἀμυνόμενος,
2889 3994 3068 4056 δοκεῖς
3095 3992 3193 4063 μέν
3213 3991 3305 4044 τὸν
3329 3990 3523 4062 ἐχθρὸν
3546 3991 3724 4062 νικᾷν,
3747 3991 3977 4045 νικᾶσαι

2385 4089 2442 4141 δέ
2467 4088 2572 4140 ὑπὸ
2598 4084 2692 4140 τοῦ
2726 4084 2924 4148 κακοῦ,
2953 4084 3256 4147 τουτέστιν,
3284 4081 3391 4135 ὐπὸ
3422 4082 3522 4153 τῆς
3563 4079 3766 4153 ὀργῆς·
3807 4078 3979 4146 ὥστε,

2387 4181 2437 4232 εἰ
2473 4178 2652 4249 βούλει
2698 4176 2945 4246 νικῆσαι,
2983 4172 3384 4244 καταλλάγηθι,
3422 4171 3516 4226 καὶ
3541 4171 3626 4244 μὴ
3652 4168 3976 4244 ἐπεξέλθης.

2389 4268 2536 4338 Αὕτη
2563 4268 2670 4338 γάρ
2698 4268 2846 4320 ἐστιν
2877 4268 2911 4337 ἡ
2937 4262 3170 4337 λαμ-πρά
3202 4263 3351 4334 νίκη,
3400 4263 3533 4316 ὅταν
3562 4264 3621 4316 ἐν
3651 4260 3730 4332 τῷ
3760 4260 3978 4331 ἀγαθῷ,

2387 4357 2659 4420 τουτέστι,
2700 4358 2767 4427 τῇ
2799 4355 3118 4425 ἀνεξικακίᾳ
3156 4354 3390 4427 νικήσῃς
3432 4352 3495 4407 τὸ
3533 4351 3724 4418 κακδν,
3758 4350 3857 4420 τὴν
3884 4353 3982 4424 69-

2387 4451 2490 4522 γὴν
2519 4453 2614 4504 καὶ
2641 4451 2739 4522 τὴν
2769 4447 3144 4522 μνησικακίαν
3178 4445 3451 4502 ἐκϐαλὼν.
3488 4443 3654 4498 Ἀλλά
3677 4443 3889 4498 τούτων
3916 4445 3978 4512 ἐξ

2386 4544 2561 4618 ἀρχῆς
2590 4542 2691 4596 οὐκ
2729 4539 2796 4595 ἂν
2829 4540 3094 4611 ηνέσχετο
3134 4541 3242 4593 τῶν
3279 4537 3545 4612 ῥημάτων
3573 4538 3604 4590 6
3639 4535 3977 4608 ἠδικημένος

2387 4644 2483 4699 καὶ
2527 4640 2897 4712 φλεγμαίνων.
2947 4637 3047 4692 Διά
3094 4635 3274 4700 τοῦτο,
3310 4637 3398 4688 ὅτε
3445 4631 3613 4686 αὐτοῦ
3659 4631 3752 4684 τὸν
3799 4629 3978 4700 θυμὸν

2385 4735 2635 4804 ἐκόρεσε,
2660 4729 2781 4783 τότε
2806 4727 2901 4780 καὶ
2950 4727 3043 4780 ἐπὶ
3077 4727 3175 4798 τὴν
3205 4725 3437 4796 ἀρίστην
3467 4721 3632 4776 αὐτόν
3662 4721 3838 4791 ῆγαγε
3869 4722 3976 4792 τῆς

2387 4819 2737 4890 καταλλαγῆς
2768 4816 2970 4881 αἰτίαν,
2999 4816 3094 4869 καὶ
3139 4814 3240 4869 οὐκ
3272 4813 3488 4883 ἀφῆκεν
3512 4810 3870 4880 ἐναπομεῖναί
3901 4809 3972 4878 τῇ

2386 4915 2601 4987 πονηρᾷ
2629 4911 2731 4983 τῆς
2757 4906 3032 4981 τιμωρίας
3087 4907 3283 4959 ἐλπίδι.
3339 4902 3490 4968 Εἶδες
3546 4900 3841 4974 νομοθέτου
3882 4916 3977 4952 σο-

2388 5010 2552 5080 φίαν;
2581 5005 2691 5059 Καὶ
2707 5005 2795 5058 ἵνα
2833 5001 3014 5074 μάθῃς
3041 5002 3124 5054 ὅτι
3155 4998 3244 5052 διὰ
3273 4998 3369 5068 τὴν
3403 4995 3689 5050 ἀσθένειαν
3721 4992 3830 5046 τῶν
3869 4993 3976 5046 οὐκ

2386 5087 2729 5173 ἀνεχομένων
2759 5095 2934 5160 ἄλλως
2963 5095 3177 5156 ἑαυτοῖς
3214 5087 3580 5145 συνάπτεσθαι
3605 5128 3618 5149 ,
3647 5083 3838 5139 τοῦτον
3866 5086 3979 5138 εἰσ-

2387 5183 2563 5265 ήγαγε
2592 5192 2684 5245 τὸν
2717 5188 2912 5260 νόμον,
2944 5187 3176 5240 ἄκουσον
3211 5182 3330 5244 πῶς
3366 5183 3395 5236 6
3441 5179 3678 5251 Χριστὸς
3729 5176 3791 5230 τδ
3838 5176 3978 5230 αὐτὸ

2387 5285 2544 5340 τοῦτο
2571 5282 2901 5354 νομοθετῶν,
2943 5281 3005 5333 οὐ
3027 5277 3088 5331 τὸ
3126 5275 3261 5331 αὐτὸ
3285 5272 3534 5328 τέθεικεν
3574 5269 3830 5323 ἔπαθλονο
3853 5268 3976 5322 ἀλλ’

2388 5373 2578 5438 εἰπὼν,
2631 5374 2712 5426 ὅτι
2751 5368 3044 5440 Ἀταπᾶτε
3087 5365 3230 5433 τοὺς
3272 5361 3527 5434 ἐχθροὺς
3556 5357 3747 5430 ὑμῶν,
3773 5356 3979 5424 καῖῶς

2387 5467 2607 5522 ποιεῖτε
2641 5465 2764 5530 τοῖς
2785 5462 3080 5534 μισοῦσιν
3101 5457 3279 5528 ὑμᾶς,
3311 5457 3450 5526 ὅπερ
3476 5453 3594 5507 ἐστὶ
3619 5449 3845 5523 τρέφειν
3876 5447 3980 5503 καὶ

2388 5559 2648 5623 ποτίζειν,
2675 5558 2774 5610 οὐκ
2796 5555 3099 5627 ἐπήγαγεν,
3122 5551 3204 5605 ὅτι
3239 5548 3411 5604 Τοῦτο
3430 5545 3540 5618 γὰρ
3574 5542 3852 5605 ποιοῦντες
3881 5542 3979 5596 ἄν-

2388 5651 2596 5722 θρακας
2622 5647 2792 5719 πυρὸς
2817 5645 3119 5717 σωρεύσετε
3137 5642 3230 5696 ἐπὶ
3243 5640 3341 5705 τάς
3359 5637 3602 5717 κεφαλάς
3620 5635 3822 5699 αὐτῶν,
3838 5634 3980 5688 ἀλλά

2389 5743 2439 5805 τί
2460 5759 2474 5811 ί
2504 5743 2704 5810 Ὅπως
2744 5738 2997 5811 γένησθε
3033 5735 3223 5806 ὅμοιοι
3260 5733 3362 5789 τοῦ
3406 5729 3634 5800 Πατρός
3670 5726 3834 5799 ὑμῶν
3869 5725 3983 5782 τοῦ
