  <div class='ocr_page' id='page_1' title='image "/cluster/home/n/w/nwhite01/storage/ocr_20150623/51/pst.000005712502/182.png"; bbox 0 0 4212 6290; ppageno 0'>
   <div class='ocr_carea' id='block_1_1' title="bbox 271 362 385 426">
    <p class='ocr_par' dir='ltr' id='par_1_1' title="bbox 271 362 385 426">
     <span class='ocr_line' id='line_1_1' title="bbox 271 362 385 426; baseline -0.018 0"><span class='ocrx_word' id='word_1_1' title='bbox 271 362 385 426; x_wconf 68' lang='grc' dir='ltr'><strong>ιιι</strong></span> 
     </span>
    </p>
   </div>
   <div class='ocr_carea' id='block_1_2' title="bbox 267 466 1874 556">
    <p class='ocr_par' dir='ltr' id='par_1_2' title="bbox 267 466 1874 556">
     <span class='ocr_line' id='line_1_2' title="bbox 267 466 1874 556; baseline -0.014 -13"><span class='ocrx_word' id='word_1_2' title='bbox 267 485 525 551; x_wconf 71' lang='lat' dir='ltr'><strong>nutritur,</strong></span> <span class='ocrx_word' id='word_1_3' title='bbox 547 489 801 556; x_wconf 84' lang='lat' dir='ltr'><strong>congerat</strong></span> <span class='ocrx_word' id='word_1_4' title='bbox 829 480 1092 537; x_wconf 70' lang='lat' dir='ltr'><strong>carbones</strong></span> <span class='ocrx_word' id='word_1_5' title='bbox 1131 474 1313 550; x_wconf 78' lang='lat' dir='ltr'><strong>ignis?</strong></span> <span class='ocrx_word' id='word_1_6' title='bbox 1340 472 1466 530; x_wconf 62' lang='lat' dir='ltr'><strong>Hinc</strong></span> <span class='ocrx_word' id='word_1_7' title='bbox 1489 471 1648 542; x_wconf 85' lang='lat' dir='ltr'><strong>igitur</strong></span> <span class='ocrx_word' id='word_1_8' title='bbox 1666 477 1749 523; x_wconf 83' lang='lat' dir='ltr'><strong>est</strong></span> <span class='ocrx_word' id='word_1_9' title='bbox 1776 466 1874 522; x_wconf 80' lang='lat' dir='ltr'><strong>ob-</strong></span> 
     </span>
    </p>
   </div>
   <div class='ocr_carea' id='block_1_3' title="bbox 264 560 1874 650">
    <p class='ocr_par' dir='ltr' id='par_1_3' title="bbox 264 560 1874 650">
     <span class='ocr_line' id='line_1_3' title="bbox 264 560 1874 650; baseline -0.012 -18"><span class='ocrx_word' id='word_1_10' title='bbox 264 562 432 650; x_wconf 68' lang='lat' dir='ltr'><strong>iectio</strong></span> <span class='ocrx_word' id='word_1_11' title='bbox 458 593 474 631; x_wconf 91' lang='lat'><strong>:</strong></span> <span class='ocrx_word' id='word_1_12' title='bbox 504 576 617 648; x_wconf 75' lang='lat' dir='ltr'><strong>jam</strong></span> <span class='ocrx_word' id='word_1_13' title='bbox 644 566 998 630; x_wconf 67' lang='lat' dir='ltr'><strong>vctu&#39;solutio</strong></span> <span class='ocrx_word' id='word_1_14' title='bbox 1038 578 1120 626; x_wconf 80' lang='lat' dir='ltr'><strong>est</strong></span> <span class='ocrx_word' id='word_1_15' title='bbox 1147 566 1417 633; x_wconf 85' lang='lat' dir='ltr'><strong>addenda,</strong></span> <span class='ocrx_word' id='word_1_16' title='bbox 1448 574 1504 619; x_wconf 91' lang='lat' dir='ltr'><strong>ut</strong></span> <span class='ocrx_word' id='word_1_17' title='bbox 1527 578 1597 618; x_wconf 88' lang='lat' dir='ltr'><strong>ex</strong></span> <span class='ocrx_word' id='word_1_18' title='bbox 1626 562 1693 616; x_wconf 88' lang='lat' dir='ltr'><strong>iis</strong></span> <span class='ocrx_word' id='word_1_19' title='bbox 1719 560 1874 650; x_wconf 80' lang='lat' dir='ltr'><strong>ipsis,</strong></span> 
     </span>
    </p>
   </div>
   <div class='ocr_carea' id='block_1_4' title="bbox 262 649 1877 742">
    <p class='ocr_par' dir='ltr' id='par_1_4' title="bbox 262 649 1877 742">
     <span class='ocr_line' id='line_1_4' title="bbox 262 649 1877 742; baseline -0.012 -18"><span class='ocrx_word' id='word_1_20' title='bbox 262 649 391 742; x_wconf 52' lang='lat' dir='ltr'><strong>Qua:</strong></span> <span class='ocrx_word' id='word_1_21' title='bbox 418 667 583 724; x_wconf 83' lang='lat' dir='ltr'><strong>verba</strong></span> <span class='ocrx_word' id='word_1_22' title='bbox 610 667 741 737; x_wconf 82' lang='lat' dir='ltr'><strong>legis</strong></span> <span class='ocrx_word' id='word_1_23' title='bbox 764 664 1011 722; x_wconf 88' lang='lat' dir='ltr'><strong>videntur</strong></span> <span class='ocrx_word' id='word_1_24' title='bbox 1040 674 1286 732; x_wconf 85' lang='lat' dir='ltr'><strong>carpere,</strong></span> <span class='ocrx_word' id='word_1_25' title='bbox 1312 671 1529 713; x_wconf 82' lang='lat' dir='ltr'><strong>otnnem</strong></span> <span class='ocrx_word' id='word_1_26' title='bbox 1555 649 1877 723; x_wconf 82' lang='lat' dir='ltr'><strong>legislatoris</strong></span> 
     </span>
    </p>
   </div>
   <div class='ocr_carea' id='block_1_5' title="bbox 269 746 1878 831">
    <p class='ocr_par' dir='ltr' id='par_1_5' title="bbox 269 746 1878 831">
     <span class='ocr_line' id='line_1_5' title="bbox 269 746 1878 831; baseline -0.014 -12"><span class='ocrx_word' id='word_1_27' title='bbox 269 759 592 831; x_wconf 74' lang='lat' dir='ltr'><strong>sapientiam</strong></span> <span class='ocrx_word' id='word_1_28' title='bbox 640 764 892 813; x_wconf 75' lang='lat' dir='ltr'><strong>accurate</strong></span> <span class='ocrx_word' id='word_1_29' title='bbox 916 766 1232 827; x_wconf 83' lang='lat' dir='ltr'><strong>cognoscas.</strong></span> <span class='ocrx_word' id='word_1_30' title='bbox 1282 750 1541 819; x_wconf 69' lang='lat' dir='ltr'><strong>Quaenam</strong></span> <span class='ocrx_word' id='word_1_31' title='bbox 1592 746 1754 818; x_wconf 91' lang='lat' dir='ltr'><strong>igitur</strong></span> <span class='ocrx_word' id='word_1_32' title='bbox 1792 749 1878 799; x_wconf 83' lang='lat' dir='ltr'><strong>est</strong></span> 
     </span>
    </p>
   </div>
   <div class='ocr_carea' id='block_1_6' title="bbox 268 850 1535 909">
    <p class='ocr_par' dir='ltr' id='par_1_6' title="bbox 268 850 1535 909">
     <span class='ocr_line' id='line_1_6' title="bbox 268 850 1535 909; baseline -0.009 0"><span class='ocrx_word' id='word_1_33' title='bbox 268 850 514 909; x_wconf 68' lang='lat' dir='ltr'><strong>solutio?</strong></span> <span class='ocrx_word' id='word_1_34' title='bbox 1528 896 1535 897; x_wconf 61' lang='lat'><strong><em>,</em></strong></span> 
     </span>
    </p>
   </div>
   <div class='ocr_carea' id='block_1_7' title="bbox 341 925 1870 1007">
    <p class='ocr_par' dir='ltr' id='par_1_7' title="bbox 341 925 1870 1007">
     <span class='ocr_line' id='line_1_7' title="bbox 341 925 1870 1007; baseline -0.01 -10"><span class='ocrx_word' id='word_1_35' title='bbox 341 939 472 997; x_wconf 64' lang='lat' dir='ltr'><strong>Cum</strong></span> <span class='ocrx_word' id='word_1_36' title='bbox 494 940 713 996; x_wconf 77' lang='lat' dir='ltr'><strong>inimicis</strong></span> <span class='ocrx_word' id='word_1_37' title='bbox 732 936 1050 994; x_wconf 80' lang='lat' dir='ltr'><strong>reconciliari</strong></span> <span class='ocrx_word' id='word_1_38' title='bbox 1073 950 1226 1007; x_wconf 76' lang='lat' dir='ltr'><strong>graue</strong></span> <span class='ocrx_word' id='word_1_39' title='bbox 1252 942 1300 988; x_wconf 77' lang='lat' dir='ltr'><strong>et</strong></span> <span class='ocrx_word' id='word_1_40' title='bbox 1344 930 1566 1003; x_wconf 57' lang='lat' dir='ltr'><strong>didici“.</strong></span> <span class='ocrx_word' id='word_1_41' title='bbox 1599 957 1670 968; x_wconf 93' lang='lat'><strong>—</strong></span> <span class='ocrx_word' id='word_1_42' title='bbox 1692 925 1870 981; x_wconf 81' lang='lat' dir='ltr'><strong>Nove-</strong></span> 
     </span>
    </p>
   </div>
   <div class='ocr_carea' id='block_1_8' title="bbox 269 1021 1873 1103">
    <p class='ocr_par' dir='ltr' id='par_1_8' title="bbox 269 1021 1873 1103">
     <span class='ocr_line' id='line_1_8' title="bbox 269 1021 1873 1103; baseline -0.011 -14"><span class='ocrx_word' id='word_1_43' title='bbox 269 1043 357 1089; x_wconf 86' lang='lat' dir='ltr'><strong>rat</strong></span> <span class='ocrx_word' id='word_1_44' title='bbox 405 1031 509 1088; x_wconf 84' lang='lat' dir='ltr'><strong>hoc</strong></span> <span class='ocrx_word' id='word_1_45' title='bbox 556 1032 724 1103; x_wconf 86' lang='lat' dir='ltr'><strong>probe</strong></span> <span class='ocrx_word' id='word_1_46' title='bbox 772 1044 999 1100; x_wconf 77' lang='lat' dir='ltr'><strong>magnus</strong></span> <span class='ocrx_word' id='word_1_47' title='bbox 1039 1042 1104 1085; x_wconf 87' lang='lat' dir='ltr'><strong>ac</strong></span> <span class='ocrx_word' id='word_1_48' title='bbox 1143 1037 1440 1099; x_wconf 82' lang='lat' dir='ltr'><strong>generosus</strong></span> <span class='ocrx_word' id='word_1_49' title='bbox 1484 1021 1574 1077; x_wconf 88' lang='lat' dir='ltr'><strong>ille</strong></span> <span class='ocrx_word' id='word_1_50' title='bbox 1611 1021 1714 1085; x_wconf 91' lang='lat' dir='ltr'><strong>vir,</strong></span> <span class='ocrx_word' id='word_1_51' title='bbox 1756 1032 1873 1074; x_wconf 89' lang='lat' dir='ltr'><strong>rem</strong></span> 
     </span>
    </p>
   </div>
   <div class='ocr_carea' id='block_1_9' title="bbox 220 1112 1873 1199">
    <p class='ocr_par' dir='ltr' id='par_1_9' title="bbox 220 1112 1873 1199">
     <span class='ocr_line' id='line_1_9' title="bbox 220 1112 1873 1199; baseline -0.01 -16"><span class='ocrx_word' id='word_1_52' title='bbox 220 1112 227 1121; x_wconf 69' lang='grc'>’</span> <span class='ocrx_word' id='word_1_53' title='bbox 267 1141 491 1199; x_wconf 81' lang='lat' dir='ltr'><strong>gravem</strong></span> <span class='ocrx_word' id='word_1_54' title='bbox 517 1139 582 1181; x_wconf 88' lang='lat' dir='ltr'><strong>ac</strong></span> <span class='ocrx_word' id='word_1_55' title='bbox 624 1124 908 1179; x_wconf 90' lang='lat' dir='ltr'><strong>molestam</strong></span> <span class='ocrx_word' id='word_1_56' title='bbox 940 1135 1066 1177; x_wconf 86' lang='lat' dir='ltr'><strong>esse</strong></span> <span class='ocrx_word' id='word_1_57' title='bbox 1103 1118 1356 1175; x_wconf 77' lang='lat' dir='ltr'><strong>celeriter</strong></span> <span class='ocrx_word' id='word_1_58' title='bbox 1382 1131 1506 1173; x_wconf 89' lang='lat' dir='ltr'><strong>cum</strong></span> <span class='ocrx_word' id='word_1_59' title='bbox 1537 1112 1757 1169; x_wconf 86' lang='lat' dir='ltr'><strong>inimico</strong></span> <span class='ocrx_word' id='word_1_60' title='bbox 1782 1125 1873 1166; x_wconf 88' lang='lat' dir='ltr'><strong>re-</strong></span> 
     </span>
    </p>
   </div>
   <div class='ocr_carea' id='block_1_10' title="bbox 268 1210 1869 1289">
    <p class='ocr_par' dir='ltr' id='par_1_10' title="bbox 268 1210 1869 1289">
     <span class='ocr_line' id='line_1_10' title="bbox 268 1210 1869 1289; baseline -0.011 -14"><span class='ocrx_word' id='word_1_61' title='bbox 268 1218 547 1275; x_wconf 86' lang='lat' dir='ltr'><strong>conciliari</strong></span> <span class='ocrx_word' id='word_1_62' title='bbox 576 1233 591 1273; x_wconf 89' lang='lat'><strong>:</strong></span> <span class='ocrx_word' id='word_1_63' title='bbox 622 1230 843 1289; x_wconf 83' lang='lat' dir='ltr'><strong>gravem</strong></span> <span class='ocrx_word' id='word_1_64' title='bbox 871 1228 938 1270; x_wconf 88' lang='lat' dir='ltr'><strong>ac</strong></span> <span class='ocrx_word' id='word_1_65' title='bbox 974 1212 1257 1268; x_wconf 87' lang='lat' dir='ltr'><strong>molestam</strong></span> <span class='ocrx_word' id='word_1_66' title='bbox 1289 1225 1399 1266; x_wconf 90' lang='lat' dir='ltr'><strong>non</strong></span> <span class='ocrx_word' id='word_1_67' title='bbox 1426 1223 1493 1265; x_wconf 89' lang='lat' dir='ltr'><strong>ex</strong></span> <span class='ocrx_word' id='word_1_68' title='bbox 1520 1210 1614 1263; x_wconf 81' lang='lat' dir='ltr'><strong>sua</strong></span> <span class='ocrx_word' id='word_1_69' title='bbox 1638 1214 1828 1260; x_wconf 85' lang='lat' dir='ltr'><strong>natura</strong></span> <span class='ocrx_word' id='word_1_70' title='bbox 1854 1244 1869 1270; x_wconf 94' lang='lat'><strong>,</strong></span> 
     </span>
    </p>
   </div>
   <div class='ocr_carea' id='block_1_11' title="bbox 269 1296 1871 1377">
    <p class='ocr_par' dir='ltr' id='par_1_11' title="bbox 269 1296 1871 1377">
     <span class='ocr_line' id='line_1_11' title="bbox 269 1296 1871 1377; baseline -0.012 -9"><span class='ocrx_word' id='word_1_71' title='bbox 269 1308 368 1367; x_wconf 81' lang='lat' dir='ltr'><strong>sed</strong></span> <span class='ocrx_word' id='word_1_72' title='bbox 409 1309 481 1365; x_wconf 88' lang='lat' dir='ltr'><strong>ob</strong></span> <span class='ocrx_word' id='word_1_73' title='bbox 506 1316 743 1366; x_wconf 84' lang='lat' dir='ltr'><strong>nostram</strong></span> <span class='ocrx_word' id='word_1_74' title='bbox 773 1304 1061 1377; x_wconf 90' lang='lat' dir='ltr'><strong>ignaviam.</strong></span> <span class='ocrx_word' id='word_1_75' title='bbox 1107 1304 1179 1359; x_wconf 84' lang='lat' dir='ltr'><strong>At</strong></span> <span class='ocrx_word' id='word_1_76' title='bbox 1222 1302 1339 1374; x_wconf 85' lang='lat' dir='ltr'><strong>ipse</strong></span> <span class='ocrx_word' id='word_1_77' title='bbox 1380 1315 1487 1356; x_wconf 94' lang='lat' dir='ltr'><strong>non</strong></span> <span class='ocrx_word' id='word_1_78' title='bbox 1533 1296 1871 1355; x_wconf 84' lang='lat' dir='ltr'><strong>reconciliari</strong></span> 
     </span>
    </p>
   </div>
   <div class='ocr_carea' id='block_1_12' title="bbox 273 1386 1875 1469">
    <p class='ocr_par' dir='ltr' id='par_1_12' title="bbox 273 1386 1875 1469">
     <span class='ocr_line' id='line_1_12' title="bbox 273 1386 1875 1469; baseline -0.009 -14"><span class='ocrx_word' id='word_1_79' title='bbox 273 1406 483 1456; x_wconf 86' lang='lat' dir='ltr'><strong>tantum</strong></span> <span class='ocrx_word' id='word_1_80' title='bbox 534 1397 734 1469; x_wconf 89' lang='lat' dir='ltr'><strong>jussit,</strong></span> <span class='ocrx_word' id='word_1_81' title='bbox 779 1393 876 1451; x_wconf 86' lang='lat' dir='ltr'><strong>sed</strong></span> <span class='ocrx_word' id='word_1_82' title='bbox 916 1394 1077 1450; x_wconf 89' lang='lat' dir='ltr'><strong>etiam</strong></span> <span class='ocrx_word' id='word_1_83' title='bbox 1115 1392 1297 1459; x_wconf 90' lang='lat' dir='ltr'><strong>alere,</strong></span> <span class='ocrx_word' id='word_1_84' title='bbox 1325 1389 1470 1463; x_wconf 86' lang='lat' dir='ltr'><strong>quod</strong></span> <span class='ocrx_word' id='word_1_85' title='bbox 1498 1387 1660 1459; x_wconf 85' lang='lat' dir='ltr'><strong>priori</strong></span> <span class='ocrx_word' id='word_1_86' title='bbox 1706 1386 1875 1441; x_wconf 91' lang='lat' dir='ltr'><strong>multo</strong></span> 
     </span>
    </p>
   </div>
   <div class='ocr_carea' id='block_1_13' title="bbox 268 1477 1875 1564">
    <p class='ocr_par' dir='ltr' id='par_1_13' title="bbox 268 1477 1875 1564">
     <span class='ocr_line' id='line_1_13' title="bbox 268 1477 1875 1564; baseline -0.01 -17"><span class='ocrx_word' id='word_1_87' title='bbox 268 1490 490 1564; x_wconf 85' lang='lat' dir='ltr'><strong>gravius</strong></span> <span class='ocrx_word' id='word_1_88' title='bbox 518 1489 636 1544; x_wconf 87' lang='lat' dir='ltr'><strong>fuit.</strong></span> <span class='ocrx_word' id='word_1_89' title='bbox 663 1487 723 1543; x_wconf 83' lang='lat' dir='ltr'><strong>Si</strong></span> <span class='ocrx_word' id='word_1_90' title='bbox 751 1486 894 1542; x_wconf 90' lang='lat' dir='ltr'><strong>enim</strong></span> <span class='ocrx_word' id='word_1_91' title='bbox 924 1483 1232 1554; x_wconf 88' lang='lat' dir='ltr'><strong>conspectis</strong></span> <span class='ocrx_word' id='word_1_92' title='bbox 1259 1490 1466 1539; x_wconf 87' lang='lat' dir='ltr'><strong>tantum</strong></span> <span class='ocrx_word' id='word_1_93' title='bbox 1497 1479 1603 1535; x_wconf 88' lang='lat' dir='ltr'><strong>illis</strong></span> <span class='ocrx_word' id='word_1_94' title='bbox 1624 1521 1639 1545; x_wconf 92' lang='lat'><strong>,</strong></span> <span class='ocrx_word' id='word_1_95' title='bbox 1678 1477 1769 1549; x_wconf 85' lang='lat' dir='ltr'><strong>qui</strong></span> <span class='ocrx_word' id='word_1_96' title='bbox 1814 1491 1875 1532; x_wconf 90' lang='lat' dir='ltr'><strong>se</strong></span> 
     </span>
    </p>
   </div>
   <div class='ocr_carea' id='block_1_14' title="bbox 272 1573 1877 1644">
    <p class='ocr_par' dir='ltr' id='par_1_14' title="bbox 272 1573 1877 1644">
     <span class='ocr_line' id='line_1_14' title="bbox 272 1573 1877 1644; baseline -0.01 -5"><span class='ocrx_word' id='word_1_97' title='bbox 272 1581 521 1639; x_wconf 79' lang='lat' dir='ltr'><strong>molestia</strong></span> <span class='ocrx_word' id='word_1_98' title='bbox 559 1577 875 1644; x_wconf 81' lang='lat' dir='ltr'><strong>aﬁ&#39;eeerint,</strong></span> <span class='ocrx_word' id='word_1_99' title='bbox 914 1576 1208 1633; x_wconf 71' lang='lat' dir='ltr'><strong>efferantur</strong></span> <span class='ocrx_word' id='word_1_100' title='bbox 1251 1573 1532 1638; x_wconf 81' lang='lat' dir='ltr'><strong>nonnulli,</strong></span> <span class='ocrx_word' id='word_1_101' title='bbox 1557 1584 1665 1641; x_wconf 92' lang='lat' dir='ltr'><strong>quo</strong></span> <span class='ocrx_word' id='word_1_102' title='bbox 1718 1577 1877 1641; x_wconf 82' lang='lat' dir='ltr'><strong>pacto</strong></span> 
     </span>
    </p>
   </div>
   <div class='ocr_carea' id='block_1_15' title="bbox 270 1664 1877 1743">
    <p class='ocr_par' dir='ltr' id='par_1_15' title="bbox 270 1664 1877 1743">
     <span class='ocr_line' id='line_1_15' title="bbox 270 1664 1877 1743; baseline -0.014 -7"><span class='ocrx_word' id='word_1_103' title='bbox 270 1678 685 1743; x_wconf 80' lang='lat' dir='ltr'><strong>adducerentur,</strong></span> <span class='ocrx_word' id='word_1_104' title='bbox 718 1685 776 1730; x_wconf 93' lang='lat' dir='ltr'><strong>ut</strong></span> <span class='ocrx_word' id='word_1_105' title='bbox 798 1674 1010 1731; x_wconf 89' lang='lat' dir='ltr'><strong>alerent</strong></span> <span class='ocrx_word' id='word_1_106' title='bbox 1036 1667 1370 1729; x_wconf 74' lang='lat' dir='ltr'><strong>esurientes?</strong></span> <span class='ocrx_word' id='word_1_107' title='bbox 1393 1664 1532 1735; x_wconf 85' lang='lat' dir='ltr'><strong>Quid</strong></span> <span class='ocrx_word' id='word_1_108' title='bbox 1556 1664 1680 1719; x_wconf 84' lang='lat' dir='ltr'><strong>dico</strong></span> <span class='ocrx_word' id='word_1_109' title='bbox 1700 1704 1717 1731; x_wconf 91' lang='lat'><strong>,</strong></span> <span class='ocrx_word' id='word_1_110' title='bbox 1743 1677 1877 1717; x_wconf 88' lang='lat' dir='ltr'><strong>con-</strong></span> 
     </span>
    </p>
   </div>
   <div class='ocr_carea' id='block_1_16' title="bbox 270 1755 1875 1841">
    <p class='ocr_par' dir='ltr' id='par_1_16' title="bbox 270 1755 1875 1841">
     <span class='ocr_line' id='line_1_16' title="bbox 270 1755 1875 1841; baseline -0.011 -16"><span class='ocrx_word' id='word_1_111' title='bbox 270 1770 499 1841; x_wconf 75' lang='lat' dir='ltr'><strong>spectis?</strong></span> <span class='ocrx_word' id='word_1_112' title='bbox 520 1766 580 1823; x_wconf 88' lang='lat' dir='ltr'><strong>Si</strong></span> <span class='ocrx_word' id='word_1_113' title='bbox 602 1768 724 1839; x_wconf 88' lang='lat' dir='ltr'><strong>quis</strong></span> <span class='ocrx_word' id='word_1_114' title='bbox 761 1764 1087 1821; x_wconf 85' lang='lat' dir='ltr'><strong>mentionem</strong></span> <span class='ocrx_word' id='word_1_115' title='bbox 1118 1762 1330 1819; x_wconf 89' lang='lat' dir='ltr'><strong>illorum</strong></span> <span class='ocrx_word' id='word_1_116' title='bbox 1372 1757 1597 1824; x_wconf 90' lang='lat' dir='ltr'><strong>fecerit,</strong></span> <span class='ocrx_word' id='word_1_117' title='bbox 1621 1766 1674 1812; x_wconf 91' lang='lat' dir='ltr'><strong>et</strong></span> <span class='ocrx_word' id='word_1_118' title='bbox 1700 1755 1875 1810; x_wconf 88' lang='lat' dir='ltr'><strong>solum</strong></span> 
     </span>
    </p>
   </div>
   <div class='ocr_carea' id='block_1_17' title="bbox 268 1844 1878 1924">
    <p class='ocr_par' dir='ltr' id='par_1_17' title="bbox 268 1844 1878 1924">
     <span class='ocr_line' id='line_1_17' title="bbox 268 1844 1878 1924; baseline -0.012 -7"><span class='ocrx_word' id='word_1_119' title='bbox 268 1873 461 1917; x_wconf 80' lang='lat' dir='ltr'><strong>eorum</strong></span> <span class='ocrx_word' id='word_1_120' title='bbox 496 1872 705 1914; x_wconf 82' lang='lat' dir='ltr'><strong>nomen</strong></span> <span class='ocrx_word' id='word_1_121' title='bbox 748 1857 802 1912; x_wconf 89' lang='lat' dir='ltr'><strong>in</strong></span> <span class='ocrx_word' id='word_1_122' title='bbox 848 1854 1082 1910; x_wconf 88' lang='lat' dir='ltr'><strong>medium</strong></span> <span class='ocrx_word' id='word_1_123' title='bbox 1127 1849 1441 1924; x_wconf 86' lang='lat' dir='ltr'><strong>protulerit,</strong></span> <span class='ocrx_word' id='word_1_124' title='bbox 1483 1845 1682 1902; x_wconf 90' lang='lat' dir='ltr'><strong>mentis</strong></span> <span class='ocrx_word' id='word_1_125' title='bbox 1720 1844 1878 1900; x_wconf 88' lang='lat' dir='ltr'><strong>nobis</strong></span> 
     </span>
    </p>
   </div>
   <div class='ocr_carea' id='block_1_18' title="bbox 272 1935 1875 2016">
    <p class='ocr_par' dir='ltr' id='par_1_18' title="bbox 272 1935 1875 2016">
     <span class='ocr_line' id='line_1_18' title="bbox 272 1935 1875 2016; baseline -0.011 -10"><span class='ocrx_word' id='word_1_126' title='bbox 272 1951 468 2008; x_wconf 85' lang='lat' dir='ltr'><strong>vulnus</strong></span> <span class='ocrx_word' id='word_1_127' title='bbox 492 1957 735 2016; x_wconf 82' lang='lat' dir='ltr'><strong>renovat,</strong></span> <span class='ocrx_word' id='word_1_128' title='bbox 764 1958 815 2004; x_wconf 92' lang='lat' dir='ltr'><strong>et</strong></span> <span class='ocrx_word' id='word_1_129' title='bbox 838 1945 1317 2003; x_wconf 78' lang='lat' dir='ltr'><strong>inflammationem</strong></span> <span class='ocrx_word' id='word_1_130' title='bbox 1347 1949 1529 2013; x_wconf 88' lang='lat' dir='ltr'><strong>auget.</strong></span> <span class='ocrx_word' id='word_1_131' title='bbox 1560 1938 1685 1994; x_wconf 61' lang='lat' dir='ltr'><strong>lla‘e</strong></span> <span class='ocrx_word' id='word_1_132' title='bbox 1710 1935 1875 2008; x_wconf 78' lang='lat' dir='ltr'><strong>igitur</strong></span> 
     </span>
    </p>
   </div>
   <div class='ocr_carea' id='block_1_19' title="bbox 270 2027 1878 2110">
    <p class='ocr_par' dir='ltr' id='par_1_19' title="bbox 270 2027 1878 2110">
     <span class='ocr_line' id='line_1_19' title="bbox 270 2027 1878 2110; baseline -0.01 -12"><span class='ocrx_word' id='word_1_133' title='bbox 270 2041 455 2097; x_wconf 80' lang='lat' dir='ltr'><strong>omnia</strong></span> <span class='ocrx_word' id='word_1_134' title='bbox 482 2056 606 2096; x_wconf 89' lang='lat' dir='ltr'><strong>cum</strong></span> <span class='ocrx_word' id='word_1_135' title='bbox 638 2039 961 2110; x_wconf 87' lang='lat' dir='ltr'><strong>intelligeret</strong></span> <span class='ocrx_word' id='word_1_136' title='bbox 986 2036 1183 2094; x_wconf 82' lang='lat' dir='ltr'><strong>Paulus</strong></span> <span class='ocrx_word' id='word_1_137' title='bbox 1200 2077 1216 2103; x_wconf 93' lang='lat'><strong>,</strong></span> <span class='ocrx_word' id='word_1_138' title='bbox 1239 2046 1295 2089; x_wconf 91' lang='lat' dir='ltr'><strong>et</strong></span> <span class='ocrx_word' id='word_1_139' title='bbox 1319 2034 1424 2089; x_wconf 91' lang='lat' dir='ltr'><strong>hoc</strong></span> <span class='ocrx_word' id='word_1_140' title='bbox 1451 2031 1740 2089; x_wconf 83' lang='lat' dir='ltr'><strong>emendata</strong></span> <span class='ocrx_word' id='word_1_141' title='bbox 1771 2027 1878 2084; x_wconf 89' lang='lat' dir='ltr'><strong>dif-</strong></span> 
     </span>
    </p>
   </div>
   <div class='ocr_carea' id='block_1_20' title="bbox 272 2120 1876 2210">
    <p class='ocr_par' dir='ltr' id='par_1_20' title="bbox 272 2120 1876 2210">
     <span class='ocr_line' id='line_1_20' title="bbox 272 2120 1876 2210; baseline -0.009 -21"><span class='ocrx_word' id='word_1_142' title='bbox 272 2132 414 2210; x_wconf 83' lang='lat' dir='ltr'><strong>ﬁcile</strong></span> <span class='ocrx_word' id='word_1_143' title='bbox 439 2139 497 2188; x_wconf 91' lang='lat' dir='ltr'><strong>et</strong></span> <span class='ocrx_word' id='word_1_144' title='bbox 524 2130 751 2187; x_wconf 86' lang='lat' dir='ltr'><strong>arduum</strong></span> <span class='ocrx_word' id='word_1_145' title='bbox 778 2129 938 2186; x_wconf 92' lang='lat' dir='ltr'><strong>vellet</strong></span> <span class='ocrx_word' id='word_1_146' title='bbox 971 2127 1127 2184; x_wconf 86' lang='lat' dir='ltr'><strong>facile</strong></span> <span class='ocrx_word' id='word_1_147' title='bbox 1168 2124 1395 2183; x_wconf 84' lang='lat' dir='ltr'><strong>reddere</strong></span> <span class='ocrx_word' id='word_1_148' title='bbox 1423 2131 1479 2180; x_wconf 90' lang='lat' dir='ltr'><strong>et</strong></span> <span class='ocrx_word' id='word_1_149' title='bbox 1531 2120 1839 2192; x_wconf 74' lang='lat' dir='ltr'><strong>expeditum</strong></span> <span class='ocrx_word' id='word_1_150' title='bbox 1859 2159 1876 2185; x_wconf 91' lang='lat'><strong>,</strong></span> 
     </span>
    </p>
   </div>
   <div class='ocr_carea' id='block_1_21' title="bbox 272 2215 1876 2295">
    <p class='ocr_par' dir='ltr' id='par_1_21' title="bbox 272 2215 1876 2295">
     <span class='ocr_line' id='line_1_21' title="bbox 272 2215 1876 2295; baseline -0.007 -16"><span class='ocrx_word' id='word_1_151' title='bbox 272 2234 329 2281; x_wconf 89' lang='lat' dir='ltr'><strong>et</strong></span> <span class='ocrx_word' id='word_1_152' title='bbox 374 2222 453 2280; x_wconf 88' lang='lat' dir='ltr'><strong>illi</strong></span> <span class='ocrx_word' id='word_1_153' title='bbox 480 2223 807 2295; x_wconf 85' lang='lat' dir='ltr'><strong>persuadere</strong></span> <span class='ocrx_word' id='word_1_154' title='bbox 831 2263 848 2289; x_wconf 95' lang='lat'><strong>,</strong></span> <span class='ocrx_word' id='word_1_155' title='bbox 877 2221 969 2290; x_wconf 88' lang='lat' dir='ltr'><strong>qui</strong></span> <span class='ocrx_word' id='word_1_156' title='bbox 1012 2236 1081 2276; x_wconf 92' lang='lat' dir='ltr'><strong>nc</strong></span> <span class='ocrx_word' id='word_1_157' title='bbox 1128 2218 1325 2275; x_wconf 89' lang='lat' dir='ltr'><strong>intueri</strong></span> <span class='ocrx_word' id='word_1_158' title='bbox 1354 2215 1569 2287; x_wconf 86' lang='lat' dir='ltr'><strong>quidem</strong></span> <span class='ocrx_word' id='word_1_159' title='bbox 1601 2215 1876 2270; x_wconf 89' lang='lat' dir='ltr'><strong>inimicum</strong></span> 
     </span>
    </p>
   </div>
   <div class='ocr_carea' id='block_1_22' title="bbox 271 2311 1877 2391">
    <p class='ocr_par' dir='ltr' id='par_1_22' title="bbox 271 2311 1877 2391">
     <span class='ocr_line' id='line_1_22' title="bbox 271 2311 1877 2391; baseline -0.007 -18"><span class='ocrx_word' id='word_1_160' title='bbox 271 2315 544 2389; x_wconf 86' lang='lat' dir='ltr'><strong>dignatur,</strong></span> <span class='ocrx_word' id='word_1_161' title='bbox 575 2327 632 2371; x_wconf 91' lang='lat' dir='ltr'><strong>ut</strong></span> <span class='ocrx_word' id='word_1_162' title='bbox 658 2315 727 2371; x_wconf 84' lang='lat' dir='ltr'><strong>ad</strong></span> <span class='ocrx_word' id='word_1_163' title='bbox 752 2315 891 2372; x_wconf 77' lang='lat' dir='ltr'><strong>bene</strong></span> <span class='ocrx_word' id='word_1_164' title='bbox 906 2313 975 2371; x_wconf 86' lang='lat' dir='ltr'><strong>de</strong></span> <span class='ocrx_word' id='word_1_165' title='bbox 1003 2313 1095 2369; x_wconf 83' lang='lat' dir='ltr'><strong>illo</strong></span> <span class='ocrx_word' id='word_1_166' title='bbox 1126 2311 1440 2391; x_wconf 59' lang='lat' dir='ltr'><strong>me’cndum</strong></span> <span class='ocrx_word' id='word_1_167' title='bbox 1469 2324 1528 2365; x_wconf 90' lang='lat' dir='ltr'><strong>se</strong></span> <span class='ocrx_word' id='word_1_168' title='bbox 1573 2319 1877 2379; x_wconf 87' lang='lat' dir='ltr'><strong>promptum</strong></span> 
     </span>
    </p>
   </div>
   <div class='ocr_carea' id='block_1_23' title="bbox 166 2402 1881 2479">
    <p class='ocr_par' dir='ltr' id='par_1_23' title="bbox 166 2402 1881 2479">
     <span class='ocr_line' id='line_1_23' title="bbox 166 2402 1881 2479; baseline -0.005 -15"><span class='ocrx_word' id='word_1_169' title='bbox 166 2432 173 2433; x_wconf 50' lang='grc' dir='ltr'>ί</span> <span class='ocrx_word' id='word_1_170' title='bbox 272 2407 625 2476; x_wconf 80' lang='lat' dir='ltr'><strong>ostenderet,</strong></span> <span class='ocrx_word' id='word_1_171' title='bbox 667 2407 934 2463; x_wconf 84' lang='lat' dir='ltr'><strong>carbones</strong></span> <span class='ocrx_word' id='word_1_172' title='bbox 988 2406 1126 2479; x_wconf 79' lang='lat' dir='ltr'><strong>ignis</strong></span> <span class='ocrx_word' id='word_1_173' title='bbox 1171 2405 1373 2476; x_wconf 87' lang='lat' dir='ltr'><strong>posuit,</strong></span> <span class='ocrx_word' id='word_1_174' title='bbox 1406 2412 1465 2458; x_wconf 92' lang='lat' dir='ltr'><strong>ut</strong></span> <span class='ocrx_word' id='word_1_175' title='bbox 1502 2402 1752 2474; x_wconf 78' lang='lat' dir='ltr'><strong>supplicii</strong></span> <span class='ocrx_word' id='word_1_176' title='bbox 1783 2416 1881 2470; x_wconf 88' lang='lat' dir='ltr'><strong>spe</strong></span> 
     </span>
    </p>
   </div>
   <div class='ocr_carea' id='block_1_24' title="bbox 273 2483 1882 2556">
    <p class='ocr_par' dir='ltr' id='par_1_24' title="bbox 273 2483 1882 2556">
     <span class='ocr_line' id='line_1_24' title="bbox 273 2483 1882 2556; baseline -0.005 0"><span class='ocrx_word' id='word_1_177' title='bbox 273 2505 580 2556; x_wconf 83' lang='lat' dir='ltr'><strong>cotntnotus</strong></span> <span class='ocrx_word' id='word_1_178' title='bbox 606 2498 673 2553; x_wconf 91' lang='lat' dir='ltr'><strong>ad</strong></span> <span class='ocrx_word' id='word_1_179' title='bbox 716 2497 1038 2555; x_wconf 89' lang='lat' dir='ltr'><strong>beneﬁcium</strong></span> <span class='ocrx_word' id='word_1_180' title='bbox 1088 2498 1141 2553; x_wconf 89' lang='lat' dir='ltr'><strong>in</strong></span> <span class='ocrx_word' id='word_1_181' title='bbox 1168 2483 1340 2551; x_wconf 80' lang='lat' dir='ltr'><strong>illum</strong></span> <span class='ocrx_word' id='word_1_182' title='bbox 1366 2494 1752 2551; x_wconf 89' lang='lat' dir='ltr'><strong>conferendum</strong></span> <span class='ocrx_word' id='word_1_183' title='bbox 1790 2508 1882 2548; x_wconf 89' lang='lat' dir='ltr'><strong>ac-</strong></span> 
     </span>
    </p>
   </div>
   <div class='ocr_carea' id='block_1_25' title="bbox 273 2587 1873 2663">
    <p class='ocr_par' dir='ltr' id='par_1_25' title="bbox 273 2587 1873 2663">
     <span class='ocr_line' id='line_1_25' title="bbox 273 2587 1873 2663; baseline -0.006 -15"><span class='ocrx_word' id='word_1_184' title='bbox 273 2600 477 2658; x_wconf 84' lang='lat' dir='ltr'><strong>currat,</strong></span> <span class='ocrx_word' id='word_1_185' title='bbox 509 2605 541 2645; x_wconf 91' lang='lat' dir='ltr'><strong>a</strong></span> <span class='ocrx_word' id='word_1_186' title='bbox 567 2606 673 2663; x_wconf 89' lang='lat' dir='ltr'><strong>quo</strong></span> <span class='ocrx_word' id='word_1_187' title='bbox 698 2590 896 2646; x_wconf 76' lang='lat' dir='ltr'><strong>damno</strong></span> <span class='ocrx_word' id='word_1_188' title='bbox 939 2590 1127 2646; x_wconf 80' lang='lat' dir='ltr'><strong>fuisset</strong></span> <span class='ocrx_word' id='word_1_189' title='bbox 1163 2588 1407 2644; x_wconf 85' lang='lat' dir='ltr'><strong>aﬁ‘ectus.</strong></span> <span class='ocrx_word' id='word_1_190' title='bbox 1443 2587 1510 2643; x_wconf 85' lang='lat' dir='ltr'><strong>Et</strong></span> <span class='ocrx_word' id='word_1_191' title='bbox 1534 2589 1670 2642; x_wconf 83' lang='lat' dir='ltr'><strong>sicut</strong></span> <span class='ocrx_word' id='word_1_192' title='bbox 1700 2587 1873 2657; x_wconf 85' lang='lat' dir='ltr'><strong>pisca-</strong></span> 
     </span>
    </p>
   </div>
   <div class='ocr_carea' id='block_1_26' title="bbox 278 2678 1880 2759">
    <p class='ocr_par' dir='ltr' id='par_1_26' title="bbox 278 2678 1880 2759">
     <span class='ocr_line' id='line_1_26' title="bbox 278 2678 1880 2759; baseline -0.005 -19"><span class='ocrx_word' id='word_1_193' title='bbox 278 2693 365 2740; x_wconf 89' lang='lat' dir='ltr'><strong>tor</strong></span> <span class='ocrx_word' id='word_1_194' title='bbox 390 2683 609 2739; x_wconf 88' lang='lat' dir='ltr'><strong>hamum</strong></span> <span class='ocrx_word' id='word_1_195' title='bbox 663 2683 917 2742; x_wconf 88' lang='lat' dir='ltr'><strong>illecebra</strong></span> <span class='ocrx_word' id='word_1_196' title='bbox 946 2682 1181 2754; x_wconf 80' lang='lat' dir='ltr'><strong>contegit</strong></span> <span class='ocrx_word' id='word_1_197' title='bbox 1232 2681 1499 2759; x_wconf 80' lang='lat' dir='ltr'><strong>undique,</strong></span> <span class='ocrx_word' id='word_1_198' title='bbox 1544 2689 1763 2748; x_wconf 86' lang='lat' dir='ltr'><strong>tumque</strong></span> <span class='ocrx_word' id='word_1_199' title='bbox 1800 2678 1880 2748; x_wconf 88' lang='lat' dir='ltr'><strong>pi—</strong></span> 
     </span>
    </p>
   </div>
   <div class='ocr_carea' id='block_1_27' title="bbox 274 2776 1874 2848">
    <p class='ocr_par' dir='ltr' id='par_1_27' title="bbox 274 2776 1874 2848">
     <span class='ocr_line' id='line_1_27' title="bbox 274 2776 1874 2848; baseline -0.007 -12"><span class='ocrx_word' id='word_1_200' title='bbox 274 2777 456 2836; x_wconf 80' lang='lat' dir='ltr'><strong>scibus</strong></span> <span class='ocrx_word' id='word_1_201' title='bbox 495 2776 713 2848; x_wconf 90' lang='lat' dir='ltr'><strong>objicit,</strong></span> <span class='ocrx_word' id='word_1_202' title='bbox 736 2784 811 2831; x_wconf 67' lang='lat' dir='ltr'><strong>:ut</strong></span> <span class='ocrx_word' id='word_1_203' title='bbox 848 2776 914 2831; x_wconf 88' lang='lat' dir='ltr'><strong>ad</strong></span> <span class='ocrx_word' id='word_1_204' title='bbox 947 2785 1263 2831; x_wconf 85' lang='lat' dir='ltr'><strong>consuetum</strong></span> <span class='ocrx_word' id='word_1_205' title='bbox 1292 2776 1469 2829; x_wconf 88' lang='lat' dir='ltr'><strong>cibum</strong></span> <span class='ocrx_word' id='word_1_206' title='bbox 1498 2783 1874 2835; x_wconf 77' lang='lat' dir='ltr'><strong>occurrcnles,</strong></span> 
     </span>
    </p>
   </div>
   <div class='ocr_carea' id='block_1_28' title="bbox 275 2864 1881 2939">
    <p class='ocr_par' dir='ltr' id='par_1_28' title="bbox 275 2864 1881 2939">
     <span class='ocr_line' id='line_1_28' title="bbox 275 2864 1881 2939; baseline -0.007 -13"><span class='ocrx_word' id='word_1_207' title='bbox 275 2870 368 2926; x_wconf 90' lang='lat' dir='ltr'><strong>illo</strong></span> <span class='ocrx_word' id='word_1_208' title='bbox 404 2867 563 2925; x_wconf 87' lang='lat' dir='ltr'><strong>facile</strong></span> <span class='ocrx_word' id='word_1_209' title='bbox 608 2868 887 2939; x_wconf 86' lang='lat' dir='ltr'><strong>capiantur</strong></span> <span class='ocrx_word' id='word_1_210' title='bbox 912 2882 977 2923; x_wconf 88' lang='lat' dir='ltr'><strong>ac</strong></span> <span class='ocrx_word' id='word_1_211' title='bbox 1012 2866 1355 2923; x_wconf 82' lang='lat' dir='ltr'><strong>detineantur</strong></span> <span class='ocrx_word' id='word_1_212' title='bbox 1385 2882 1397 2918; x_wconf 94' lang='lat'>:</span> <span class='ocrx_word' id='word_1_213' title='bbox 1423 2864 1500 2919; x_wconf 91' lang='lat' dir='ltr'><strong>sic</strong></span> <span class='ocrx_word' id='word_1_214' title='bbox 1546 2864 1797 2917; x_wconf 85' lang='lat' dir='ltr'><strong>nimirum</strong></span> <span class='ocrx_word' id='word_1_215' title='bbox 1825 2872 1881 2917; x_wconf 89' lang='lat' dir='ltr'><strong>et</strong></span> 
     </span>
    </p>
   </div>
   <div class='ocr_carea' id='block_1_29' title="bbox 275 2953 1878 3029">
    <p class='ocr_par' dir='ltr' id='par_1_29' title="bbox 275 2953 1878 3029">
     <span class='ocr_line' id='line_1_29' title="bbox 275 2953 1878 3029; baseline -0.006 -11"><span class='ocrx_word' id='word_1_216' title='bbox 275 2961 507 3029; x_wconf 81' lang='lat' dir='ltr'><strong>Paulus,</strong></span> <span class='ocrx_word' id='word_1_217' title='bbox 537 2976 656 3015; x_wconf 86' lang='lat' dir='ltr'><strong>cum</strong></span> <span class='ocrx_word' id='word_1_218' title='bbox 707 2959 957 3015; x_wconf 84' lang='lat' dir='ltr'><strong>aﬁ&#39;ectum</strong></span> <span class='ocrx_word' id='word_1_219' title='bbox 1014 2958 1203 3029; x_wconf 82' lang='lat' dir='ltr'><strong>injuria</strong></span> <span class='ocrx_word' id='word_1_220' title='bbox 1235 2957 1396 3012; x_wconf 77' lang='lat' dir='ltr'><strong>vellet</strong></span> <span class='ocrx_word' id='word_1_221' title='bbox 1439 2955 1504 3011; x_wconf 84' lang='lat' dir='ltr'><strong>ad</strong></span> <span class='ocrx_word' id='word_1_222' title='bbox 1557 2953 1878 3010; x_wconf 80' lang='lat' dir='ltr'><strong>beneﬁcium</strong></span> 
     </span>
    </p>
   </div>
   <div class='ocr_carea' id='block_1_30' title="bbox 273 3047 1878 3118">
    <p class='ocr_par' dir='ltr' id='par_1_30' title="bbox 273 3047 1878 3118">
     <span class='ocr_line' id='line_1_30' title="bbox 273 3047 1878 3118; baseline -0.006 -9"><span class='ocrx_word' id='word_1_223' title='bbox 273 3052 662 3110; x_wconf 83' lang='lat' dir='ltr'><strong>conferendum</strong></span> <span class='ocrx_word' id='word_1_224' title='bbox 691 3051 912 3106; x_wconf 77' lang='lat' dir='ltr'><strong>incitare</strong></span> <span class='ocrx_word' id='word_1_225' title='bbox 940 3049 993 3104; x_wconf 91' lang='lat' dir='ltr'><strong>in</strong></span> <span class='ocrx_word' id='word_1_226' title='bbox 1024 3050 1172 3105; x_wconf 88' lang='lat' dir='ltr'><strong>illum</strong></span> <span class='ocrx_word' id='word_1_227' title='bbox 1206 3049 1298 3118; x_wconf 92' lang='lat' dir='ltr'><strong>qui</strong></span> <span class='ocrx_word' id='word_1_228' title='bbox 1330 3048 1576 3118; x_wconf 88' lang='lat' dir='ltr'><strong>injuriam</strong></span> <span class='ocrx_word' id='word_1_229' title='bbox 1605 3047 1878 3109; x_wconf 82' lang='lat' dir='ltr'><strong>intulerat,</strong></span> 
     </span>
    </p>
   </div>
   <div class='ocr_carea' id='block_1_31' title="bbox 278 3136 1883 3215">
    <p class='ocr_par' dir='ltr' id='par_1_31' title="bbox 278 3136 1883 3215">
     <span class='ocr_line' id='line_1_31' title="bbox 278 3136 1883 3215; baseline -0.006 -14"><span class='ocrx_word' id='word_1_230' title='bbox 278 3159 387 3201; x_wconf 90' lang='lat' dir='ltr'><strong>non</strong></span> <span class='ocrx_word' id='word_1_231' title='bbox 445 3142 649 3201; x_wconf 84' lang='lat' dir='ltr'><strong>nudum</strong></span> <span class='ocrx_word' id='word_1_232' title='bbox 699 3142 1051 3215; x_wconf 65' lang='lat' dir='ltr'><strong>philosojihize</strong></span> <span class='ocrx_word' id='word_1_233' title='bbox 1096 3141 1283 3211; x_wconf 76' lang='lat' dir='ltr'><strong>objicit</strong></span> <span class='ocrx_word' id='word_1_234' title='bbox 1336 3140 1585 3206; x_wconf 85' lang='lat' dir='ltr'><strong>hamum,</strong></span> <span class='ocrx_word' id='word_1_235' title='bbox 1617 3136 1713 3193; x_wconf 87' lang='lat' dir='ltr'><strong>sed</strong></span> <span class='ocrx_word' id='word_1_236' title='bbox 1746 3145 1883 3192; x_wconf 82' lang='lat' dir='ltr'><strong>latn-</strong></span> 
     </span>
    </p>
   </div>
   <div class='ocr_carea' id='block_1_32' title="bbox 274 3228 1883 3309">
    <p class='ocr_par' dir='ltr' id='par_1_32' title="bbox 274 3228 1883 3309">
     <span class='ocr_line' id='line_1_32' title="bbox 274 3228 1883 3309; baseline -0.006 -16"><span class='ocrx_word' id='word_1_237' title='bbox 274 3251 437 3309; x_wconf 84' lang='lat' dir='ltr'><strong>quatn</strong></span> <span class='ocrx_word' id='word_1_238' title='bbox 470 3234 719 3291; x_wconf 86' lang='lat' dir='ltr'><strong>illecebra</strong></span> <span class='ocrx_word' id='word_1_239' title='bbox 744 3232 973 3305; x_wconf 86' lang='lat' dir='ltr'><strong>quadam</strong></span> <span class='ocrx_word' id='word_1_240' title='bbox 1000 3232 1325 3288; x_wconf 81' lang='lat' dir='ltr'><strong>carbonibus</strong></span> <span class='ocrx_word' id='word_1_241' title='bbox 1345 3229 1482 3301; x_wconf 87' lang='lat' dir='ltr'><strong>ignis</strong></span> <span class='ocrx_word' id='word_1_242' title='bbox 1504 3228 1799 3296; x_wconf 84' lang='lat' dir='ltr'><strong>obtectum,</strong></span> <span class='ocrx_word' id='word_1_243' title='bbox 1829 3238 1883 3283; x_wconf 91' lang='lat' dir='ltr'><strong>et</strong></span> 
     </span>
    </p>
   </div>
   <div class='ocr_carea' id='block_1_33' title="bbox 272 3319 1881 3398">
    <p class='ocr_par' dir='ltr' id='par_1_33' title="bbox 272 3319 1881 3398">
     <span class='ocr_line' id='line_1_33' title="bbox 272 3319 1881 3398; baseline -0.009 -12"><span class='ocrx_word' id='word_1_244' title='bbox 272 3327 655 3387; x_wconf 85' lang='lat' dir='ltr'><strong>contumeliam</strong></span> <span class='ocrx_word' id='word_1_245' title='bbox 704 3342 920 3398; x_wconf 87' lang='lat' dir='ltr'><strong>passum</strong></span> <span class='ocrx_word' id='word_1_246' title='bbox 962 3340 1058 3395; x_wconf 87' lang='lat' dir='ltr'><strong>spe</strong></span> <span class='ocrx_word' id='word_1_247' title='bbox 1088 3322 1334 3393; x_wconf 85' lang='lat' dir='ltr'><strong>supplicii</strong></span> <span class='ocrx_word' id='word_1_248' title='bbox 1376 3321 1445 3377; x_wconf 87' lang='lat' dir='ltr'><strong>ad</strong></span> <span class='ocrx_word' id='word_1_249' title='bbox 1474 3320 1793 3376; x_wconf 87' lang='lat' dir='ltr'><strong>beneﬁcium</strong></span> <span class='ocrx_word' id='word_1_250' title='bbox 1828 3319 1881 3373; x_wconf 92' lang='lat' dir='ltr'><strong>in</strong></span> 
     </span>
    </p>
   </div>
   <div class='ocr_carea' id='block_1_34' title="bbox 274 3417 1885 3491">
    <p class='ocr_par' dir='ltr' id='par_1_34' title="bbox 274 3417 1885 3491">
     <span class='ocr_line' id='line_1_34' title="bbox 274 3417 1885 3491; baseline -0.006 -11"><span class='ocrx_word' id='word_1_251' title='bbox 274 3437 398 3480; x_wconf 86' lang='lat' dir='ltr'><strong>cum</strong></span> <span class='ocrx_word' id='word_1_252' title='bbox 424 3418 811 3476; x_wconf 85' lang='lat' dir='ltr'><strong>conferendum</strong></span> <span class='ocrx_word' id='word_1_253' title='bbox 838 3459 853 3485; x_wconf 91' lang='lat'><strong>,</strong></span> <span class='ocrx_word' id='word_1_254' title='bbox 878 3419 967 3491; x_wconf 91' lang='lat' dir='ltr'><strong>qui</strong></span> <span class='ocrx_word' id='word_1_255' title='bbox 998 3417 1154 3483; x_wconf 60' lang='lat' dir='ltr'><strong>lassit,</strong></span> <span class='ocrx_word' id='word_1_256' title='bbox 1187 3417 1377 3471; x_wconf 88' lang='lat' dir='ltr'><strong>invitat</strong></span> <span class='ocrx_word' id='word_1_257' title='bbox 1409 3433 1422 3471; x_wconf 92' lang='lat'><strong>:</strong></span> <span class='ocrx_word' id='word_1_258' title='bbox 1454 3431 1576 3470; x_wconf 87' lang='lat' dir='ltr'><strong>mox</strong></span> <span class='ocrx_word' id='word_1_259' title='bbox 1611 3425 1792 3473; x_wconf 86' lang='lat' dir='ltr'><strong>autem</strong></span> <span class='ocrx_word' id='word_1_260' title='bbox 1826 3427 1885 3471; x_wconf 90' lang='lat' dir='ltr'><strong>ut</strong></span> 
     </span>
    </p>
   </div>
   <div class='ocr_carea' id='block_1_35' title="bbox 272 3507 1878 3580">
    <p class='ocr_par' dir='ltr' id='par_1_35' title="bbox 272 3507 1878 3580">
     <span class='ocr_line' id='line_1_35' title="bbox 272 3507 1878 3580; baseline -0.002 -11"><span class='ocrx_word' id='word_1_261' title='bbox 272 3514 508 3580; x_wconf 76' lang='lat' dir='ltr'><strong>venerit,</strong></span> <span class='ocrx_word' id='word_1_262' title='bbox 536 3511 731 3569; x_wconf 90' lang='lat' dir='ltr'><strong>deinde</strong></span> <span class='ocrx_word' id='word_1_263' title='bbox 771 3511 969 3567; x_wconf 89' lang='lat' dir='ltr'><strong>retinet</strong></span> <span class='ocrx_word' id='word_1_264' title='bbox 990 3550 1007 3578; x_wconf 92' lang='lat'><strong>,</strong></span> <span class='ocrx_word' id='word_1_265' title='bbox 1040 3524 1212 3579; x_wconf 88' lang='lat' dir='ltr'><strong>neque</strong></span> <span class='ocrx_word' id='word_1_266' title='bbox 1251 3509 1462 3563; x_wconf 89' lang='lat' dir='ltr'><strong>resilire</strong></span> <span class='ocrx_word' id='word_1_267' title='bbox 1489 3507 1636 3576; x_wconf 91' lang='lat' dir='ltr'><strong>sinit,</strong></span> <span class='ocrx_word' id='word_1_268' title='bbox 1662 3525 1783 3565; x_wconf 90' lang='lat' dir='ltr'><strong>cum</strong></span> <span class='ocrx_word' id='word_1_269' title='bbox 1808 3510 1878 3565; x_wconf 89' lang='lat' dir='ltr'><strong>ab</strong></span> 
     </span>
    </p>
   </div>
   <div class='ocr_carea' id='block_1_36' title="bbox 274 3602 1880 3680">
    <p class='ocr_par' dir='ltr' id='par_1_36' title="bbox 274 3602 1880 3680">
     <span class='ocr_line' id='line_1_36' title="bbox 274 3602 1880 3680; baseline -0.006 -16"><span class='ocrx_word' id='word_1_270' title='bbox 274 3608 389 3680; x_wconf 77' lang='lat' dir='ltr'><strong>ipsa</strong></span> <span class='ocrx_word' id='word_1_271' title='bbox 412 3607 489 3663; x_wconf 86' lang='lat' dir='ltr'><strong>rei</strong></span> <span class='ocrx_word' id='word_1_272' title='bbox 514 3616 701 3661; x_wconf 91' lang='lat' dir='ltr'><strong>natura</strong></span> <span class='ocrx_word' id='word_1_273' title='bbox 726 3619 849 3660; x_wconf 91' lang='lat' dir='ltr'><strong>cum</strong></span> <span class='ocrx_word' id='word_1_274' title='bbox 890 3603 1107 3659; x_wconf 89' lang='lat' dir='ltr'><strong>inimico</strong></span> <span class='ocrx_word' id='word_1_275' title='bbox 1144 3602 1421 3672; x_wconf 82' lang='lat' dir='ltr'><strong>jungatur,</strong></span> <span class='ocrx_word' id='word_1_276' title='bbox 1449 3614 1611 3680; x_wconf 85' lang='lat' dir='ltr'><strong>atque</strong></span> <span class='ocrx_word' id='word_1_277' title='bbox 1644 3602 1726 3656; x_wconf 89' lang='lat' dir='ltr'><strong>his</strong></span> <span class='ocrx_word' id='word_1_278' title='bbox 1754 3617 1880 3672; x_wconf 84' lang='lat' dir='ltr'><strong>pro-</strong></span> 
     </span>
    </p>
   </div>
   <div class='ocr_carea' id='block_1_37' title="bbox 275 3679 1883 3774">
    <p class='ocr_par' dir='ltr' id='par_1_37' title="bbox 275 3679 1883 3774">
     <span class='ocr_line' id='line_1_37' title="bbox 275 3679 1883 3774; baseline -0.007 -15"><span class='ocrx_word' id='word_1_279' title='bbox 275 3679 565 3774; x_wconf 55' lang='lat' dir='ltr'><strong>petundum</strong></span> <span class='ocrx_word' id='word_1_280' title='bbox 588 3697 769 3752; x_wconf 81' lang='lat' dir='ltr'><strong>verbis</strong></span> <span class='ocrx_word' id='word_1_281' title='bbox 799 3696 945 3750; x_wconf 88' lang='lat' dir='ltr'><strong>illutn</strong></span> <span class='ocrx_word' id='word_1_282' title='bbox 968 3694 1163 3749; x_wconf 86' lang='lat' dir='ltr'><strong>aﬁ‘atur</strong></span> <span class='ocrx_word' id='word_1_283' title='bbox 1186 3711 1201 3747; x_wconf 90' lang='lat'><strong>:</strong></span> <span class='ocrx_word' id='word_1_284' title='bbox 1231 3692 1347 3750; x_wconf 73' lang='lat' dir='ltr'><strong>Non</strong></span> <span class='ocrx_word' id='word_1_285' title='bbox 1377 3696 1457 3750; x_wconf 90' lang='lat' dir='ltr'><strong>vis</strong></span> <span class='ocrx_word' id='word_1_286' title='bbox 1485 3679 1697 3763; x_wconf 69' lang='lat' dir='ltr'><strong>piciatis</strong></span> <span class='ocrx_word' id='word_1_287' title='bbox 1721 3708 1883 3748; x_wconf 83' lang='lat' dir='ltr'><strong>causa</strong></span> 
     </span>
    </p>
   </div>
   <div class='ocr_carea' id='block_1_38' title="bbox 273 3786 1879 3869">
    <p class='ocr_par' dir='ltr' id='par_1_38' title="bbox 273 3786 1879 3869">
     <span class='ocr_line' id='line_1_38' title="bbox 273 3786 1879 3869; baseline -0.007 -16"><span class='ocrx_word' id='word_1_288' title='bbox 273 3796 459 3869; x_wconf 77' lang='lat' dir='ltr'><strong>cibare</strong></span> <span class='ocrx_word' id='word_1_289' title='bbox 488 3792 635 3850; x_wconf 88' lang='lat' dir='ltr'><strong>illuttt</strong></span> <span class='ocrx_word' id='word_1_290' title='bbox 660 3788 751 3865; x_wconf 87' lang='lat' dir='ltr'><strong>qui</strong></span> <span class='ocrx_word' id='word_1_291' title='bbox 769 3798 819 3845; x_wconf 91' lang='lat' dir='ltr'><strong>te</strong></span> <span class='ocrx_word' id='word_1_292' title='bbox 838 3788 1000 3843; x_wconf 53' lang='lat' dir='ltr'><strong>lusit?</strong></span> <span class='ocrx_word' id='word_1_293' title='bbox 1021 3787 1212 3844; x_wconf 87' lang='lat' dir='ltr'><strong>saltem</strong></span> <span class='ocrx_word' id='word_1_294' title='bbox 1241 3789 1311 3845; x_wconf 92' lang='lat' dir='ltr'><strong>ob</strong></span> <span class='ocrx_word' id='word_1_295' title='bbox 1325 3803 1477 3858; x_wconf 86' lang='lat' dir='ltr'><strong>spem</strong></span> <span class='ocrx_word' id='word_1_296' title='bbox 1497 3787 1711 3842; x_wconf 87' lang='lat' dir='ltr'><strong>ultionis</strong></span> <span class='ocrx_word' id='word_1_297' title='bbox 1739 3786 1879 3843; x_wconf 79' lang='lat' dir='ltr'><strong>ciba.</strong></span> 
     </span>
    </p>
   </div>
   <div class='ocr_carea' id='block_1_39' title="bbox 274 3880 1885 3951">
    <p class='ocr_par' dir='ltr' id='par_1_39' title="bbox 274 3880 1885 3951">
     <span class='ocr_line' id='line_1_39' title="bbox 274 3880 1885 3951; baseline -0.007 -2"><span class='ocrx_word' id='word_1_298' title='bbox 274 3890 389 3949; x_wconf 87' lang='lat' dir='ltr'><strong>Scit</strong></span> <span class='ocrx_word' id='word_1_299' title='bbox 414 3888 558 3946; x_wconf 86' lang='lat' dir='ltr'><strong>enim</strong></span> <span class='ocrx_word' id='word_1_300' title='bbox 605 3890 755 3951; x_wconf 81' lang='lat' dir='ltr'><strong>fore,</strong></span> <span class='ocrx_word' id='word_1_301' title='bbox 784 3894 843 3941; x_wconf 90' lang='lat' dir='ltr'><strong>ut</strong></span> <span class='ocrx_word' id='word_1_302' title='bbox 869 3886 913 3941; x_wconf 90' lang='lat' dir='ltr'><strong>si</strong></span> <span class='ocrx_word' id='word_1_303' title='bbox 968 3882 1289 3940; x_wconf 82' lang='lat' dir='ltr'><strong>beneﬁcium</strong></span> <span class='ocrx_word' id='word_1_304' title='bbox 1336 3882 1390 3937; x_wconf 93' lang='lat' dir='ltr'><strong>in</strong></span> <span class='ocrx_word' id='word_1_305' title='bbox 1438 3881 1586 3935; x_wconf 88' lang='lat' dir='ltr'><strong>illum</strong></span> <span class='ocrx_word' id='word_1_306' title='bbox 1636 3880 1885 3937; x_wconf 84' lang='lat' dir='ltr'><strong>conferre</strong></span> 
     </span>
    </p>
   </div>
   <div class='ocr_carea' id='block_1_40' title="bbox 275 3973 1885 4055">
    <p class='ocr_par' dir='ltr' id='par_1_40' title="bbox 275 3973 1885 4055">
     <span class='ocr_line' id='line_1_40' title="bbox 275 3973 1885 4055; baseline -0.006 -18"><span class='ocrx_word' id='word_1_307' title='bbox 275 3980 622 4055; x_wconf 79' lang='lat' dir='ltr'><strong>aggrediatur</strong></span> <span class='ocrx_word' id='word_1_308' title='bbox 641 4019 657 4044; x_wconf 93' lang='lat'><strong>,</strong></span> <span class='ocrx_word' id='word_1_309' title='bbox 700 3978 810 4049; x_wconf 90' lang='lat' dir='ltr'><strong>jam</strong></span> <span class='ocrx_word' id='word_1_310' title='bbox 838 3988 950 4033; x_wconf 90' lang='lat' dir='ltr'><strong>tum</strong></span> <span class='ocrx_word' id='word_1_311' title='bbox 999 3977 1209 4032; x_wconf 91' lang='lat' dir='ltr'><strong>initium</strong></span> <span class='ocrx_word' id='word_1_312' title='bbox 1238 3975 1366 4040; x_wconf 93' lang='lat' dir='ltr'><strong>ﬁat,</strong></span> <span class='ocrx_word' id='word_1_313' title='bbox 1394 3988 1459 4029; x_wconf 90' lang='lat' dir='ltr'><strong>ac</strong></span> <span class='ocrx_word' id='word_1_314' title='bbox 1486 3973 1569 4028; x_wconf 87' lang='lat' dir='ltr'><strong>via</strong></span> <span class='ocrx_word' id='word_1_315' title='bbox 1612 3981 1885 4028; x_wconf 88' lang='lat' dir='ltr'><strong>sternatur</strong></span> 
     </span>
    </p>
   </div>
   <div class='ocr_carea' id='block_1_41' title="bbox 276 4066 1883 4137">
    <p class='ocr_par' dir='ltr' id='par_1_41' title="bbox 276 4066 1883 4137">
     <span class='ocr_line' id='line_1_41' title="bbox 276 4066 1883 4137; baseline -0.007 -6"><span class='ocrx_word' id='word_1_316' title='bbox 276 4068 748 4130; x_wconf 81' lang='lat' dir='ltr'><strong>reconciliationis.</strong></span> <span class='ocrx_word' id='word_1_317' title='bbox 778 4069 948 4126; x_wconf 81' lang='lat' dir='ltr'><strong>Nemo</strong></span> <span class='ocrx_word' id='word_1_318' title='bbox 969 4068 1133 4135; x_wconf 90' lang='lat' dir='ltr'><strong>enim,</strong></span> <span class='ocrx_word' id='word_1_319' title='bbox 1168 4081 1328 4123; x_wconf 91' lang='lat' dir='ltr'><strong>nemo</strong></span> <span class='ocrx_word' id='word_1_320' title='bbox 1357 4080 1609 4137; x_wconf 88' lang='lat' dir='ltr'><strong>umquam</strong></span> <span class='ocrx_word' id='word_1_321' title='bbox 1641 4066 1883 4134; x_wconf 75' lang='lat' dir='ltr'><strong>poterlta</strong></span> 
     </span>
    </p>
   </div>
   <div class='ocr_carea' id='block_1_42' title="bbox 277 4155 1884 4230">
    <p class='ocr_par' dir='ltr' id='par_1_42' title="bbox 277 4155 1884 4230">
     <span class='ocr_line' id='line_1_42' title="bbox 277 4155 1884 4230; baseline -0.007 -9"><span class='ocrx_word' id='word_1_322' title='bbox 277 4178 340 4222; x_wconf 84' lang='lat' dir='ltr'><strong>se</strong></span> <span class='ocrx_word' id='word_1_323' title='bbox 358 4164 618 4220; x_wconf 87' lang='lat' dir='ltr'><strong>nutritum</strong></span> <span class='ocrx_word' id='word_1_324' title='bbox 640 4162 911 4218; x_wconf 89' lang='lat' dir='ltr'><strong>hominem</strong></span> <span class='ocrx_word' id='word_1_325' title='bbox 940 4176 1004 4216; x_wconf 92' lang='lat' dir='ltr'><strong>ac</strong></span> <span class='ocrx_word' id='word_1_326' title='bbox 1031 4168 1267 4230; x_wconf 91' lang='lat' dir='ltr'><strong>potatnm</strong></span> <span class='ocrx_word' id='word_1_327' title='bbox 1294 4157 1547 4214; x_wconf 87' lang='lat' dir='ltr'><strong>infestum</strong></span> <span class='ocrx_word' id='word_1_328' title='bbox 1580 4155 1884 4222; x_wconf 88' lang='lat' dir='ltr'><strong>habere,li-</strong></span> 
     </span>
    </p>
   </div>
   <div class='ocr_carea' id='block_1_43' title="bbox 276 4251 1885 4328">
    <p class='ocr_par' dir='ltr' id='par_1_43' title="bbox 276 4251 1885 4328">
     <span class='ocr_line' id='line_1_43' title="bbox 276 4251 1885 4328; baseline -0.009 -12"><span class='ocrx_word' id='word_1_329' title='bbox 276 4268 368 4317; x_wconf 87' lang='lat' dir='ltr'><strong>cet</strong></span> <span class='ocrx_word' id='word_1_330' title='bbox 393 4257 547 4314; x_wconf 88' lang='lat' dir='ltr'><strong>initio</strong></span> <span class='ocrx_word' id='word_1_331' title='bbox 570 4271 668 4328; x_wconf 88' lang='lat' dir='ltr'><strong>spe</strong></span> <span class='ocrx_word' id='word_1_332' title='bbox 690 4255 907 4311; x_wconf 83' lang='lat' dir='ltr'><strong>ultionis</strong></span> <span class='ocrx_word' id='word_1_333' title='bbox 938 4253 989 4308; x_wconf 90' lang='lat' dir='ltr'><strong>id</strong></span> <span class='ocrx_word' id='word_1_334' title='bbox 1033 4253 1238 4309; x_wconf 85' lang='lat' dir='ltr'><strong>fecerit.</strong></span> <span class='ocrx_word' id='word_1_335' title='bbox 1267 4251 1551 4322; x_wconf 69' lang='lat' dir='ltr'><strong>Temporis</strong></span> <span class='ocrx_word' id='word_1_336' title='bbox 1593 4251 1737 4305; x_wconf 90' lang='lat' dir='ltr'><strong>enim</strong></span> <span class='ocrx_word' id='word_1_337' title='bbox 1762 4265 1885 4319; x_wconf 89' lang='lat' dir='ltr'><strong>pru-</strong></span> 
     </span>
    </p>
   </div>
   <div class='ocr_carea' id='block_1_44' title="bbox 278 4342 1884 4424">
    <p class='ocr_par' dir='ltr' id='par_1_44' title="bbox 278 4342 1884 4424">
     <span class='ocr_line' id='line_1_44' title="bbox 278 4342 1884 4424; baseline -0.007 -17"><span class='ocrx_word' id='word_1_338' title='bbox 278 4365 472 4424; x_wconf 76' lang='lat' dir='ltr'><strong>grcsou</strong></span> <span class='ocrx_word' id='word_1_339' title='bbox 493 4349 588 4404; x_wconf 64' lang='lat' dir='ltr'><strong>ira:</strong></span> <span class='ocrx_word' id='word_1_340' title='bbox 614 4346 889 4404; x_wconf 88' lang='lat' dir='ltr'><strong>contentio</strong></span> <span class='ocrx_word' id='word_1_341' title='bbox 925 4346 1235 4402; x_wconf 89' lang='lat' dir='ltr'><strong>remittitur.</strong></span> <span class='ocrx_word' id='word_1_342' title='bbox 1277 4342 1347 4400; x_wconf 88' lang='lat' dir='ltr'><strong>Ut</strong></span> <span class='ocrx_word' id='word_1_343' title='bbox 1374 4343 1536 4414; x_wconf 81' lang='lat' dir='ltr'><strong>igitur</strong></span> <span class='ocrx_word' id='word_1_344' title='bbox 1559 4342 1814 4411; x_wconf 85' lang='lat' dir='ltr'><strong>piscator,</strong></span> <span class='ocrx_word' id='word_1_345' title='bbox 1837 4342 1884 4396; x_wconf 92' lang='lat' dir='ltr'><strong>si</strong></span> 
     </span>
    </p>
   </div>
   <div class='ocr_carea' id='block_1_45' title="bbox 280 4432 1882 4507">
    <p class='ocr_par' dir='ltr' id='par_1_45' title="bbox 280 4432 1882 4507">
     <span class='ocr_line' id='line_1_45' title="bbox 280 4432 1882 4507; baseline -0.007 -9"><span class='ocrx_word' id='word_1_346' title='bbox 280 4440 485 4498; x_wconf 89' lang='lat' dir='ltr'><strong>nudum</strong></span> <span class='ocrx_word' id='word_1_347' title='bbox 504 4439 721 4493; x_wconf 81' lang='lat' dir='ltr'><strong>hamum</strong></span> <span class='ocrx_word' id='word_1_348' title='bbox 744 4436 1024 4507; x_wconf 85' lang='lat' dir='ltr'><strong>objiccrct,</strong></span> <span class='ocrx_word' id='word_1_349' title='bbox 1047 4436 1245 4506; x_wconf 88' lang='lat' dir='ltr'><strong>piscem</strong></span> <span class='ocrx_word' id='word_1_350' title='bbox 1269 4449 1602 4505; x_wconf 87' lang='lat' dir='ltr'><strong>nequaquam</strong></span> <span class='ocrx_word' id='word_1_351' title='bbox 1622 4432 1882 4496; x_wconf 84' lang='lat' dir='ltr'><strong>alliceret;</strong></span> 
     </span>
    </p>
   </div>
   <div class='ocr_carea' id='block_1_46' title="bbox 279 4526 1887 4607">
    <p class='ocr_par' dir='ltr' id='par_1_46' title="bbox 279 4526 1887 4607">
     <span class='ocr_line' id='line_1_46' title="bbox 279 4526 1887 4607; baseline -0.004 -19"><span class='ocrx_word' id='word_1_352' title='bbox 279 4534 391 4607; x_wconf 82' lang='lat' dir='ltr'><strong>jam</strong></span> <span class='ocrx_word' id='word_1_353' title='bbox 418 4547 547 4589; x_wconf 88' lang='lat' dir='ltr'><strong>vero</strong></span> <span class='ocrx_word' id='word_1_354' title='bbox 568 4539 847 4603; x_wconf 87' lang='lat' dir='ltr'><strong>postquam</strong></span> <span class='ocrx_word' id='word_1_355' title='bbox 876 4528 1025 4584; x_wconf 91' lang='lat' dir='ltr'><strong>illum</strong></span> <span class='ocrx_word' id='word_1_356' title='bbox 1053 4528 1276 4593; x_wconf 80' lang='lat' dir='ltr'><strong>obtexit,</strong></span> <span class='ocrx_word' id='word_1_357' title='bbox 1308 4526 1444 4582; x_wconf 86' lang='lat' dir='ltr'><strong>clam</strong></span> <span class='ocrx_word' id='word_1_358' title='bbox 1478 4527 1529 4581; x_wconf 93' lang='lat' dir='ltr'><strong>in</strong></span> <span class='ocrx_word' id='word_1_359' title='bbox 1557 4541 1619 4580; x_wconf 89' lang='lat' dir='ltr'><strong>os</strong></span> <span class='ocrx_word' id='word_1_360' title='bbox 1640 4526 1887 4581; x_wconf 85' lang='lat' dir='ltr'><strong>animalis</strong></span> 
     </span>
    </p>
   </div>
   <div class='ocr_carea' id='block_1_47' title="bbox 282 4617 1887 4683">
    <p class='ocr_par' dir='ltr' id='par_1_47' title="bbox 282 4617 1887 4683">
     <span class='ocr_line' id='line_1_47' title="bbox 282 4617 1887 4683; baseline -0.007 0"><span class='ocrx_word' id='word_1_361' title='bbox 282 4625 593 4683; x_wconf 74' lang='lat' dir='ltr'><strong>accedentia</strong></span> <span class='ocrx_word' id='word_1_362' title='bbox 635 4623 853 4679; x_wconf 83' lang='lat' dir='ltr'><strong>hamum</strong></span> <span class='ocrx_word' id='word_1_363' title='bbox 901 4621 1139 4675; x_wconf 90' lang='lat' dir='ltr'><strong>immittit</strong></span> <span class='ocrx_word' id='word_1_364' title='bbox 1172 4620 1288 4675; x_wconf 87' lang='lat' dir='ltr'><strong>:sic</strong></span> <span class='ocrx_word' id='word_1_365' title='bbox 1316 4620 1477 4675; x_wconf 89' lang='lat' dir='ltr'><strong>etiam</strong></span> <span class='ocrx_word' id='word_1_366' title='bbox 1515 4618 1710 4673; x_wconf 81' lang='lat' dir='ltr'><strong>Paulus</strong></span> <span class='ocrx_word' id='word_1_367' title='bbox 1736 4658 1752 4683; x_wconf 89' lang='lat'><strong>,</strong></span> <span class='ocrx_word' id='word_1_368' title='bbox 1784 4617 1887 4671; x_wconf 83' lang='lat' dir='ltr'><strong>nisi</strong></span> 
     </span>
    </p>
   </div>
   <div class='ocr_carea' id='block_1_48' title="bbox 283 4708 1887 4789">
    <p class='ocr_par' dir='ltr' id='par_1_48' title="bbox 283 4708 1887 4789">
     <span class='ocr_line' id='line_1_48' title="bbox 283 4708 1887 4789; baseline -0.006 -17"><span class='ocrx_word' id='word_1_369' title='bbox 283 4732 462 4789; x_wconf 67' lang='lat' dir='ltr'><strong>pana:</strong></span> <span class='ocrx_word' id='word_1_370' title='bbox 492 4712 949 4785; x_wconf 79' lang='lat' dir='ltr'><strong>exspectationem</strong></span> <span class='ocrx_word' id='word_1_371' title='bbox 976 4711 1262 4781; x_wconf 86' lang='lat' dir='ltr'><strong>objecisset</strong></span> <span class='ocrx_word' id='word_1_372' title='bbox 1285 4753 1298 4777; x_wconf 87' lang='lat'><strong>,</strong></span> <span class='ocrx_word' id='word_1_373' title='bbox 1330 4709 1535 4765; x_wconf 73' lang='lat' dir='ltr'><strong>affectis</strong></span> <span class='ocrx_word' id='word_1_374' title='bbox 1564 4708 1756 4778; x_wconf 86' lang='lat' dir='ltr'><strong>injuria</strong></span> <span class='ocrx_word' id='word_1_375' title='bbox 1781 4724 1887 4762; x_wconf 91' lang='lat' dir='ltr'><strong>non</strong></span> 
     </span>
    </p>
   </div>
   <div class='ocr_carea' id='block_1_49' title="bbox 281 4798 1889 4884">
    <p class='ocr_par' dir='ltr' id='par_1_49' title="bbox 281 4798 1889 4884">
     <span class='ocr_line' id='line_1_49' title="bbox 281 4798 1889 4884; baseline -0.008 -18"><span class='ocrx_word' id='word_1_376' title='bbox 281 4808 664 4884; x_wconf 68' lang='lat' dir='ltr'><strong>persuasisset,</strong></span> <span class='ocrx_word' id='word_1_377' title='bbox 694 4814 753 4860; x_wconf 91' lang='lat' dir='ltr'><strong>ut</strong></span> <span class='ocrx_word' id='word_1_378' title='bbox 790 4804 854 4859; x_wconf 88' lang='lat' dir='ltr'><strong>ad</strong></span> <span class='ocrx_word' id='word_1_379' title='bbox 888 4804 1023 4858; x_wconf 88' lang='lat' dir='ltr'><strong>bene</strong></span> <span class='ocrx_word' id='word_1_380' title='bbox 1052 4802 1367 4856; x_wconf 79' lang='lat' dir='ltr'><strong>merendum</strong></span> <span class='ocrx_word' id='word_1_381' title='bbox 1414 4801 1481 4855; x_wconf 89' lang='lat' dir='ltr'><strong>de</strong></span> <span class='ocrx_word' id='word_1_382' title='bbox 1510 4801 1614 4853; x_wconf 91' lang='lat' dir='ltr'><strong>illis</strong></span> <span class='ocrx_word' id='word_1_383' title='bbox 1638 4816 1667 4853; x_wconf 90' lang='lat' dir='ltr'><strong>a</strong></span> <span class='ocrx_word' id='word_1_384' title='bbox 1694 4798 1889 4868; x_wconf 87' lang='lat' dir='ltr'><strong>quibus</strong></span> 
     </span>
    </p>
   </div>
   <div class='ocr_carea' id='block_1_50' title="bbox 286 4890 1889 4965">
    <p class='ocr_par' dir='ltr' id='par_1_50' title="bbox 286 4890 1889 4965">
     <span class='ocr_line' id='line_1_50' title="bbox 286 4890 1889 4965; baseline -0.008 -6"><span class='ocrx_word' id='word_1_385' title='bbox 286 4902 398 4959; x_wconf 62' lang='lat' dir='ltr'><strong>laesi</strong></span> <span class='ocrx_word' id='word_1_386' title='bbox 433 4899 677 4963; x_wconf 85' lang='lat' dir='ltr'><strong>fuissent,</strong></span> <span class='ocrx_word' id='word_1_387' title='bbox 704 4897 942 4952; x_wconf 81' lang='lat' dir='ltr'><strong>animum</strong></span> <span class='ocrx_word' id='word_1_388' title='bbox 985 4894 1334 4965; x_wconf 81' lang='lat' dir='ltr'><strong>appellerent.</strong></span> <span class='ocrx_word' id='word_1_389' title='bbox 1380 4892 1532 4957; x_wconf 80' lang='lat' dir='ltr'><strong>Quod</strong></span> <span class='ocrx_word' id='word_1_390' title='bbox 1573 4891 1731 4961; x_wconf 83' lang='lat' dir='ltr'><strong>igitur</strong></span> <span class='ocrx_word' id='word_1_391' title='bbox 1768 4890 1889 4946; x_wconf 86' lang='lat' dir='ltr'><strong>illos</strong></span> 
     </span>
    </p>
   </div>
   <div class='ocr_carea' id='block_1_51' title="bbox 290 4984 1889 5061">
    <p class='ocr_par' dir='ltr' id='par_1_51' title="bbox 290 4984 1889 5061">
     <span class='ocr_line' id='line_1_51' title="bbox 290 4984 1889 5061; baseline -0.008 -13"><span class='ocrx_word' id='word_1_392' title='bbox 290 4991 621 5061; x_wconf 81' lang='lat' dir='ltr'><strong>refugientes</strong></span> <span class='ocrx_word' id='word_1_393' title='bbox 645 5031 662 5057; x_wconf 92' lang='lat'><strong>,</strong></span> <span class='ocrx_word' id='word_1_394' title='bbox 694 5003 838 5059; x_wconf 63' lang='lat' dir='ltr'><strong>a‘gre</strong></span> <span class='ocrx_word' id='word_1_395' title='bbox 862 4986 1117 5051; x_wconf 87' lang='lat' dir='ltr'><strong>ferentes,</strong></span> <span class='ocrx_word' id='word_1_396' title='bbox 1143 4998 1198 5041; x_wconf 90' lang='lat' dir='ltr'><strong>et</strong></span> <span class='ocrx_word' id='word_1_397' title='bbox 1226 4984 1306 5040; x_wconf 82' lang='lat' dir='ltr'><strong>vel</strong></span> <span class='ocrx_word' id='word_1_398' title='bbox 1334 4986 1494 5039; x_wconf 86' lang='lat' dir='ltr'><strong>etiam</strong></span> <span class='ocrx_word' id='word_1_399' title='bbox 1536 4984 1780 5038; x_wconf 88' lang='lat' dir='ltr'><strong>inimicos</strong></span> <span class='ocrx_word' id='word_1_400' title='bbox 1810 4984 1889 5037; x_wconf 86' lang='lat' dir='ltr'><strong>in-</strong></span> 
     </span>
    </p>
   </div>
   <div class='ocr_carea' id='block_1_52' title="bbox 286 5077 1889 5149">
    <p class='ocr_par' dir='ltr' id='par_1_52' title="bbox 286 5077 1889 5149">
     <span class='ocr_line' id='line_1_52' title="bbox 286 5077 1889 5149; baseline -0.006 -9"><span class='ocrx_word' id='word_1_401' title='bbox 286 5087 426 5141; x_wconf 88' lang='lat' dir='ltr'><strong>tueri</strong></span> <span class='ocrx_word' id='word_1_402' title='bbox 449 5084 812 5139; x_wconf 83' lang='lat' dir='ltr'><strong>detrectantes</strong></span> <span class='ocrx_word' id='word_1_403' title='bbox 855 5080 1071 5136; x_wconf 83' lang='lat' dir='ltr'><strong>ﬁectcre</strong></span> <span class='ocrx_word' id='word_1_404' title='bbox 1102 5080 1294 5144; x_wconf 85' lang='lat' dir='ltr'><strong>vellet,</strong></span> <span class='ocrx_word' id='word_1_405' title='bbox 1328 5090 1487 5149; x_wconf 84' lang='lat' dir='ltr'><strong>atque</strong></span> <span class='ocrx_word' id='word_1_406' title='bbox 1531 5077 1598 5132; x_wconf 90' lang='lat' dir='ltr'><strong>ad</strong></span> <span class='ocrx_word' id='word_1_407' title='bbox 1628 5078 1746 5132; x_wconf 88' lang='lat' dir='ltr'><strong>illos</strong></span> <span class='ocrx_word' id='word_1_408' title='bbox 1773 5093 1889 5132; x_wconf 86' lang='lat' dir='ltr'><strong>ma-</strong></span> 
     </span>
    </p>
   </div>
   <div class='ocr_carea' id='block_1_53' title="bbox 290 5169 1892 5239">
    <p class='ocr_par' dir='ltr' id='par_1_53' title="bbox 290 5169 1892 5239">
     <span class='ocr_line' id='line_1_53' title="bbox 290 5169 1892 5239; baseline -0.005 -8"><span class='ocrx_word' id='word_1_409' title='bbox 290 5176 451 5231; x_wconf 88' lang='lat' dir='ltr'><strong>ximis</strong></span> <span class='ocrx_word' id='word_1_410' title='bbox 477 5172 751 5229; x_wconf 87' lang='lat' dir='ltr'><strong>beneﬁciis</strong></span> <span class='ocrx_word' id='word_1_411' title='bbox 776 5171 1125 5229; x_wconf 87' lang='lat' dir='ltr'><strong>cumulandos</strong></span> <span class='ocrx_word' id='word_1_412' title='bbox 1154 5172 1377 5226; x_wconf 88' lang='lat' dir='ltr'><strong>incitare</strong></span> <span class='ocrx_word' id='word_1_413' title='bbox 1396 5213 1409 5236; x_wconf 86' lang='lat'><strong>,</strong></span> <span class='ocrx_word' id='word_1_414' title='bbox 1435 5169 1726 5225; x_wconf 89' lang='lat' dir='ltr'><strong>carbonum</strong></span> <span class='ocrx_word' id='word_1_415' title='bbox 1756 5169 1892 5239; x_wconf 81' lang='lat' dir='ltr'><strong>ignis</strong></span> 
     </span>
    </p>
   </div>
   <div class='ocr_carea' id='block_1_54' title="bbox 289 5262 1892 5332">
    <p class='ocr_par' dir='ltr' id='par_1_54' title="bbox 289 5262 1892 5332">
     <span class='ocr_line' id='line_1_54' title="bbox 289 5262 1892 5332; baseline -0.002 -11"><span class='ocrx_word' id='word_1_416' title='bbox 289 5266 419 5323; x_wconf 85' lang='lat' dir='ltr'><strong>fecit</strong></span> <span class='ocrx_word' id='word_1_417' title='bbox 464 5266 828 5332; x_wconf 86' lang='lat' dir='ltr'><strong>mentionem,</strong></span> <span class='ocrx_word' id='word_1_418' title='bbox 861 5280 967 5319; x_wconf 90' lang='lat' dir='ltr'><strong>non</strong></span> <span class='ocrx_word' id='word_1_419' title='bbox 1007 5272 1064 5318; x_wconf 92' lang='lat' dir='ltr'><strong>ut</strong></span> <span class='ocrx_word' id='word_1_420' title='bbox 1113 5264 1165 5317; x_wconf 90' lang='lat' dir='ltr'><strong>in</strong></span> <span class='ocrx_word' id='word_1_421' title='bbox 1215 5264 1532 5332; x_wconf 88' lang='lat' dir='ltr'><strong>supplicium</strong></span> <span class='ocrx_word' id='word_1_422' title='bbox 1584 5262 1892 5318; x_wconf 80' lang='lat' dir='ltr'><strong>inevitabile</strong></span> 
     </span>
    </p>
   </div>
   <div class='ocr_carea' id='block_1_55' title="bbox 285 5351 1890 5427">
    <p class='ocr_par' dir='ltr' id='par_1_55' title="bbox 285 5351 1890 5427">
     <span class='ocr_line' id='line_1_55' title="bbox 285 5351 1890 5427; baseline -0.007 -10"><span class='ocrx_word' id='word_1_423' title='bbox 285 5362 417 5417; x_wconf 74' lang='lat' dir='ltr'><strong>illus</strong></span> <span class='ocrx_word' id='word_1_424' title='bbox 436 5356 746 5427; x_wconf 86' lang='lat' dir='ltr'><strong>conjiceret,</strong></span> <span class='ocrx_word' id='word_1_425' title='bbox 762 5356 855 5410; x_wconf 85' lang='lat' dir='ltr'><strong>sed</strong></span> <span class='ocrx_word' id='word_1_426' title='bbox 875 5366 930 5409; x_wconf 92' lang='lat' dir='ltr'><strong>ut</strong></span> <span class='ocrx_word' id='word_1_427' title='bbox 948 5370 1067 5410; x_wconf 88' lang='lat' dir='ltr'><strong>cum</strong></span> <span class='ocrx_word' id='word_1_428' title='bbox 1093 5354 1196 5409; x_wconf 92' lang='lat' dir='ltr'><strong>illis</strong></span> <span class='ocrx_word' id='word_1_429' title='bbox 1213 5354 1298 5423; x_wconf 91' lang='lat' dir='ltr'><strong>qui</strong></span> <span class='ocrx_word' id='word_1_430' title='bbox 1320 5355 1529 5408; x_wconf 88' lang='lat' dir='ltr'><strong>fuerant</strong></span> <span class='ocrx_word' id='word_1_431' title='bbox 1547 5353 1736 5423; x_wconf 88' lang='lat' dir='ltr'><strong>injuria</strong></span> <span class='ocrx_word' id='word_1_432' title='bbox 1758 5351 1890 5420; x_wconf 50' lang='lat' dir='ltr'><strong>Isisi,</strong></span> 
     </span>
    </p>
   </div>
   <div class='ocr_carea' id='block_1_56' title="bbox 291 5444 1896 5522">
    <p class='ocr_par' dir='ltr' id='par_1_56' title="bbox 291 5444 1896 5522">
     <span class='ocr_line' id='line_1_56' title="bbox 291 5444 1896 5522; baseline -0.002 -18"><span class='ocrx_word' id='word_1_433' title='bbox 291 5449 647 5522; x_wconf 83' lang='lat' dir='ltr'><strong>persuasisset</strong></span> <span class='ocrx_word' id='word_1_434' title='bbox 688 5447 1047 5517; x_wconf 59' lang='lat' dir='ltr'><strong>exsilectando</strong></span> <span class='ocrx_word' id='word_1_435' title='bbox 1077 5447 1394 5515; x_wconf 79' lang='lat' dir='ltr'><strong>supplicium</strong></span> <span class='ocrx_word' id='word_1_436' title='bbox 1429 5445 1565 5500; x_wconf 84' lang='lat' dir='ltr'><strong>bene</strong></span> <span class='ocrx_word' id='word_1_437' title='bbox 1608 5444 1800 5499; x_wconf 87' lang='lat' dir='ltr'><strong>mereri</strong></span> <span class='ocrx_word' id='word_1_438' title='bbox 1827 5446 1896 5501; x_wconf 87' lang='lat' dir='ltr'><strong>de</strong></span> 
     </span>
    </p>
   </div>
   <div class='ocr_carea' id='block_1_57' title="bbox 292 5538 1891 5611">
    <p class='ocr_par' dir='ltr' id='par_1_57' title="bbox 292 5538 1891 5611">
     <span class='ocr_line' id='line_1_57' title="bbox 292 5538 1891 5611; baseline -0.004 -10"><span class='ocrx_word' id='word_1_439' title='bbox 292 5542 547 5606; x_wconf 86' lang='lat' dir='ltr'><strong>inimicis,</strong></span> <span class='ocrx_word' id='word_1_440' title='bbox 569 5539 780 5597; x_wconf 84' lang='lat' dir='ltr'><strong>tandem</strong></span> <span class='ocrx_word' id='word_1_441' title='bbox 811 5556 1090 5611; x_wconf 75' lang='lat' dir='ltr'><strong>progressu</strong></span> <span class='ocrx_word' id='word_1_442' title='bbox 1122 5540 1380 5609; x_wconf 87' lang='lat' dir='ltr'><strong>temporis</strong></span> <span class='ocrx_word' id='word_1_443' title='bbox 1409 5539 1569 5594; x_wconf 87' lang='lat' dir='ltr'><strong>etiam</strong></span> <span class='ocrx_word' id='word_1_444' title='bbox 1600 5538 1891 5611; x_wconf 84' lang='lat' dir='ltr'><strong>persuade-</strong></span> 
     </span>
    </p>
   </div>
   <div class='ocr_carea' id='block_1_58' title="bbox 291 5632 1379 5703">
    <p class='ocr_par' dir='ltr' id='par_1_58' title="bbox 291 5632 1379 5703">
     <span class='ocr_line' id='line_1_58' title="bbox 291 5632 1379 5703; baseline -0.008 -11"><span class='ocrx_word' id='word_1_445' title='bbox 291 5643 377 5692; x_wconf 85' lang='lat' dir='ltr'><strong>ret</strong></span> <span class='ocrx_word' id='word_1_446' title='bbox 398 5634 525 5700; x_wconf 90' lang='lat' dir='ltr'><strong>illis,</strong></span> <span class='ocrx_word' id='word_1_447' title='bbox 552 5642 611 5688; x_wconf 91' lang='lat' dir='ltr'><strong>ut</strong></span> <span class='ocrx_word' id='word_1_448' title='bbox 636 5633 767 5689; x_wconf 88' lang='lat' dir='ltr'><strong>iram</strong></span> <span class='ocrx_word' id='word_1_449' title='bbox 793 5648 1006 5693; x_wconf 88' lang='lat' dir='ltr'><strong>omnem</strong></span> <span class='ocrx_word' id='word_1_450' title='bbox 1031 5632 1379 5703; x_wconf 90' lang='lat' dir='ltr'><strong>deponerent.</strong></span> 
     </span>
    </p>
   </div>
   <div class='ocr_carea' id='block_1_59' title="bbox 366 5725 1889 5798">
    <p class='ocr_par' dir='ltr' id='par_1_59' title="bbox 366 5725 1889 5798">
     <span class='ocr_line' id='line_1_59' title="bbox 366 5725 1889 5798; baseline -0.003 -15"><span class='ocrx_word' id='word_1_451' title='bbox 366 5732 423 5783; x_wconf 82' lang='lat'><strong>6.</strong></span> <span class='ocrx_word' id='word_1_452' title='bbox 457 5732 629 5798; x_wconf 81' lang='lat' dir='ltr'><strong>Atque</strong></span> <span class='ocrx_word' id='word_1_453' title='bbox 655 5728 802 5783; x_wconf 90' lang='lat' dir='ltr'><strong>illum</strong></span> <span class='ocrx_word' id='word_1_454' title='bbox 831 5726 1043 5798; x_wconf 88' lang='lat' dir='ltr'><strong>quidem</strong></span> <span class='ocrx_word' id='word_1_455' title='bbox 1073 5727 1161 5798; x_wconf 90' lang='lat' dir='ltr'><strong>qui</strong></span> <span class='ocrx_word' id='word_1_456' title='bbox 1201 5742 1389 5796; x_wconf 86' lang='lat' dir='ltr'><strong>passus</strong></span> <span class='ocrx_word' id='word_1_457' title='bbox 1415 5725 1662 5794; x_wconf 88' lang='lat' dir='ltr'><strong>injuriam</strong></span> <span class='ocrx_word' id='word_1_458' title='bbox 1696 5725 1889 5789; x_wconf 84' lang='lat' dir='ltr'><strong>fuerat,</strong></span> 
     </span>
    </p>
   </div>
   <div class='ocr_carea' id='block_1_60' title="bbox 296 5821 1889 5895">
    <p class='ocr_par' dir='ltr' id='par_1_60' title="bbox 296 5821 1889 5895">
     <span class='ocr_line' id='line_1_60' title="bbox 296 5821 1889 5895; baseline -0.004 -14"><span class='ocrx_word' id='word_1_459' title='bbox 296 5825 375 5883; x_wconf 80' lang='lat' dir='ltr'><strong>sic</strong></span> <span class='ocrx_word' id='word_1_460' title='bbox 428 5823 726 5895; x_wconf 77' lang='lat' dir='ltr'><strong>mitigavit;</strong></span> <span class='ocrx_word' id='word_1_461' title='bbox 762 5823 878 5879; x_wconf 71' lang='lat' dir='ltr'><strong>vide</strong></span> <span class='ocrx_word' id='word_1_462' title='bbox 908 5833 1085 5877; x_wconf 85' lang='lat' dir='ltr'><strong>autem</strong></span> <span class='ocrx_word' id='word_1_463' title='bbox 1110 5837 1215 5891; x_wconf 87' lang='lat' dir='ltr'><strong>quo</strong></span> <span class='ocrx_word' id='word_1_464' title='bbox 1240 5833 1392 5890; x_wconf 82' lang='lat' dir='ltr'><strong>pacto</strong></span> <span class='ocrx_word' id='word_1_465' title='bbox 1424 5822 1569 5876; x_wconf 87' lang='lat' dir='ltr'><strong>illum</strong></span> <span class='ocrx_word' id='word_1_466' title='bbox 1611 5821 1768 5876; x_wconf 82' lang='lat' dir='ltr'><strong>etiam</strong></span> <span class='ocrx_word' id='word_1_467' title='bbox 1800 5822 1889 5890; x_wconf 88' lang='lat' dir='ltr'><strong>qui</strong></span> 
     </span>
    </p>
   </div>
   <div class='ocr_carea' id='block_1_61' title="bbox 1239 351 2689 425">
    <p class='ocr_par' dir='ltr' id='par_1_61' title="bbox 1239 351 2689 425">
     <span class='ocr_line' id='line_1_61' title="bbox 1239 351 2689 425; baseline -0.006 -7"><span class='ocrx_word' id='word_1_468' title='bbox 1239 359 1306 418; x_wconf 69' lang='grc' dir='ltr'><strong>ιιι</strong></span> <span class='ocrx_word' id='word_1_469' title='bbox 1345 356 1569 425; x_wconf 82' lang='lat' dir='ltr'><strong>ILLUD,</strong></span> <span class='ocrx_word' id='word_1_470' title='bbox 1607 354 1671 411; x_wconf 86' lang='lat' dir='ltr'><strong>Sl</strong></span> <span class='ocrx_word' id='word_1_471' title='bbox 1702 351 2084 412; x_wconf 73' lang='lat' dir='ltr'><strong>ESUBIERIT‘</strong></span> <span class='ocrx_word' id='word_1_472' title='bbox 2108 351 2430 419; x_wconf 64' lang='lat' dir='ltr'><strong>lNllllClJS,</strong></span> <span class='ocrx_word' id='word_1_473' title='bbox 2473 351 2624 411; x_wconf 79' lang='lat' dir='ltr'><strong>ETC.</strong></span> <span class='ocrx_word' id='word_1_474' title='bbox 2686 366 2689 367; x_wconf 71' lang='lat'><strong><em>&#39;</em></strong></span> 
     </span>
    </p>
   </div>
   <div class='ocr_carea' id='block_1_62' title="bbox 3492 363 3599 421">
    <p class='ocr_par' dir='ltr' id='par_1_62' title="bbox 3492 363 3599 421">
     <span class='ocr_line' id='line_1_62' title="bbox 3492 363 3599 421; baseline -0.019 0"><span class='ocrx_word' id='word_1_475' title='bbox 3492 363 3599 421; x_wconf 64' lang='lat'><strong>{83</strong></span> 
     </span>
    </p>
   </div>
   <div class='ocr_carea' id='block_1_63' title="bbox 1990 464 3593 551">
    <p class='ocr_par' dir='ltr' id='par_1_63' title="bbox 1990 464 3593 551">
     <span class='ocr_line' id='line_1_63' title="bbox 1990 464 3593 551; baseline 0.011 -30"><span class='ocrx_word' id='word_1_476' title='bbox 1990 464 2238 535; x_wconf 73' lang='lat' dir='ltr'><strong>iniuriam</strong></span> <span class='ocrx_word' id='word_1_477' title='bbox 2288 464 2577 551; x_wconf 77' lang='lat' dir='ltr'><strong>intulerat,</strong></span> <span class='ocrx_word' id='word_1_478' title='bbox 2620 483 2743 526; x_wconf 89' lang='lat' dir='ltr'><strong>cum</strong></span> <span class='ocrx_word' id='word_1_479' title='bbox 2796 471 3299 534; x_wconf 61' lang='lat' dir='ltr'><strong>lamereconciliet.</strong></span> <span class='ocrx_word' id='word_1_480' title='bbox 3350 478 3593 540; x_wconf 72' lang='lat' dir='ltr'><strong>Primum.</strong></span> 
     </span>
    </p>
   </div>
   <div class='ocr_carea' id='block_1_64' title="bbox 1986 554 3595 642">
    <p class='ocr_par' dir='ltr' id='par_1_64' title="bbox 1986 554 3595 642">
     <span class='ocr_line' id='line_1_64' title="bbox 1986 554 3595 642; baseline 0.012 -32"><span class='ocrx_word' id='word_1_481' title='bbox 1986 554 2203 627; x_wconf 81' lang='lat' dir='ltr'><strong>quidem</strong></span> <span class='ocrx_word' id='word_1_482' title='bbox 2230 557 2349 629; x_wconf 87' lang='lat' dir='ltr'><strong>ipso</strong></span> <span class='ocrx_word' id='word_1_483' title='bbox 2364 572 2571 629; x_wconf 80' lang='lat' dir='ltr'><strong>genere</strong></span> <span class='ocrx_word' id='word_1_484' title='bbox 2598 559 2886 619; x_wconf 85' lang='lat' dir='ltr'><strong>beneﬁcii:</strong></span> <span class='ocrx_word' id='word_1_485' title='bbox 2917 563 3097 622; x_wconf 70' lang='lat' dir='ltr'><strong>nutus</strong></span> <span class='ocrx_word' id='word_1_486' title='bbox 3116 568 3394 642; x_wconf 77' lang='lat' dir='ltr'><strong>enim,tam</strong></span> <span class='ocrx_word' id='word_1_487' title='bbox 3426 574 3595 631; x_wconf 84' lang='lat' dir='ltr'><strong>miser</strong></span> 
     </span>
    </p>
   </div>
   <div class='ocr_carea' id='block_1_65' title="bbox 1986 645 3591 727">
    <p class='ocr_par' dir='ltr' id='par_1_65' title="bbox 1986 645 3591 727">
     <span class='ocr_line' id='line_1_65' title="bbox 1986 645 3591 727; baseline 0.012 -26"><span class='ocrx_word' id='word_1_488' title='bbox 1986 655 2040 701; x_wconf 90' lang='lat' dir='ltr'><strong>et</strong></span> <span class='ocrx_word' id='word_1_489' title='bbox 2069 645 2319 718; x_wconf 86' lang='lat' dir='ltr'><strong>stupidus</strong></span> <span class='ocrx_word' id='word_1_490' title='bbox 2355 658 2461 712; x_wconf 86' lang='lat' dir='ltr'><strong>est,</strong></span> <span class='ocrx_word' id='word_1_491' title='bbox 2489 650 2582 721; x_wconf 80' lang='lat' dir='ltr'><strong>qui</strong></span> <span class='ocrx_word' id='word_1_492' title='bbox 2628 659 2842 722; x_wconf 81' lang='lat' dir='ltr'><strong>potatus</strong></span> <span class='ocrx_word' id='word_1_493' title='bbox 2879 668 2945 709; x_wconf 88' lang='lat' dir='ltr'><strong>ac</strong></span> <span class='ocrx_word' id='word_1_494' title='bbox 2982 654 3105 711; x_wconf 79' lang='lat' dir='ltr'><strong>cibo</strong></span> <span class='ocrx_word' id='word_1_495' title='bbox 3152 657 3389 715; x_wconf 83' lang='lat' dir='ltr'><strong>refectus</strong></span> <span class='ocrx_word' id='word_1_496' title='bbox 3414 701 3432 727; x_wconf 95' lang='lat'><strong>,</strong></span> <span class='ocrx_word' id='word_1_497' title='bbox 3461 666 3591 719; x_wconf 88' lang='lat' dir='ltr'><strong>nolit</strong></span> 
     </span>
    </p>
   </div>
   <div class='ocr_carea' id='block_1_66' title="bbox 1986 734 3603 814">
    <p class='ocr_par' dir='ltr' id='par_1_66' title="bbox 1986 734 3603 814">
     <span class='ocr_line' id='line_1_66' title="bbox 1986 734 3603 814; baseline 0.011 -23"><span class='ocrx_word' id='word_1_498' title='bbox 1986 734 2106 806; x_wconf 86' lang='lat' dir='ltr'><strong>ejus</strong></span> <span class='ocrx_word' id='word_1_499' title='bbox 2132 735 2248 792; x_wconf 86' lang='lat' dir='ltr'><strong>ﬁeri</strong></span> <span class='ocrx_word' id='word_1_500' title='bbox 2274 753 2466 794; x_wconf 86' lang='lat' dir='ltr'><strong>servus</strong></span> <span class='ocrx_word' id='word_1_501' title='bbox 2486 748 2545 795; x_wconf 83' lang='lat' dir='ltr'><strong>et</strong></span> <span class='ocrx_word' id='word_1_502' title='bbox 2573 740 2800 806; x_wconf 86' lang='lat' dir='ltr'><strong>amicus,</strong></span> <span class='ocrx_word' id='word_1_503' title='bbox 2832 756 2862 796; x_wconf 86' lang='lat' dir='ltr'><strong>a</strong></span> <span class='ocrx_word' id='word_1_504' title='bbox 2888 753 2995 814; x_wconf 82' lang='lat' dir='ltr'><strong>quo</strong></span> <span class='ocrx_word' id='word_1_505' title='bbox 3016 744 3070 800; x_wconf 88' lang='lat' dir='ltr'><strong>in</strong></span> <span class='ocrx_word' id='word_1_506' title='bbox 3096 745 3243 802; x_wconf 89' lang='lat' dir='ltr'><strong>illum</strong></span> <span class='ocrx_word' id='word_1_507' title='bbox 3267 747 3365 813; x_wconf 79' lang='lat' dir='ltr'><strong>ista</strong></span> <span class='ocrx_word' id='word_1_508' title='bbox 3393 736 3603 813; x_wconf 74' lang='lat' dir='ltr'><strong>collata,</strong></span> 
     </span>
    </p>
   </div>
   <div class='ocr_carea' id='block_1_67' title="bbox 1985 830 3585 916">
    <p class='ocr_par' dir='ltr' id='par_1_67' title="bbox 1985 830 3585 916">
     <span class='ocr_line' id='line_1_67' title="bbox 1985 830 3585 916; baseline 0.011 -34"><span class='ocrx_word' id='word_1_509' title='bbox 1985 838 2150 885; x_wconf 81' lang='lat' dir='ltr'><strong>sunt:</strong></span> <span class='ocrx_word' id='word_1_510' title='bbox 2182 830 2378 887; x_wconf 89' lang='lat' dir='ltr'><strong>deinde</strong></span> <span class='ocrx_word' id='word_1_511' title='bbox 2399 848 2529 888; x_wconf 78' lang='lat' dir='ltr'><strong>vero</strong></span> <span class='ocrx_word' id='word_1_512' title='bbox 2563 832 2809 905; x_wconf 83' lang='lat' dir='ltr'><strong>supplicii</strong></span> <span class='ocrx_word' id='word_1_513' title='bbox 2832 838 3002 892; x_wconf 80' lang='lat' dir='ltr'><strong>metu.</strong></span> <span class='ocrx_word' id='word_1_514' title='bbox 3052 836 3185 895; x_wconf 70' lang='lat' dir='ltr'><strong>Nam</strong></span> <span class='ocrx_word' id='word_1_515' title='bbox 3223 840 3436 906; x_wconf 86' lang='lat' dir='ltr'><strong>videtur</strong></span> <span class='ocrx_word' id='word_1_516' title='bbox 3474 846 3585 916; x_wconf 81' lang='lat' dir='ltr'><strong>qui-</strong></span> 
     </span>
    </p>
   </div>
   <div class='ocr_carea' id='block_1_68' title="bbox 1983 921 3597 1008">
    <p class='ocr_par' dir='ltr' id='par_1_68' title="bbox 1983 921 3597 1008">
     <span class='ocr_line' id='line_1_68' title="bbox 1983 921 3597 1008; baseline 0.01 -33"><span class='ocrx_word' id='word_1_517' title='bbox 1983 921 2106 976; x_wconf 89' lang='lat' dir='ltr'><strong>dem</strong></span> <span class='ocrx_word' id='word_1_518' title='bbox 2129 922 2381 979; x_wconf 82' lang='lat' dir='ltr'><strong>insectari</strong></span> <span class='ocrx_word' id='word_1_519' title='bbox 2411 940 2535 979; x_wconf 90' lang='lat' dir='ltr'><strong>eum</strong></span> <span class='ocrx_word' id='word_1_520' title='bbox 2560 925 2657 996; x_wconf 89' lang='lat' dir='ltr'><strong>qui</strong></span> <span class='ocrx_word' id='word_1_521' title='bbox 2680 926 2856 995; x_wconf 86' lang='lat' dir='ltr'><strong>cibat,</strong></span> <span class='ocrx_word' id='word_1_522' title='bbox 2883 928 3013 985; x_wconf 88' lang='lat' dir='ltr'><strong>dum</strong></span> <span class='ocrx_word' id='word_1_523' title='bbox 3060 930 3137 987; x_wconf 85' lang='lat' dir='ltr'><strong>ait</strong></span> <span class='ocrx_word' id='word_1_524' title='bbox 3164 950 3178 987; x_wconf 90' lang='lat'><strong>:</strong></span> <span class='ocrx_word' id='word_1_525' title='bbox 3208 930 3323 988; x_wconf 75' lang='lat' dir='ltr'><strong>Hoc</strong></span> <span class='ocrx_word' id='word_1_526' title='bbox 3345 936 3483 995; x_wconf 71' lang='lat' dir='ltr'><strong>enim</strong></span> <span class='ocrx_word' id='word_1_527' title='bbox 3505 941 3597 1008; x_wconf 79' lang='lat' dir='ltr'><strong>fa-</strong></span> 
     </span>
    </p>
   </div>
   <div class='ocr_carea' id='block_1_69' title="bbox 1980 1012 3595 1097">
    <p class='ocr_par' dir='ltr' id='par_1_69' title="bbox 1980 1012 3595 1097">
     <span class='ocr_line' id='line_1_69' title="bbox 1980 1012 3595 1097; baseline 0.011 -30"><span class='ocrx_word' id='word_1_528' title='bbox 1980 1012 2120 1069; x_wconf 72' lang='lat' dir='ltr'><strong>ciens</strong></span> <span class='ocrx_word' id='word_1_529' title='bbox 2137 1013 2381 1069; x_wconf 72' lang='lat' dir='ltr'><strong>carbones</strong></span> <span class='ocrx_word' id='word_1_530' title='bbox 2399 1015 2533 1087; x_wconf 75' lang='lat' dir='ltr'><strong>ignis</strong></span> <span class='ocrx_word' id='word_1_531' title='bbox 2552 1033 2792 1089; x_wconf 70' lang='lat' dir='ltr'><strong>congeras</strong></span> <span class='ocrx_word' id='word_1_532' title='bbox 2815 1034 2972 1091; x_wconf 70' lang='lat' dir='ltr'><strong>super</strong></span> <span class='ocrx_word' id='word_1_533' title='bbox 2995 1031 3152 1089; x_wconf 80' lang='lat' dir='ltr'><strong>caput</strong></span> <span class='ocrx_word' id='word_1_534' title='bbox 3170 1025 3283 1097; x_wconf 73' lang='lat' dir='ltr'><strong>ejus</strong></span> <span class='ocrx_word' id='word_1_535' title='bbox 3303 1040 3323 1079; x_wconf 91' lang='lat'><strong><em>:</em></strong></span> <span class='ocrx_word' id='word_1_536' title='bbox 3344 1026 3440 1082; x_wconf 84' lang='lat' dir='ltr'><strong>sed</strong></span> <span class='ocrx_word' id='word_1_537' title='bbox 3465 1039 3595 1085; x_wconf 81' lang='lat' dir='ltr'><strong>cum</strong></span> 
     </span>
    </p>
   </div>
   <div class='ocr_carea' id='block_1_70' title="bbox 1979 1104 3600 1185">
    <p class='ocr_par' dir='ltr' id='par_1_70' title="bbox 1979 1104 3600 1185">
     <span class='ocr_line' id='line_1_70' title="bbox 1979 1104 3600 1185; baseline 0.01 -29"><span class='ocrx_word' id='word_1_538' title='bbox 1979 1104 2071 1173; x_wconf 88' lang='lat' dir='ltr'><strong>qui</strong></span> <span class='ocrx_word' id='word_1_539' title='bbox 2104 1104 2242 1160; x_wconf 71' lang='lat' dir='ltr'><strong>hesit</strong></span> <span class='ocrx_word' id='word_1_540' title='bbox 2267 1106 2584 1176; x_wconf 78' lang='lat' dir='ltr'><strong>perstringit</strong></span> <span class='ocrx_word' id='word_1_541' title='bbox 2612 1107 2881 1176; x_wconf 82' lang='lat' dir='ltr'><strong>maxime,</strong></span> <span class='ocrx_word' id='word_1_542' title='bbox 2909 1118 2970 1165; x_wconf 90' lang='lat' dir='ltr'><strong>ut</strong></span> <span class='ocrx_word' id='word_1_543' title='bbox 2998 1110 3159 1182; x_wconf 83' lang='lat' dir='ltr'><strong>hujus</strong></span> <span class='ocrx_word' id='word_1_544' title='bbox 3190 1128 3367 1185; x_wconf 65' lang='lat' dir='ltr'><strong>poenae</strong></span> <span class='ocrx_word' id='word_1_545' title='bbox 3399 1116 3600 1172; x_wconf 86' lang='lat' dir='ltr'><strong>timore</strong></span> 
     </span>
    </p>
   </div>
   <div class='ocr_carea' id='block_1_71' title="bbox 1952 1196 3595 1277">
    <p class='ocr_par' dir='ltr' id='par_1_71' title="bbox 1952 1196 3595 1277">
     <span class='ocr_line' id='line_1_71' title="bbox 1952 1196 3595 1277; baseline 0.013 -32"><span class='ocrx_word' id='word_1_546' title='bbox 1952 1196 2268 1265; x_wconf 81' lang='lat' dir='ltr'><strong>perculsus</strong></span> <span class='ocrx_word' id='word_1_547' title='bbox 2312 1206 2602 1268; x_wconf 86' lang='lat' dir='ltr'><strong>perpetuas</strong></span> <span class='ocrx_word' id='word_1_548' title='bbox 2644 1199 2951 1258; x_wconf 79' lang='lat' dir='ltr'><strong>inimicitias</strong></span> <span class='ocrx_word' id='word_1_549' title='bbox 2998 1203 3222 1262; x_wconf 89' lang='lat' dir='ltr'><strong>minime</strong></span> <span class='ocrx_word' id='word_1_550' title='bbox 3251 1206 3464 1277; x_wconf 83' lang='lat' dir='ltr'><strong>foveat,</strong></span> <span class='ocrx_word' id='word_1_551' title='bbox 3496 1210 3595 1266; x_wconf 85' lang='lat' dir='ltr'><strong>sed</strong></span> 
     </span>
    </p>
   </div>
   <div class='ocr_carea' id='block_1_72' title="bbox 1958 1289 3593 1371">
    <p class='ocr_par' dir='ltr' id='par_1_72' title="bbox 1958 1289 3593 1371">
     <span class='ocr_line' id='line_1_72' title="bbox 1958 1289 3593 1371; baseline 0.01 -28"><span class='ocrx_word' id='word_1_552' title='bbox 1958 1289 2289 1359; x_wconf 84' lang='lat' dir='ltr'><strong>intelligens</strong></span> <span class='ocrx_word' id='word_1_553' title='bbox 2317 1289 2451 1345; x_wconf 86' lang='lat' dir='ltr'><strong>-fore</strong></span> <span class='ocrx_word' id='word_1_554' title='bbox 2473 1332 2489 1359; x_wconf 92' lang='lat'><strong>,</strong></span> <span class='ocrx_word' id='word_1_555' title='bbox 2526 1300 2586 1347; x_wconf 92' lang='lat' dir='ltr'><strong>ut</strong></span> <span class='ocrx_word' id='word_1_556' title='bbox 2616 1295 2869 1357; x_wconf 76' lang='lat' dir='ltr'><strong>maxime</strong></span> <span class='ocrx_word' id='word_1_557' title='bbox 2908 1294 3176 1354; x_wconf 86' lang='lat' dir='ltr'><strong>afﬁciatur</strong></span> <span class='ocrx_word' id='word_1_558' title='bbox 3223 1298 3552 1359; x_wconf 85' lang='lat' dir='ltr'><strong>detrimento</strong></span> <span class='ocrx_word' id='word_1_559' title='bbox 3575 1345 3593 1371; x_wconf 96' lang='lat'><strong>,</strong></span> 
     </span>
    </p>
   </div>
   <div class='ocr_carea' id='block_1_73' title="bbox 1980 1380 3596 1467">
    <p class='ocr_par' dir='ltr' id='par_1_73' title="bbox 1980 1380 3596 1467">
     <span class='ocr_line' id='line_1_73' title="bbox 1980 1380 3596 1467; baseline 0.011 -32"><span class='ocrx_word' id='word_1_560' title='bbox 1980 1380 2125 1450; x_wconf 87' lang='lat' dir='ltr'><strong>quod</strong></span> <span class='ocrx_word' id='word_1_561' title='bbox 2164 1382 2373 1439; x_wconf 88' lang='lat' dir='ltr'><strong>cibatus</strong></span> <span class='ocrx_word' id='word_1_562' title='bbox 2400 1398 2465 1441; x_wconf 89' lang='lat' dir='ltr'><strong>ac</strong></span> <span class='ocrx_word' id='word_1_563' title='bbox 2490 1393 2705 1455; x_wconf 84' lang='lat' dir='ltr'><strong>potatus</strong></span> <span class='ocrx_word' id='word_1_564' title='bbox 2732 1381 2929 1457; x_wconf 61' lang='lat' dir='ltr'><strong>fuerit,</strong></span> <span class='ocrx_word' id='word_1_565' title='bbox 2955 1389 3015 1467; x_wconf 80' lang='lat' dir='ltr'><strong>si</strong></span> <span class='ocrx_word' id='word_1_566' title='bbox 3039 1394 3257 1464; x_wconf 85' lang='lat' dir='ltr'><strong>semper</strong></span> <span class='ocrx_word' id='word_1_567' title='bbox 3284 1393 3596 1453; x_wconf 77' lang='lat' dir='ltr'><strong>inimicitias</strong></span> 
     </span>
    </p>
   </div>
   <div class='ocr_carea' id='block_1_74' title="bbox 1982 1474 3596 1558">
    <p class='ocr_par' dir='ltr' id='par_1_74' title="bbox 1982 1474 3596 1558">
     <span class='ocr_line' id='line_1_74' title="bbox 1982 1474 3596 1558; baseline 0.008 -29"><span class='ocrx_word' id='word_1_568' title='bbox 1982 1482 2253 1541; x_wconf 83' lang='lat' dir='ltr'><strong>exerceat,</strong></span> <span class='ocrx_word' id='word_1_569' title='bbox 2278 1474 2414 1529; x_wconf 90' lang='lat' dir='ltr'><strong>iram</strong></span> <span class='ocrx_word' id='word_1_570' title='bbox 2441 1474 2695 1548; x_wconf 86' lang='lat' dir='ltr'><strong>deponat.</strong></span> <span class='ocrx_word' id='word_1_571' title='bbox 2724 1478 2816 1535; x_wconf 82' lang='lat' dir='ltr'><strong>Sic</strong></span> <span class='ocrx_word' id='word_1_572' title='bbox 2835 1494 3066 1553; x_wconf 84' lang='lat' dir='ltr'><strong>namque</strong></span> <span class='ocrx_word' id='word_1_573' title='bbox 3088 1484 3283 1553; x_wconf 90' lang='lat' dir='ltr'><strong>poterit</strong></span> <span class='ocrx_word' id='word_1_574' title='bbox 3311 1480 3450 1558; x_wconf 85' lang='lat' dir='ltr'><strong>ignis</strong></span> <span class='ocrx_word' id='word_1_575' title='bbox 3474 1502 3596 1545; x_wconf 83' lang='lat' dir='ltr'><strong>car-</strong></span> 
     </span>
    </p>
   </div>
   <div class='ocr_carea' id='block_1_75' title="bbox 1984 1562 3594 1653">
    <p class='ocr_par' dir='ltr' id='par_1_75' title="bbox 1984 1562 3594 1653">
     <span class='ocr_line' id='line_1_75' title="bbox 1984 1562 3594 1653; baseline 0.009 -31"><span class='ocrx_word' id='word_1_576' title='bbox 1984 1568 2151 1623; x_wconf 90' lang='lat' dir='ltr'><strong>bones</strong></span> <span class='ocrx_word' id='word_1_577' title='bbox 2167 1569 2527 1651; x_wconf 79' lang='lat' dir='ltr'><strong>exstinguere.</strong></span> <span class='ocrx_word' id='word_1_578' title='bbox 2558 1571 2737 1641; x_wconf 84' lang='lat' dir='ltr'><strong>Itaque</strong></span> <span class='ocrx_word' id='word_1_579' title='bbox 2755 1587 2912 1643; x_wconf 65' lang='lat' dir='ltr'><strong>penna</strong></span> <span class='ocrx_word' id='word_1_580' title='bbox 2935 1583 2990 1630; x_wconf 87' lang='lat' dir='ltr'><strong>et</strong></span> <span class='ocrx_word' id='word_1_581' title='bbox 3011 1562 3330 1646; x_wconf 83' lang='lat' dir='ltr'><strong>supplicium</strong></span> <span class='ocrx_word' id='word_1_582' title='bbox 3348 1582 3594 1653; x_wconf 68' lang='lat' dir='ltr'><strong>proposio</strong></span> 
     </span>
    </p>
   </div>
   <div class='ocr_carea' id='block_1_76' title="bbox 1985 1660 3598 1736">
    <p class='ocr_par' dir='ltr' id='par_1_76' title="bbox 1985 1660 3598 1736">
     <span class='ocr_line' id='line_1_76' title="bbox 1985 1660 3598 1736; baseline 0.009 -22"><span class='ocrx_word' id='word_1_583' title='bbox 1985 1668 2097 1714; x_wconf 91' lang='lat' dir='ltr'><strong>tum</strong></span> <span class='ocrx_word' id='word_1_584' title='bbox 2121 1670 2229 1715; x_wconf 89' lang='lat' dir='ltr'><strong>tum</strong></span> <span class='ocrx_word' id='word_1_585' title='bbox 2242 1676 2365 1717; x_wconf 91' lang='lat' dir='ltr'><strong>eum</strong></span> <span class='ocrx_word' id='word_1_586' title='bbox 2384 1663 2474 1732; x_wconf 88' lang='lat' dir='ltr'><strong>qui</strong></span> <span class='ocrx_word' id='word_1_587' title='bbox 2496 1660 2717 1719; x_wconf 81' lang='lat' dir='ltr'><strong>affectus</strong></span> <span class='ocrx_word' id='word_1_588' title='bbox 2732 1664 3021 1736; x_wconf 84' lang='lat' dir='ltr'><strong>estiujnria</strong></span> <span class='ocrx_word' id='word_1_589' title='bbox 3038 1665 3107 1723; x_wconf 90' lang='lat' dir='ltr'><strong>ad</strong></span> <span class='ocrx_word' id='word_1_590' title='bbox 3127 1667 3447 1727; x_wconf 82' lang='lat' dir='ltr'><strong>beneﬁcium</strong></span> <span class='ocrx_word' id='word_1_591' title='bbox 3464 1689 3598 1729; x_wconf 84' lang='lat' dir='ltr'><strong>eon-</strong></span> 
     </span>
    </p>
   </div>
   <div class='ocr_carea' id='block_1_77' title="bbox 1984 1750 3589 1835">
    <p class='ocr_par' dir='ltr' id='par_1_77' title="bbox 1984 1750 3589 1835">
     <span class='ocr_line' id='line_1_77' title="bbox 1984 1750 3589 1835; baseline 0.009 -28"><span class='ocrx_word' id='word_1_592' title='bbox 1984 1750 2266 1808; x_wconf 87' lang='lat' dir='ltr'><strong>ferendum</strong></span> <span class='ocrx_word' id='word_1_593' title='bbox 2296 1753 2487 1809; x_wconf 88' lang='lat' dir='ltr'><strong>invitat</strong></span> <span class='ocrx_word' id='word_1_594' title='bbox 2511 1754 2564 1809; x_wconf 93' lang='lat' dir='ltr'><strong>in</strong></span> <span class='ocrx_word' id='word_1_595' title='bbox 2592 1770 2715 1811; x_wconf 86' lang='lat' dir='ltr'><strong>eum</strong></span> <span class='ocrx_word' id='word_1_596' title='bbox 2737 1756 2827 1827; x_wconf 90' lang='lat' dir='ltr'><strong>qui</strong></span> <span class='ocrx_word' id='word_1_597' title='bbox 2847 1756 3021 1824; x_wconf 76' lang='lat' dir='ltr'><strong>lzesit,</strong></span> <span class='ocrx_word' id='word_1_598' title='bbox 3048 1766 3162 1815; x_wconf 88' lang='lat' dir='ltr'><strong>tum</strong></span> <span class='ocrx_word' id='word_1_599' title='bbox 3194 1776 3321 1818; x_wconf 89' lang='lat' dir='ltr'><strong>eum</strong></span> <span class='ocrx_word' id='word_1_600' title='bbox 3343 1764 3433 1835; x_wconf 88' lang='lat' dir='ltr'><strong>qui</strong></span> <span class='ocrx_word' id='word_1_601' title='bbox 3464 1764 3589 1821; x_wconf 65' lang='lat' dir='ltr'><strong>irrio</strong></span> 
     </span>
    </p>
   </div>
   <div class='ocr_carea' id='block_1_78' title="bbox 1990 1840 3593 1918">
    <p class='ocr_par' dir='ltr' id='par_1_78' title="bbox 1990 1840 3593 1918">
     <span class='ocr_line' id='line_1_78' title="bbox 1990 1840 3593 1918; baseline 0.011 -23"><span class='ocrx_word' id='word_1_602' title='bbox 1990 1840 2120 1896; x_wconf 82' lang='lat' dir='ltr'><strong>tavit</strong></span> <span class='ocrx_word' id='word_1_603' title='bbox 2150 1850 2317 1898; x_wconf 90' lang='lat' dir='ltr'><strong>terret</strong></span> <span class='ocrx_word' id='word_1_604' title='bbox 2337 1851 2392 1899; x_wconf 92' lang='lat' dir='ltr'><strong>et</strong></span> <span class='ocrx_word' id='word_1_605' title='bbox 2414 1845 2637 1913; x_wconf 65' lang='lat' dir='ltr'><strong>exciuit,</strong></span> <span class='ocrx_word' id='word_1_606' title='bbox 2665 1855 2827 1918; x_wconf 89' lang='lat' dir='ltr'><strong>atque</strong></span> <span class='ocrx_word' id='word_1_607' title='bbox 2855 1847 2922 1903; x_wconf 90' lang='lat' dir='ltr'><strong>ad</strong></span> <span class='ocrx_word' id='word_1_608' title='bbox 2945 1851 3443 1911; x_wconf 79' lang='lat' dir='ltr'><strong>reconciliationem</strong></span> <span class='ocrx_word' id='word_1_609' title='bbox 3467 1870 3593 1914; x_wconf 88' lang='lat' dir='ltr'><strong>cum</strong></span> 
     </span>
    </p>
   </div>
   <div class='ocr_carea' id='block_1_79' title="bbox 1986 1936 3597 2021">
    <p class='ocr_par' dir='ltr' id='par_1_79' title="bbox 1986 1936 3597 2021">
     <span class='ocr_line' id='line_1_79' title="bbox 1986 1936 3597 2021; baseline 0.009 -30"><span class='ocrx_word' id='word_1_610' title='bbox 1986 1949 2054 1991; x_wconf 86' lang='lat' dir='ltr'><strong>eo</strong></span> <span class='ocrx_word' id='word_1_611' title='bbox 2093 1936 2183 2005; x_wconf 89' lang='lat' dir='ltr'><strong>qui</strong></span> <span class='ocrx_word' id='word_1_612' title='bbox 2232 1936 2354 1991; x_wconf 90' lang='lat' dir='ltr'><strong>cibo</strong></span> <span class='ocrx_word' id='word_1_613' title='bbox 2383 1936 2573 1993; x_wconf 88' lang='lat' dir='ltr'><strong>refecit</strong></span> <span class='ocrx_word' id='word_1_614' title='bbox 2594 1954 2659 1993; x_wconf 87' lang='lat' dir='ltr'><strong>ac</strong></span> <span class='ocrx_word' id='word_1_615' title='bbox 2690 1940 2914 2010; x_wconf 79' lang='lat' dir='ltr'><strong>potavit,</strong></span> <span class='ocrx_word' id='word_1_616' title='bbox 2945 1941 3193 2013; x_wconf 85' lang='lat' dir='ltr'><strong>impellit.</strong></span> <span class='ocrx_word' id='word_1_617' title='bbox 3212 1943 3437 2016; x_wconf 78' lang='lat' dir='ltr'><strong>Duplici</strong></span> <span class='ocrx_word' id='word_1_618' title='bbox 3464 1962 3597 2021; x_wconf 86' lang='lat' dir='ltr'><strong>ergo</strong></span> 
     </span>
    </p>
   </div>
   <div class='ocr_carea' id='block_1_80' title="bbox 1986 2028 3594 2112">
    <p class='ocr_par' dir='ltr' id='par_1_80' title="bbox 1986 2028 3594 2112">
     <span class='ocr_line' id='line_1_80' title="bbox 1986 2028 3594 2112; baseline 0.009 -30"><span class='ocrx_word' id='word_1_619' title='bbox 1986 2028 2199 2083; x_wconf 89' lang='lat' dir='ltr'><strong>vinculo</strong></span> <span class='ocrx_word' id='word_1_620' title='bbox 2238 2030 2428 2086; x_wconf 84' lang='lat' dir='ltr'><strong>ambos</strong></span> <span class='ocrx_word' id='word_1_621' title='bbox 2472 2030 2611 2086; x_wconf 77' lang='lat' dir='ltr'><strong>inter</strong></span> <span class='ocrx_word' id='word_1_622' title='bbox 2638 2046 2699 2087; x_wconf 89' lang='lat' dir='ltr'><strong>se</strong></span> <span class='ocrx_word' id='word_1_623' title='bbox 2742 2034 3051 2103; x_wconf 89' lang='lat' dir='ltr'><strong>copulavit,</strong></span> <span class='ocrx_word' id='word_1_624' title='bbox 3083 2036 3257 2094; x_wconf 88' lang='lat' dir='ltr'><strong>altero</strong></span> <span class='ocrx_word' id='word_1_625' title='bbox 3305 2038 3551 2098; x_wconf 87' lang='lat' dir='ltr'><strong>beneﬁcii</strong></span> <span class='ocrx_word' id='word_1_626' title='bbox 3575 2084 3594 2112; x_wconf 85' lang='grc'><em>,</em></span> 
     </span>
    </p>
   </div>
   <div class='ocr_carea' id='block_1_81' title="bbox 1984 2119 3598 2207">
    <p class='ocr_par' dir='ltr' id='par_1_81' title="bbox 1984 2119 3598 2207">
     <span class='ocr_line' id='line_1_81' title="bbox 1984 2119 3598 2207; baseline 0.011 -33"><span class='ocrx_word' id='word_1_627' title='bbox 1984 2119 2158 2176; x_wconf 87' lang='lat' dir='ltr'><strong>altero</strong></span> <span class='ocrx_word' id='word_1_628' title='bbox 2202 2122 2472 2193; x_wconf 88' lang='lat' dir='ltr'><strong>supplicii.</strong></span> <span class='ocrx_word' id='word_1_629' title='bbox 2529 2119 2759 2181; x_wconf 88' lang='lat' dir='ltr'><strong>Difﬁcile</strong></span> <span class='ocrx_word' id='word_1_630' title='bbox 2788 2127 2988 2198; x_wconf 90' lang='lat' dir='ltr'><strong>quippe</strong></span> <span class='ocrx_word' id='word_1_631' title='bbox 3022 2138 3105 2185; x_wconf 90' lang='lat' dir='ltr'><strong>est</strong></span> <span class='ocrx_word' id='word_1_632' title='bbox 3134 2130 3401 2202; x_wconf 85' lang='lat' dir='ltr'><strong>incipere,</strong></span> <span class='ocrx_word' id='word_1_633' title='bbox 3433 2143 3598 2207; x_wconf 88' lang='lat' dir='ltr'><strong>atque</strong></span> 
     </span>
    </p>
   </div>
   <div class='ocr_carea' id='block_1_82' title="bbox 1986 2212 3599 2301">
    <p class='ocr_par' dir='ltr' id='par_1_82' title="bbox 1986 2212 3599 2301">
     <span class='ocr_line' id='line_1_82' title="bbox 1986 2212 3599 2301; baseline 0.012 -35"><span class='ocrx_word' id='word_1_634' title='bbox 1986 2212 2190 2268; x_wconf 84' lang='lat' dir='ltr'><strong>aditum</strong></span> <span class='ocrx_word' id='word_1_635' title='bbox 2224 2215 2911 2301; x_wconf 31' lang='lat' dir='ltr'><strong>invenire,reconciliatioui</strong></span> <span class='ocrx_word' id='word_1_636' title='bbox 2942 2237 2956 2273; x_wconf 89' lang='lat'><strong>:</strong></span> <span class='ocrx_word' id='word_1_637' title='bbox 2990 2220 3078 2278; x_wconf 89' lang='lat' dir='ltr'><strong>ubi</strong></span> <span class='ocrx_word' id='word_1_638' title='bbox 3102 2236 3234 2279; x_wconf 85' lang='lat' dir='ltr'><strong>vero</strong></span> <span class='ocrx_word' id='word_1_639' title='bbox 3261 2235 3449 2297; x_wconf 67' lang='lat' dir='ltr'><strong>aperta</strong></span> <span class='ocrx_word' id='word_1_640' title='bbox 3476 2226 3599 2285; x_wconf 70' lang='lat' dir='ltr'><strong>htee</strong></span> 
     </span>
    </p>
   </div>
   <div class='ocr_carea' id='block_1_83' title="bbox 1985 2306 3596 2382">
    <p class='ocr_par' dir='ltr' id='par_1_83' title="bbox 1985 2306 3596 2382">
     <span class='ocr_line' id='line_1_83' title="bbox 1985 2306 3596 2382; baseline 0.009 -23"><span class='ocrx_word' id='word_1_641' title='bbox 1985 2320 2203 2377; x_wconf 87' lang='lat' dir='ltr'><strong>quoquo</strong></span> <span class='ocrx_word' id='word_1_642' title='bbox 2252 2307 2413 2362; x_wconf 84' lang='lat' dir='ltr'><strong>modo</strong></span> <span class='ocrx_word' id='word_1_643' title='bbox 2450 2306 2650 2377; x_wconf 89' lang='lat' dir='ltr'><strong>fuerit,</strong></span> <span class='ocrx_word' id='word_1_644' title='bbox 2681 2325 2807 2380; x_wconf 66' lang='lat' dir='ltr'><strong>qua:</strong></span> <span class='ocrx_word' id='word_1_645' title='bbox 2853 2320 3154 2382; x_wconf 84' lang='lat' dir='ltr'><strong>sequuntur</strong></span> <span class='ocrx_word' id='word_1_646' title='bbox 3198 2313 3372 2370; x_wconf 89' lang='lat' dir='ltr'><strong>facilia</strong></span> <span class='ocrx_word' id='word_1_647' title='bbox 3402 2327 3596 2374; x_wconf 86' lang='lat' dir='ltr'><strong>cuncta</strong></span> 
     </span>
    </p>
   </div>
   <div class='ocr_carea' id='block_1_84' title="bbox 1987 2402 3595 2481">
    <p class='ocr_par' dir='ltr' id='par_1_84' title="bbox 1987 2402 3595 2481">
     <span class='ocr_line' id='line_1_84' title="bbox 1987 2402 3595 2481; baseline 0.007 -26"><span class='ocrx_word' id='word_1_648' title='bbox 1987 2410 2229 2456; x_wconf 85' lang='lat' dir='ltr'><strong>ernntet</strong></span> <span class='ocrx_word' id='word_1_649' title='bbox 2268 2402 2539 2472; x_wconf 82' lang='lat' dir='ltr'><strong>expedita.</strong></span> <span class='ocrx_word' id='word_1_650' title='bbox 2567 2403 2825 2472; x_wconf 84' lang='lat' dir='ltr'><strong>Quamvis</strong></span> <span class='ocrx_word' id='word_1_651' title='bbox 2850 2406 2996 2460; x_wconf 88' lang='lat' dir='ltr'><strong>enim</strong></span> <span class='ocrx_word' id='word_1_652' title='bbox 3039 2407 3194 2463; x_wconf 89' lang='lat' dir='ltr'><strong>initio</strong></span> <span class='ocrx_word' id='word_1_653' title='bbox 3224 2423 3323 2479; x_wconf 89' lang='lat' dir='ltr'><strong>spe</strong></span> <span class='ocrx_word' id='word_1_654' title='bbox 3349 2410 3595 2481; x_wconf 89' lang='lat' dir='ltr'><strong>supplicii</strong></span> 
     </span>
    </p>
   </div>
   <div class='ocr_carea' id='block_1_85' title="bbox 1987 2492 3598 2569">
    <p class='ocr_par' dir='ltr' id='par_1_85' title="bbox 1987 2492 3598 2569">
     <span class='ocr_line' id='line_1_85' title="bbox 1987 2492 3598 2569; baseline 0.01 -24"><span class='ocrx_word' id='word_1_655' title='bbox 1987 2493 2077 2562; x_wconf 91' lang='lat' dir='ltr'><strong>qui</strong></span> <span class='ocrx_word' id='word_1_656' title='bbox 2109 2492 2271 2548; x_wconf 72' lang='lat' dir='ltr'><strong>laesus</strong></span> <span class='ocrx_word' id='word_1_657' title='bbox 2298 2504 2380 2549; x_wconf 83' lang='lat' dir='ltr'><strong>est</strong></span> <span class='ocrx_word' id='word_1_658' title='bbox 2406 2496 2514 2551; x_wconf 82' lang='lat' dir='ltr'><strong>alat</strong></span> <span class='ocrx_word' id='word_1_659' title='bbox 2536 2496 2812 2552; x_wconf 90' lang='lat' dir='ltr'><strong>inimicum</strong></span> <span class='ocrx_word' id='word_1_660' title='bbox 2837 2539 2853 2563; x_wconf 94' lang='lat'><strong>,</strong></span> <span class='ocrx_word' id='word_1_661' title='bbox 2887 2506 3065 2554; x_wconf 85' lang='lat' dir='ltr'><strong>tamen</strong></span> <span class='ocrx_word' id='word_1_662' title='bbox 3092 2498 3218 2555; x_wconf 90' lang='lat' dir='ltr'><strong>dum</strong></span> <span class='ocrx_word' id='word_1_663' title='bbox 3242 2502 3369 2569; x_wconf 90' lang='lat' dir='ltr'><strong>alet,</strong></span> <span class='ocrx_word' id='word_1_664' title='bbox 3391 2503 3598 2561; x_wconf 83' lang='lat' dir='ltr'><strong>amicus</strong></span> 
     </span>
    </p>
   </div>
   <div class='ocr_carea' id='block_1_86' title="bbox 1986 2584 3600 2668">
    <p class='ocr_par' dir='ltr' id='par_1_86' title="bbox 1986 2584 3600 2668">
     <span class='ocr_line' id='line_1_86' title="bbox 1986 2584 3600 2668; baseline 0.009 -30"><span class='ocrx_word' id='word_1_665' title='bbox 1986 2584 2213 2649; x_wconf 86' lang='lat' dir='ltr'><strong>evadet,</strong></span> <span class='ocrx_word' id='word_1_666' title='bbox 2242 2597 2297 2641; x_wconf 91' lang='lat' dir='ltr'><strong>ct</strong></span> <span class='ocrx_word' id='word_1_667' title='bbox 2342 2601 2517 2657; x_wconf 77' lang='lat' dir='ltr'><strong>poma:</strong></span> <span class='ocrx_word' id='word_1_668' title='bbox 2540 2589 2888 2659; x_wconf 89' lang='lat' dir='ltr'><strong>cupiditatem</strong></span> <span class='ocrx_word' id='word_1_669' title='bbox 2923 2592 3122 2661; x_wconf 89' lang='lat' dir='ltr'><strong>poterit</strong></span> <span class='ocrx_word' id='word_1_670' title='bbox 3168 2607 3237 2649; x_wconf 88' lang='lat' dir='ltr'><strong>ex</strong></span> <span class='ocrx_word' id='word_1_671' title='bbox 3279 2595 3461 2651; x_wconf 89' lang='lat' dir='ltr'><strong>animo</strong></span> <span class='ocrx_word' id='word_1_672' title='bbox 3483 2599 3600 2668; x_wconf 86' lang='lat' dir='ltr'><strong>pel-</strong></span> 
     </span>
    </p>
   </div>
   <div class='ocr_carea' id='block_1_87' title="bbox 1989 2674 3597 2755">
    <p class='ocr_par' dir='ltr' id='par_1_87' title="bbox 1989 2674 3597 2755">
     <span class='ocr_line' id='line_1_87' title="bbox 1989 2674 3597 2755; baseline 0.009 -27"><span class='ocrx_word' id='word_1_673' title='bbox 1989 2674 2123 2731; x_wconf 91' lang='lat' dir='ltr'><strong>lere.</strong></span> <span class='ocrx_word' id='word_1_674' title='bbox 2154 2676 2290 2731; x_wconf 88' lang='lat' dir='ltr'><strong>Cum</strong></span> <span class='ocrx_word' id='word_1_675' title='bbox 2319 2677 2463 2733; x_wconf 89' lang='lat' dir='ltr'><strong>enim</strong></span> <span class='ocrx_word' id='word_1_676' title='bbox 2501 2679 2709 2735; x_wconf 86' lang='lat' dir='ltr'><strong>amicus</strong></span> <span class='ocrx_word' id='word_1_677' title='bbox 2749 2680 2992 2737; x_wconf 89' lang='lat' dir='ltr'><strong>redditus</strong></span> <span class='ocrx_word' id='word_1_678' title='bbox 3022 2680 3205 2751; x_wconf 90' lang='lat' dir='ltr'><strong>fuerit,</strong></span> <span class='ocrx_word' id='word_1_679' title='bbox 3232 2699 3340 2739; x_wconf 92' lang='lat' dir='ltr'><strong>non</strong></span> <span class='ocrx_word' id='word_1_680' title='bbox 3364 2686 3476 2755; x_wconf 88' lang='lat' dir='ltr'><strong>jam</strong></span> <span class='ocrx_word' id='word_1_681' title='bbox 3506 2686 3597 2743; x_wconf 90' lang='lat' dir='ltr'><strong>tali</strong></span> 
     </span>
    </p>
   </div>
   <div class='ocr_carea' id='block_1_88' title="bbox 1985 2770 3596 2842">
    <p class='ocr_par' dir='ltr' id='par_1_88' title="bbox 1985 2770 3596 2842">
     <span class='ocr_line' id='line_1_88' title="bbox 1985 2770 3596 2842; baseline 0.009 -23"><span class='ocrx_word' id='word_1_682' title='bbox 1985 2780 2110 2820; x_wconf 90' lang='lat' dir='ltr'><strong>cum</strong></span> <span class='ocrx_word' id='word_1_683' title='bbox 2154 2770 2565 2838; x_wconf 84' lang='lat' dir='ltr'><strong>exspectatione</strong></span> <span class='ocrx_word' id='word_1_684' title='bbox 2592 2771 2793 2842; x_wconf 77' lang='lat' dir='ltr'><strong>poterit</strong></span> <span class='ocrx_word' id='word_1_685' title='bbox 2834 2786 3018 2828; x_wconf 86' lang='lat' dir='ltr'><strong>secum</strong></span> <span class='ocrx_word' id='word_1_686' title='bbox 3056 2774 3464 2831; x_wconf 86' lang='lat' dir='ltr'><strong>reconciliatum</strong></span> <span class='ocrx_word' id='word_1_687' title='bbox 3494 2794 3596 2834; x_wconf 86' lang='lat' dir='ltr'><strong>nu-</strong></span> 
     </span>
    </p>
   </div>
   <div class='ocr_carea' id='block_1_89' title="bbox 1988 2860 3600 2937">
    <p class='ocr_par' dir='ltr' id='par_1_89' title="bbox 1988 2860 3600 2937">
     <span class='ocr_line' id='line_1_89' title="bbox 1988 2860 3600 2937; baseline 0.007 -23"><span class='ocrx_word' id='word_1_688' title='bbox 1988 2860 2138 2915; x_wconf 91' lang='lat' dir='ltr'><strong>trire.</strong></span> <span class='ocrx_word' id='word_1_689' title='bbox 2168 2860 2375 2915; x_wconf 75' lang='lat' dir='ltr'><strong>Rursus</strong></span> <span class='ocrx_word' id='word_1_690' title='bbox 2402 2862 2446 2915; x_wconf 92' lang='lat' dir='ltr'><strong>is</strong></span> <span class='ocrx_word' id='word_1_691' title='bbox 2472 2863 2564 2933; x_wconf 93' lang='lat' dir='ltr'><strong>qui</strong></span> <span class='ocrx_word' id='word_1_692' title='bbox 2593 2862 2819 2919; x_wconf 78' lang='lat' dir='ltr'><strong>offendit</strong></span> <span class='ocrx_word' id='word_1_693' title='bbox 2862 2879 3000 2937; x_wconf 9' lang='lat' dir='ltr'><strong>cum,</strong></span> <span class='ocrx_word' id='word_1_694' title='bbox 3027 2866 3223 2923; x_wconf 86' lang='lat' dir='ltr'><strong>viderit</strong></span> <span class='ocrx_word' id='word_1_695' title='bbox 3247 2884 3370 2924; x_wconf 90' lang='lat' dir='ltr'><strong>eum</strong></span> <span class='ocrx_word' id='word_1_696' title='bbox 3403 2870 3492 2936; x_wconf 88' lang='lat' dir='ltr'><strong>qui</strong></span> <span class='ocrx_word' id='word_1_697' title='bbox 3520 2873 3600 2927; x_wconf 85' lang='lat' dir='ltr'><strong>af-</strong></span> 
     </span>
    </p>
   </div>
   <div class='ocr_carea' id='block_1_90' title="bbox 1987 2949 3596 3029">
    <p class='ocr_par' dir='ltr' id='par_1_90' title="bbox 1987 2949 3596 3029">
     <span class='ocr_line' id='line_1_90' title="bbox 1987 2949 3596 3029; baseline 0.007 -25"><span class='ocrx_word' id='word_1_698' title='bbox 1987 2949 2159 3007; x_wconf 87' lang='lat' dir='ltr'><strong>fectus</strong></span> <span class='ocrx_word' id='word_1_699' title='bbox 2192 2951 2363 3007; x_wconf 82' lang='lat' dir='ltr'><strong>fuerat</strong></span> <span class='ocrx_word' id='word_1_700' title='bbox 2390 2953 2582 3022; x_wconf 91' lang='lat' dir='ltr'><strong>injuria</strong></span> <span class='ocrx_word' id='word_1_701' title='bbox 2606 2996 2621 3020; x_wconf 95' lang='lat'><strong>,</strong></span> <span class='ocrx_word' id='word_1_702' title='bbox 2648 2956 2824 3025; x_wconf 85' lang='lat' dir='ltr'><strong>ipsum</strong></span> <span class='ocrx_word' id='word_1_703' title='bbox 2859 2955 3007 3013; x_wconf 86' lang='lat' dir='ltr'><strong>alere</strong></span> <span class='ocrx_word' id='word_1_704' title='bbox 3042 2971 3106 3012; x_wconf 88' lang='lat' dir='ltr'><strong>ac</strong></span> <span class='ocrx_word' id='word_1_705' title='bbox 3135 2967 3320 3028; x_wconf 87' lang='lat' dir='ltr'><strong>potare</strong></span> <span class='ocrx_word' id='word_1_706' title='bbox 3349 2959 3596 3029; x_wconf 85' lang='lat' dir='ltr'><strong>dignari,</strong></span> 
     </span>
    </p>
   </div>
   <div class='ocr_carea' id='block_1_91' title="bbox 1987 3042 3597 3126">
    <p class='ocr_par' dir='ltr' id='par_1_91' title="bbox 1987 3042 3597 3126">
     <span class='ocr_line' id='line_1_91' title="bbox 1987 3042 3597 3126; baseline 0.008 -30"><span class='ocrx_word' id='word_1_707' title='bbox 1987 3043 2178 3096; x_wconf 89' lang='lat' dir='ltr'><strong>saltem</strong></span> <span class='ocrx_word' id='word_1_708' title='bbox 2202 3043 2272 3097; x_wconf 86' lang='lat' dir='ltr'><strong>ob</strong></span> <span class='ocrx_word' id='word_1_709' title='bbox 2313 3042 2414 3099; x_wconf 91' lang='lat' dir='ltr'><strong>hoc</strong></span> <span class='ocrx_word' id='word_1_710' title='bbox 2456 3045 2631 3114; x_wconf 89' lang='lat' dir='ltr'><strong>ipsum</strong></span> <span class='ocrx_word' id='word_1_711' title='bbox 2658 3086 2673 3113; x_wconf 90' lang='lat'><strong>,</strong></span> <span class='ocrx_word' id='word_1_712' title='bbox 2703 3056 2754 3101; x_wconf 91' lang='lat' dir='ltr'><strong>et</strong></span> <span class='ocrx_word' id='word_1_713' title='bbox 2801 3047 2874 3102; x_wconf 87' lang='lat' dir='ltr'><strong>ob</strong></span> <span class='ocrx_word' id='word_1_714' title='bbox 2914 3055 3117 3103; x_wconf 92' lang='lat' dir='ltr'><strong>metum</strong></span> <span class='ocrx_word' id='word_1_715' title='bbox 3152 3053 3323 3119; x_wconf 86' lang='lat' dir='ltr'><strong>parati</strong></span> <span class='ocrx_word' id='word_1_716' title='bbox 3350 3052 3597 3126; x_wconf 78' lang='lat' dir='ltr'><strong>Supplieii</strong></span> 
     </span>
    </p>
   </div>
   <div class='ocr_carea' id='block_1_92' title="bbox 1986 3132 3597 3208">
    <p class='ocr_par' dir='ltr' id='par_1_92' title="bbox 1986 3132 3597 3208">
     <span class='ocr_line' id='line_1_92' title="bbox 1986 3132 3597 3208; baseline 0.009 -23"><span class='ocrx_word' id='word_1_717' title='bbox 1986 3132 2169 3187; x_wconf 89' lang='lat' dir='ltr'><strong>odium</strong></span> <span class='ocrx_word' id='word_1_718' title='bbox 2210 3149 2371 3190; x_wconf 89' lang='lat' dir='ltr'><strong>omne</strong></span> <span class='ocrx_word' id='word_1_719' title='bbox 2412 3134 2682 3204; x_wconf 84' lang='lat' dir='ltr'><strong>deponet,</strong></span> <span class='ocrx_word' id='word_1_720' title='bbox 2712 3141 3057 3207; x_wconf 83' lang='lat' dir='ltr'><strong>quantumvis</strong></span> <span class='ocrx_word' id='word_1_721' title='bbox 3084 3138 3313 3208; x_wconf 81' lang='lat' dir='ltr'><strong>ferreus,</strong></span> <span class='ocrx_word' id='word_1_722' title='bbox 3345 3142 3597 3199; x_wconf 81' lang='lat' dir='ltr'><strong>inhuma-</strong></span> 
     </span>
    </p>
   </div>
   <div class='ocr_carea' id='block_1_93' title="bbox 1988 3226 3600 3301">
    <p class='ocr_par' dir='ltr' id='par_1_93' title="bbox 1988 3226 3600 3301">
     <span class='ocr_line' id='line_1_93' title="bbox 1988 3226 3600 3301; baseline 0.006 -19"><span class='ocrx_word' id='word_1_723' title='bbox 1988 3241 2090 3283; x_wconf 83' lang='lat' dir='ltr'><strong>nus</strong></span> <span class='ocrx_word' id='word_1_724' title='bbox 2121 3234 2172 3284; x_wconf 91' lang='lat' dir='ltr'><strong>et</strong></span> <span class='ocrx_word' id='word_1_725' title='bbox 2196 3226 2413 3283; x_wconf 90' lang='lat' dir='ltr'><strong>adamas</strong></span> <span class='ocrx_word' id='word_1_726' title='bbox 2438 3227 2798 3301; x_wconf 73' lang='lat' dir='ltr'><strong>lucrit,quod</strong></span> <span class='ocrx_word' id='word_1_727' title='bbox 2831 3237 2888 3286; x_wconf 91' lang='lat' dir='ltr'><strong>et</strong></span> <span class='ocrx_word' id='word_1_728' title='bbox 2915 3229 3309 3288; x_wconf 88' lang='lat' dir='ltr'><strong>humanitatem</strong></span> <span class='ocrx_word' id='word_1_729' title='bbox 3348 3248 3600 3292; x_wconf 86' lang='lat' dir='ltr'><strong>reverea-</strong></span> 
     </span>
    </p>
   </div>
   <div class='ocr_carea' id='block_1_94' title="bbox 1990 3323 3598 3398">
    <p class='ocr_par' dir='ltr' id='par_1_94' title="bbox 1990 3323 3598 3398">
     <span class='ocr_line' id='line_1_94' title="bbox 1990 3323 3598 3398; baseline 0.004 -20"><span class='ocrx_word' id='word_1_730' title='bbox 1990 3331 2076 3378; x_wconf 90' lang='lat' dir='ltr'><strong>tur</strong></span> <span class='ocrx_word' id='word_1_731' title='bbox 2095 3323 2212 3393; x_wconf 91' lang='lat' dir='ltr'><strong>ejns</strong></span> <span class='ocrx_word' id='word_1_732' title='bbox 2238 3339 2266 3377; x_wconf 87' lang='lat' dir='ltr'><strong>a</strong></span> <span class='ocrx_word' id='word_1_733' title='bbox 2294 3338 2400 3394; x_wconf 89' lang='lat' dir='ltr'><strong>quo</strong></span> <span class='ocrx_word' id='word_1_734' title='bbox 2426 3324 2683 3389; x_wconf 89' lang='lat' dir='ltr'><strong>nutritur,</strong></span> <span class='ocrx_word' id='word_1_735' title='bbox 2715 3334 2771 3379; x_wconf 90' lang='lat' dir='ltr'><strong>et</strong></span> <span class='ocrx_word' id='word_1_736' title='bbox 2796 3323 2939 3394; x_wconf 88' lang='lat' dir='ltr'><strong>quod</strong></span> <span class='ocrx_word' id='word_1_737' title='bbox 2970 3324 3073 3380; x_wconf 84' lang='lat' dir='ltr'><strong>sibi</strong></span> <span class='ocrx_word' id='word_1_738' title='bbox 3114 3336 3361 3397; x_wconf 87' lang='lat' dir='ltr'><strong>paratum</strong></span> <span class='ocrx_word' id='word_1_739' title='bbox 3386 3329 3598 3398; x_wconf 89' lang='lat' dir='ltr'><strong>suppli-</strong></span> 
     </span>
    </p>
   </div>
   <div class='ocr_carea' id='block_1_95' title="bbox 1987 3414 3597 3493">
    <p class='ocr_par' dir='ltr' id='par_1_95' title="bbox 1987 3414 3597 3493">
     <span class='ocr_line' id='line_1_95' title="bbox 1987 3414 3597 3493; baseline 0.003 -22"><span class='ocrx_word' id='word_1_740' title='bbox 1987 3416 2131 3471; x_wconf 89' lang='lat' dir='ltr'><strong>cium</strong></span> <span class='ocrx_word' id='word_1_741' title='bbox 2161 3414 2512 3493; x_wconf 78' lang='lat' dir='ltr'><strong>reformidet,</strong></span> <span class='ocrx_word' id='word_1_742' title='bbox 2539 3414 2589 3470; x_wconf 89' lang='lat' dir='ltr'><strong>si</strong></span> <span class='ocrx_word' id='word_1_743' title='bbox 2619 3423 2740 3486; x_wconf 90' lang='lat' dir='ltr'><strong>post</strong></span> <span class='ocrx_word' id='word_1_744' title='bbox 2758 3415 3013 3471; x_wconf 85' lang='lat' dir='ltr'><strong>alimenta</strong></span> <span class='ocrx_word' id='word_1_745' title='bbox 3045 3427 3299 3488; x_wconf 89' lang='lat' dir='ltr'><strong>percepta</strong></span> <span class='ocrx_word' id='word_1_746' title='bbox 3345 3418 3597 3493; x_wconf 79' lang='lat' dir='ltr'><strong>inimicus</strong></span> 
     </span>
    </p>
   </div>
   <div class='ocr_carea' id='block_1_96' title="bbox 1989 3490 3465 3563">
    <p class='ocr_par' dir='ltr' id='par_1_96' title="bbox 1989 3490 3465 3563">
     <span class='ocr_line' id='line_1_96' title="bbox 1989 3490 3465 3563; baseline -0.007 0"><span class='ocrx_word' id='word_1_747' title='bbox 1989 3522 2110 3563; x_wconf 82' lang='lat' dir='ltr'><strong>esse</strong></span> <span class='ocrx_word' id='word_1_748' title='bbox 2140 3490 2246 3561; x_wconf 76' lang='lat' dir='ltr'><strong>non</strong></span> <span class='ocrx_word' id='word_1_749' title='bbox 2274 3508 2509 3563; x_wconf 68' lang='lat' dir='ltr'><strong>desinat.</strong></span> <span class='ocrx_word' id='word_1_750' title='bbox 3454 3490 3465 3493; x_wconf 41' lang='grc'><strong>“</strong></span> 
     </span>
    </p>
   </div>
   <div class='ocr_carea' id='block_1_97' title="bbox 2072 3598 3602 3675">
    <p class='ocr_par' dir='ltr' id='par_1_97' title="bbox 2072 3598 3602 3675">
     <span class='ocr_line' id='line_1_97' title="bbox 2072 3598 3602 3675; baseline 0.002 -20"><span class='ocrx_word' id='word_1_751' title='bbox 2072 3599 2361 3655; x_wconf 81' lang='lat' dir='ltr'><strong>Vincendus</strong></span> <span class='ocrx_word' id='word_1_752' title='bbox 2403 3600 2639 3654; x_wconf 81' lang='lat' dir='ltr'><strong>inimicus</strong></span> <span class='ocrx_word' id='word_1_753' title='bbox 2679 3598 2954 3670; x_wconf 80' lang='lat' dir='ltr'><strong>quomodo.</strong></span> <span class='ocrx_word' id='word_1_754' title='bbox 2998 3598 3168 3655; x_wconf 75' lang='lat' dir='ltr'><strong>David</strong></span> <span class='ocrx_word' id='word_1_755' title='bbox 3206 3600 3259 3655; x_wconf 87' lang='lat' dir='ltr'><strong>in</strong></span> <span class='ocrx_word' id='word_1_756' title='bbox 3296 3602 3450 3656; x_wconf 78' lang='lat' dir='ltr'><strong>ueteri</strong></span> <span class='ocrx_word' id='word_1_757' title='bbox 3490 3602 3602 3675; x_wconf 76' lang='lat' dir='ltr'><strong>lege</strong></span> 
     </span>
    </p>
   </div>
   <div class='ocr_carea' id='block_1_98' title="bbox 1987 3691 3597 3764">
    <p class='ocr_par' dir='ltr' id='par_1_98' title="bbox 1987 3691 3597 3764">
     <span class='ocr_line' id='line_1_98' title="bbox 1987 3691 3597 3764; baseline 0.001 -16"><span class='ocrx_word' id='word_1_758' title='bbox 1987 3695 2194 3749; x_wconf 74' lang='lat' dir='ltr'><strong>inimico</strong></span> <span class='ocrx_word' id='word_1_759' title='bbox 2222 3692 2484 3764; x_wconf 76' lang='lat' dir='ltr'><strong>benefecit.</strong></span> <span class='ocrx_word' id='word_1_760' title='bbox 2505 3722 2579 3733; x_wconf 92' lang='lat'><strong><em>—</em></strong></span> <span class='ocrx_word' id='word_1_761' title='bbox 2609 3691 2811 3748; x_wconf 83' lang='lat' dir='ltr'><strong>Idcirco</strong></span> <span class='ocrx_word' id='word_1_762' title='bbox 2850 3708 3025 3764; x_wconf 90' lang='lat' dir='ltr'><strong>neque</strong></span> <span class='ocrx_word' id='word_1_763' title='bbox 3051 3692 3156 3749; x_wconf 91' lang='lat' dir='ltr'><strong>huc</strong></span> <span class='ocrx_word' id='word_1_764' title='bbox 3195 3708 3364 3763; x_wconf 88' lang='lat' dir='ltr'><strong>usque</strong></span> <span class='ocrx_word' id='word_1_765' title='bbox 3392 3704 3597 3763; x_wconf 78' lang='lat' dir='ltr'><strong>tantum</strong></span> 
     </span>
    </p>
   </div>
   <div class='ocr_carea' id='block_1_99' title="bbox 1988 3782 3597 3861">
    <p class='ocr_par' dir='ltr' id='par_1_99' title="bbox 1988 3782 3597 3861">
     <span class='ocr_line' id='line_1_99' title="bbox 1988 3782 3597 3861; baseline -0.001 -18"><span class='ocrx_word' id='word_1_766' title='bbox 1988 3784 2414 3861; x_wconf 83' lang='lat' dir='ltr'><strong>cohortationem</strong></span> <span class='ocrx_word' id='word_1_767' title='bbox 2435 3784 2707 3855; x_wconf 85' lang='lat' dir='ltr'><strong>provexit,</strong></span> <span class='ocrx_word' id='word_1_768' title='bbox 2731 3782 2827 3839; x_wconf 89' lang='lat' dir='ltr'><strong>sed</strong></span> <span class='ocrx_word' id='word_1_769' title='bbox 2855 3791 3138 3854; x_wconf 88' lang='lat' dir='ltr'><strong>postquam</strong></span> <span class='ocrx_word' id='word_1_770' title='bbox 3162 3784 3438 3856; x_wconf 86' lang='lat' dir='ltr'><strong>utriusque</strong></span> <span class='ocrx_word' id='word_1_771' title='bbox 3461 3786 3597 3842; x_wconf 86' lang='lat' dir='ltr'><strong>iram</strong></span> 
     </span>
    </p>
   </div>
   <div class='ocr_carea' id='block_1_100' title="bbox 1989 3874 3597 3947">
    <p class='ocr_par' dir='ltr' id='par_1_100' title="bbox 1989 3874 3597 3947">
     <span class='ocr_line' id='line_1_100' title="bbox 1989 3874 3597 3947; baseline 0.001 -15"><span class='ocrx_word' id='word_1_772' title='bbox 1989 3876 2287 3947; x_wconf 85' lang='lat' dir='ltr'><strong>mitigavit,</strong></span> <span class='ocrx_word' id='word_1_773' title='bbox 2314 3875 2569 3946; x_wconf 90' lang='lat' dir='ltr'><strong>deinceps</strong></span> <span class='ocrx_word' id='word_1_774' title='bbox 2590 3874 2753 3929; x_wconf 87' lang='lat' dir='ltr'><strong>animi</strong></span> <span class='ocrx_word' id='word_1_775' title='bbox 2776 3876 3100 3931; x_wconf 90' lang='lat' dir='ltr'><strong>sententiam</strong></span> <span class='ocrx_word' id='word_1_776' title='bbox 3130 3875 3354 3947; x_wconf 88' lang='lat' dir='ltr'><strong>corrigit</strong></span> <span class='ocrx_word' id='word_1_777' title='bbox 3375 3876 3597 3933; x_wconf 88' lang='lat' dir='ltr'><strong>dicens:</strong></span> 
     </span>
    </p>
   </div>
   <div class='ocr_carea' id='block_1_101' title="bbox 1994 3966 3600 4040">
    <p class='ocr_par' dir='ltr' id='par_1_101' title="bbox 1994 3966 3600 4040">
     <span class='ocr_line' id='line_1_101' title="bbox 1994 3966 3600 4040; baseline 0.002 -14"><span class='ocrx_word' id='word_1_778' title='bbox 1994 3971 2119 4026; x_wconf 79' lang='lat' dir='ltr'><strong>Noli</strong></span> <span class='ocrx_word' id='word_1_779' title='bbox 2134 3970 2310 4024; x_wconf 78' lang='lat' dir='ltr'><strong>vincia</strong></span> <span class='ocrx_word' id='word_1_780' title='bbox 2326 3967 2461 4023; x_wconf 83' lang='lat' dir='ltr'><strong>man</strong></span> <span class='ocrx_word' id='word_1_781' title='bbox 2480 3967 2654 4040; x_wconf 84' lang='lat' dir='ltr'><strong>(Rom.</strong></span> <span class='ocrx_word' id='word_1_782' title='bbox 2671 3966 2758 4022; x_wconf 75' lang='lat' dir='ltr'><strong>l2.</strong></span> <span class='ocrx_word' id='word_1_783' title='bbox 2770 3966 2835 4022; x_wconf 66' lang='lat'><strong>3|</strong></span> <span class='ocrx_word' id='word_1_784' title='bbox 2850 3969 2888 4037; x_wconf 90' lang='lat'><strong>).</strong></span> <span class='ocrx_word' id='word_1_785' title='bbox 2904 3968 2961 4025; x_wconf 90' lang='lat' dir='ltr'><strong>Si</strong></span> <span class='ocrx_word' id='word_1_786' title='bbox 2973 3968 3118 4023; x_wconf 89' lang='lat' dir='ltr'><strong>enim</strong></span> <span class='ocrx_word' id='word_1_787' title='bbox 3135 3979 3368 4039; x_wconf 71' lang='lat' dir='ltr'><strong>accepta:</strong></span> <span class='ocrx_word' id='word_1_788' title='bbox 3390 3970 3600 4040; x_wconf 68' lang='lat' dir='ltr'><strong>injuria:</strong></span> 
     </span>
    </p>
   </div>
   <div class='ocr_carea' id='block_1_102' title="bbox 1990 4060 3603 4129">
    <p class='ocr_par' dir='ltr' id='par_1_102' title="bbox 1990 4060 3603 4129">
     <span class='ocr_line' id='line_1_102' title="bbox 1990 4060 3603 4129; baseline -0.001 -8"><span class='ocrx_word' id='word_1_789' title='bbox 1990 4065 2307 4121; x_wconf 89' lang='lat' dir='ltr'><strong>memoriam</strong></span> <span class='ocrx_word' id='word_1_790' title='bbox 2336 4061 2776 4128; x_wconf 86' lang='lat' dir='ltr'><strong>conservaveris,</strong></span> <span class='ocrx_word' id='word_1_791' title='bbox 2799 4069 2855 4118; x_wconf 91' lang='lat' dir='ltr'><strong>et</strong></span> <span class='ocrx_word' id='word_1_792' title='bbox 2879 4060 3061 4117; x_wconf 88' lang='lat' dir='ltr'><strong>ulcisci</strong></span> <span class='ocrx_word' id='word_1_793' title='bbox 3083 4060 3321 4118; x_wconf 85' lang='lat' dir='ltr'><strong>volueris</strong></span> <span class='ocrx_word' id='word_1_794' title='bbox 3341 4104 3358 4129; x_wconf 91' lang='lat'><strong>,</strong></span> <span class='ocrx_word' id='word_1_795' title='bbox 3381 4062 3603 4119; x_wconf 87' lang='lat' dir='ltr'><strong>vincere</strong></span> 
     </span>
    </p>
   </div>
   <div class='ocr_carea' id='block_1_103' title="bbox 1988 4153 3601 4229">
    <p class='ocr_par' dir='ltr' id='par_1_103' title="bbox 1988 4153 3601 4229">
     <span class='ocr_line' id='line_1_103' title="bbox 1988 4153 3601 4229; baseline 0 -16"><span class='ocrx_word' id='word_1_796' title='bbox 1988 4158 2206 4229; x_wconf 89' lang='lat' dir='ltr'><strong>quidem</strong></span> <span class='ocrx_word' id='word_1_797' title='bbox 2239 4155 2513 4211; x_wconf 89' lang='lat' dir='ltr'><strong>inimicum</strong></span> <span class='ocrx_word' id='word_1_798' title='bbox 2550 4153 2783 4220; x_wconf 87' lang='lat' dir='ltr'><strong>videris,</strong></span> <span class='ocrx_word' id='word_1_799' title='bbox 2822 4153 2920 4209; x_wconf 88' lang='lat' dir='ltr'><strong>sed</strong></span> <span class='ocrx_word' id='word_1_800' title='bbox 2946 4168 2978 4209; x_wconf 88' lang='lat' dir='ltr'><strong>a</strong></span> <span class='ocrx_word' id='word_1_801' title='bbox 3009 4153 3152 4209; x_wconf 88' lang='lat' dir='ltr'><strong>malo</strong></span> <span class='ocrx_word' id='word_1_802' title='bbox 3183 4153 3412 4210; x_wconf 89' lang='lat' dir='ltr'><strong>vinceris</strong></span> <span class='ocrx_word' id='word_1_803' title='bbox 3433 4196 3448 4222; x_wconf 94' lang='lat'><strong>,</strong></span> <span class='ocrx_word' id='word_1_804' title='bbox 3497 4156 3601 4213; x_wconf 87' lang='lat' dir='ltr'><strong>hoc</strong></span> 
     </span>
    </p>
   </div>
   <div class='ocr_carea' id='block_1_104' title="bbox 1990 4243 3598 4316">
    <p class='ocr_par' dir='ltr' id='par_1_104' title="bbox 1990 4243 3598 4316">
     <span class='ocr_line' id='line_1_104' title="bbox 1990 4243 3598 4316; baseline -0.002 -11"><span class='ocrx_word' id='word_1_805' title='bbox 1990 4257 2109 4313; x_wconf 89' lang='lat' dir='ltr'><strong>est,</strong></span> <span class='ocrx_word' id='word_1_806' title='bbox 2162 4246 2229 4302; x_wconf 87' lang='lat' dir='ltr'><strong>ab</strong></span> <span class='ocrx_word' id='word_1_807' title='bbox 2260 4247 2357 4302; x_wconf 90' lang='lat' dir='ltr'><strong>ira.</strong></span> <span class='ocrx_word' id='word_1_808' title='bbox 2404 4245 2588 4316; x_wconf 88' lang='lat' dir='ltr'><strong>Itaque</strong></span> <span class='ocrx_word' id='word_1_809' title='bbox 2622 4244 2667 4300; x_wconf 91' lang='lat' dir='ltr'><strong>si</strong></span> <span class='ocrx_word' id='word_1_810' title='bbox 2714 4245 2930 4301; x_wconf 89' lang='lat' dir='ltr'><strong>vincere</strong></span> <span class='ocrx_word' id='word_1_811' title='bbox 2972 4243 3161 4314; x_wconf 89' lang='lat' dir='ltr'><strong>cupis,</strong></span> <span class='ocrx_word' id='word_1_812' title='bbox 3208 4245 3598 4315; x_wconf 85' lang='lat' dir='ltr'><strong>reconciliare,</strong></span> 
     </span>
    </p>
   </div>
   <div class='ocr_carea' id='block_1_105' title="bbox 1992 4323 3603 4407">
    <p class='ocr_par' dir='ltr' id='par_1_105' title="bbox 1992 4323 3603 4407">
     <span class='ocr_line' id='line_1_105' title="bbox 1992 4323 3603 4407; baseline -0.001 -12"><span class='ocrx_word' id='word_1_813' title='bbox 1992 4355 2092 4395; x_wconf 89' lang='lat' dir='ltr'><strong>nec</strong></span> <span class='ocrx_word' id='word_1_814' title='bbox 2120 4338 2397 4393; x_wconf 88' lang='lat' dir='ltr'><strong>ulciscere.</strong></span> <span class='ocrx_word' id='word_1_815' title='bbox 2420 4336 2545 4393; x_wconf 64' lang='lat' dir='ltr'><strong>Haec</strong></span> <span class='ocrx_word' id='word_1_816' title='bbox 2560 4323 2703 4392; x_wconf 85' lang='lat' dir='ltr'><strong>enim</strong></span> <span class='ocrx_word' id='word_1_817' title='bbox 2733 4346 2816 4392; x_wconf 88' lang='lat' dir='ltr'><strong>est</strong></span> <span class='ocrx_word' id='word_1_818' title='bbox 2833 4334 3088 4407; x_wconf 63' lang='lat' dir='ltr'><strong>pricelara</strong></span> <span class='ocrx_word' id='word_1_819' title='bbox 3107 4334 3326 4390; x_wconf 85' lang='lat' dir='ltr'><strong>victoria</strong></span> <span class='ocrx_word' id='word_1_820' title='bbox 3346 4376 3361 4402; x_wconf 96' lang='lat'><strong>,</strong></span> <span class='ocrx_word' id='word_1_821' title='bbox 3383 4335 3603 4407; x_wconf 86' lang='lat' dir='ltr'><strong>quando</strong></span> 
     </span>
    </p>
   </div>
   <div class='ocr_carea' id='block_1_106' title="bbox 1992 4427 3603 4501">
    <p class='ocr_par' dir='ltr' id='par_1_106' title="bbox 1992 4427 3603 4501">
     <span class='ocr_line' id='line_1_106' title="bbox 1992 4427 3603 4501; baseline -0.002 -12"><span class='ocrx_word' id='word_1_822' title='bbox 1992 4432 2046 4489; x_wconf 94' lang='lat' dir='ltr'><strong>in</strong></span> <span class='ocrx_word' id='word_1_823' title='bbox 2084 4432 2259 4497; x_wconf 91' lang='lat' dir='ltr'><strong>bono,</strong></span> <span class='ocrx_word' id='word_1_824' title='bbox 2291 4431 2396 4487; x_wconf 86' lang='lat' dir='ltr'><strong>hoc</strong></span> <span class='ocrx_word' id='word_1_825' title='bbox 2438 4440 2554 4498; x_wconf 80' lang='lat' dir='ltr'><strong>est,</strong></span> <span class='ocrx_word' id='word_1_826' title='bbox 2601 4428 2859 4501; x_wconf 88' lang='lat' dir='ltr'><strong>patientia</strong></span> <span class='ocrx_word' id='word_1_827' title='bbox 2901 4427 3104 4485; x_wconf 89' lang='lat' dir='ltr'><strong>malum</strong></span> <span class='ocrx_word' id='word_1_828' title='bbox 3141 4427 3346 4497; x_wconf 90' lang='lat' dir='ltr'><strong>vincis,</strong></span> <span class='ocrx_word' id='word_1_829' title='bbox 3390 4427 3603 4498; x_wconf 79' lang='lat' dir='ltr'><strong>abiecta</strong></span> 
     </span>
    </p>
   </div>
   <div class='ocr_carea' id='block_1_107' title="bbox 1993 4520 3604 4597">
    <p class='ocr_par' dir='ltr' id='par_1_107' title="bbox 1993 4520 3604 4597">
     <span class='ocr_line' id='line_1_107' title="bbox 1993 4520 3604 4597; baseline -0.002 -17"><span class='ocrx_word' id='word_1_830' title='bbox 1993 4540 2216 4597; x_wconf 76' lang='lat' dir='ltr'><strong>prorsus</strong></span> <span class='ocrx_word' id='word_1_831' title='bbox 2242 4524 2514 4580; x_wconf 91' lang='lat' dir='ltr'><strong>iracundia</strong></span> <span class='ocrx_word' id='word_1_832' title='bbox 2538 4534 2593 4578; x_wconf 92' lang='lat' dir='ltr'><strong>et</strong></span> <span class='ocrx_word' id='word_1_833' title='bbox 2610 4522 2921 4593; x_wconf 88' lang='lat' dir='ltr'><strong>lnjuriarmn</strong></span> <span class='ocrx_word' id='word_1_834' title='bbox 2950 4521 3229 4577; x_wconf 89' lang='lat' dir='ltr'><strong>memoria.</strong></span> <span class='ocrx_word' id='word_1_835' title='bbox 3255 4521 3452 4577; x_wconf 86' lang='lat' dir='ltr'><strong>Verum</strong></span> <span class='ocrx_word' id='word_1_836' title='bbox 3486 4520 3604 4577; x_wconf 70' lang='lat' dir='ltr'><strong>lucc</strong></span> 
     </span>
    </p>
   </div>
   <div class='ocr_carea' id='block_1_108' title="bbox 1994 4611 3605 4685">
    <p class='ocr_par' dir='ltr' id='par_1_108' title="bbox 1994 4611 3605 4685">
     <span class='ocr_line' id='line_1_108' title="bbox 1994 4611 3605 4685; baseline -0.002 -14"><span class='ocrx_word' id='word_1_837' title='bbox 1994 4618 2154 4673; x_wconf 85' lang='lat' dir='ltr'><strong>verba</strong></span> <span class='ocrx_word' id='word_1_838' title='bbox 2182 4633 2287 4671; x_wconf 89' lang='lat' dir='ltr'><strong>non</strong></span> <span class='ocrx_word' id='word_1_839' title='bbox 2311 4617 2519 4671; x_wconf 85' lang='lat' dir='ltr'><strong>tulisset</strong></span> <span class='ocrx_word' id='word_1_840' title='bbox 2556 4630 2585 4669; x_wconf 89' lang='lat' dir='ltr'><strong>a</strong></span> <span class='ocrx_word' id='word_1_841' title='bbox 2627 4613 2923 4685; x_wconf 89' lang='lat' dir='ltr'><strong>principio,</strong></span> <span class='ocrx_word' id='word_1_842' title='bbox 2964 4614 3056 4682; x_wconf 91' lang='lat' dir='ltr'><strong>qui</strong></span> <span class='ocrx_word' id='word_1_843' title='bbox 3096 4614 3257 4669; x_wconf 58' lang='lat' dir='ltr'><strong>laesus</strong></span> <span class='ocrx_word' id='word_1_844' title='bbox 3296 4611 3508 4681; x_wconf 86' lang='lat' dir='ltr'><strong>fuerat,</strong></span> <span class='ocrx_word' id='word_1_845' title='bbox 3548 4623 3605 4669; x_wconf 92' lang='lat' dir='ltr'><strong>et</strong></span> 
     </span>
    </p>
   </div>
   <div class='ocr_carea' id='block_1_109' title="bbox 1994 4701 3602 4774">
    <p class='ocr_par' dir='ltr' id='par_1_109' title="bbox 1994 4701 3602 4774">
     <span class='ocr_line' id='line_1_109' title="bbox 1994 4701 3602 4774; baseline -0.004 -10"><span class='ocrx_word' id='word_1_846' title='bbox 1994 4709 2071 4764; x_wconf 88' lang='lat' dir='ltr'><strong>ira</strong></span> <span class='ocrx_word' id='word_1_847' title='bbox 2118 4706 2374 4763; x_wconf 85' lang='lat' dir='ltr'><strong>tumebat.</strong></span> <span class='ocrx_word' id='word_1_848' title='bbox 2412 4704 2710 4774; x_wconf 85' lang='lat' dir='ltr'><strong>Propterea</strong></span> <span class='ocrx_word' id='word_1_849' title='bbox 2758 4718 2880 4759; x_wconf 89' lang='lat' dir='ltr'><strong>eum</strong></span> <span class='ocrx_word' id='word_1_850' title='bbox 2928 4703 3158 4774; x_wconf 88' lang='lat' dir='ltr'><strong>primum</strong></span> <span class='ocrx_word' id='word_1_851' title='bbox 3202 4702 3319 4774; x_wconf 87' lang='lat' dir='ltr'><strong>ejus</strong></span> <span class='ocrx_word' id='word_1_852' title='bbox 3364 4701 3602 4758; x_wconf 90' lang='lat' dir='ltr'><strong>furorem</strong></span> 
     </span>
    </p>
   </div>
   <div class='ocr_carea' id='block_1_110' title="bbox 1993 4794 3605 4867">
    <p class='ocr_par' dir='ltr' id='par_1_110' title="bbox 1993 4794 3605 4867">
     <span class='ocr_line' id='line_1_110' title="bbox 1993 4794 3605 4867; baseline -0.002 -12"><span class='ocrx_word' id='word_1_853' title='bbox 1993 4799 2359 4863; x_wconf 89' lang='lat' dir='ltr'><strong>exsaturavit,</strong></span> <span class='ocrx_word' id='word_1_854' title='bbox 2403 4806 2513 4853; x_wconf 91' lang='lat' dir='ltr'><strong>tum</strong></span> <span class='ocrx_word' id='word_1_855' title='bbox 2559 4795 2627 4851; x_wconf 90' lang='lat' dir='ltr'><strong>ad</strong></span> <span class='ocrx_word' id='word_1_856' title='bbox 2663 4797 2923 4867; x_wconf 88' lang='lat' dir='ltr'><strong>optimam</strong></span> <span class='ocrx_word' id='word_1_857' title='bbox 2967 4795 3117 4851; x_wconf 91' lang='lat' dir='ltr'><strong>illum</strong></span> <span class='ocrx_word' id='word_1_858' title='bbox 3150 4794 3605 4851; x_wconf 87' lang='lat' dir='ltr'><strong>reconciliationis</strong></span> 
     </span>
    </p>
   </div>
   <div class='ocr_carea' id='block_1_111' title="bbox 1995 4886 3603 4960">
    <p class='ocr_par' dir='ltr' id='par_1_111' title="bbox 1995 4886 3603 4960">
     <span class='ocr_line' id='line_1_111' title="bbox 1995 4886 3603 4960; baseline -0.002 -14"><span class='ocrx_word' id='word_1_859' title='bbox 1995 4907 2210 4947; x_wconf 88' lang='lat' dir='ltr'><strong>causam</strong></span> <span class='ocrx_word' id='word_1_860' title='bbox 2249 4890 2513 4955; x_wconf 87' lang='lat' dir='ltr'><strong>traduxit,</strong></span> <span class='ocrx_word' id='word_1_861' title='bbox 2548 4902 2721 4959; x_wconf 88' lang='lat' dir='ltr'><strong>neque</strong></span> <span class='ocrx_word' id='word_1_862' title='bbox 2764 4903 2925 4959; x_wconf 87' lang='lat' dir='ltr'><strong>prava</strong></span> <span class='ocrx_word' id='word_1_863' title='bbox 2954 4886 3200 4960; x_wconf 86' lang='lat' dir='ltr'><strong>supplicii</strong></span> <span class='ocrx_word' id='word_1_864' title='bbox 3232 4901 3328 4957; x_wconf 89' lang='lat' dir='ltr'><strong>spe</strong></span> <span class='ocrx_word' id='word_1_865' title='bbox 3371 4886 3603 4944; x_wconf 89' lang='lat' dir='ltr'><strong>detineri</strong></span> 
     </span>
    </p>
   </div>
   <div class='ocr_carea' id='block_1_112' title="bbox 1994 4981 3609 5055">
    <p class='ocr_par' dir='ltr' id='par_1_112' title="bbox 1994 4981 3609 5055">
     <span class='ocr_line' id='line_1_112' title="bbox 1994 4981 3609 5055; baseline -0.002 -17"><span class='ocrx_word' id='word_1_866' title='bbox 1994 4985 2260 5055; x_wconf 84' lang='lat' dir='ltr'><strong>permisit.</strong></span> <span class='ocrx_word' id='word_1_867' title='bbox 2294 4981 2460 5039; x_wconf 75' lang='lat' dir='ltr'><strong>Vides</strong></span> <span class='ocrx_word' id='word_1_868' title='bbox 2515 4981 2832 5053; x_wconf 83' lang='lat' dir='ltr'><strong>sapientiam</strong></span> <span class='ocrx_word' id='word_1_869' title='bbox 2896 4981 3256 5052; x_wconf 88' lang='lat' dir='ltr'><strong>legislatoris?</strong></span> <span class='ocrx_word' id='word_1_870' title='bbox 3309 4983 3485 5051; x_wconf 85' lang='lat' dir='ltr'><strong>Atque</strong></span> <span class='ocrx_word' id='word_1_871' title='bbox 3551 4992 3609 5036; x_wconf 93' lang='lat' dir='ltr'><strong>ut</strong></span> 
     </span>
    </p>
   </div>
   <div class='ocr_carea' id='block_1_113' title="bbox 1997 5073 3609 5147">
    <p class='ocr_par' dir='ltr' id='par_1_113' title="bbox 1997 5073 3609 5147">
     <span class='ocr_line' id='line_1_113' title="bbox 1997 5073 3609 5147; baseline -0.002 -16"><span class='ocrx_word' id='word_1_872' title='bbox 1997 5076 2266 5147; x_wconf 86' lang='lat' dir='ltr'><strong>intelligas</strong></span> <span class='ocrx_word' id='word_1_873' title='bbox 2288 5084 2507 5146; x_wconf 89' lang='lat' dir='ltr'><strong>pr0ptcr</strong></span> <span class='ocrx_word' id='word_1_874' title='bbox 2534 5073 2899 5129; x_wconf 84' lang='lat' dir='ltr'><strong>inﬁrmitatem</strong></span> <span class='ocrx_word' id='word_1_875' title='bbox 2920 5087 3140 5140; x_wconf 86' lang='lat' dir='ltr'><strong>eorum,</strong></span> <span class='ocrx_word' id='word_1_876' title='bbox 3170 5074 3257 5143; x_wconf 89' lang='lat' dir='ltr'><strong>qui</strong></span> <span class='ocrx_word' id='word_1_877' title='bbox 3280 5073 3438 5129; x_wconf 90' lang='lat' dir='ltr'><strong>aliter</strong></span> <span class='ocrx_word' id='word_1_878' title='bbox 3470 5075 3609 5129; x_wconf 85' lang='lat' dir='ltr'><strong>inter</strong></span> 
     </span>
    </p>
   </div>
   <div class='ocr_carea' id='block_1_114' title="bbox 1998 5163 3609 5238">
    <p class='ocr_par' dir='ltr' id='par_1_114' title="bbox 1998 5163 3609 5238">
     <span class='ocr_line' id='line_1_114' title="bbox 1998 5163 3609 5238; baseline -0.001 -17"><span class='ocrx_word' id='word_1_879' title='bbox 1998 5183 2057 5222; x_wconf 91' lang='lat' dir='ltr'><strong>se</strong></span> <span class='ocrx_word' id='word_1_880' title='bbox 2087 5183 2194 5222; x_wconf 88' lang='lat' dir='ltr'><strong>non</strong></span> <span class='ocrx_word' id='word_1_881' title='bbox 2223 5174 2473 5238; x_wconf 77' lang='lat' dir='ltr'><strong>poterant</strong></span> <span class='ocrx_word' id='word_1_882' title='bbox 2516 5165 2788 5235; x_wconf 89' lang='lat' dir='ltr'><strong>copulari,</strong></span> <span class='ocrx_word' id='word_1_883' title='bbox 2822 5165 2993 5234; x_wconf 80' lang='lat' dir='ltr'><strong>legem</strong></span> <span class='ocrx_word' id='word_1_884' title='bbox 3034 5163 3173 5218; x_wconf 86' lang='lat' dir='ltr'><strong>hanc</strong></span> <span class='ocrx_word' id='word_1_885' title='bbox 3207 5164 3275 5219; x_wconf 90' lang='lat' dir='ltr'><strong>ab</strong></span> <span class='ocrx_word' id='word_1_886' title='bbox 3307 5164 3397 5217; x_wconf 88' lang='lat' dir='ltr'><strong>illo</strong></span> <span class='ocrx_word' id='word_1_887' title='bbox 3445 5164 3609 5219; x_wconf 88' lang='lat' dir='ltr'><strong>fuisse</strong></span> 
     </span>
    </p>
   </div>
   <div class='ocr_carea' id='block_1_115' title="bbox 2001 5254 3608 5328">
    <p class='ocr_par' dir='ltr' id='par_1_115' title="bbox 2001 5254 3608 5328">
     <span class='ocr_line' id='line_1_115' title="bbox 2001 5254 3608 5328; baseline -0.003 -13"><span class='ocrx_word' id='word_1_888' title='bbox 2001 5261 2267 5316; x_wconf 88' lang='lat' dir='ltr'><strong>invectam</strong></span> <span class='ocrx_word' id='word_1_889' title='bbox 2290 5301 2305 5324; x_wconf 94' lang='lat'><strong>,</strong></span> <span class='ocrx_word' id='word_1_890' title='bbox 2333 5258 2457 5312; x_wconf 87' lang='lat' dir='ltr'><strong>andi</strong></span> <span class='ocrx_word' id='word_1_891' title='bbox 2479 5261 2587 5328; x_wconf 84' lang='lat' dir='ltr'><strong>quo</strong></span> <span class='ocrx_word' id='word_1_892' title='bbox 2610 5266 2765 5328; x_wconf 90' lang='lat' dir='ltr'><strong>pacto</strong></span> <span class='ocrx_word' id='word_1_893' title='bbox 2794 5254 3042 5311; x_wconf 88' lang='lat' dir='ltr'><strong>Christus</strong></span> <span class='ocrx_word' id='word_1_894' title='bbox 3071 5255 3175 5311; x_wconf 90' lang='lat' dir='ltr'><strong>hoc</strong></span> <span class='ocrx_word' id='word_1_895' title='bbox 3203 5256 3375 5326; x_wconf 91' lang='lat' dir='ltr'><strong>ipsum</strong></span> <span class='ocrx_word' id='word_1_896' title='bbox 3410 5256 3608 5326; x_wconf 63' lang='grc' dir='ltr'>ρι’ωεί-</span> 
     </span>
    </p>
   </div>
   <div class='ocr_carea' id='block_1_116' title="bbox 2000 5348 3614 5427">
    <p class='ocr_par' dir='ltr' id='par_1_116' title="bbox 2000 5348 3614 5427">
     <span class='ocr_line' id='line_1_116' title="bbox 2000 5348 3614 5427; baseline -0.003 -19"><span class='ocrx_word' id='word_1_897' title='bbox 2000 5356 2185 5427; x_wconf 87' lang='lat' dir='ltr'><strong>piens,</strong></span> <span class='ocrx_word' id='word_1_898' title='bbox 2238 5369 2343 5408; x_wconf 92' lang='lat' dir='ltr'><strong>non</strong></span> <span class='ocrx_word' id='word_1_899' title='bbox 2388 5353 2489 5407; x_wconf 89' lang='lat' dir='ltr'><strong>hoc</strong></span> <span class='ocrx_word' id='word_1_900' title='bbox 2540 5354 2715 5421; x_wconf 91' lang='lat' dir='ltr'><strong>ipsum</strong></span> <span class='ocrx_word' id='word_1_901' title='bbox 2766 5351 3046 5422; x_wconf 76' lang='lat' dir='ltr'><strong>prtemium</strong></span> <span class='ocrx_word' id='word_1_902' title='bbox 3093 5349 3473 5419; x_wconf 88' lang='lat' dir='ltr'><strong>proposuerit;</strong></span> <span class='ocrx_word' id='word_1_903' title='bbox 3514 5348 3614 5404; x_wconf 82' lang='lat' dir='ltr'><strong>sed</strong></span> 
     </span>
    </p>
   </div>
   <div class='ocr_carea' id='block_1_117' title="bbox 1999 5441 3620 5516">
    <p class='ocr_par' dir='ltr' id='par_1_117' title="bbox 1999 5441 3620 5516">
     <span class='ocr_line' id='line_1_117' title="bbox 1999 5441 3620 5516; baseline -0.004 -13"><span class='ocrx_word' id='word_1_904' title='bbox 1999 5463 2123 5503; x_wconf 93' lang='lat' dir='ltr'><strong>cum</strong></span> <span class='ocrx_word' id='word_1_905' title='bbox 2169 5446 2431 5501; x_wconf 76' lang='lat' dir='ltr'><strong>dixisset:</strong></span> <span class='ocrx_word' id='word_1_906' title='bbox 2467 5443 2675 5516; x_wconf 78' lang='lat' dir='ltr'><strong>Diligile</strong></span> <span class='ocrx_word' id='word_1_907' title='bbox 2714 5443 2947 5497; x_wconf 83' lang='lat' dir='ltr'><strong>inimicos</strong></span> <span class='ocrx_word' id='word_1_908' title='bbox 2980 5452 3191 5506; x_wconf 75' lang='lat' dir='ltr'><strong>vestros,</strong></span> <span class='ocrx_word' id='word_1_909' title='bbox 3227 5441 3505 5512; x_wconf 74' lang='lat' dir='ltr'><strong>benefacite</strong></span> <span class='ocrx_word' id='word_1_910' title='bbox 3534 5442 3620 5496; x_wconf 79' lang='lat' dir='ltr'><strong>Itis</strong></span> 
     </span>
    </p>
   </div>
   <div class='ocr_carea' id='block_1_118' title="bbox 2000 5536 3622 5614">
    <p class='ocr_par' dir='ltr' id='par_1_118' title="bbox 2000 5536 3622 5614">
     <span class='ocr_line' id='line_1_118' title="bbox 2000 5536 3622 5614; baseline -0.006 -17"><span class='ocrx_word' id='word_1_911' title='bbox 2000 5544 2087 5614; x_wconf 84' lang='lat' dir='ltr'><strong>qui</strong></span> <span class='ocrx_word' id='word_1_912' title='bbox 2107 5541 2322 5597; x_wconf 84' lang='lat' dir='ltr'><strong>oderunt</strong></span> <span class='ocrx_word' id='word_1_913' title='bbox 2349 5558 2432 5595; x_wconf 80' lang='lat' dir='ltr'><strong>vos</strong></span> <span class='ocrx_word' id='word_1_914' title='bbox 2460 5539 2477 5612; x_wconf 95' lang='lat'>(</span> <span class='ocrx_word' id='word_1_915' title='bbox 2504 5539 2690 5594; x_wconf 79' lang='lat' dir='ltr'><strong>Matth.</strong></span> <span class='ocrx_word' id='word_1_916' title='bbox 2720 5539 2775 5593; x_wconf 84' lang='lat'><strong>5.</strong></span> <span class='ocrx_word' id='word_1_917' title='bbox 2811 5538 2929 5609; x_wconf 74' lang='grc' dir='ltr'><strong>Η),</strong></span> <span class='ocrx_word' id='word_1_918' title='bbox 2963 5537 3066 5593; x_wconf 88' lang='lat' dir='ltr'><strong>hoc</strong></span> <span class='ocrx_word' id='word_1_919' title='bbox 3091 5546 3195 5604; x_wconf 89' lang='lat' dir='ltr'><strong>est,</strong></span> <span class='ocrx_word' id='word_1_920' title='bbox 3224 5536 3399 5592; x_wconf 85' lang='lat' dir='ltr'><strong>cibate</strong></span> <span class='ocrx_word' id='word_1_921' title='bbox 3425 5551 3488 5591; x_wconf 90' lang='lat' dir='ltr'><strong>ac</strong></span> <span class='ocrx_word' id='word_1_922' title='bbox 3520 5550 3622 5606; x_wconf 89' lang='lat' dir='ltr'><strong>po-</strong></span> 
     </span>
    </p>
   </div>
   <div class='ocr_carea' id='block_1_119' title="bbox 2004 5628 3619 5703">
    <p class='ocr_par' dir='ltr' id='par_1_119' title="bbox 2004 5628 3619 5703">
     <span class='ocr_line' id='line_1_119' title="bbox 2004 5628 3619 5703; baseline -0.006 -13"><span class='ocrx_word' id='word_1_923' title='bbox 2004 5644 2114 5691; x_wconf 90' lang='lat' dir='ltr'><strong>tum</strong></span> <span class='ocrx_word' id='word_1_924' title='bbox 2142 5634 2287 5700; x_wconf 86' lang='lat' dir='ltr'><strong>date,</strong></span> <span class='ocrx_word' id='word_1_925' title='bbox 2313 5649 2419 5689; x_wconf 91' lang='lat' dir='ltr'><strong>non</strong></span> <span class='ocrx_word' id='word_1_926' title='bbox 2440 5631 2695 5703; x_wconf 86' lang='lat' dir='ltr'><strong>adjecerit</strong></span> <span class='ocrx_word' id='word_1_927' title='bbox 2721 5649 2732 5684; x_wconf 93' lang='lat'>:</span> <span class='ocrx_word' id='word_1_928' title='bbox 2761 5631 2874 5686; x_wconf 81' lang='lat' dir='ltr'><strong>Hoc</strong></span> <span class='ocrx_word' id='word_1_929' title='bbox 2902 5629 3045 5686; x_wconf 89' lang='lat' dir='ltr'><strong>enim</strong></span> <span class='ocrx_word' id='word_1_930' title='bbox 3072 5628 3328 5685; x_wconf 87' lang='lat' dir='ltr'><strong>facientes</strong></span> <span class='ocrx_word' id='word_1_931' title='bbox 3351 5628 3619 5681; x_wconf 85' lang='lat' dir='ltr'><strong>carbones</strong></span> 
     </span>
    </p>
   </div>
   <div class='ocr_carea' id='block_1_120' title="bbox 2005 5717 3623 5799">
    <p class='ocr_par' dir='ltr' id='par_1_120' title="bbox 2005 5717 3623 5799">
     <span class='ocr_line' id='line_1_120' title="bbox 2005 5717 3623 5799; baseline -0.007 -19"><span class='ocrx_word' id='word_1_932' title='bbox 2005 5729 2142 5799; x_wconf 88' lang='lat' dir='ltr'><strong>ignis</strong></span> <span class='ocrx_word' id='word_1_933' title='bbox 2172 5726 2475 5798; x_wconf 68' lang='lat' dir='ltr'><strong>conger-nis</strong></span> <span class='ocrx_word' id='word_1_934' title='bbox 2518 5740 2678 5794; x_wconf 82' lang='lat' dir='ltr'><strong>super</strong></span> <span class='ocrx_word' id='word_1_935' title='bbox 2718 5724 2893 5793; x_wconf 85' lang='lat' dir='ltr'><strong>capita</strong></span> <span class='ocrx_word' id='word_1_936' title='bbox 2924 5722 3172 5786; x_wconf 90' lang='lat' dir='ltr'><strong>illorum;</strong></span> <span class='ocrx_word' id='word_1_937' title='bbox 3213 5720 3307 5776; x_wconf 88' lang='lat' dir='ltr'><strong>sed</strong></span> <span class='ocrx_word' id='word_1_938' title='bbox 3350 5720 3512 5789; x_wconf 75' lang='lat' dir='ltr'><strong>quid?</strong></span> <span class='ocrx_word' id='word_1_939' title='bbox 3562 5717 3623 5799; x_wconf 63' lang='grc' dir='ltr'><strong>ζέε</strong></span> 
     </span>
    </p>
   </div>
   <div class='ocr_carea' id='block_1_121' title="bbox 2006 5796 3622 5888">
    <p class='ocr_par' dir='ltr' id='par_1_121' title="bbox 2006 5796 3622 5888">
     <span class='ocr_line' id='line_1_121' title="bbox 2006 5796 3622 5888; baseline -0.005 -14"><span class='ocrx_word' id='word_1_940' title='bbox 2006 5796 2194 5874; x_wconf 68' lang='lat' dir='ltr'><strong>similes</strong></span> <span class='ocrx_word' id='word_1_941' title='bbox 2225 5796 2359 5888; x_wconf 62' lang='lat' dir='ltr'><strong>[ictis</strong></span> <span class='ocrx_word' id='word_1_942' title='bbox 2391 5818 2535 5874; x_wconf 79' lang='lat' dir='ltr'><strong>Patri</strong></span> <span class='ocrx_word' id='word_1_943' title='bbox 2568 5829 2749 5886; x_wconf 72' lang='lat' dir='ltr'><strong>vestro,</strong></span> <span class='ocrx_word' id='word_1_944' title='bbox 2780 5819 2863 5883; x_wconf 82' lang='lat' dir='ltr'><strong>qni</strong></span> <span class='ocrx_word' id='word_1_945' title='bbox 2897 5819 2947 5871; x_wconf 85' lang='lat' dir='ltr'><strong>in</strong></span> <span class='ocrx_word' id='word_1_946' title='bbox 2978 5817 3113 5872; x_wconf 79' lang='lat' dir='ltr'><strong>ca&#39;lis</strong></span> <span class='ocrx_word' id='word_1_947' title='bbox 3140 5822 3229 5871; x_wconf 79' lang='lat' dir='ltr'><strong>cst.</strong></span> <span class='ocrx_word' id='word_1_948' title='bbox 3283 5812 3494 5868; x_wconf 83' lang='lat' dir='ltr'><strong>Merito.</strong></span> <span class='ocrx_word' id='word_1_949' title='bbox 3527 5796 3622 5866; x_wconf 48' lang='lat' dir='ltr'><strong>P&#39;c&#39;</strong></span> 
     </span>
    </p>
   </div>
  </div>
