4212 6290
640 329 743 385 £83

636 453 775 496 trum
802 439 967 506 enim,
998 440 1251 497 Jacobum
1272 448 1325 495 et
1343 439 1603 498 leanncm
1629 457 1693 499 ac
1719 442 1978 513 reliquum
2003 451 2219 510 aposto-

636 531 811 586 lorum
842 543 1040 587 caatmn
1056 527 1422 600 allbquebatur
1450 550 1465 586 :
1499 524 1778 603 propterea
1800 532 2075 602 praemium
2098 530 2226 586 illud

638 624 932 693 proposuit.
960 620 1128 689 Quod
1174 620 1218 676 si
1249 621 1400 678 dicas
1429 622 1529 679 hac
1559 637 1770 694 quoque
1816 624 2025 677 ratione
2064 636 2227 691 grave

636 728 758 768 esse
781 721 1126 783 prmceptum,
1150 712 1408 782 majorem
1431 723 1485 768 tu
1508 714 1721 784 quidem
1749 713 1901 767 nobis
1920 711 2229 782 suppeditas

632 802 1004 859 defensionem
1048 818 1145 873 pro
1190 802 1375 866 Paulo,
1398 812 1455 859 te
1488 817 1615 857 vero
1641 816 1857 871 prorsus
1884 802 2029 856 omni
2073 800 2227 856 venia

600 906 603 909 λ
638 890 837 963 privas.
859 892 998 963 Quid
1042 894 1151 948 ita?
1177 894 1327 963 Quod
1353 894 1602 948 nimirum
1626 893 1729 948 hoc
1754 891 1899 963 quod
1929 907 2048 947 esse
2067 906 2229 961 grave

637 981 867 1049 videtur,
897 983 949 1037 in
974 982 1155 1039 Veteri
1179 983 1521 1039 Testamento
1544 983 1635 1037 tibi
1664 982 1940 1055 ostendam
1966 996 2088 1037 esse
2106 996 2230 1050 per-

639 1074 879 1142 fectum,
932 1090 1041 1146 quo
1096 1083 1334 1144 tempore
1386 1075 1620 1131 nondum
1671 1084 1830 1130 tantae
1880 1074 2229 1145 philosophiae

636 1168 915 1237 specimen
958 1167 1157 1224 editum
1202 1166 1391 1222 fuerat.
1433 1168 1716 1238 Promerea
1763 1181 1993 1237 namque
2036 1166 2230 1221 Paulus

637 1260 801 1314 etiam
836 1274 943 1315 non
970 1260 1083 1316 suis
1118 1260 1294 1314 verbis
1324 1260 1496 1330 legem
1540 1261 1869 1325 introduxit,
1903 1260 1996 1313 sed
2040 1258 2226 1313 iisdem

638 1351 772 1419 ipsis
815 1351 996 1409 verbis
1037 1367 1165 1406 usus
1212 1360 1313 1416 est,
1347 1353 1540 1423 quibus
1584 1353 1701 1417 ille,
1751 1353 1839 1422 qui
1889 1368 1919 1406 a
1968 1352 2231 1422 principio

642 1441 809 1508 ipsam
840 1456 872 1496 a
891 1456 951 1496 so
978 1441 1140 1497 latam
1169 1441 1389 1509 invexit,
1421 1452 1477 1497 ut
1503 1430 1679 1496 nullus
1704 1443 1873 1497 venite
1894 1442 2044 1497 locus
2069 1442 2233 1497 relin-

637 1540 895 1599 queretur
918 1531 1003 1595 iis,
1035 1533 1125 1601 qui
1166 1548 1273 1588 non
1299 1533 1440 1587 illam
1469 1533 1871 1589 observassent.
1901 1532 2029 1587 lllnd
2061 1534 2227 1600 enim,

641 1625 703 1677 Si
728 1625 957 1679 esurierit
984 1625 1217 1681 inimicus
1245 1636 1384 1693 tuus,
1406 1626 1516 1681 ciba
1538 1626 1683 1680 illuni
1701 1642 1721 1691 ;
1740 1626 1784 1681 si
1809 1626 1933 1691 sitit,
1962 1634 2137 1695 potum
2163 1626 2232 1679 da

639 1716 752 1779 illi,
784 1732 889 1770 non
938 1717 1084 1771 Pauli
1128 1719 1358 1788 primum
1398 1728 1482 1774 est
1522 1718 1753 1787 dictum,
1785 1720 1879 1775 sed
1928 1718 2233 1774 Salomonis

644 1806 827 1874 (Prov.
846 1807 1041 1864 25.2l.
1062 1809 1468 1880 22).Propterea
1495 1811 1653 1867 verba
1684 1811 1875 1882 posuit,
1905 1821 1963 1865 ut
2003 1810 2233 1865 auditori

639 1894 1016 1968 mrsuademt,
1066 1902 1432 1971 turpissimum
1485 1916 1605 1959 esse
1632 1912 1865 1959 veterem
1918 1905 2122 1973 legem,
2179 1911 2235 1956 et

637 2004 799 2058 quam
827 1990 1030 2061 antiqui
1058 1990 1366 2062 frequenter
1387 1993 1827 2062 adimpleverunt,
1854 2008 1973 2063 quae
2000 2008 2139 2047 nunc
2165 1992 2232 2047 ad

640 2088 841 2135 tantam
867 2090 1049 2136 evecta
1077 2091 1158 2136 est
1189 2081 1602 2151 philosophiam,
1629 2098 1844 2153 gravem
1872 2094 1927 2139 et
1950 2083 2231 2138 molestam

640 2171 834 2239 putari.
880 2170 945 2225 Et
973 2172 1093 2242 quis
1143 2173 1286 2227 illam
1332 2188 1399 2227 ex
1445 2174 1677 2243 antiquis
1718 2174 2047 2243 adimplevit,
2093 2174 2235 2230 dicet

640 2259 871 2335 aliquis?
892 2262 1038 2318 Multi
1066 2278 1195 2320 sane
1219 2263 1329 2329 alii,
1358 2263 1450 2317 sed
1474 2263 1638 2320 David
1662 2266 1956 2335 prmsertim
1976 2264 2232 2335 majorem

644 2354 695 2408 in
728 2354 965 2409 modum.
994 2353 1107 2409 Non
1132 2355 1274 2411 enim
1304 2355 1505 2410 cibavit'
1520 2356 1814 2419 inimicum,
1849 2371 2020 2425 neque
2051 2368 2231 2425 potum

639 2444 790 2498 dedit
816 2446 865 2499 ei
914 2454 1143 2511 tantum,
1183 2446 1278 2502 sed
1323 2446 1485 2501 etiam
1532 2447 1919 2517 periclitantem
1966 2448 2161 2517 stcpiu‘s
2202 2462 2233 2502 a

645 2545 817 2591 morte
846 2535 1110 2603 liberavit,
1138 2544 1193 2593 et
1216 2552 1335 2591 cum
1358 2546 1540 2608 posset
1566 2538 1740 2608 ip~um
1770 2538 2036 2604 occidere,
2068 2540 2234 2594 semel

639 2638 689 2683 et
721 2629 800 2683 bis
828 2637 882 2684 et
928 2631 1124 2699 smpius
1168 2631 1425 2700 pepercit.
1472 2633 1549 2687 Ac
1586 2630 1716 2687 Saitl
1740 2629 1955 2701 quidem
1998 2632 2077 2685 sic
2112 2647 2234 2686 eum

639 2718 831 2774 oderat
858 2727 913 2774 et
948 2721 1296 2776 aversabatur
1328 2732 1449 2791 post
1490 2722 1768 2778 innumera
1795 2722 2073 2785 beneficia,
2116 2731 2237 2790 post

644 2820 842 2879 tropzea
876 2812 1148 2880 prxclara,
1174 2820 1229 2867 et
1271 2823 1475 2883 partam
1500 2813 1758 2869 adversus
1788 2814 1997 2870 Golith
2038 2816 2234 2884 populo

642 2900 891 2967 salutem,
924 2910 1067 2956 utne
1086 2901 1318 2958 nominis
1340 2902 1557 2972 quidem
1582 2904 1748 2974 ipsius
1772 2905 2095 2957 mentionem
2121 2902 2233 2957 fieri

640 2993 956 3058 sustineret,
982 2992 1076 3050 scd
1113 2994 1285 3063 ipsum
1328 3010 1359 3050 a
1391 3006 1540 3065 patre
1567 2994 1892 3066 designaret.
1926 2994 2059 3049 Cum
2091 2995 2233 3049 enim

641 3084 953 3140 solemnitas
977 3085 1301 3151 advenisset,
1343 3088 1594 3157 quoniam
1618 3101 1741 3141 cum
1780 3085 1935 3141 dolos
1980 3086 2238 3141 texuisset

640 3176 849 3247 aliquos
888 3186 945 3231 et
983 3192 1174 3246 graves
1219 3177 1438 3231 insidias
1487 3178 1541 3232 in
1570 3192 1693 3233 eum
1737 3178 2038 3242 struxisset,
2086 3178 2235 3231 illum

644 3267 854 3320 venisse
874 3279 979 3319 non
1006 3266 1239 3331 videbat,
1266 3265 1363 3321 Ubi
1387 3277 1481 3335 est,
1504 3268 1693 3337 inquit,
1718 3269 1856 3337 ﬁlius
1870 3266 2014 3322 Iesse
2033 3269 2051 3337 (
2064 3269 2079 3322 Ι
2105 3266 2232 3339 Reg.

642 3354 733 3410 20.
773 3354 1087 3426 27)?lllum
1136 3355 1351 3426 quidem
1402 3372 1431 3410 a
1492 3367 1640 3427 patre
1685 3357 2017 3427 designabat,
2077 3358 2235 3413 simul

645 3446 860 3515 quidem
904 3460 1009 3501 non
1050 3447 1323 3501 sustinens
1351 3452 1467 3516 ejus
1501 3448 1731 3503 nominis
1770 3465 1879 3519 prae
1907 3449 2030 3505 odio
2070 3449 2235 3504 nimio

646 3536 977 3604 meminisse,
1008 3537 1165 3591 simul
1197 3552 1324 3593 vero
1356 3538 1670 3593 existimans
1698 3540 2027 3609 ignobilitate
2068 3543 2234 3609 patris

645 3642 802 3695 posse
825 3628 953 3697 justi
1001 3628 1293 3684 claritatem
1332 3630 1629 3698 obscurari,
1660 3647 1779 3701 qua:
1818 3632 1998 3701 opinio
2039 3634 2233 3689 misera

644 3717 800 3786 plane
820 3718 915 3772 fuit
938 3727 991 3773 et
1020 3718 1232 3786 infelix;
1260 3722 1554 3789 praesertim
1576 3736 1697 3777 cum
1724 3722 1855 3777 nihil
1886 3724 1987 3779 hoc
2011 3724 2235 3781 deberet

643 3825 835 3866 nocere
864 3809 1067 3878 Davidi,
1093 3813 1336 3882 quamvis
1357 3812 1573 3884 aliquod
1601 3815 1808 3885 parenti
1836 3816 2039 3870 crimen
2070 3816 2231 3886 ohjici

643 3909 839 3968 posscl.
870 3899 1067 3955 Rerum
1096 3903 1238 3956 enim
1266 3918 1295 3956 a
1324 3917 1384 3957 se
1408 3914 1677 3973 gestarum
1707 3904 1971 3961 rationem
2004 3906 2231 3963 l‘Cddt'l‘O

641 3989 802 4045 debet
830 3992 1215 4063 unusquisque,
1234 4002 1393 4064 atque
1416 4010 1481 4049 ex
1509 3995 1615 4050 illis
1642 3997 1725 4053 vel
1756 3996 1963 4052 laudem
1987 4040 2001 4063 ,
2032 3998 2115 4053 vel
2150 4000 2231 4054 vi—

643 4084 907 4154 tupcrium
934 4097 1190 4143 moretur.
1221 4085 1340 4143 lam
1369 4102 1496 4143 vero
1516 4102 1637 4143 cum
1666 4090 1867 4143 nullum
1901 4091 2075 4147 scelus
2106 4107 2232 4161 pns-

637 4183 721 4229 set
749 4175 1013 4245 objicere,
1055 4178 1265 4245 generis
1307 4178 1689 4248 ignobilitatem
1731 4178 1783 4233 in
1830 4180 2063 4235 medium
2107 4196 2232 4251 pro-

640 4264 793 4317 tulit:
824 4273 879 4318 et
905 4266 1002 4318 hac
1030 4266 1237 4321 ratione
1261 4267 1494 4335 speravit
1518 4282 1577 4323 se
1607 4284 1765 4337 posse
1790 4270 2091 4325 claritatem
2114 4272 2233 4341 ejus

642 4351 948 4419 obscurare,
980 4357 1123 4424 quod
1150 4364 1409 4411 extrema:
1440 4355 1535 4411 fuit
1560 4357 1862 4414 dementim.
1905 4361 2055 4427 Quod
2089 4364 2230 4419 enim

638 4443 841 4498 crimen
866 4454 949 4499 est
976 4459 1039 4500 ex
1070 4445 1258 4501 vilibus
1295 4456 1347 4501 et
1380 4447 1665 4503 humilibus
1690 4460 1863 4504 ortum
1893 4467 2011 4508 esse
2038 4470 2232 4509 naren-

639 4530 821 4588 tibusr?
873 4535 943 4589 At
996 4535 1087 4590 ille
1142 4544 1341 4591 tantam
1389 4536 1778 4609 philosophiam
1833 4556 1937 4595 nou
1982 4544 2228 4599 callebat.

638 4624 765 4681 Saul
809 4625 969 4696 igitur
1008 4642 1131 4683 eum
1177 4627 1329 4684 Jesse
1356 4631 1523 4685 filium
1550 4632 1803 4698 vocabat;
1850 4633 2013 4689 David
2052 4646 2231 4690 autem

636 4733 759 4773 cum
788 4719 935 4774 illum
964 4720 1106 4776 intus
1134 4721 1185 4776 in
1216 4722 1466 4793 spelunca
1500 4723 1852 4783 dormientem
1884 4728 2227 4797 offendisset,

639 4826 745 4866 non
773 4828 895 4867 eum
927 4813 1111 4871 lilium
1137 4815 1246 4880 Cis,
1297 4817 1393 4872 sed
1418 4817 1694 4889 dignitatis
1733 4822 1949 4877 nomine
1990 4824 2223 4879 vocavit:

640 4901 763 4957 Non
793 4906 927 4959 enim
954 4908 1181 4979 injiciam
1221 4926 1428 4964 utansm
1468 4928 1651 4979 meam,
1681 4914 1869 4984 inquit,
1900 4917 1951 4969 in
1989 4916 2231 4971 christum

642 4993 849 5049 Domini
879 4998 954 5067 (ι.
982 4998 1091 5069 Reg
1133 5000 1223 5055 26.
1250 5001 1356 5072 ll).
1387 5000 1477 5059 Sic
1501 5002 1569 5058 ab
1590 5002 1665 5057 ira
1689 5005 1917 5059 mundus
1940 5015 2058 5061 erat
2083 5014 2135 5062 et
2162 5007 2232 5062 ab

639 5083 956 5153 iniuriarum
997 5087 1139 5142 omni
1182 5092 1476 5147 memoria:
1508 5092 1769 5148 christum
1815 5094 2023 5150 Domini
2074 5108 2229 5153 vocat

637 5190 781 5241 eum,
813 5192 842 5230 a
871 5194 975 5247 quo
1008 5188 1086 5235 tot
1112 5180 1333 5238 affectus
1377 5194 1493 5239 erat
1524 5185 1756 5256 injuriis,
1798 5188 1886 5258 qui
1917 5192 2226 5260 sanguinem

634 5265 751 5329 ejus
794 5268 1027 5336 sitiebat,
1070 5280 1124 5326 et
1173 5282 1290 5340 post
1336 5274 1611 5331 innumera
1659 5277 1918 5334 beneﬁcia
1958 5282 2229 5339 multotics

636 5359 785 5411 Illum
818 5374 1099 5429 aggressus
1126 5372 1207 5418 est
1247 5366 1575 5423 interimere.
1606 5367 1723 5425 Non
1748 5370 1888 5425 enim
1930 5373 2223 5442 spectabat,

635 5451 763 5521 quid
813 5453 903 5506 illo
950 5466 1056 5522 pan
1101 5460 1537 5526 commeruisset;
1591 5462 1686 5516 scd
1740 5465 2041 5531 spectabat,
2102 5468 2226 5537 quid

636 5546 807 5610 ipsum
854 5545 1029 5601 facere
1062 5549 1145 5605 vel
1193 5548 1373 5606 dicere
1420 5556 1765 5619 conveniret,
1814 5557 1899 5626 qui
1946 5573 2227 5627 supremus

637 5634 791 5689 limes
826 5646 908 5691 est
946 5638 1316 5712 philosopbite.
1345 5643 1619 5712 Quodnam
1651 5647 1775 5701 illud
1808 5648 2061 5703 tandem?
2088 5661 2224 5705 tam-

636 5740 794 5796 quam
839 5729 888 5783 iu
934 5745 1148 5789 carcere
1195 5742 1383 5791 tenens
1435 5737 1703 5794 inimicum
1750 5737 1943 5808 duplici
1992 5742 2221 5797 vinetum

1346 327 1403 385 S.
1441 327 1725 387 JOANNIS
1762 322 2241 388 CIIRYSOSTOMI
2273 322 2598 389 ARQHIEP.
2626 326 3162 387 CONSTANTINOP.

3831 330 3942 388 «δι

2337 438 2598 510 compede
2623 441 2707 497 vel
2732 441 2922 512 triplici
2954 444 3148 512 petitis,
3180 450 3233 499 et
3263 442 3522 513 angustiis
3547 442 3672 510 loci,
3703 451 3758 498 et
3775 443 3938 497 auxi—

2335 530 2583 587 liatorum
2611 532 2811 603 inepia,
2847 543 2903 590 et
2933 536 3107 590 somni
3153 530 3497 605 necessitate,
3524 551 3631 591 non
3666 537 3834 609 exigis
3860 538 3941 595 ab

2337 620 2428 676 illo
2448 635 2636 692 pennas
2676 639 2775 680 nec
2801 624 3159 695 supplicium?
3188 625 3557 697 Nequaquam,
3582 625 3772 697 inquit.
3812 627 3936 683 Non

2333 711 2477 765 enim
2518 712 2647 782 quid
2698 714 2787 769 ille
2841 716 2949 786 pati
2978 725 3249 773 mereatur
3290 734 3432 773 nunc
3477 719 3781 786 considero,
3834 720 3938 775 sed

2333 800 2461 867 quid
2486 801 2676 858 fecisse
2704 819 2791 860 me
2814 804 3087 862 decuerat.
3115 806 3230 862 Non
3260 808 3581 877 respiciebat
3605 809 3767 864 cedis
3797 808 3938 863 faci-

2335 892 2557 961 litatem,
2586 894 2683 950 sed
2702 898 3075 953 convenientis
3091 899 3190 953 sibi
3212 899 3565 969 philosophiae
3590 902 3936 956 sanctitatem

2336 982 2673 1051 respiciebat.
2704 984 2939 1041 Tametsi
2991 988 3117 1057 quid
3166 1004 3351 1043 eorum
3392 1005 3511 1059 qua:
3541 998 3670 1046 tunc
3707 992 3942 1047 aderant

2337 1088 2441 1128 non
2484 1074 2732 1131 idoneum
2762 1086 2878 1134 erat
2905 1079 2970 1133 ad
3001 1081 3148 1135 illum
3180 1081 3246 1135 ad
3277 1080 3481 1136 ctcdem
3510 1083 3893 1153 impellendum
3912 1085 3942 1138 Ὶ

2335 1163 2487 1231 Quod
2531 1167 2742 1223 vinctus
2782 1170 2833 1223 ei
2874 1170 3099 1225 traditus
3135 1180 3249 1226 erat
3274 1171 3564 1228 inimicus?
3596 1173 3757 1229 Scitis
3785 1174 3935 1229 enim

2340 1254 2441 1311 hoc
2462 1258 2736 1327 nimirum,
2758 1277 2855 1317 nos
2886 1262 2950 1315 ad
2979 1278 3041 1319 ea
3074 1264 3415 1335 exsequenda
3438 1266 3741 1334 promptius
3768 1265 3944 1321 advo-

2336 1348 2469 1413 lare,
2520 1366 2639 1421 qua:
2691 1354 2958 1409 facilitatis
3012 1356 3169 1424 plena
3214 1366 3360 1420 sunt,
3414 1366 3469 1412 et
3520 1358 3761 1428 prosperi
3814 1372 3949 1428 spes

2335 1455 2617 1497 successus
2643 1442 2830 1509 eflicit,
2883 1454 2942 1500 ut
2964 1445 3031 1499 ad
3070 1460 3183 1500 rem
3213 1446 3473 1515 agendam
3504 1447 3694 1517 majori
3728 1446 3943 1517 cupidi-

2336 1540 2445 1588 tate
2473 1533 2902 1599 exardeseamus,
2930 1534 3074 1606 quod
3101 1545 3156 1590 et
3186 1535 3238 1591 in
3271 1536 3366 1591 illo
3397 1546 3508 1591 tum
3539 1538 3757 1593 accidit.

2407 1623 2514 1677 Cur
2536 1623 2700 1678 Sosila
2722 1626 3000 1695 pepercerit
3018 1624 3202 1680 Dauid.
3231 1624 3447 1681 Desidia
3473 1637 3661 1694 quanta
3685 1628 3938 1681 virttis.—

2335 1712 2602 1783 Nutuquid
2630 1725 2739 1769 tum
2766 1718 3035 1771 exercitus
3062 1716 3169 1772 dux
3211 1717 3527 1773 consulebat
3554 1727 3610 1773 et
3638 1718 3945 1774 incitabat?

2339 1805 2592 1875 numquid
2623 1807 3014 1875 praeteritarum
3045 1822 3224 1863 rerum
3253 1808 3552 1862 memoria?
3580 1807 3686 1863 Sed
3718 1808 3947 1863 nihilad

2338 1895 2537 1951 eadem
2570 1896 2714 1950 illum
2743 1898 2981 1966 impulit;
3013 1900 3121 1954 imo
3148 1899 3263 1970 ipsa
3298 1898 3463 1955 ctcdis
3490 1897 3718 1953 facilitas
3743 1914 3937 1954 avoca-

2340 1985 2459 2040 vit:
2513 1986 2757 2043 veniebat
2801 1989 2946 2045 euim
3004 1990 3078 2045 illi
3136 1992 3190 2045 in
3249 2000 3486 2046 utentem
3540 1989 3743 2045 ideirco
3774 1991 3945 2046 Deum

2340 2077 2487 2132 illutn
2517 2076 2799 2133 tradidisse
2823 2120 2838 2144 ,
2882 2088 2941 2134 ut
2984 2080 3246 2149 majorem
3279 2080 3353 2133 illi
3383 2078 3739 2148 philosoiihiaa
3768 2091 3943 2135 mate-

2341 2169 2471 2221 riam
2518 2178 2572 2223 et
2616 2170 2954 2224 occasionem
3000 2170 3280 2240 prmbcret.
3315 2172 3393 2225 Ac
3423 2185 3517 2224 vos
3541 2169 3759 2240 quidem
3793 2169 3944 2224 illum

2341 2258 2565 2315 fortasse
2610 2260 2899 2326 miramini,
2945 2263 3086 2332 quod
3134 2262 3331 2318 nullius
3360 2277 3424 2317 ex
3456 2263 3747 2331 praeteritis
3791 2262 3948 2317 malis

2339 2350 2651 2407 recordatus
2697 2352 2804 2407 sit:
2835 2368 2936 2423 ego
2977 2367 3103 2408 vero
3150 2363 3368 2423 propter
3395 2352 3537 2408 aliud
3567 2354 3736 2408 multo
3772 2353 3945 2423 majus

2342 2442 2516 2511 ipsum
2547 2445 2889 2513 obstupeseo.
2920 2444 3057 2510 Quid
3088 2444 3217 2499 illud
3244 2445 3321 2500 rei
3350 2445 3470 2499 est?
3500 2442 3653 2512 Quod
3680 2459 3783 2499 nec
3805 2445 3947 2498 futu-

2342 2549 2522 2587 rorum
2558 2534 2771 2603 quidem
2817 2543 2995 2589 metus
3038 2549 3159 2589 eum
3200 2534 3269 2589 ad
3320 2534 3593 2588 inimicum
3641 2533 3945 2589 necandum

2342 2623 2630 2691 impulerit.
2678 2624 2886 2694 Quippe
2934 2625 3022 2693 qui
3054 2624 3221 2694 probe
3269 2634 3490 2680 noverat
3516 2640 3639 2679 eum
3680 2623 3848 2680 semel
3878 2640 3945 2679 ex

2340 2714 2508 2783 ipsius
2533 2716 2779 2771 manibus
2819 2716 3084 2785 elapsum,
3126 2732 3312 2772 rursus
3339 2718 3413 2771 illi
3453 2724 3782 2771 strttcturum
3813 2717 3947 2771 insi-

2337 2805 2458 2861 dias
2488 2825 2502 2861 :
2532 2807 2625 2861 sed
2672 2809 2855 2862 maluit
2898 2808 3264 2863 adversarium
3310 2809 3534 2863 liberum
3579 2808 3854 2863 dimittere
3884 2823 3949 2864 ac

2342 2897 2634 2967 periculum
2684 2900 2885 2963 subire,
2929 2916 3112 2970 quam,
3163 2911 3221 2956 ut
3262 2900 3452 2955 salutis
3504 2915 3615 2955 suae
3670 2901 3945 2955 securitati

2339 2990 2665 3057 consuleret,
2700 2990 2905 3046 hostem
2939 3006 3150 3048 necare.
3192 2991 3330 3060 Quid
3351 3006 3480 3047 cum
3501 3008 3697 3062 magno
3725 2992 3817 3046 illo
3846 3006 3946 3062 ge-

2342 3094 2641 3149 neresoque
2684 3080 2865 3135 animo
2907 3079 3139 3137 conferri
3188 3083 3377 3152 possit,
3419 3084 3533 3153 qui,
3579 3097 3699 3138 cum
3729 3082 3944 3136 oculum

2340 3172 2499 3228 effodi
2545 3173 2629 3228 lex
2662 3188 2757 3243 pro
2800 3176 2958 3229 oculo
2995 3176 3199 3245 jubeat,
3228 3185 3281 3229 et
3309 3173 3531 3229 dentem
3552 3174 3860 3249 prodente,
3884 3189 3947 3229 ac

2342 3277 2438 3331 par
2466 3264 2577 3332 pari
2618 3265 2805 3320 referri
2834 3264 3009 3334 (Deut.
3041 3265 3129 3321 l9.
3158 3266 3272 3334 2i),
3305 3282 3411 3320 non
3443 3266 3604 3322 modo
3654 3265 3705 3321 id
3733 3259 3946 3320 non'fe-

2339 3354 2432 3419 cit,
2461 3353 2555 3409 sed
2580 3364 2635 3410 ct
2659 3356 2825 3409 multo
2855 3357 3110 3427 majorem
3141 3356 3536 3428 philosOphiam
3572 3372 3680 3426 pra:
3707 3372 3767 3412 se
3796 3356 3944 3412 tulit!

2339 3444 2672 3516 Quamquam
2719 3448 2904 3502 situm
2949 3447 3166 3503 Saulem
3214 3456 3481 3512 necasset,
3523 3448 3601 3502 sic
3625 3462 3839 3517 quoque
3871 3448 3947 3503 illi

2341 3536 2692 3607 philosophim
2736 3539 2848 3593 laus
2896 3539 3057 3593 illaesa
3112 3539 3421 3606 mansisset,
3473 3554 3578 3593 non
3611 3538 3772 3593 modo
3800 3536 3948 3609 quod

2341 3627 2480 3681 ultus
2506 3618 2669 3695 esset,
2706 3643 2825 3681 rum
2865 3644 2963 3685 nec
3009 3628 3124 3699 ipse
3170 3629 3315 3699 prior
3356 3629 3730 3698 percussisset,
3758 3645 3949 3686 verum

2339 3716 2498 3769 etiam
2553 3717 2693 3787 quod
2749 3716 2949 3773 dictum
3002 3718 3151 3785 illud,
3207 3718 3424 3773 Oculum
3454 3734 3547 3788 pro
3584 3719 3751 3783 oculo,
3786 3719 3951 3791 longe

2339 3810 2529 3878 majori
2578 3810 2836 3865 modestia
2886 3811 3123 3866 vicisset.
3166 3811 3284 3867 Non
3340 3812 3483 3867 enim
3518 3826 3615 3881 pro
3660 3827 3763 3866 una
3795 3812 3949 3868 caede

2339 3915 2498 3954 unam
2530 3901 2883 3971 rependisset,
2915 3901 3007 3957 sed
3034 3917 3129 3973 pro
3156 3901 3340 3957 multis
3368 3901 3650 3967 mortibus,
3680 3917 3815 3971 quas
3855 3901 3949 3958 ille

2340 3992 2611 4056 intulerat,
2662 3994 2787 4047 dum
2834 4008 2939 4048 non
2982 3995 3176 4059 semel,
3219 4008 3329 4047 non
3380 3993 3481 4056 bis,
3530 3993 3625 4048 sed
3671 3994 3949 4048 multoties

2341 4083 2513 4152 ipsum
2542 4084 2792 4139 occidere
2834 4094 3059 4140 conatus
3082 4094 3218 4151 erat,
3250 4099 3359 4139 una
3378 4103 3409 4135 n
3444 4083 3686 4138 illaturus
3712 4093 3947 4139 mortem

2340 4172 2524 4229 fuisset
2553 4191 2566 4228 :
2602 4174 2708 4228 imo
2738 4191 2865 4230 vero
2894 4190 2998 4231 non
3028 4176 3224 4231 idcirco
3247 4184 3471 4239 tantum,
3496 4174 3591 4229 sed
3616 4175 3776 4229 etiam
3804 4175 3948 4244 quod

2339 4274 2485 4320 metu
2528 4265 2691 4321 futuri
2720 4267 2943 4322 adactus
2972 4270 3036 4323 ad
3065 4268 3322 4323 ultionem
3370 4268 3807 4337 progrederetur,
3836 4266 3943 4322 hoc

2339 4370 2551 4427 quoque
2599 4370 2794 4426 prmter
2839 4374 2922 4422 ea,
2954 4374 3075 4429 quzc
3099 4359 3239 4414 dicta
3268 4368 3417 4423 sunt,
3448 4357 3709 4430 integram
3752 4358 3823 4413 illi
3856 4367 3943 4413 to-

2338 4446 2577 4501 lerantia:
2606 4463 2860 4505 coronam
2891 4452 3140 4521 acquirit.
3170 4451 3268 4520 Qui
3298 4451 3442 4506 enim
3487 4460 3707 4521 propter
3727 4465 3790 4507 ea
3820 4467 3942 4521 qua:

2337 4538 2666 4608 acciderant,
2714 4543 2764 4595 in
2808 4559 2929 4597 eum
2976 4544 3142 4599 iratus
3171 4552 3401 4599 essetac
3442 4557 3627 4613 ptenas
3652 4544 3943 4612 exegisset,

2341 4631 2639 4687 tolerantiae
2665 4632 2873 4688 laudem
2902 4634 3156 4705 consequi
3183 4634 3403 4689 minime
3420 4643 3604 4705 posset
3626 4650 3640 4687 :
3663 4649 3787 4689 eum
3816 4651 3947 4691 vero

2338 4724 2428 4793 qui
2462 4726 2727 4794 praeterita
2754 4727 2915 4781 multa
2942 4741 3113 4796 eaque
3138 4727 3319 4797 gravia
3353 4727 3770 4797 prmtermlttens
3798 4737 3943 4785 metu

2339 4816 2730 4873 imminentium
2783 4820 3140 4889 periculorum
3197 4821 3355 4875 saluti
3431 4836 3544 4877 suae
3592 4821 3941 4892 prospicere,

2336 4916 2497 4978 atque
2542 4908 2743 4964 ideirco
2781 4910 2847 4965 ad
2880 4912 3135 4967 ultionem
3164 4911 3410 4983 progredi
3439 4919 3752 4983 cogeretur,
3782 4927 3944 4968 nemo

2338 5008 2522 5068 posset
2549 5000 2824 5056 modestia:
2853 5016 3051 5058 corona
3086 5002 3312 5072 privare.

2409 5092 2462 5146 7.
2500 5090 2885 5147 Verumtamen
2933 5094 3097 5148 David
3145 5109 3213 5149 ne
3261 5094 3363 5148 hoc
3392 5091 3608 5164 quidem
3651 5092 3798 5160 fecit,
3843 5094 3939 5149 sed

2337 5201 2533 5239 novum
2561 5186 2828 5253 quoddam
2875 5196 2927 5240 et
2974 5186 3243 5241 insolitum
3272 5186 3623 5255 philosophia:
3647 5201 3821 5256 genus
3844 5187 3942 5241 ad-

2338 5275 2558 5338 invenit,
2603 5288 2657 5330 et
2696 5292 2869 5345 neque
2916 5278 3174 5331 memoria
3207 5276 3620 5347 prmteriterum,
3651 5292 3828 5347 neque
3858 5276 3939 5332 fu-

2340 5377 2580 5423 turorum
2608 5379 2799 5433 metus,
2835 5386 3007 5440 neque
3034 5371 3184 5425 ducis
3204 5371 3471 5425 exercitus
3492 5369 3816 5435 cohortatio,
3846 5387 3942 5427 nec

2338 5461 2571 5516 solitudo
2597 5461 2720 5526 loci,
2749 5479 2853 5516 non
2886 5462 3112 5517 facilitas
3132 5460 3316 5529 cadis,
3343 5475 3451 5517 non
3476 5462 3617 5516 aliud
3644 5462 3938 5532 quidquam

2338 5556 2401 5606 ad
2435 5551 2779 5608 homicidium
2811 5554 2959 5609 illum
2987 5554 3231 5625 impulit:
3262 5553 3356 5609 sed
3384 5561 3652 5624 tamquam
3684 5554 3844 5609 alicui
3873 5554 3938 5609 de

2337 5661 2395 5701 sc
2444 5645 2577 5701 bene
2627 5646 2839 5711 merito,
2880 5647 3074 5715 cuique
3102 5661 3289 5717 magna
3321 5645 3577 5700 beneficia
3603 5645 3813 5700 tulisset
3845 5660 3937 5699 ac-

2340 5749 2516 5809 cepta,
2544 5739 2621 5794 sic
2651 5739 2864 5794 inimico
2894 5739 3113 5806 homini,
3148 5756 3177 5792 a
3205 5754 3309 5809 quo
3336 5738 3509 5794 fuerat
3535 5739 3757 5795 allectus
3799 5739 3936 5809 inju-
