4212 6290
219 368 324 429 185

215 485 335 553 riis,
385 485 648 556 pepercit.
694 484 991 553 quemnam
1040 483 1199 554 igitur
1239 481 1451 558 veniam
1498 480 1826 537 merebimur

216 589 341 641 nos,
368 574 459 646 qui
488 575 886 646 prmteritorum
914 572 1233 629 delictorum
1263 586 1533 627 memores
1557 586 1744 627 sumus
1770 582 1825 627 et

216 680 313 721 eos
345 666 675 732 ulciscimur,
709 667 800 738 qui
844 680 943 721 nos
984 664 1242 731 lmseriut,
1284 678 1407 720 cum
1435 664 1695 720 innocens
1734 664 1826 720 ille

221 766 301 812 tot
342 758 484 813 male
507 772 720 830 passus,
749 757 949 829 quique
970 758 1119 827 plura
1149 764 1204 811 et
1230 757 1478 827 graviora
1505 756 1628 819 sibi,
1653 757 1700 814 si
1728 755 1827 809 ho-

217 857 358 904 stem
387 857 650 916 servaret,
682 849 1026 919 exspectabat
1071 855 1350 913 eventura,
1399 847 1478 903 sic
1522 847 1827 918 pepercisse

218 938 489 1008 videatur,
530 948 592 995 ut
618 939 914 1010 periculum
940 939 1054 1008 ipse
1081 938 1263 993 subire
1287 937 1555 1003 maluerit,
1585 946 1747 1007 atque
1771 937 1825 993 in

218 1040 368 1087 metu
399 1045 464 1086 ac
495 1040 730 1087 tremore
761 1030 962 1095 vivere,
1002 1042 1160 1097 quam
1192 1043 1315 1084 eum
1341 1042 1501 1098 quem
1533 1027 1633 1083 sibi
1663 1026 1826 1083 innu-

218 1135 400 1177 meras
428 1119 735 1176 moliturum
760 1119 983 1176 insidias
1008 1119 1232 1185 sciebat,
1255 1118 1379 1189 jure
1406 1118 1694 1174 occidere?

290 1210 507 1267 Doridis
537 1212 833 1283 patientiam
870 1199 1160 1283 exitggerat.
1178 1238 1251 1251 -—
1274 1209 1405 1279 Ejus
1441 1209 1621 1280 itaque
1649 1209 1822 1280 philo-

216 1309 467 1382 sOphiam
509 1324 578 1365 cs
619 1310 703 1365 his
730 1324 955 1365 cernere
978 1309 1122 1375 licet,
1148 1308 1296 1381 quod
1345 1322 1453 1363 non
1483 1306 1647 1369 modo
1680 1314 1825 1362 tanta

219 1402 535 1461 imminente
581 1404 904 1461 necessitate
956 1418 1062 1458 non
1121 1402 1472 1468 interemerit,
1520 1400 1617 1459 sed
1652 1414 1827 1469 neque

218 1495 541 1554 maledicum
578 1497 631 1552 in
669 1511 793 1552 eum
833 1496 1055 1553 verbum
1100 1495 1266 1551 ullum
1292 1494 1593 1567 protulerit,
1630 1491 1757 1549 licet
1781 1492 1827 1548 is

218 1602 380 1656 quem
428 1588 654 1644 laesurus
705 1586 911 1656 fuisset,
963 1588 1186 1643 minime
1229 1588 1509 1643 audiisset.
1537 1585 1696 1657 Atqui
1728 1598 1826 1641 nos

218 1677 380 1733 etiam
407 1677 614 1735 amicos
637 1691 1010 1747 stupenumcro
1037 1679 1291 1734 absentes
1317 1677 1576 1734 conviciis
1597 1674 1827 1733 incessi-

219 1782 376 1836 mus;
407 1778 463 1826 at
510 1770 600 1825 ille
642 1784 712 1825 ne
755 1770 1027 1826 inimicum
1058 1772 1299 1843 quidem,
1344 1787 1374 1828 a
1404 1786 1513 1843 quo
1547 1778 1626 1827 tot
1655 1769 1829 1825 fuerat

219 1858 446 1917 allectus
472 1861 701 1932 injuriis.
732 1864 811 1917 Ac
835 1862 1229 1934 philosophiam
1256 1864 1476 1935 quidem
1501 1878 1566 1920 ex
1592 1864 1676 1919 bis
1700 1862 1827 1918 licet

217 1965 593 2027 cognoscere:
623 1952 1007 2024 benignitatem
1051 1965 1229 2010 autem
1272 1970 1337 2011 ac
1374 1956 1637 2027 reliquam
1677 1954 1826 2009 solli-

218 2042 515 2097 citudinem
562 2058 629 2098 ex
670 2044 756 2109 iis,
803 2060 923 2114 quae
969 2054 1155 2115 postea
1202 2046 1467 2115 prtestitit.
1499 2044 1654 2112 Quod
1682 2045 1826 2101 enim

218 2132 487 2189 ﬁmbriam
520 2133 683 2188 vestis
712 2134 1021 2202 absciderit,
1052 2136 1193 2206 quod
1222 2150 1377 2207 aqua:
1412 2135 1672 2209 scyphum
1702 2135 1829 2191 sub-

219 2225 466 2293 traxerit,
500 2224 639 2294 quod
684 2224 839 2295 longe
877 2226 1139 2281 secedens
1174 2236 1227 2281 et
1253 2238 1402 2283 stans
1446 2227 1690 2282 clamarit
1721 2227 1740 2296 (
1776 2228 1824 2281 l.

219 2315 349 2387 Reg.
374 2315 469 2372 2t.
500 2318 553 2372 5.
583 2328 630 2371 et
660 2316 751 2372 26.
776 2319 864 2372 t5.
898 2319 1057 2389 καφ),
1087 2329 1247 2390 atque
1288 2335 1319 2374 a
1350 2333 1410 2374 se
1435 2327 1649 2375 servato
1681 2320 1827 2375 inco-

218 2407 348 2461 lumi
378 2409 494 2463 lucc
537 2408 867 2479 significarit,
900 2394 1010 2465 non.
1038 2410 1103 2465 ad
1134 2412 1545 2466 ostentationem
1576 2422 1632 2467 et
1653 2411 1827 2465 ambi-

215 2499 420 2553 tionem
472 2499 523 2553 id
564 2500 710 2567 fecit,
757 2516 942 2555 verum
993 2510 1051 2555 ut
1075 2501 1329 2571 eperibus
1360 2502 1491 2571 ipsis
1520 2503 1570 2557 ei
1597 2517 1825 2573 persua-

215 2589 391 2656 deret,
428 2606 488 2645 se
532 2591 802 2646 immerito
852 2606 915 2645 ac
959 2590 1077 2647 sine
1126 2606 1285 2647 causa
1316 2602 1585 2661 tamquam
1618 2591 1826 2646 hostem

216 2679 291 2734 illi
335 2678 504 2736 fuisse
548 2691 877 2753 suspectum,
906 2692 961 2737 et
990 2679 1098 2736 hac
1120 2682 1326 2737 ratione
1354 2682 1556 2736 studuit
1583 2682 1732 2736 illum
1760 2680 1825 2735 ad

216 2771 508 2827 amicitiam
538 2786 854 2842 provocare.
876 2773 1252 2829 Verumtamen
1272 2789 1391 2829 cum
1410 2790 1477 2828 ne
1507 2776 1585 2829 sic
1610 2774 1828 2846 quidem

217 2864 370 2918 illum
398 2863 617 2919 flectere
646 2852 928 2935 potuisset,
962 2874 1123 2936 atque
1150 2867 1375 2922 emedio
1401 2875 1583 2936 posset
1612 2866 1825 2933 tollere,

216 2971 409 3011 rursus
439 2959 607 3028 patria
636 2972 825 3030 carere
852 2958 1061 3025 maluit,
1094 2968 1146 3013 et
1183 2975 1408 3030 peregre
1439 2961 1640 3025 vivere,
1668 2968 1827 3029 atque

216 3051 270 3105 in
303 3050 463 3105 malis
507 3051 745 3122 quotidie
786 3051 1006 3117 versari,
1040 3051 1168 3106 dum
1203 3052 1564 3107 necessarium
1612 3051 1711 3106 sibi
1744 3052 1827 3105 vi-

212 3152 365 3199 ctum
395 3153 757 3214 compararet,
788 3160 947 3215 quam
980 3143 1123 3199 domi
1157 3144 1424 3217 manendo
1455 3128 1825 3198 insidiatorem

219 3251 379 3291 suum
413 3235 630 3291 laedere.
651 3235 789 3304 Quid
820 3236 964 3290 illius
989 3235 1165 3290 anima
1189 3238 1358 3291 lenius
1386 3237 1613 3308 reperiri
1639 3236 1829 3307 possit?

214 3325 410 3381 Ποτίιο
438 3340 569 3381 sane
598 3327 829 3394 dicebat,
863 3325 1135 3391 Memento,
1168 3326 1405 3393 Domine,
1434 3326 1625 3393 David,
1649 3337 1695 3381 et
1722 3344 1829 3381 om-

214 3419 297 3472 nis
322 3418 731 3473 mansuetudinis
762 3418 872 3488 ejus
908 3416 1077 3488 (Psal.
1110 3419 1233 3473 151.
1266 3419 1340 3487 l).
1377 3419 1530 3474 llunc
1556 3419 1829 3473 imitemur

217 3521 317 3561 nos
347 3522 583 3577 quoque,
630 3521 694 3561 ac
723 3522 898 3576 neque
928 3507 1189 3572 dicamus,
1235 3523 1410 3578 neque
1437 3507 1694 3563 faciamus
1728 3508 1829 3563 ini-

217 3598 374 3653 micis
399 3597 692 3668 quidquam
720 3598 868 3663 mali,
902 3598 996 3651 sed
1030 3608 1080 3652 et
1111 3614 1206 3666 pro
1230 3598 1431 3652 viribus
1451 3598 1520 3653 de
1558 3600 1663 3653 illis
1692 3600 1829 3653 bene

217 3703 531 3741 mereamur
560 3705 573 3741 :
604 3687 871 3756 siquidem
902 3686 967 3740 de
993 3686 1153 3741 nubis
1185 3688 1311 3758 ipsis
1342 3689 1538 3757 potius,
1567 3704 1727 3759 quam
1761 3690 1827 3744 de

215 3778 322 3833 illis
354 3777 492 3833 bene
519 3777 866 3833 merebimur.
904 3779 965 3833 Si
988 3780 1140 3841 enim,
1173 3779 1363 3849 inquit,
1414 3780 1704 3835 dtmiseritis
1730 3783 1827 3834 iui--

214 3871 359 3925 micis
388 3871 586 3938 vestris,
635 3872 915 3926 dimittetur
955 3871 1091 3925 vobis
1138 3871 1350 3943 (Matth.
1376 3872 1429 3927 ϐ.
1464 3872 1549 3945 Η)
1577 3893 1589 3926 :
1618 3874 1828 3930 dimitte

214 3961 436 4016 servilia
484 3969 722 4030 peccata,
756 3971 811 4016 ut
842 3963 1054 4016 veniam
1096 3962 1316 4018 herilem
1349 3966 1593 4019 obtinens
1636 3981 1829 4036 pecca-

216 4063 398 4107 torum
428 4072 440 4109 :
470 4053 614 4123 quod
661 4055 705 4108 si
741 4070 988 4124 magnam
1034 4055 1274 4110 intulerit
1322 4056 1593 4127 injuriam.
1628 4072 1829 4127 quanto

214 4145 421 4216 majora
465 4145 757 4212 dimiseris,
806 4157 952 4202 tanto
985 4147 1243 4218 majorem
1298 4151 1505 4205 veniam
1539 4152 1825 4207 obtinebis.

213 4236 511 4307 Propterea
547 4253 778 4308 namque
796 4239 973 4294 dicere
996 4240 1171 4295 edocti
1190 4255 1398 4307 sumus,
1427 4240 1636 4295 Dimitte
1664 4244 1824 4308 nobis,

213 4326 343 4384 sicut
376 4344 470 4385 nos
485 4330 787 4383 dimittimus
809 4329 969 4402 (Ibid.
1002 4348 1050 4385 υ.
1083 4330 1184 4404 ιε)
1208 4373 1221 4397 ,
1255 4342 1313 4387 ιιι
1340 4332 1610 4390 discamus
1633 4335 1825 4389 remis-

211 4421 383 4477 sionis
412 4421 631 4475 modum
654 4421 861 4476 initium
889 4438 914 4473 a
936 4421 1091 4477 nobis
1109 4422 1374 4494 accipere.
1400 4423 1605 4496 Itaque,
1630 4439 1828 4496 quanto

210 4514 463 4583 graviora
516 4513 653 4568 mala
701 4514 942 4568 intulerit
992 4515 1276 4581 inimicus,
1333 4525 1481 4573 tanto
1537 4518 1828 4588 majoribus

205 4602 374 4658 afficit
433 4603 730 4657 beneﬁciis.
782 4604 1141 4675 Properemus
1172 4606 1368 4683 igitur,
1402 4616 1455 4663 et
1493 4623 1614 4663 cum
1646 4609 1707 4663 iis
1736 4610 1824 4680 qni

212 4708 309 4747 nos
338 4694 603 4758 lmserint,
648 4696 981 4751 reconciliari
1023 4696 1360 4763 festinemus,
1406 4702 1517 4755 sive
1541 4701 1685 4771 jure,
1714 4702 1827 4757 sive

207 4786 411 4855 injuria
457 4787 565 4841 sint
608 4788 748 4841 irati.
789 4788 844 4843 Si
887 4790 1029 4844 enim
1078 4790 1163 4846 hic
1207 4791 1370 4847 fueris
1416 4794 1820 4856 reconciliatus,

208 4875 317 4933 illic
359 4892 395 4931 a
433 4877 639 4947 judicio
683 4879 1036 4942 liberaberis;
1071 4882 1152 4935 sin
1198 4891 1377 4937 autem
1428 4882 1665 4947 interim,
1694 4884 1821 4937 dum

209 4969 510 5026 inimicitia:
556 4982 922 5041 perseverant,
973 4986 1117 5029 mors
1168 4975 1533 5030 interveniens
1577 4974 1758 5030 odium
1788 4991 1818 5030 e

1176 368 1241 425 ΙΝ
1284 365 1511 435 ILLIJD,
1552 365 1616 423 Si
1658 363 2031 423 ESURlERIT
2070 365 2390 440 lNlMlCUS‘,
2433 369 2593 432 ετο.

1937 482 2118 539 medio
2166 483 2357 551 tollat,
2410 485 2518 541 illic
2564 484 2820 556 deinceps
2864 483 3125 557 judicium
3187 483 3527 566 constituam

1933 588 2156 630 necesse
2182 585 2284 631 est.
2317 574 2386 632 Ut
2406 576 2567 647 igitur
2598 574 2849 633 homines
2874 576 3027 633 multi
3045 576 3137 649 qui
3163 577 3307 634 inter
3330 594 3393 634 se
3410 591 3514 635 cun

1934 674 2327 736 treversantur,
2377 668 2426 723 si
2463 669 2681 740 quidem
2731 680 2884 725 extra
2939 668 3116 726 forum
3167 671 3343 727 amice
3391 672 3538 729 litem

1934 754 2077 812 inter
2125 770 2185 812 se
2236 770 2603 829 componant,
2650 760 2853 816 damno
2874 796 2897 828 ,η
2941 770 3126 837 metu,
3181 762 3544 837 periculisque

1934 848 2119 903 multis
2160 863 2221 905 se
2270 850 2521 915 liberant,
2552 851 2681 907 dum
2713 867 2780 908 ex
2824 849 2990 909 animi
3031 849 3299 911 sentetitia
3332 855 3440 910 litis
3464 856 3547 913 eis

1934 939 2241 995 terminatio
2287 942 2531 998 succedit
2558 960 2573 997 :
2605 942 2751 1014 quod
2797 944 2843 999 si
2868 944 3037 1016 judici
3066 945 3340 1016 negotium
3384 961 3545 1003 suum

1932 1033 2265 1101 permittant,
2294 1033 2429 1091 nihil
2453 1034 2599 1092 aliud
2623 1034 2749 1092 inde
2776 1046 2976 1109 prater
3001 1036 3244 1109 pecunia!
3274 1034 3545 1109 iacturam

1932 1135 1989 1182 et
2016 1141 2232 1197 pmnam
2275 1120 2540 1199 persaepe,
2584 1136 2750 1200 atque
2795 1124 3183 1197 immortalium
3227 1129 3545 1209 inimicitiao

1931 1232 2051 1273 rum
2076 1217 2532 1277 continuationem
2559 1220 2953 1293 reportabant:
2980 1222 3053 1277 ita
3085 1221 3175 1279 blc
3202 1235 3417 1296 quoque
3435 1265 3452 1291 ,
3496 1222 3545 1279 si

1930 1311 2060 1367 dum
2103 1311 2161 1367 in
2208 1311 2307 1367 bac
2334 1312 2441 1367 vita
2464 1316 2766 1380 versamur,
2810 1314 2935 1370 lites
2960 1327 3369 1385 componamus,
3394 1314 3542 1369 «nini

1931 1414 2032 1456 nos
2056 1401 2320 1473 supplicio
2350 1402 2697 1460 lLberabimus
2725 1422 2740 1460 :
2766 1393 2855 1460 sin
2885 1415 3065 1464 autem
3109 1405 3163 1462 in
3192 1405 3321 1461 odio
3351 1419 3542 1476 perse-

1931 1502 2200 1560 verantes,
2226 1493 2293 1550 ad
2315 1496 2652 1552 tremendum
2670 1497 2799 1553 illud
2812 1493 3073 1568 judicium
3095 1493 3376 1561 abeamus,
3397 1495 3543 1553 illius
3566 1566 3571 1570 ι

1926 1584 2124 1655 judicis
2143 1585 2352 1641 calculo
2365 1586 2625 1655 damnati,
2642 1597 2889 1645 extremo
2903 1590 3060 1660 plane
3072 1587 3335 1661 supplicio
3349 1588 3545 1661 plecte-

1933 1691 2077 1745 mur,
2096 1685 2151 1734 et
2167 1677 2379 1750 utrique
2393 1694 2582 1751 poenas
2607 1672 2946 1737 inevitabiles
2969 1679 3375 1744 sustinebimus,
3400 1680 3543 1735 unus

1932 1770 2145 1841 quidem
2188 1771 2386 1843 injuste
2423 1771 2612 1842 iratus,
2663 1783 2948 1845 propterea
2979 1772 3122 1846 quod
3150 1770 3368 1844 injuste,
3404 1771 3544 1827 alter

1933 1871 2113 1918 autem
2128 1862 2273 1932 juste
2303 1865 2491 1935 iratus,
2520 1866 2663 1935 quod
2686 1866 2830 1935 juste
2848 1866 3393 1936 memoriaminjurizn
3416 1881 3543 1920 cun-

1932 1957 2180 2011 servarit.
2201 1956 2348 2013 Licet
2365 1959 2509 2013 enim
2536 1958 2735 2028 injuste
2758 1956 3034 2039 quidpiam
3054 1958 3179 2013 mali
3200 1957 3341 2028 passi
3364 1955 3537 2012 fueri-

1934 2063 2075 2116 mus,
2097 2048 2307 2121 veniam
2324 2048 2438 2104 dari
2460 2064 2554 2119 par
2572 2059 2654 2105 est
2672 2048 2756 2116 iis,
2784 2064 2812 2103 a
2830 2050 3025 2121 quibus
3044 2050 3238 2121 injuria
3257 2048 3368 2104 lmsi
3382 2047 3544 2104 fueri-

1933 2154 2073 2195 mus.
2125 2140 2203 2194 Ac
2245 2137 2367 2195 vide
2412 2155 2519 2211 quo
2560 2149 2715 2212 pacto
2746 2156 2857 2205 eos,
2893 2142 2981 2212 qui
3022 2151 3219 2212 praeter
3239 2140 3328 2211 jus
3356 2139 3545 2209 fasque

1935 2231 2236 2286 moleSIiam
2263 2231 2581 2301 intulerunt,
2612 2232 2853 2303 impellat
2883 2240 2939 2287 et
2981 2242 3162 2303 urgeat
3205 2232 3272 2285 ad
3303 2231 3543 2285 reconci-

1934 2322 2206 2378 liationem
2250 2338 2372 2378 cum
2424 2314 2528 2378 illis
2570 2337 2707 2394 quos
2751 2324 3010 2379 lmserint.
3044 2323 3105 2379 Si
3134 2322 3323 2390 offeras
3358 2339 3543 2375 unnms

1934 2423 2076 2467 tuum
2118 2413 2187 2466 ad
2240 2414 2422 2481 altare,
2478 2424 2525 2469 et
2578 2415 2646 2469 ibi
2700 2415 2997 2470 recordatus
3028 2415 3203 2486 fueris,
3234 2415 3353 2484 quia
3382 2418 3544 2486 frater

1934 2492 2051 2561 tuus
2082 2506 2229 2561 habet
2258 2506 2455 2578 aliquid
2472 2508 2743 2561 adversum
2766 2516 2810 2562 te
2832 2523 2850 2561 :
2873 2507 3022 2574 vade,
3044 2507 3185 2578 prius
3214 2506 3545 2561 reconciliare

1934 2596 2085 2668 fratri
2108 2596 2426 2667 tuo(J!attIt.
2457 2598 2511 2652 5.
2539 2595 2631 2652 23.
2656 2597 2769 2667 24).
2789 2596 2905 2652 Non
2935 2596 3091 2664 dixit,
3123 2596 3344 2666 Collige,
3375 2598 3547 2651 sacri-
3640 2618 3645 2622 ·

1934 2685 2115 2740 licium
2143 2684 2294 2753 oﬂ‘er,
2328 2686 2442 2751 sed,
2487 2685 2854 2751 Reconciliare,
2890 2701 2953 2742 ac
2995 2685 3192 2741 deinde
3234 2686 3386 2741 offer.
3416 2685 3547 2741 Sine

1934 2777 2005 2832 ibi
2024 2776 2220 2847 jaceat,
2254 2777 2446 2847 inquit,
2496 2787 2553 2832 ut
2577 2777 2864 2841 oblationis
2894 2778 3190 2833 necessitas
3216 2777 3376 2833 eziain
3406 2778 3542 2831 invi-

1935 2879 2045 2924 tum
2098 2870 2431 2935 reconciliari
2480 2877 2635 2940 cogat
2676 2885 2830 2935 eum,
2864 2870 2953 2940 qui
2982 2870 3126 2940 juste
3155 2869 3316 2924 fuerit
3356 2869 3541 2923 iratus.

1936 2962 2069 3016 Vide
2115 2977 2222 3033 quo
2265 2970 2421 3033 pacto
2461 2976 2653 3017 rursus
2695 2961 2938 3017 hortetur
2985 2973 3043 3016 ut
3071 2961 3136 3015 ad
3167 2976 3288 3015 eum
3324 2961 3543 3031 quinos

1934 3053 2478 3120 oil‘endit,veniamus,
2499 3053 2707 3108 dicens:
2732 3052 2984 3107 Dimittitc
3015 3053 3321 3108 debitoribus
3346 3054 3542 3118 vestris,

1934 3152 1990 3197 ut
2019 3152 2067 3199 et
2121 3143 2275 3198 Pater
2318 3154 2477 3199 vester
2524 3143 2749 3197 dimittat
2803 3144 2987 3198 delicta
3036 3152 3199 3197 uestra
3227 3144 3417 3215 (Marc.
3455 3145 3541 3198 il.

1932 3237 2047 3308 25).
2069 3236 2183 3292 Non
2210 3237 2352 3293 enim
2384 3236 2627 3306 exiguam
2657 3234 2961 3290 mercedem
2986 3236 3278 3304 proposuit,
3310 3234 3402 3289 sed
3426 3249 3545 3289 eam

1932 3329 2093 3383 etiam
2140 3342 2259 3397 qua:
2308 3326 2433 3381 boui
2466 3327 2644 3396 operis
2670 3326 3091 3396 magnitudinem
3124 3325 3278 3396 longe
3314 3326 3545 3380 ext-edc-

1934 3429 2036 3475 ret.
2083 3419 2207 3474 limo
2252 3420 2410 3490 igitur
2453 3419 2629 3473 omnia
2676 3418 2831 3473 nobis
2864 3418 2930 3471 ob
2961 3418 3145 3473 oculos
3170 3428 3454 3489 ponentes,
3484 3434 3547 3473 ac

1934 3511 2423 3567 remunerationem
2444 3510 2543 3565 bac
2560 3508 2629 3565 de
2654 3524 2816 3564 causa
2846 3509 2998 3563 nobis
3018 3510 3343 3581 propositam
3367 3521 3548 3565 mente

1934 3611 2230 3667 versantes,
2278 3617 2547 3673 quamque
2592 3617 2696 3655 non
2725 3602 2901 3671 magni
2930 3602 3001 3655 sit
3030 3602 3226 3655 laboris
3262 3612 3353 3655 aut
3384 3602 3545 3656 ειυᾱιῐ

1936 3704 2153 3766 peccata
2181 3695 2384 3761 delere,
2419 3695 2501 3749 his
2530 3710 2559 3749 a
2589 3694 2782 3764 quibus
2812 3694 2925 3747 ἰαὶδί
2954 3693 3172 3760 fuimus,
3206 3698 3417 3749 veniam
3444 3695 3540 3749 de-

1936 3807 2076 3844 mus.
2110 3789 2263 3856 Quod
2295 3789 2437 3843 enim
2491 3789 2579 3842 alii
2628 3787 2850 3858 jejunio,
2904 3787 3225 3857 planetibus,
3273 3788 3543 3857 precibus,

1934 3896 2111 3947 sacco,
2144 3881 2344 3946 cinere,
2375 3894 2443 3934 ac
2470 3878 2665 3933 millies
2696 3880 2920 3948 repetita
2942 3878 3279 3933 confessione
3312 3878 3395 3932 Vix
3425 3894 3546 3949 per-

1936 3971 2140 4038 ﬁciunl,
2185 3981 2242 4025 ut
2288 3970 2539 4024 nimirum
2590 3984 2684 4023 sua
2735 3978 2947 4038 peccata
2992 3968 3225 4033 deleant,
3260 3970 3359 4024 huc
3391 3969 3547 4023 nobis

1935 4065 2051 4117 sine
2086 4076 2244 4116 sacco
2291 4069 2346 4116 et
2390 4060 2573 4116 cinere
2603 4075 2666 4115 ac
2701 4060 2907 4131 jejunio
2932 4058 3090 4131 facile
3115 4058 3241 4114 licet
3268 4072 3545 4130 prrestare,

1936 4157 1977 4208 si
2012 4154 2171 4209 modo
2202 4171 2266 4209 ex
2297 4156 2477 4208 animo
2508 4153 2640 4207 imm
2672 4153 2968 4219 deleamus,
2998 4152 3182 4221 eisque
3212 4153 3299 4221 qui
3331 4167 3429 4205 nos
3460 4154 3543 4204 in-

1930 4247 2068 4316 juria
2102 4247 2358 4313 lmserint,
2391 4246 2601 4301 sincere
2629 4245 2979 4299 dimittamus.
3014 4245 3154 4298 licus
3181 4253 3359 4299 autem
3402 4250 3545 4313 pacis

1934 4348 1988 4394 et
2017 4339 2255 4393 caritatis
2282 4353 2499 4393 omnem
2545 4337 2805 4402 furorem,
2840 4336 3287 4399 eracerbitatem,
3320 4345 3374 4390 et
3412 4335 3546 4391 iram

1935 4448 1997 4486 ex
2029 4433 2204 4485 anima
2232 4443 2414 4486 nostra
2442 4431 2805 4486 exterminans
2832 4430 2986 4483 nobis
3005 4429 3283 4500 largiatur,
3314 4436 3372 4483 ut
3391 4417 3561 4498 juxta”

1936 4522 2303 4578 membrorum
2332 4523 2578 4577 ordinem
2609 4524 2747 4576 inter
2789 4536 2887 4576 nos
2920 4535 3168 4590 nexuque
3200 4520 3424 4575 firmiter
3445 4535 3541 4574 cn-

1936 4613 2120 4683 pulati,
2157 4613 2497 4677 unanimiter,
2546 4628 2655 4667 uno
2694 4628 2791 4668 ore
2818 4626 3030 4681 unaque
3056 4611 3255 4675 anima,
3288 4619 3548 4681 perpetua

1932 4706 2223 4775 gratiarum
2272 4705 2497 4760 actionis
2542 4704 2771 4776 hymnos
2815 4702 2915 4773 ipsi
2970 4700 3181 4757 debitos
3231 4701 3545 4766 oneramus,

1932 4800 2182 4869 quoniam
2231 4799 2330 4868 ipsi
2372 4798 2538 4869 gloria
2586 4806 2639 4851 ct
2670 4796 2977 4867 imperium,
3014 4794 3068 4850 in
3094 4794 3290 4852 smcula
3319 4794 3549 4851 smculo-

1934 4906 2073 4945 rmn.
2105 4890 2295 4945 Amen.

1655 5358 2148 5385 «9"—
