4212 6290
1391 337 1448 391 S.
1489 333 1777 391 JOANNIS
1814 333 2310 392 ειιιιγδοδτοω
2351 332 2673 391 ARCHIEP.
2711 331 3261 392 CONSTANTINOP.

721 462 3942 501 Μ

1573 655 1921 721 MONITUM
1953 655 2054 716 AD
2081 655 2275 716 DUAS
2304 655 2672 716 HOMILIAS
2702 657 2783 717 IN
2818 656 3044 718 ILLUD
3067 704 3083 732 ,

774 823 851 881 Ex
882 823 1034 882 hisce
1060 824 1280 882 duabus
1307 823 1550 880 homiiiis
1575 824 1663 878 vix
1699 824 1998 894 quidquam
2034 837 2230 880 eruere
2266 838 2581 894 possumus,
2622 824 2767 880 unde
2802 837 2916 895 quo
2961 824 3162 881 habita
3197 832 3444 896 tempore
3475 825 3679 883 fuerint
3717 830 3972 902 expisce-

700 956 826 996 mur
849 983 866 1009 ,
901 940 1005 1018 hoc
1035 954 1204 996 unum
1252 947 1338 995 aut
1364 936 1634 1010 probabili
1663 935 1976 1006 conjectura
2020 935 2143 991 fulti
2186 937 2443 1004 dicimus,
2477 939 2738 994 nimirum
2787 937 3087 995 verisimile
3115 953 3239 997 esse
3265 942 3388 1000 illas
3411 943 3714 1004 Antiochia
3746 948 3969 1006 habitas

606 1041 613 1050 ’
701 1060 891 1114 fuisse.
920 1055 1135 1113 Etenim
1168 1054 1320 1113 illum
1349 1056 1402 1111 in
1435 1053 1764 1113 sacerdotali
1794 1052 1975 1109 adhuc
2009 1052 2202 1110 ordine
2239 1052 2413 1111 fuisse
2446 1056 2603 1126 argui
2644 1056 2859 1114 videtur
2893 1070 2961 1112 ex
3005 1055 3072 1114 iis
3105 1070 3229 1129 qua
3255 1057 3326 1113 de
3363 1059 3746 1120 sacerdotibus
3775 1063 3965 1128 istius.

700 1170 754 1223 in
789 1185 897 1240 qua
929 1169 1180 1244 degebat,
1201 1169 1354 1226 urbis
1381 1170 1592 1242 aliquot
1618 1169 1671 1227 in
1706 1168 1844 1226 locis
1872 1170 1988 1238 ait;
2023 1168 2262 1226 maxime
2288 1185 2420 1227 vero
2446 1171 2509 1227 in
2533 1173 2774 1230 secunda
2813 1173 3062 1240 bomilia,
3095 1188 3250 1231 nutu.
3275 1172 3468 1241 δνυω
3511 1177 3794 1233 auditores
3837 1192 3964 1236 ear-

699 1298 858 1354 peus,
889 1283 1036 1356 quod
1069 1282 1288 1355 quidam
1315 1297 1506 1340 eorum
1541 1283 1597 1338 in
1624 1281 1938 1351 sacerdotes
1967 1281 2166 1354 probra
2196 1292 2252 1341 et
2283 1285 2536 1342 convicia
2570 1284 2816 1357 iacerent
2840 1326 2856 1353 ,
2897 1286 2990 1342 alii
3035 1300 3167 1343 vero
3205 1289 3322 1342 hac
3343 1285 3628 1343 audientes
3657 1286 3964 1343 maledicos

701 1398 830 1455 illos
862 1412 971 1454 non
997 1405 1430 1468 compescerent,
1463 1397 1592 1453 talia
1621 1385 1803 1453 fatur:
1838 1395 1980 1464 Quid
2013 1397 2128 1453 illis
2161 1398 2324 1468 fuerit
2364 1399 2594 1465 beatius,
2635 1402 2764 1470 quid
2795 1411 2970 1457 autem
2997 1399 3147 1456 nobis
3191 1402 3435 1457 miserius
3455 1403 3483 1458 2
3523 1400 3967 1472 Quandoquidem

697 1506 786 1565 illi
807 1510 1116 1580 sanguinem
1143 1490 1193 1565 et
1221 1511 1458 1564 animum
1483 1524 1580 1582 pro
1610 1511 2019 1581 praceptoribus
2054 1511 2469 1584 profundebaut,
2497 1529 2593 1568 nos
2627 1522 2803 1568 autem
2835 1529 3001 1584 neque
3025 1512 3236 1568 uerbum
3264 1529 3362 1583 pro
3391 1513 3753 1569 communibus
3780 1515 3966 1584 putri-

700 1641 817 1688 ου.
849 1624 990 1696 ὑπὲρ
1027 1622 1136 1679 τῶν
1167 1621 1361 1678 κοινῶν
1393 1622 1664 1695 πατέρων,
1688 1624 1927 1678 emittere
1952 1625 2231 1692 audemus,
2268 1668 2269 1675 η

2396 1643 2518 1682 cuus
2557 1627 2844 1681 audiamus
2880 1626 2957 1681 eis
3001 1625 3249 1680 maledici
3287 1635 3336 1682 et
3372 1625 3619 1681 conuiciis
3657 1641 3746 1680 eos
3792 1626 3967 1681 deho-

698 1738 895 1809 uesturt'
924 1748 974 1792 et
999 1752 1035 1791 α
1063 1739 1174 1793 suis
1203 1745 1255 1793 et
1286 1739 1351 1795 ab
1380 1739 1593 1805 alienis,
1625 1739 1909 1795 maledicos
1933 1755 2097 1825 usque
2121 1739 2522 1808 compescimus,
2552 1755 2717 1810 neque
2751 1731 3200 1809 reprehendimus,
3241 1754 3404 1809 neque
3441 1738 3805 1808 prohibemus.
3832 1736 3966 1794 Bac

702 1858 860 1906 certe.
880 1868 990 1909 nou
1014 1853 1271 1910 videntur
1298 1870 1422 1911 esse
1450 1856 1594 1912 dicta
1625 1856 2011 1928 Cbrysostomi
2029 1857 2142 1928 jam
2173 1856 2412 1928 episcopi
2441 1854 3033 1926 Constantinopolitanl
3066 1872 3080 1908 :
3109 1869 3286 1926 neque
3314 1855 3462 1910 enim
3490 1855 3580 1911 ille
3606 1855 3720 1926 jam
3741 1854 3966 1924 episco~

699 1983 802 2037 pus
831 1972 1140 2028 sacerdotes
1163 1970 1309 2036 illos,
1344 1972 1437 2042 qui
1473 1971 1736 2028 conviciis
1770 1971 2190 2042 impetcbantur,
2234 1986 2551 2027 communes
2594 1979 2776 2042 patres
2816 1969 3179 2041 appellasset;
3232 1967 3344 2024 veri
3393 1977 3573 2024 autem
3603 1967 3845 2024 similius
3876 1976 3968 2025 est

699 2094 847 2146 eum,
875 2098 1001 2140 cum
1035 2084 1279 2142 seniores
1313 2084 1570 2142 Ecclesia:
1603 2083 1960 2140 Antichena:
1989 2083 2300 2140 sacerdotes
2335 2086 2551 2156 probris
2582 2091 2839 2141 oneratos
2880 2089 3164 2148 cerneret,
3187 2079 3410 2137 eosdem
3449 2088 3667 2152 patrum
3707 2055 3835 2138 loco
3861 2081 3968 2137 ha-

3461 2308 3989 2334 —~

2081 2395 2192 2499 1N
2237 2395 2582 2482 ILLUD,

908 2562 1234 2610 SALUTA'I’B
1277 2561 1648 2609 ιιιιιεειιιηί
1694 2565 1773 2608 ετ
1817 2562 2097 2616 soluunt
2148 2543 2269 2625 (Rt

2424 2544 2522 2605 16.
2566 2544 2684 2624 3),
2722 2560 2801 2606 ετ
2844 2561 2988 2617 quas
3029 2563 3446 2622 suouuuruu,
3491 2566 3702 2612 senato
3735 2567 3782 2611 ι.

1978 2703 2270 2718 *—

759 2808 808 2860 l.
842 2804 904 2860 In
927 2805 1195 2875 Scriptura
1221 2805 1351 2859 nihil
1364 2804 1697 2876 superﬂuum.
1725 2801 1872 2858 Unde
1906 2803 2119 2858 hereses
2138 2812 2273 2857 nam

686 2907 824 2952 sum.
853 2928 923 2938 —
952 2897 1143 2953 Multos
1189 2896 1424 2953 arbitror
1476 2911 1540 2951 ex
1589 2896 1745 2952 vobis
1794 2896 1977 2950 mirari
2031 2895 2276 2950 lectionis

688 2990 1000 3061 apostolicm
1028 2991 1201 3045 locum
1226 2991 1406 3052 istum,
1449 2988 1533 3043 vel
1577 2987 1755 3059 potius
1801 2989 1976 3042 minus
2022 3003 2274 3043 necessa-

685 3083 817 3134 riam
839 3095 901 3134 ac
921 3093 1371 3148 supervacaneam
1390 3077 1587 3133 ducere
1609 3088 1810 3148 partem
1836 3078 1989 3132 istam
2012 3079 2274 3147 epistola',

687 3171 828 3240 quod
875 3170 1221 3226 salutationes
1275 3181 1478 3225 tantum
1535 3169 1842 3239 frequentes
1876 3168 2066 3223 haheat
2088 3184 2152 3224 ac
2177 3169 2276 3222 sibi

690 3264 916 3317 invicem
970 3261 1339 3317 succedentes.
1373 3263 1541 3328 Quam
1572 3259 1643 3314 ob
1685 3275 1902 3315 causam
1933 3247 1986 3314 et
2025 3260 2139 3331 ipse
2178 3259 2277 3315 ho-

685 3353 873 3407 dierno
923 3353 1010 3408 die
1058 3367 1274 3408 cursum
1317 3352 1574 3407 orationis
1621 3351 1728 3406 alio
1781 3350 2024 3417 ﬂectens,
2077 3351 2147 3406 ab
2187 3352 2277 3406 illo

683 3441 955 3511 digressus
981 3451 1297 3512 argumento
1324 3441 1389 3495 ad
1440 3441 1540 3496 hoc
1568 3441 1834 3496 divertere
1863 3457 1979 3495 sum
2034 3451 2272 3513 paratus,

684 3541 741 3584 ut
773 3532 823 3584 iu
855 3532 1021 3585 sacris
1051 3531 1335 3600 Scripturis
1362 3531 1490 3586 nihil
1541 3547 1994 3602 supervacaneum
2023 3547 2142 3588 esse
2187 3533 2271 3586 in—

684 3621 933 3690 tclligatis
980 3630 1035 3675 et
1089 3638 1192 3676 non
1247 3622 1628 3688 necessarium,
1691 3624 1802 3677 sive
1853 3640 2012 3677 unum
2058 3624 2161 3677 iota
2185 3625 2272 3690 sit,

689 3713 804 3767 sive
831 3728 962 3782 apex
992 3728 1143 3778 unus,
1173 3713 1282 3767 imo
1311 3715 1470 3767 etiam
1498 3714 1726 3782 simplex
1751 3714 2002 3767 salutatio
2023 3729 2272 3784 magnum

686 3803 842 3857 nobis
893 3804 1110 3872 pelagus
1163 3805 1340 3875 aperit
1368 3805 1775 3859 sententiarum.
1800 3804 1937 3872 Quid
1967 3805 2109 3866 dico,
2141 3805 2274 3858 sim-

686 3894 807 3962 plex
833 3893 1122 3948 salutatio?
1145 3893 1300 3964 Sa'pe
1333 3894 1416 3948 vel
1469 3895 1638 3949 litera:
1668 3893 1824 3949 unius
1867 3895 2105 3950 accessio
2136 3895 2275 3949 inte-

687 4000 838 4053 grum
886 3999 1072 4055 agmen
1121 3985 1508 4040 sententiarum
1556 3987 1781 4040 invexit.
1838 3986 2013 4058 Atque
2056 3986 2158 4040 hoc
2217 3986 2271 4041 in

691 4075 905 4128 nomine
933 4074 1160 4128 Abrahae
1194 4074 1376 4128 videre
1397 4075 1539 4128 licet.
1570 4078 1648 4128 An
1679 4090 1785 4129 non
1812 4076 1952 4130 enim
1982 4075 2270 4130 absurdum

685 4175 764 4219 est
789 4180 909 4219 eum
943 4165 1178 4232 quidem,
1210 4165 1298 4233 qui
1328 4164 1604 4233 epistolam
1651 4164 1919 4234 acceperit
1960 4167 2026 4218 ab
2074 4167 2269 4234 amico,

688 4270 792 4307 non
814 4270 1008 4324 corpus
1039 4262 1240 4309 tantmn
1269 4253 1508 4323 epistola:
1539 4255 1739 4324 legere,
1768 4255 1860 4310 sed
1887 4256 2048 4310 etiam
2076 4256 2127 4310 in
2170 4259 2273 4312 line

688 4346 911 4414 positam
943 4345 1334 4410 salutationem,
1366 4355 1524 4415 atque
1557 4344 1678 4401 inde
1725 4348 1956 4403 maxime
1995 4350 2272 4418 scriptoris

685 4435 928 4489 affectum
959 4436 1222 4504 conjicere
1243 4475 1257 4498 ,
1289 4451 1410 4490 cum
1442 4452 1569 4490 vero
1595 4438 1792 4491 scribat
1825 4438 2037 4505 Paulus,
2063 4441 2144 4494 vel
2173 4457 2270 4510 po-

685 4536 788 4581 tius
811 4544 914 4580 non
944 4528 1158 4591 Paulus,
1190 4527 1283 4582 sed
1330 4527 1556 4598 Spiritus
1601 4530 1768 4598 gratia
1797 4529 1960 4585 dietet
1988 4532 2268 4600 epistolam

681 4621 748 4673 ad
791 4620 1045 4688 integram
1076 4620 1343 4673 civitatem
1398 4634 1460 4673 ac
1489 4631 1687 4674 luntqu
1746 4623 2016 4689 populum,
2073 4635 2126 4678 et
2175 4639 2270 4693 per

685 4712 806 4765 illos
829 4711 944 4764 orbi
969 4722 1226 4765 terrarum
1278 4710 1546 4776 universo,
1581 4727 2037 4781 supervacaneum
2069 4713 2266 4782 aliquid

683 4819 894 4865 eorum,
917 4819 1036 4872 qua:
1060 4805 1109 4856 in
1142 4819 1204 4857 ea
1236 4813 1380 4868 sunt,
1411 4805 1659 4859 arbitrari
1707 4821 1878 4876 caque
1909 4806 2269 4877 p.-rl'unctorie

683 4909 1015 4962 percurrere,
1047 4911 1216 4964 neque
1243 4896 1477 4965 Cogitarc
1533 4897 1670 4952 hanc
1721 4897 1790 4952 ob
1836 4913 2048 4952 causam
2090 4901 2266 4953 omnia

679 5000 876 5055 susque
909 4987 1080 5056 deque
1128 4986 1302 5040 verti?
1335 4987 1443 5041 Hoc
1490 4990 1631 5042 enim
1660 4999 1756 5052 est,
1790 4988 1890 5044 hoc
1917 4991 2093 5058 plane,
2125 4992 2265 5060 quod

683 5091 928 5147 magnam
960 5079 1331 5148 negligentiam
1362 5079 1514 5132 nobis
1561 5093 1624 5132 ac
1671 5090 1937 5148 torporem
1972 5082 2262 5150 ingenerat,

678 5171 818 5239 quod
852 5185 956 5223 non
1006 5187 1190 5224 omnes
1235 5171 1538 5239 S.-riptnras
1583 5171 1841 5240 legamus,
1889 5173 1981 5226 sed
2037 5190 2096 5226 ea
2148 5191 2265 5243 qua:

681 5277 965 5316 rensemns
1010 5261 1319 5316 dilucidiora
1370 5264 1678 5332 seligamns,
1712 5272 2025 5317 cmterorum
2068 5266 2264 5318 nullam

680 5354 938 5406 rationem
993 5351 1300 5407 hilbt'allllls.
1338 5354 1447 5408 lloc
1477 5354 1633 5407 etiam
1690 5353 1924 5409 iizereses
1954 5358 2258 5416 introduxit.

678 5447 816 5515 quod
851 5457 1016 5498 totum
1045 5462 1236 5516 corpus
1281 5449 1508 5500 nolimus
1555 5448 1846 5517 perlegere,
1900 5449 2144 5520 quodun
2171 5451 2261 5506 Sti-

679 5537 935 5606 pt‘rﬂutttn
994 5539 1187 5607 aliquid
1242 5554 1298 5592 es
1330 5555 1360 5593 e
1403 5543 1680 5609 minusque
1736 5542 2087 5596 necessarium
2121 5545 2261 5598 arbi—

679 5641 898 5682 tremur.
934 5629 1215 5697 Propterea
1252 5648 1344 5682 nos
1371 5632 1418 5684 in
1451 5633 1550 5685 alia
1577 5631 1788 5700 quidem
1823 5634 1996 5684 omnia
2030 5634 2260 5688 studium

683 5735 832 5775 Ol‘lllf.‘
861 5719 1062 5774 oeuli-ti
1089 5738 1218 5790 nus,
1267 5739 1368 5776 non
1400 5722 1448 5775 in
1499 5723 1763 5792 superflua
1799 5735 2019 5789 tantum,
2067 5727 2157 5781 sed
2206 5739 2257 5783 et

2275 2681 2693 2734 m—

2389 2800 2442 2855 in
2471 2813 2534 2854 ea
2554 2814 2673 2870 qua:
2701 2797 2907 2853 inutilia
2932 2805 3058 2852 sunt
3077 2805 3133 2852 et
3153 2797 3312 2852 noxia
3335 2814 3350 2852 :
3378 2796 3776 2868 Scripturarum
3801 2810 3988 2856 autem

2388 2892 2575 2961 peritia
2606 2890 2892 2961 negligitur
2909 2903 2972 2943 ac
2997 2889 3312 2958 despicitur.
3344 2890 3519 2960 Atque
3550 2875 3622 2944 illi
3647 2891 3868 2961 quidem
3889 2893 3988 2962 qui

2383 2984 2697 3062 certaminis
2753 2997 3013 3053 equorum
3065 2981 3368 3052 spectacula
3403 2981 3467 3036 ad
3514 2990 3789 3052 stuporem
3817 2998 3992 3055 usque

2383 3077 2665 3140 mirantur,
2685 3083 2742 3130 et
2756 3088 2972 3139 nomen,
2989 3080 3042 3128 et
3055 3087 3296 3142 gregem,
3315 3080 3368 3127 et
3383 3087 3571 3142 genus,
3585 3082 3640 3128 et
3663 3074 3913 3143 patriam,
3932 3085 3992 3131 et

2383 3165 2752 3221 educationem
2773 3178 3033 3234 equorum
3060 3161 3471 3233 diligentissime
3499 3173 3724 3233 possunt
3751 3163 3988 3232 referre,

2382 3265 2542 3328 atque
2581 3270 2752 3312 annos
2791 3257 2935 3323 vitai,
2963 3269 3258 3325 cursusque
3289 3254 3706 3322 vehementiam,
3755 3266 3812 3312 et
3864 3259 3992 3329 quis

2381 3365 2502 3405 cum
2533 3365 2642 3420 quo
2665 3351 2710 3404 si
2756 3348 2917 3404 fuerit
2939 3331 3240 3419 copulatus,
3265 3347 3544 3402 victoriam
3583 3349 3905 3420 reportabit,
3933 3358 3994 3406 et

2380 3442 2500 3513 quis
2529 3456 2699 3511 equus
2739 3457 2805 3496 ex
2836 3439 2920 3495 his
2944 3440 3028 3496 vel
3078 3439 3181 3494 illis
3211 3439 3442 3494 emissus
3468 3439 3800 3506 carceribus,
3844 3449 3906 3496 et
3954 3455 3990 3496 a

2379 3547 2486 3602 quo
2511 3533 2557 3587 si
2581 3533 2846 3602 agitatore
2871 3541 3107 3602 regatur,
3139 3529 3318 3585 vincet
3348 3531 3400 3584 in
3421 3545 3603 3596 cursu,
3633 3538 3690 3585 et
3723 3530 3990 3586 adversa-

2379 3622 2515 3676 rium
2566 3622 2864 3677 antecedet.
2907 3619 2986 3675 illi
3019 3621 3180 3675 etiam
3227 3618 3318 3690 qui
3351 3619 3722 3675 saltationibus
3765 3629 3988 3688 vacant,

2380 3713 2548 3767 nihilo
2574 3714 2837 3768 minorem
2867 3726 3025 3782 quam
3071 3711 3188 3776 isti,
3218 3709 3313 3765 sed
3344 3717 3400 3764 et
3425 3709 3684 3778 majorem
3706 3725 3833 3781 erga
3860 3710 3992 3766 illos

2379 3804 2468 3874 qui
2498 3803 2549 3856 in
2583 3801 2806 3857 theatris
2857 3800 3111 3856 indecore
3141 3815 3201 3854 se
3229 3807 3441 3868 gerunt,
3482 3799 3741 3854 insaniam
3771 3814 3888 3869 pra:
3925 3814 3990 3855 se

2379 3894 2575 3958 rerum,
2625 3894 2818 3948 mimos
2868 3893 2988 3947 dico
3038 3901 3092 3946 et
3142 3889 3522 3957 saltatriculas,
3557 3889 3684 3946 dum
3719 3899 3775 3946 et
3808 3906 3990 3962 genus

2379 3987 2612 4055 ipsarum
2641 3994 2695 4039 et
2721 3972 2957 4055 patriam
3004 3993 3058 4038 et
3099 3983 3472 4039 educationem
3521 3995 3576 4038 et
3629 3984 3731 4038 alia
3785 3995 3987 4041 cuneta

2375 4086 2805 4154 commemorant
2833 4095 2847 4132 :
2875 4091 2977 4131 nos
3002 4083 3178 4130 autem
3227 4075 3271 4129 si
3304 4075 3713 4145 interrogemur,
3751 4087 3878 4146 quot
3928 4086 3989 4132 et

2376 4187 2496 4242 quae
2520 4171 2669 4225 Pauli
2694 4171 2802 4224 sint
2822 4168 3087 4237 epistolar,
3118 4181 3185 4222 ne
3210 4181 3492 4221 numerum
3524 4165 3740 4234 quidem
3773 4167 3986 4224 scimus

2376 4263 2697 4332 exprimere.
2732 4259 2885 4326 Quod
2908 4257 2953 4313 si
2983 4257 3092 4314 sint
3121 4255 3361 4311 nonnulli
3379 4257 3468 4327 qui
3494 4272 3774 4313 numerum
3808 4275 3986 4314 nove-

2376 4358 2770 4422 rint;qumnam
2805 4359 2985 4405 tamen
3032 4350 3196 4404 urbes
3224 4349 3480 4418 epistolas
3533 4351 3860 4419 acceperint,
3929 4354 3984 4409 si

2377 4444 2789 4510 interrogentur.
2822 4440 2946 4513 quid
2975 4441 3045 4496 sit
3092 4439 3526 4510 reSpondendum
3575 4441 3839 4510 ignorant.
3877 4445 3982 4498 At-

2374 4551 2478 4605 que
2511 4533 2677 4588 homo
2718 4532 2932 4603 quidem
2961 4531 3238 4586 eunuchus
3284 4539 3340 4585 et
3376 4531 3638 4586 barbarus
3677 4531 3982 4590 innumeris

2374 4627 2517 4681 cutis
2578 4608 2914 4696 negotiisque
2964 4624 3252 4677 distractus
3307 4606 3639 4688 innumeris,
3695 4623 3764 4677 ita
3821 4623 3982 4680 libris

2372 4719 2560 4773 aliisus
2601 4728 2737 4783 erat,
2792 4726 2851 4770 ut
2897 4731 2963 4769 ne
3010 4714 3217 4768 itiner's
3255 4713 3468 4782 quidem
3519 4724 3758 4783 tempore
3801 4715 3978 4771 inter-

2372 4813 2691 4880 quiesceret,
2722 4809 2814 4864 sed
2843 4809 2895 4864 in
2939 4825 3105 4863 curru
3161 4806 3354 4863 sedens
3402 4807 3712 4877 diligentem
3751 4807 3977 4862 lecti-ani

2374 4905 2663 4973 Scriptura:
2720 4917 2937 4973 operam
2992 4900 3146 4955 daret
3195 4899 3344 4972 (Act.
3386 4897 3440 4954 8.
3484 4898 3574 4953 27.
3624 4898 3796 4969 seqq.)
3828 4915 3841 4951 :
3870 4915 3979 4956 nos

2371 5005 2549 5050 autem
2590 4996 2678 5065 qui
2712 5011 2777 5049 ne
2803 4994 3020 5059 minima
3047 4993 3261 5064 quidem
3294 4999 3444 5059 parte
3487 4989 3626 5044 illius
3665 4991 3976 5060 occupatio.-

2371 5103 2496 5141 num
2530 5099 2801 5154 urgemur,
2827 5083 2907 5136 vel
2939 5079 3397 5154 ipsisbnominibus
3423 5077 3767 5146 epistolarum
3795 5088 3974 5134 terte-

2369 5193 2507 5239 ntnr,
2537 5175 2696 5244 idque
2731 5189 2850 5228 cum
2893 5141 3112 5240 singulis
3142 5170 3330 5223 diebus
3361 5167 3642 5221 dominicis
3683 5167 3783 5221 huc
3837 5183 3974 5222 eon-

2371 5267 2673 5328 veniamus,
2721 5273 2771 5317 et
2817 5262 2983 5316 sacris
3019 5259 3333 5313 lectionibus
3361 5255 3642 5310 audiendis
3688 5271 3970 5312 vacemus.

2373 5355 2564 5411 Verum
2607 5357 2748 5409 enim
2801 5367 2928 5407 vero
2961 5367 3024 5405 ne
3058 5351 3108 5404 in
3145 5350 3310 5404 solam
3344 5347 3814 5418 reprehensionem
3846 5363 3972 5403 scr-

2369 5465 2580 5503 monem
2631 5446 3023 5515 impendamus,
3076 5458 3171 5514 age
3225 5441 3598 5498 salutationem
3631 5442 3818 5510 ipsam,
3848 5457 3974 5511 qua:

2367 5553 2761 5609 Supervacanea
2793 5537 3002 5589 videtur
3031 5549 3149 5588 esse
3192 5544 3351 5602 atque
3391 5531 3714 5600 importuna,
3765 5533 3816 5585 in
3850 5547 3971 5586 me-

2367 5632 2512 5684 dium
2557 5629 2906 5684 adducamus.
2960 5626 3014 5680 Si
3071 5625 3211 5680 enim
3265 5624 3583 5693 explicetur,
3647 5635 3700 5677 ct
3767 5624 3971 5680 utilitas

2368 5724 2701 5790 ostendatur,
2734 5736 2890 5793 quam
2919 5718 3056 5790 parit
3089 5718 3154 5776 iis
3196 5718 3283 5790 qui
3312 5718 3595 5790 diligenter
3616 5718 3967 5783 attenderint,
