4212 6290
209 380 307 461 ll"!
955 378 1022 435 IN
1066 379 1294 448 ILLUD,
1341 379 1713 437 SALUTATE
1754 381 2170 439 PIHSCILLAM
2209 384 2300 441 ET
2338 385 2675 455 AQUILAM.
2716 389 2757 443 1.

213 508 1919 540 mzz

1931 532 2345 544 ...ψ

1149 683 1541 747 SALUTATE
1577 685 2028 747 PRISCILLAM
2066 665 2164 748 ET
2194 688 2556 761 AQUlLAM.

208 847 416 914 buisse,
442 849 645 920 sicque
680 852 1001 922 appellasse.
1026 852 1083 907 in
1114 852 1267 909 hisce
1301 865 1466 923 porro
1496 851 1711 907 duabus
1744 850 1984 907 bomiliis
2015 852 2063 907 id
2109 854 2485 914 demonstrare
2533 860 2729 916 nititur
2769 862 3219 937 Cbrysostomus,
3254 871 3402 940 quod
3432 880 3488 926 et

210 959 335 1016 alibi
378 960 728 1033 frequenter,
760 964 1021 1020 nimirum
1076 964 1483 1035 inscriptiones.
1536 966 1762 1020 nomina
1806 967 2061 1036 propria,
2111 969 2490 1038 salutationes,
2534 973 2784 1046 aliasque
2832 984 3187 1048 quantumvis
3235 984 3495 1039 minimas

208 1083 507 1152 Scriptura
533 1098 713 1140 sacra:
736 1084 1053 1155 particulas,
1093 1100 1199 1141 non
1231 1099 1688 1157 supervacaneas,
1720 1086 1813 1141 sed
1841 1086 2127 1157 diligenter
2165 1089 2524 1146 excutiendas
2572 1106 2733 1147 esse:
2771 1107 2897 1149 cum
2948 1110 3080 1151 vero
3110 1096 3496 1167 inscriptiones

208 1207 259 1255 et
291 1200 520 1256 nomina
536 1212 938 1259 commemorat
957 1203 1114 1259 initio
1142 1204 1399 1260 secunda
1414 1204 1625 1270 dicens,
1643 1200 1791 1275 Ἆρα

1903 1204 2050 1260 ἱθετε
2082 1210 2178 1261 καὶ
2210 1208 2551 1279 ἐπιγραφάς,
2580 1211 2673 1263 καὶ
2702 1212 2967 1283 ὀνόματα,
3002 1216 3096 1268 καὶ
3130 1215 3293 1285 ψιλὰς
3332 1235 3492 1291 περι-

208 1316 543 1391 εργάζεσθαι
578 1320 936 1394 προσρήσεις,
980 1318 1126 1375 Num
1171 1321 1435 1377 didicistis
1486 1330 1540 1377 et
1586 1322 1803 1393 inscript

1905 1339 1980 1391 es,
2014 1334 2063 1379 et
2093 1326 2330 1395 nomina,
2363 1338 2411 1382 et
2436 1329 2704 1399 simplices
2736 1331 3089 1399 salutationes
3130 1332 3411 1405 diligenter
3437 1336 3492 1389 in

208 1431 503 1503 Scripturis
545 1436 900 1502 excutienda;
944 1452 1094 1505 eum,
1137 1437 1389 1511 inquam,
1433 1439 1843 1510 inscriptiones,
1891 1450 1945 1496 et
1992 1441 2239 1509 nomina,
2288 1443 2341 1500 id
2392 1454 2510 1511 est,
2548 1445 2770 1502 nomina
2816 1447 3035 1519 propria
3076 1462 3492 1517 commemorat,

209 1551 559 1611 subindicare
593 1569 819 1626 prorsus
852 1555 1065 1612 videtur
1098 1564 1335 1628 quatuor
1365 1556 1653 1626 Homilias,
1692 1574 1833 1630 quas
1864 1559 1933 1616 de
1966 1560 2324 1632 inscriptione
2357 1562 2591 1618 Actuum
2625 1565 2803 1636 deque
2829 1566 2953 1622 aliis
2984 1564 3285 1638 Scriptura:
3323 1583 3487 1626 sacra

212 1676 691 1747 inscriptionibus,
726 1692 938 1733 necnon
972 1688 1209 1750 quatuor
1230 1680 1371 1737 alias
1391 1696 1529 1753 quas
1550 1682 1619 1737 de
1651 1682 1991 1751 nominibus,
2022 1698 2087 1739 ac
2115 1685 2183 1740 de
2209 1687 2491 1741 nominum
2532 1687 2831 1742 mutatione
2871 1688 3173 1746 Antiochiae
3209 1690 3469 1746 habuerat

214 1786 364 1845 Unde
387 1789 560 1845 etiam
586 1793 799 1879 eruitur
823 1793 988 1851 hasce
1014 1795 1155 1853 duas
1181 1796 1439 1855 homilias
1467 1799 1778 1854 Antiochiae
1803 1800 2019 1856 habitas
2050 1801 2221 1858 fuisse
2252 1822 2265 1857 :
2302 1817 2452 1870 nam,
2492 1813 2552 1859 ut
2582 1805 2771 1876 liquet,
2804 1805 3057 1862 eumdem
3089 1808 3177 1863 ille
3204 1807 3490 1879 populum,

211 1904 299 1974 qui
326 1865 937 1966 memoratas‘audierat
966 1912 1247 1982 homilias,
1284 1916 1609 1988 alloquitur.

277 2018 489 2079 Prioris
530 2026 774 2083 bomilia:
810 2028 1187 2100 interpretatio
1228 2030 1421 2087 Latina
1453 2043 1535 2090 est
1565 2032 1860 2090 Frontonis
1892 2035 2091 2099 Ducati,
2128 2038 2445 2106 posterioris
2498 2055 2628 2095 vero
2670 2035 3006 2110 Sigismundi
3045 2040 3274 2109 Gelenii,
3325 2057 3490 2113 quam

215 2135 399 2194 multis
440 2138 497 2193 in
533 2139 677 2197 locis
705 2142 1115 2213 castigavimus.

228 2357 3467 2388 __.___._____________________________________________

1516 2449 1667 2568 ὼε]
1714 2504 1889 2590 ΕΙΣ
1942 2506 2092 2591 ΤΟ

775 2777 1203 2838 σ’Δσπάσασθε
1245 2779 1628 2851 Πρίσκιλλαν
1676 2777 1774 2832 καί
1824 2778 2130 2845 Ἀκύλαν,ι
2158 2777 2256 2834 καί
2310 2778 2380 2835 τὰ
2408 2778 2573 2849 ἑξῆς,
2601 2780 2783 2852 λόγος
2804 2790 2875 2837 a'.

267 3140 338 3192 α’.
360 3134 602 3201 Πολλοὺς
629 3134 785 3207 ὑμῶν
812 3132 965 3204 οίμαι
995 3134 1297 3207 θαυμάζειν
1325 3135 1419 3189 ἐπὶ
1445 3135 1543 3206 τὴν
1578 3151 1799 3206 περικο-

205 3220 309 3290 πὴν
339 3221 440 3293 τῆς
464 3220 837 3291 άποστολικῆς
862 3222 1226 3290 ἀναγνώσεως
1254 3220 1479 3291 ταύτης,
1518 3220 1720 3291 μᾶλλον
1740 3219 1798 3272 δέ

211 3304 480 3375 πάρεργον
504 3305 760 3373 ἡγεῖσθαι
777 3305 871 3358 καὶ
899 3304 1153 3375 περιττὸν
1180 3304 1341 3358 τοῦτο
1372 3305 1475 3375 τῆς
1506 3304 1797 3373 ἐπιστολῆς

202 3387 260 3439 τὸ
283 3387 470 3459 μέρος,
500 3387 589 3442 διά
615 3387 678 3443 τδ
709 3390 1041 3461 προσρήσεις
1079 3387 1222 3457 ἐχειν
1257 3388 1417 3459 μόνον
1438 3390 1682 3459 συνεχεῖς
1706 3387 1799 3441 καὶ

204 3471 565 3543 ἐπαλλήλους.
597 3473 689 3527 Διὸ
724 3472 789 3545 δὴ
822 3474 917 3526 καὶ
956 3472 1118 3539 αὐτὸς
1144 3471 1381 3543 ἑτέρωσε
1420 3473 1658 3543 τήμερον
1689 3470 1800 3541 ώρο

206 3554 466 3626 μημένος,
515 3556 760 3620 ἀποστάς
790 3555 1010 3627 ἐκείνης
1048 3555 1148 3626 τῆς
1193 3554 1527 3619 ὑποθέσεως,
1558 3557 1636 3619 είς
1669 3554 1799 3609 ταύ-

202 3653 298 3708 την
327 3638 581 3694 καθεῖναι
627 3639 1148 3711 παρασκευάζομαι,
1178 3636 1265 3690 ἵνα
1306 3636 1540 3709 μάθητε,
1578 3638 1660 3691 ὅτι
1689 3636 1799 3690 τῶν

205 3718 358 3775 θείων
397 3721 634 3795 Γραφῶν
661 3722 815 3776 οὐδὲν
850 3721 1127 3793 περιττὸν,
1150 3719 1304 3773 οὐδὲν
1344 3719 1624 3790 πάρεργόν
1658 3722 1795 3784 ἐστι,

203 3807 302 3861 κᾶν
336 3807 472 3862 ίῶτα
493 3808 572 3875 ἐν,
606 3808 708 3863 κᾶν
742 3808 841 3879 μία
875 3807 1075 3878 κεραία
1104 3804 1161 3881 ᾖ,
1186 3805 1321 3861 ἀλλά
1350 3806 1445 3860 καὶ
1470 3805 1599 3877 ψιλὴ
1629 3806 1799 3877 πρόσ-

206 3906 358 3959 ρησις
384 3891 526 3945 πολὺ
557 3890 795 3959 πέλαγος
837 3893 972 3962 ἡμῖν
1006 3889 1214 3958 ἀνοίγει
1246 3890 1556 3960 νοημάτων.
1592 3890 1704 3943 Kal
1745 3888 1798 3957 τί

202 3972 358 4043 λέγω,
393 3974 530 4045 ψιλὴ
559 3974 903 4047 πρόσρησιςς
934 3972 1203 4038 Πολλάκις
1230 3972 1321 4027 καὶ
1362 3972 1481 4037 ἐνὸς
1532 3975 1797 4043 στοιχείου

206 4056 489 4128 προσθήκη
524 4056 822 4127 ὀλόκληρον
877 4057 1167 4127 νοημάτων
1223 4057 1488 4125 είσήγαγε
1546 4054 1797 4125 δύναμιν.

206 4135 305 4192 Καὶ
347 4140 514 4193 τοῦτο
552 4138 646 4192 ἐπὶ
673 4138 771 4211 τῆς
804 4138 897 4192 τοῦ
944 4139 1195 4211 Ἀϐραὰμ
1240 4138 1617 4209 προσηγορίας
1651 4137 1799 4191 ἔστιν

204 4223 349 4277 ἰδεῖν.
379 4224 509 4288 Πῶς
544 4224 655 4295 γάρ
692 4224 792 4277 οὐκ
819 4222 1021 4277 ἄτοπον
1074 4223 1227 4295 παρὰ
1261 4222 1419 4293 φίλου
1453 4224 1550 4293 μέν
1578 4227 1795 4275 ἐπιστο-

204 4304 294 4377 λὴν
327 4300 639 4378 δεχόμενον,
679 4307 755 4379 μὴ
782 4307 842 4360 τὺ
884 4308 1042 4378 σῶμα
1078 4307 1179 4377 τῆς
1211 4306 1504 4375 ἐπιστολῆς
1532 4304 1800 4374 ἀναγινώ-

206 4404 349 4441 σκειν
380 4391 564 4460 μόνον,
596 4390 732 4450 ἀλλά
757 4392 850 4444 καὶ
872 4392 973 4460 τὴν
1000 4390 1151 4443 κάτω
1174 4388 1435 4459 κειμένην
1469 4389 1795 4461 πρόσρησιν,

206 4475 456 4528 κάκεῖθεν
498 4474 735 4546 μάλιστα
767 4473 1127 4546 στοχάζεσθαι
1178 4474 1280 4543 τὴν
1322 4473 1417 4527 τοῦ
1458 4474 1801 4544 γεγραφότος

204 4558 459 4620 διάθεσιν,
514 4559 727 4613 Παύλου
780 4560 837 4613 δέ
878 4560 1202 4629 γράφοντος,
1258 4556 1459 4627 μᾶλλον
1495 4556 1552 4611 δὲ
1593 4556 1653 4609 ού
1702 4555 1798 4608 τοῦ

207 4642 438 4707 Παύλου,
475 4642 614 4696 ἀλλά
651 4643 753 4713 τῆς
780 4644 873 4696 τοῦ
909 4643 1230 4714 Πνεύματος
1283 4641 1506 4712 χάριτος
1543 4640 1643 4711 τὴν
1679 4641 1801 4691 ἐπι-

209 4725 397 4797 στολὴν
455 4726 907 4797 ὐπαγορευούσης
966 4726 1247 4798 ὁλοκλήρῳ
1288 4726 1443 4779 πόλει
1507 4725 1600 4777 xal
1642 4724 1801 4794 δήμῳ

206 4810 463 4880 τοσούτῳ,
497 4813 593 4865 καὶ
625 4810 693 4863 δι’
722 4810 947 4865 ἐκείνων
994 4813 1060 4881 τῇ
1104 4811 1400 4881 οἰκουμένῃ
1431 4808 1605 4880 πάσῃ,
1642 4806 1800 4878 νομί-

208 4890 317 4957 ζειν
341 4894 601 4962 περιττόν
628 4911 683 4946 τι
713 4889 853 4948 εἶναι
909 4893 1019 4947 τῶν
1066 4893 1425 4963 ἐγκειμένων,
1480 4892 1576 4944 καὶ
1625 4908 1802 4959 παρα-

212 4975 419 5045 τρέχειν
454 4976 663 5041 ἀπλῶς,
705 4977 802 5030 καὶ
835 4979 909 5046 μὴ
949 4979 1171 5040 ἐννοεῖν,
1207 4977 1289 5029 ὅτι
1319 4974 1491 5029 ταῦτα
1525 4974 1703 5028 πάντα
1732 4972 1803 5027 τά

211 5060 315 5111 ἄνω
344 5061 498 5114 κάτω
535 5060 843 5132 πεποίηκε;
874 5060 1046 5113 Τοῦτο
1076 5060 1183 5130 γάρ
1218 5062 1356 5123 ἐστι,
1398 5058 1579 5124 τοῦτο,
1609 5058 1639 5111 ὃ
1672 5058 1801 5111 πολ-

212 5141 302 5210 λῆς
334 5142 615 5220 ῥᾳθυμίας
663 5144 820 5215 ἡμᾶς
853 5143 1142 5215 ἐνέπλησε,
1173 5142 1234 5195 τὸ
1275 5142 1349 5214 μὴ
1376 5141 1555 5204 πάσας
1588 5141 1802 5194 ἐπιέναι

212 5226 301 5291 τὰς
326 5229 571 5301 Γραφέκ,
605 5229 720 5283 ἀλλ’
753 5231 789 5283 ἃ
821 5229 1114 5300 νομίζομεν
1143 5225 1289 5281 εἶναι.
1310 5226 1639 5295 σαφέστερα,
1668 5225 1802 5278 ταῦ-

213 5328 276 5364 τα
308 5314 723 5385 ἐκλεγομένους,
750 5314 858 5367 τῶν
886 5314 1062 5367 ἄλλων
1094 5312 1297 5383 μηδένα
1324 5308 1595 5363 ποιεῖσθαι
1618 5307 1797 5375 λόγον,

214 5395 377 5450 Τοῦτο
409 5400 504 5451 καὶ
545 5398 647 5462 τάς
694 5400 934 5469 αἱρέσεις
984 5399 1267 5467 εἰσήγαγε,
1297 5395 1358 5449 τὸ
1398 5394 1471 5464 μὴ
1516 5390 1803 5462 βούλεσθαι

220 5481 355 5533 Eum
380 5481 594 5535 ἐπιέναι
622 5481 684 5535 τὸ
711 5481 891 5553 σῶμα,
925 5484 986 5536 τὸ
1016 5480 1257 5551 νομίζειν
1295 5473 1435 5532 εἷναί
1463 5495 1515 5528 τι
1550 5476 1803 5547 περιττὸν

222 5565 308 5616 καὶ
349 5566 646 5636 πάρεργον.
682 5566 781 5620 Διά
808 5567 967 5620 τοῦτο
1013 5567 1081 5619 τά
1117 5566 1214 5637 μὲν
1248 5564 1381 5620 ἄλλα
1414 5562 1629 5616 ἅπαντα
1669 5561 1803 5631 ἡμῖν

220 5646 651 5713 δ·.εσπούδασται,
678 5650 801 5721 οὐχὶ
832 5652 901 5703 τά
946 5649 1177 5722 περιττὰ
1223 5648 1404 5719 μόνον,
1434 5644 1571 5699 ἀλλὰ
1610 5644 1704 5696 καὶ
1730 5642 1798 5695 τά

218 5730 441 5803 ἂνὸνητα
470 5733 565 5787 καὶ
614 5732 885 5803 βλαϐερά·
917 5734 1026 5787 τῶν
1074 5733 1307 5805 Γραφῶν
1340 5730 1397 5784 δὲ
1451 5731 1485 5801 ἡ
1535 5730 1800 5801 ἐμπειρία

180 5826 185 5833 ’
224 5813 477 5888 ἠμέληται
513 5817 606 5871 καὶ
640 5817 963 5889 παρῶπται·
999 5818 1095 5871 καὶ
1122 5818 1171 5872 οἱ
1206 5819 1304 5890 μὲν
1350 5816 1487 5887 πρὸς
1528 5813 1625 5886 τὴν
1666 5813 1799 5867 θεω-

520 5913 796 5983 Panos.
828 5914 949 5979 Gn.
994 5915 1093 5977 LI.

1904 3134 2027 3205 ρίαν
2053 3134 2155 3206 τῆς
2194 3132 2304 3187 τῶν
2338 3133 2520 3190 ἵππων
2567 3138 2802 3211 ἁμίλλης
2856 3137 3205 3210 ἐπτοημένοι,
3253 3140 3348 3192 καὶ
3386 3139 3505 3194 όνό-

1906 3234 2071 3286 ματα,
2096 3218 2191 3271 καὶ
2220 3218 2447 3290 ἀγέλην,
2495 3222 2590 3275 καὶ
2614 3222 2793 3291 γένος,
2818 3224 2914 3276 καὶ
2942 3221 3199 3292 πατρίδα,
3238 3224 3333 3276 καὶ
3367 3226 3504 3279 ἀνα-

1899 3300 2107 3372 τροφὴν
2146 3300 2257 3354 τῶν
2291 3301 2473 3356 ἵππων
2520 3303 2737 3375 ἔχουσιν
2796 3307 2972 3359 εἰπεῖν
3028 3309 3171 3376 μετά
3212 3305 3505 3378 ἀκριϐείας

1903 3384 2142 3455 ἀπάσης,
2169 3384 2263 3437 καὶ
2293 3384 2387 3455 ἐτη
2419 3386 2585 3458 ζωῆς,
2635 3388 2734 3441 καὶ
2778 3388 3063 3457 ἐνεργείας
3117 3388 3357 3461 δρόμων,
3410 3391 3503 3445 καὶ

1900 3469 1986 3531 τίς
2035 3467 2142 3521 τίνι
2195 3470 2623 3541 συνταττόμενος
2665 3472 2766 3544 τὴν
2800 3472 2959 3542 νίκην
3016 3474 3351 3544 ἀρπάσεται,
3407 3475 3504 3528 καὶ

1902 3555 2055 3617 ποῖος
2104 3553 2271 3617 ἵππος
2313 3554 2379 3607 ἐκ
2424 3554 2585 3620 ποίας
2637 3556 2863 3625 ἀφεθεὶς
2912 3556 3183 3626 βαλϐῖδος,
3239 3558 3336 3609 καὶ
3380 3558 3508 3612 τίνα

1902 3636 2041 3707 ἔχων
2072 3637 2307 3707 ἡνίοχον,
2342 3639 2629 3710 περιέσται
2656 3640 2749 3693 τοῦ
2766 3640 2995 3711 δρόμου,
3014 3641 3110 3695 καὶ
3131 3642 3223 3693 τὸν
3253 3642 3504 3712 ἀντίτεχ-

1900 3741 1991 3778 νον
2025 3722 2492 3795 παραδραμεῖται.
2542 3724 2655 3778 Kal
2692 3725 2742 3777 οί
2791 3725 2921 3796 περὶ
2953 3724 3052 3795 τὴν
3086 3726 3401 3796 ὀρχήστραν
3447 3726 3504 3780 δέ

1900 3805 2281 3877 ἐσχολακότες,
2314 3806 2415 3858 οὐκ
2464 3806 2672 3859 ἐλάττω
2717 3806 2943 3871 τούτων,
2987 3807 3125 3862 ἀλλά
3182 3808 3278 3861 καὶ
3333 3807 3504 3862 πλείω

1904 3891 2099 3960 μανίαν
2122 3887 2274 3961 [175]
2298 3889 2428 3961 περὶ
2453 3888 2581 3953 τοὺς
2607 3892 2666 3943 ἐν
2692 3891 2806 3954 τοῖς
2839 3890 3091 3961 θεάτροις
3126 3890 3505 3962 ἀσχημονοῦν-

1899 3993 1998 4039 τας
2021 3974 2444 4037 ἐπιδείκνυνται,
2484 3975 2687 4044 μίμους
2713 3974 2860 4042 λέγω
2884 3975 2981 4030 καὶ
3013 3974 3371 4047 ὀρχηστρίας,
3410 3974 3506 4027 καὶ

1900 4060 2056 4127 γένος
2086 4057 2289 4121 αὐτῶν,
2330 4056 2425 4111 καὶ
2460 4058 2718 4128 πατρίδα,
2770 4060 2866 4111 καὶ
2909 4058 3249 4129 ἀνατροφὴν,
3285 4055 3380 4111 καὶ
3436 4056 3505 4111 τά

1900 4141 2039 4195 ἀλλα
2082 4141 2261 4195 πάντα
2316 4140 2745 4209 καταλέγοντεςο
2804 4142 2968 4212 ἡμεῖς
3021 4141 3080 4193 δέ
3131 4138 3502 4211 ἐρωτώμενοι,

1900 4226 2117 4286 ὁπόσαι,
2141 4226 2234 4278 καὶ
2259 4225 2405 4288 τίνες
2440 4227 2577 4278 εἰσὶν
2599 4226 2655 4278 al
2685 4225 2903 4280 Παύλου
2932 4224 3237 4289 ἐπιστολαὶ,
3266 4225 3387 4278 ούδέ
3412 4224 3505 4277 τὸν

1902 4307 2135 4380 ἀριθμὸν
2171 4307 2328 4377 ίσμεν
2367 4309 2561 4361 εἰπεῖν.
2599 4309 2663 4362 El
2708 4309 2765 4361 δέ
2803 4325 2950 4372 τινες
2980 4309 3075 4362 καὶ
3110 4303 3221 4361 εἷεν
3262 4307 3353 4361 τὸν
3383 4309 3503 4377 ἀοι-

1906 4390 2041 4461 θμδν
2077 4391 2453 4459 ἐπιστάμενοι,
2486 4390 2621 4444 ἀλλὰ
2652 4391 2750 4455 τὰς
2779 4390 2980 4454 πόλεις,
3017 4391 3073 4444 αἱ
3092 4390 3189 4453 τάς
3212 4389 3511 4453 ἐπιστολὰς

1904 4474 2171 4540 ἐδέξαντο,
2222 4474 2429 4537 ταύτας
2484 4472 2831 4545 ἐρωτώμενοι
2866 4474 3189 4547 διαποροῦσι
3236 4475 3374 4547 πρὸς
3404 4474 3505 4545 τὴν

1904 4557 2193 4629 ἐρώτησιν.
2221 4559 2332 4610 Kal
2353 4557 2639 4629 ἄνθρωπος
2666 4559 2765 4629 μὲν
2798 4556 3053 4628 εὐνοῦχος
3080 4558 3174 4612 καὶ
3204 4557 3502 4631 βάρϐαρος,

1906 4642 2134 4714 μυρίαις
2169 4641 2448 4713 φροντίσιν
2482 4641 2587 4695 ὑπὸ
2622 4642 2847 4713 μυρίων
2898 4641 3193 4713 ἑλκόμενος
3240 4642 3506 4713 πραγμά-

1902 4742 2032 4790 των,
2071 4725 2214 4778 οὖτω
2248 4725 2571 4797 προσέκειτο
2626 4724 2870 4794 βιϐλίοις,
2908 4724 2984 4788 ὼς
3032 4726 3166 4797 μηδὲ
3214 4726 3355 4781 κατὰ
3410 4726 3505 4780 τὸν

1904 4806 2098 4877 καιρὸν
2131 4809 2228 4878 τῆς
2262 4808 2574 4877 ὁδοιπορίας
2607 4806 2924 4878 ἡσυχάζειν,
2964 4809 3080 4862 ἀλλ’
3113 4811 3202 4863 ἐπ’
3224 4811 3505 4880 ὀχήματος

1904 4892 2238 4961 καθήμενος,
2276 4890 2559 4959 ἐγκεῖσθαι
2592 4890 2731 4959 μετά
2759 4891 2964 4960 πολλῆς
2990 4893 3090 4963 τῆς
3115 4894 3407 4963 ἀκριϐείας
3433 4897 3504 4967 τῇ

1903 4974 2016 5027 τῶν
2038 4974 2199 5027 θείων
2230 4974 2463 5046 Γραφῶν
2492 4974 2799 5042 ἀναγνώσει
2823 4992 2835 5004 ’
2870 4978 3033 5044 ἡμεῖς
3058 4976 3114 5029 δέ
3139 4976 3262 5029 ούδέ
3285 4977 3347 5029 τὸ
3375 4978 3507 5029 πολ-

1904 5057 2094 5109 λοστὸν
2134 5056 2300 5128 μέρος
2346 5058 2445 5123 τῆς
2474 5057 2734 5127 ἀσχολίας
2757 5058 2974 5128 ἔχοντες
2991 5060 3091 5128 τῆς
3131 5060 3367 5125 ἐκείνου,
3410 5062 3507 5113 καὶ

1906 5142 2044 5212 πρὸς
2094 5141 2163 5194 τά
2207 5143 2449 5211 ὀνόματα
2485 5142 2595 5195 τῶν
2649 5142 2956 5196 ἐπιστολῶν
3008 5142 3353 5213 ξενιζόμεθα,
3409 5146 3507 5199 καὶ

1904 5224 2078 5278 ταῦτα
2108 5224 2227 5277 καθ’
2250 5224 2488 5295 ἑκάστην
2516 5225 2788 5295 κυριακὴν
2816 5225 3053 5279 ἐνταῦθα
3093 5226 3504 5297 συλλεγόμενοι,

1906 5308 1999 5361 καὶ
2029 5308 2180 5372 θείας
2208 5307 2575 5371 ἀπολαύοντες
2603 5310 2943 5379 ἀκροάσεως.
2995 5310 3157 5365 Ἀλλά
3174 5312 3284 5382 γὰρ
3311 5311 3398 5364 ἴνα
3428 5312 3506 5382 μὴ

1909 5390 2069 5461 μόνον
2112 5393 2190 5453 είς
2220 5391 2542 5460 ἐπιτίμησιν
2576 5390 2666 5443 τὸν
2717 5391 2875 5461 λόγον
2924 5392 3318 5465 ἀναλώσωμεν,
3345 5394 3506 5463 φέρε,
3588 5440 3595 5445 .

1905 5474 2005 5545 τὴν
2038 5475 2342 5545 πρόσρησιν
2374 5474 2543 5546 αὐτὴν
2587 5475 2685 5546 τὴν
2734 5475 2999 5533 δοκοῦσαν
3053 5476 3192 5533 εἶναι
3240 5478 3509 5549 περιττὴν

1908 5562 2001 5613 καὶ
2035 5558 2408 5630 παρενοχλεῖν,
2445 5562 2524 5624 είς
2552 5562 2716 5631 μέσον
2760 5562 3079 5634 ἀγάγωμεν.
3128 5563 3503 5617 ’Δναπτυσσο-

1911 5644 2081 5714 μένης
2119 5642 2228 5713 γάρ
2261 5643 2432 5713 αὐτῆς
2471 5644 2566 5697 καὶ
2600 5644 2955 5715 δεικνυμένου
2980 5645 3075 5699 τοῦ
3122 5645 3350 5717 κέρδους
3379 5648 3508 5701 ὅσον

1904 5728 2135 5797 παρέχει
2164 5730 2278 5790 τοῖς
2308 5728 2669 5801 προσέχουσιν
2700 5729 2839 5801 αὐτῇ
2870 5730 3007 5800 μετά
3040 5729 3347 5802 ἀκριϐείας,
3384 5732 3507 5787 dte

1908 5810 2111 5882 μείζων
2143 5809 2294 5864 ἔσται
2324 5812 2629 5885 κατηγορία
2654 5813 2769 5877 τοῖς
2797 5812 3060 5878 ἀμελοῦσι
3087 5813 3361 5868 τοσούτων
3409 5808 3509 5879 θηο

3086 5912 3163 5973 12
