4212 6290
209 417 311 478 189

205 543 323 588 tum
370 527 544 603 majus
584 543 774 586 eorum
830 527 1033 585 crimen
1078 526 1358 597 apparebit
1402 532 1455 579 et
1500 522 1692 593 culpa,
1733 522 1824 589 qui

208 634 393 683 uates
412 634 770 681 contemnunt
800 623 1102 687 thesauros,
1126 632 1177 675 et
1202 620 1508 692 spirituzlles
1532 633 1561 672 e
1581 614 1828 671 manibus

206 733 351 788 opes
369 718 651 787 abjiciunt.
679 717 935 786 Quaenam
962 715 1120 785 igitur
1148 724 1230 768 est
1259 711 1539 766 salutatio?
1570 708 1826 770 Salutate,

209 812 413 883 inquit,
447 794 741 865 Priscillam
766 820 811 863 et
833 808 1065 875 Aquilam
1086 807 1344 875 adjutores
1372 820 1508 859 meos
1533 803 1585 855 in
1614 801 1830 855 Domino

211 904 415 972 (Rom.
442 902 528 958 16.
578 900 676 972 3).
720 900 907 955 Nonne
963 900 1173 953 videtur
1222 896 1360 951 nuda
1408 894 1651 965 quattlam
1709 906 1832 947 esse

211 993 507 1055 minutio,
562 1008 738 1061 neque
786 990 1074 1062 quidquam
1119 1004 1370 1060 magnum
1432 997 1525 1041 aut
1571 984 1829 1040 eximium

211 1084 378 1138 nobis
403 1082 679 1139 indicare?
705 1084 817 1153 Age
860 1082 1018 1153 igitur
1064 1082 1115 1136 in
1140 1096 1257 1136 eam
1286 1079 1457 1133 solam
1492 1086 1655 1132 totam
1693 1075 1831 1129 hanc

212 1174 730 1228 sermocinationem
762 1172 1175 1243 impendamus:
1208 1172 1317 1226 imo
1374 1184 1505 1225 vero
1560 1184 1626 1223 ne
1673 1166 1833 1222 hodie

212 1264 441 1335 quidem
484 1265 782 1334 poterimus
812 1262 963 1317 vobis
993 1262 1260 1317 involutas
1288 1260 1496 1331 exiguis
1534 1259 1653 1314 istis
1681 1258 1832 1313 voci-

215 1357 623 1427 hos-explicare
645 1357 961 1418 sententias.
987 1355 1081 1412 sed
1116 1356 1168 1409 in
1198 1355 1431 1410 alterum
1473 1353 1615 1410 diem
1648 1369 1831 1409 reser-

214 1464 353 1504 Vare
380 1450 533 1506 vobis
559 1464 783 1504 necesse
810 1459 891 1504 est
912 1448 1423 1520 contemplationum
1450 1447 1689 1516 copiam,
1715 1460 1835 1515 qua:

215 1560 285 1601 es
321 1546 480 1616 hujus
516 1547 722 1616 exigua:
752 1544 1089 1600 salutationis
1136 1542 1570 1598 consideratione
1612 1555 1837 1595 nascen-

217 1648 333 1693 tur.
359 1638 543 1708 Neque
560 1640 704 1692 enim
729 1648 891 1692 totam
918 1637 1060 1691 illam
1106 1649 1359 1690 enarrare
1381 1634 1562 1696 statui,
1592 1632 1685 1686 sed
1718 1646 1832 1699 par-

221 1740 337 1786 tem
360 1731 477 1801 ejus
507 1742 563 1785 et
595 1731 802 1785 initium
836 1741 995 1800 atque
1023 1728 1304 1784 exordium
1329 1736 1537 1781 tantum
1565 1742 1578 1777 :
1605 1722 1841 1779 Salutate

228 1821 528 1878 Priscillam
558 1833 606 1877 et
640 1822 900 1892 Aquilam.

298 1914 354 1969 2.
377 1916 505 1983 Qua:
522 1916 572 1969 in
591 1915 685 1968 hac
698 1916 1001 1969 salutatione
1013 1922 1131 1967 sunt
1146 1911 1537 1967 consideranda.
1559 1908 1659 1981 Opi
1662 1910 1780 1980 lices
1794 1918 1839 1963 et

224 2024 480 2078 pauperes
493 2006 681 2061 salutat
704 2004 1177 2060 Paulus.-—Primo
1189 2003 1403 2074 quidem
1425 2002 1571 2058 Pauli
1591 2002 1838 2056 virtutem

220 2101 560 2156 admiremur
572 2108 800 2169 oportet,
822 2098 961 2168 quod
986 2114 1109 2153 cum
1129 2097 1199 2151 illi
1222 2098 1383 2152 totius
1401 2096 1546 2151 orbis
1576 2103 1840 2151 terrarum

222 2202 375 2247 eSset
390 2205 515 2247 cura
529 2189 836 2247 commissa.
858 2197 915 2243 et
927 2193 1654 2256 terram,mare,cuncmsque
1666 2186 1843 2241 civita-

221 2297 445 2355 tesquze
466 2284 565 2343 sub
582 2283 716 2339 ctelo
734 2294 876 2347 sunt,
892 2291 945 2337 et
962 2282 1219 2337 barbaros
1234 2289 1287 2337 ct
1316 2280 1554 2341 Grzecos,
1574 2288 1625 2334 et
1652 2288 1729 2334 tot
1751 2294 1845 2349 po-

224 2378 390 2448 pulos
411 2392 591 2433 secum
620 2376 1010 2439 circumferret,
1034 2373 1171 2430 adeo
1195 2373 1262 2429 de
1280 2375 1394 2427 viro
1419 2390 1523 2427 into
1546 2372 1720 2444 deque
1738 2389 1841 2427 una

228 2469 462 2521 muliere
490 2467 752 2523 s-liicitus
780 2476 961 2533 esset;
1020 2465 1259 2521 secundo
1303 2465 1406 2521 hoc
1458 2466 1585 2521 item
1638 2465 1841 2519 miran-

224 2560 385 2624 dum,
409 2575 567 2630 quam
592 2559 826 2629 vigilanti
852 2574 915 2615 ac
934 2558 1169 2614 sollicito
1196 2567 1338 2614 esset
1361 2560 1541 2613 animo
1563 2558 1838 2628 prmditus,

226 2652 325 2720 qui
356 2651 723 2706 non‘btnnium
764 2651 922 2705 simul
947 2659 1174 2717 tantum,
1208 2651 1301 2707 sed
1353 2660 1409 2707 et
1458 2651 1701 2720 privatim
1729 2651 1844 2706 sin-

227 2742 480 2812 gulorum
513 2758 578 2798 ex
598 2741 782 2812 probis
809 2750 864 2797 et
890 2742 1101 2797 eximiis
1132 2742 1525 2796 recordamur.
1552 2741 1670 2796 Jam
1701 2742 1841 2793 enim

231 2836 497 2904 pm‘sules
528 2834 890 2889 Ecclesiarum
943 2834 993 2889 id
1046 2850 1206 2905 agere
1260 2834 1389 2889 nihil
1445 2850 1576 2889 sane
1627 2834 1842 2897 mirum,

228 2944 363 2984 cum
418 2939 471 2983 et
502 2929 763 2983 tumultus
804 2928 876 2982 illi
923 2928 1091 2983 sedati
1142 2928 1269 2994 sint,
1320 2938 1374 2982 et
1422 2927 1579 2983 unius
1617 2928 1847 2982 civitatis

232 3031 445 3075 tantum
473 3036 657 3076 caram
685 3020 1021 3089 susceperint
1056 3040 1066 3073 :
1100 3029 1209 3075 ttttn
1256 3037 1383 3073 vero
1426 3037 1529 3073 non
1582 3021 1849 3092 periculo-

231 3131 360 3169 rum
389 3123 590 3169 tautum
615 3113 945 3182 magnitudo,
994 3114 1089 3168 sed
1136 3125 1190 3169 et
1244 3114 1450 3168 itineris
1482 3112 1846 3182 intercapedo,

233 3219 291 3264 et
341 3204 639 3265 multitudo
668 3223 941 3273 cut-arum,
989 3216 1041 3261 et
1066 3208 1302 3262 continui
1338 3206 1550 3271 ﬂuctus,
1598 3206 1848 3277 quodque

231 3318 345 3353 non
377 3316 588 3370 semper
632 3301 773 3369 apud
804 3316 996 3355 omnes
1045 3300 1257 3355 assidue
1310 3310 1631 3363 moraretur,
1688 3309 1848 3370 atque

228 3393 340 3446 alia
390 3396 536 3461 plura
584 3401 833 3462 poterant
876 3393 1038 3446 etiam
1094 3392 1249 3447 valde
1303 3407 1458 3447 caros
1512 3408 1543 3446 e
1589 3393 1847 3447 memoria

230 3495 511 3539 excutere.
575 3483 956 3539 Verumtamen
998 3484 1097 3539 hos
1161 3500 1265 3538 non
1307 3492 1679 3539 excusserunt.
1730 3483 1849 3551 Quo

235 3574 457 3629 tandem
493 3584 646 3643 tacto
687 3592 793 3630 non
820 3576 1031 3631 excussi
1073 3577 1233 3631 sunt?
1274 3575 1357 3631 Ob
1387 3576 1533 3630 Pauli
1569 3577 1847 3647 magnani-

238 3667 485 3721 mitatem
517 3683 579 3722 ac
625 3667 885 3722 fervidam
931 3669 1306 3740 sinceramque
1335 3670 1499 3740 ipsius
1548 3671 1847 3725 caritatem.

233 3758 334 3815 Sic
360 3760 501 3815 enim
526 3761 689 3832 menti
719 3762 835 3830 ejus
884 3762 1237 3828 inhterebant,
1268 3774 1324 3818 ut
1348 3773 1401 3820 et
1448 3764 1500 3818 in
1532 3764 1699 3819 literis
1724 3778 1847 3818 crc-

238 3854 395 3905 bram
422 3867 609 3907 eorum
639 3852 823 3907 fecerit
869 3855 1218 3908 mentionem.
1251 3854 1356 3910 Sed
1401 3855 1677 3910 videamus
1728 3857 1844 3926 qui-

238 3959 369 3997 nam
392 3942 787 4014 iiquualesque
815 3945 1029 4001 tandem
1072 3955 1274 4011 essent,
1329 3948 1416 4017 qui
1450 3948 1673 4003 Paulum
1716 3947 1850 4002 adeo

236 4035 346 4090 sibi
370 4036 755 4105 manciparant,
808 4048 862 4093 et
899 4039 963 4093 ad
997 4055 1235 4095 amorem
1294 4057 1449 4097 suum
1496 4044 1846 4112 pellexerant.

238 4124 381 4181 Num
415 4124 641 4183 fortasse
686 4131 933 4185 consules
980 4132 1140 4201 aliqui
1194 4132 1274 4188 vel
1334 4134 1571 4203 magistri
1620 4136 1848 4191 militum

235 4226 398 4274 erant
423 4226 475 4272 et
504 4218 764 4287 praefeCti,
794 4222 879 4276 vel
911 4224 961 4276 in
985 4224 1160 4293 aliqua
1191 4224 1385 4279 illustri
1415 4224 1673 4295 dignitate
1713 4242 1847 4281 con.

238 4307 436 4373 stituti,
483 4309 565 4363 vel
605 4310 795 4380 opibus
845 4312 1295 4379 circumﬂuentes,
1354 4316 1551 4384 quique
1580 4318 1848 4373 civitati-tn

236 4400 530 4473 regerent?
555 4402 697 4458 Nihil
732 4403 835 4460 tale
876 4414 1051 4474 potest
1082 4405 1284 4471 afferri,
1322 4408 1416 4462 sed
1460 4411 1617 4477 plane
1639 4419 1848 4467 contra-

236 4493 418 4559 rium,
472 4508 735 4564 pauperes
786 4504 839 4550 et
891 4496 1070 4565 egeni,
1125 4496 1324 4567 quique
1380 4517 1544 4568 opere
1596 4517 1847 4558 ntauuum

236 4584 441 4640 victum
468 4595 792 4656 qumrerent.
827 4587 991 4641 Erant
1014 4589 1187 4655 enim,
1208 4588 1399 4660 inquit,
1448 4596 1851 4651 scenofactotie

235 4678 553 4748 artis(Act.
610 4679 696 4735 18.
728 4679 1045 4750 3):neque
1093 4682 1313 4737 Paulum
1365 4685 1615 4753 pudebat,
1678 4703 1851 4755 neque

234 4771 638 4841 augustissima:
664 4775 866 4830 civitati
894 4777 1199 4846 populoque
1227 4778 1508 4842 magnifice
1533 4780 1599 4833 de
1629 4794 1687 4835 se
1725 4796 1851 4835 sen-

238 4862 395 4917 tienti
428 4863 625 4933 probro
650 4878 774 4919 esse
795 4865 1047 4931 ducebat,
1095 4866 1139 4919 si
1190 4867 1414 4936 opiﬁces
1460 4870 1582 4926 illos
1630 4872 1849 4926 saluuii

228 4950 472 5023 iuberet.
519 4969 696 5023 neque
732 4954 1081 5025 ignominiam
1138 4958 1243 5013 illis
1288 4960 1511 5015 conflari
1566 4978 1631 5016 ex
1664 4977 1759 5019 sua
1796 4965 1848 5019 in

232 5046 365 5101 illos
388 5048 625 5102 amicitia
649 5050 867 5118 putabat
897 5068 911 5103 :
942 5050 1019 5104 sic
1043 5066 1237 5108 omnes
1264 5063 1373 5107 tum
1417 5060 1676 5129 temporis
1719 5074 1847 5113 eru-

229 5136 454 5207 diant,
506 5149 565 5195 ut
614 5139 683 5196 de
725 5156 786 5197 se
826 5142 1071 5199 modeste
1126 5144 1511 5217 moderateque
1564 5153 1847 5207 sentirent.

230 5231 399 5301 Atqui
432 5246 532 5287 nos
556 5247 702 5304 sape
721 5235 764 5289 si
795 5237 1123 5307 propinquos
1150 5238 1309 5307 paulo
1331 5241 1590 5296 tenuioris
1621 5240 1849 5300 fortunae

229 5322 575 5387 habeamus.
622 5325 693 5379 ah
747 5325 967 5380 illorum
1034 5328 1396 5385 familiaritate
1451 5332 1847 5399 abhorremus,

228 5414 502 5487 uobisque
532 5416 729 5487 probro
757 5417 1034 5483 ducimus,
1095 5423 1138 5476 si
1193 5421 1407 5492 quando
1462 5424 1673 5480 illorum
1722 5442 1848 5495 pro-

233 5505 425 5575 pinqui
456 5508 957 5577 deprehendamur;
986 5510 1183 5566 Paulus
1210 5528 1338 5569 vero
1384 5530 1489 5570 non
1521 5516 1612 5581 ita,
1642 5518 1734 5571 sed
1785 5535 1847 5574 ca

231 5610 297 5652 re
341 5612 557 5670 quoque
596 5602 889 5672 gloriatur,
950 5619 1049 5659 nec
1097 5606 1407 5663 hominibus
1447 5617 1651 5665 tantum
1708 5612 1849 5669 illius

231 5690 434 5756 etatis,
463 5692 557 5748 sed
590 5692 752 5749 etiam
794 5695 1045 5752 omnibus
1072 5700 1301 5767 posteris
1326 5704 1533 5756 curavit
1583 5718 1643 5757 ut
1687 5703 1831 5759 iuno.

233 5791 490 5851 maceret,
548 5785 690 5846 inter
734 5786 903 5857 ipsius
944 5789 1149 5843 amicos
1200 5789 1321 5846 illos
1374 5793 1845 5851 tabernaculorum

228 5872 458 5942 opilio“
492 5876 697 5948 primos
724 5876 907 5936 fuisse.
951 5879 1135 5953 Neque
1179 5883 1307 5939 mihi
1349 5886 1623 5957 quisquam
1676 5887 1842 5955 dicat,

1038 407 1102 468 IN
1138 410 1361 475 ILLUD,
1402 400 1773 465 SALUTATE
1814 395 2224 459 PRISCILLAM
2267 400 2355 459 ET
2396 401 2729 473 AQUILAM.
2774 404 2815 461 Ι.

3434 404 3537 466 490

1937 515 2073 583 Quid
2104 532 2232 571 vero
2265 532 2517 586 magnum
2556 519 2840 586 mirumve,
2873 516 2919 575 si
2946 520 3145 595 ipsum,
3180 518 3270 591 qui
3298 520 3544 580 eamdem

1938 621 2106 664 artem
2137 610 2424 675 factitaret,
2452 612 2693 681 ejusdem
2720 612 2919 683 opificii
2943 614 3275 670 consortium
3305 629 3413 671 noli
3445 631 3546 686 pu-

1939 702 2128 757 deret?
2147 702 2285 770 Quid
2316 704 2439 759 ais?
2473 703 2584 760 iioc
2611 704 2755 760 enim
2793 706 2968 775 ipsum
2997 705 3213 776 plurimi
3242 704 3546 763 faciendum

1938 803 2016 847 est
2047 802 2101 848 et
2135 793 2493 851 admiratione
2522 794 2764 867 dignum.
2797 796 2914 852 Non
2940 798 3081 852 enim
3114 810 3209 853 eos
3255 798 3345 869 qui
3392 797 3552 852 clari-

1941 894 2103 939 tatem
2151 898 2373 955 possunt
2415 898 2841 943 commemorare
2869 888 3131 958 majorum
3184 904 3339 959 teque
3387 888 3553 959 pudet

1941 976 2275 1045 inferiorum,
2309 989 2468 1049 atque
2501 979 2619 1034 illos
2652 980 2741 1051 qui
2774 981 2824 1034 in
2854 974 3044 1035 eadem
3072 980 3201 1036 olitn
3224 982 3365 1052 volgi
3420 981 3552 1037 fa'ce

1935 1069 2225 1140 jacuerint,
2255 1082 2310 1127 et
2349 1072 2415 1126 ad
2448 1073 2711 1129 illustrem
2743 1088 2805 1129 ac
2848 1074 3083 1130 nobilem
3130 1076 3307 1131 subito
3356 1079 3553 1130 iuerint

1940 1162 2252 1235 dignitatem
2280 1165 2472 1222 evecti.
2508 1166 2676 1221 Porro
2705 1167 2839 1222 nihil
2867 1166 3033 1223 fuisse
3073 1168 3335 1224 illustrius
3390 1170 3554 1224 Paulo

1942 1258 2025 1311 vel
2056 1258 2310 1325 nobilius,
2342 1261 2435 1315 sed
2463 1260 2595 1332 ipsis
2633 1276 2757 1317 eum
2801 1263 3015 1332 regibus
3043 1261 3207 1319 fuisse
3243 1264 3551 1329 clariorem,

1941 1350 2136 1419 cuivis,
2166 1360 2249 1406 sat
2280 1353 2414 1418 seio,
2466 1352 2809 1409 manifestum
2860 1364 2966 1410 est.
3016 1355 3149 1410 Nam
3178 1356 3266 1426 qui
3292 1346 3555 1410 du'moni‘

1944 1440 2045 1496 bus
2072 1442 2391 1513 imperabat,
2416 1445 2504 1513 qui
2538 1454 2781 1501 mortuos
2804 1447 3117 1512 suscitabat,
3146 1449 3235 1519 qui
3264 1450 3379 1502 Solo
3401 1449 3557 1519 jussu

1943 1548 2218 1590 excaecare
2243 1545 2451 1606 poterat
2484 1545 2539 1590 et
2564 1550 2741 1592 caecos
2781 1552 2995 1602 sanare,
3026 1538 3177 1609 cujus
3204 1551 3381 1595 vestes
3408 1557 3558 1596 mor-

1946 1627 2135 1683 borcm
2177 1643 2349 1699 genus
2392 1644 2553 1684 omne
2593 1628 2958 1701 depellebant.
2986 1631 3126 1686 haud
3155 1631 3396 1697 dubium,
3427 1636 3556 1705 quin
3647 1672 3651 1676 ι

1946 1740 2051 1779 non
2082 1724 2195 1795 jam
2219 1724 2404 1792 homo,
2430 1725 2525 1782 sed
2551 1727 2774 1798 angelus
2804 1727 2873 1783 de
2926 1728 3060 1783 caelo
3089 1728 3339 1799 delapsos
3366 1745 3557 1786 cense-

1946 1828 2115 1873 retur.

2021 1909 2281 1966 Nobilitas
2312 1911 2448 1966 unde
2475 1923 2733 1966 nascatur.
2764 1910 2881 1967 Non
2908 1923 2980 1966 est
3012 1914 3399 1983 vituperandum
3448 1932 3552 1967 ma~

1949 2004 2263 2058 trimonium.
2303 2034 2377 2043 —
2420 2003 2805 2061 Verumtamen
2852 2005 2976 2060 licet
3040 2006 3091 2061 in
3163 2008 3560 2062 existimatione

1950 2102 2097 2149 tanta
2120 2104 2285 2159 esset,
2321 2103 2379 2150 et
2406 2095 2604 2166 ubique
2629 2096 2993 2164 admirationi,
3024 2105 3081 2152 et
3110 2097 3161 2152 in
3192 2113 3561 2169 quascumque

1950 2203 2007 2241 se
2036 2201 2162 2241 oras
2188 2188 2484 2254 conferret,
2519 2202 2709 2245 omnes
2730 2191 2794 2242 ad
2831 2204 2889 2243 se
2917 2200 3275 2258 converteret,
3310 2194 3561 2249 taberna-

1950 2281 2195 2335 culorum
2242 2280 2497 2351 ;opilieem
2559 2298 2665 2337 non
2711 2283 3105 2349 erubescebat,
3153 2298 3252 2340 nec
3301 2284 3559 2341 honorem

1950 2385 2141 2425 eorum
2170 2370 2412 2425 imminui
2455 2371 2735 2439 censebat,
2785 2374 2875 2443 qui
2909 2374 2961 2429 in
3004 2374 3355 2441 dignitatibus
3400 2379 3561 2433 tantis

1950 2471 2103 2516 erant
2146 2477 2209 2517 ac
2265 2464 2667 2534 magistratibus
2715 2467 3016 2521 constituti.
3054 2468 3360 2524 Verisimile
3403 2486 3559 2526 nam-

1952 2568 2056 2622 que
2076 2562 2158 2608 cst
2176 2553 2370 2610 multos
2390 2554 2441 2609 in
2468 2555 2700 2611 Ecclesia
2726 2555 2892 2613 fuisse
2916 2558 3277 2613 Romanorum
3304 2562 3561 2626 illustres,

1952 2659 2087 2714 quos
2115 2645 2340 2717 cogebat
2369 2662 2629 2718 pauperes
2656 2648 2773 2703 illos
2805 2650 3062 2705 salutare.
3090 2649 3322 2708 Noverat
3343 2654 3562 2724 quippe,

1956 2748 2176 2794 noverat
2203 2739 2370 2808 probe
2399 2756 2503 2795 non
2547 2756 2708 2811 apum
2751 2743 3121 2812 splendorem,
3176 2762 3351 2817 neque
3401 2762 3562 2816 pecu-

1955 2832 2161 2887 niarum
2193 2832 2545 2898 affluentiam,
2590 2836 2686 2890 sed
2746 2852 2956 2892 morum
3003 2840 3320 2896 modestiam
3376 2858 3565 2912 parere

1956 2924 2287 2980 nobilitatem
2342 2927 2518 2981 solere
2550 2928 2765 2999 :itaque
2827 2929 2900 2983 illi
2934 2931 3022 3001 qui
3054 2931 3152 2987 hac
3190 2936 3377 3003 privati
3405 2946 3563 3000 sunt,

1954 3014 2049 3069 sed
2092 3015 2355 3086 majorum
2409 3018 2655 3074 claritate
2712 3020 3064 3090 superbiant,
3118 3029 3335 3080 nomine
3388 3043 3565 3098 ponus

1957 3106 2249 3161 nobilitatis
2282 3107 2444 3171 nudo,
2490 3124 2595 3163 non
2626 3126 2685 3165 re
2718 3112 2829 3179 ipsa
2876 3114 3170 3183 gloriantur
3202 3134 3212 3170 :
3256 3118 3362 3173 imo
3390 3122 3563 3188 ipsum

1958 3212 2151 3251 nomen
2184 3199 2500 3270 plerumque
2522 3201 2875 3263 subtrahitur.
2901 3206 2942 3257 si
2982 3207 3102 3275 quis
3132 3208 3197 3261 ad
3236 3212 3566 3280 antiquiores

1957 3288 2215 3343 nobilium
2251 3288 2473 3345 istorum
2516 3292 2748 3362 majores
2779 3297 3106 3352 ascenderit.
3144 3299 3277 3355 Nam
3324 3318 3447 3357 eum
3477 3309 3565 3375 qui

1956 3381 2136 3435 clarus
2162 3392 2215 3436 et
2264 3380 2485 3435 illustris
2516 3392 2618 3451 est,
2648 3398 2709 3438 ac
2742 3386 2975 3441 nobilem
3018 3404 3445 3451 connuemorare
3472 3413 3566 3467 pa.

1959 3484 2093 3527 trem
2124 3485 2176 3527 et
2209 3489 2365 3529 avum
2414 3484 2627 3544 potest,
2666 3479 2711 3531 si
2744 3482 3044 3534 accuratius
3073 3486 3370 3549 examines,
3404 3490 3565 3545 vilem

1957 3565 2263 3633 quempiam
2307 3575 2361 3619 et
2408 3566 2697 3622 obscurum
2753 3586 3009 3639 proavum
3043 3574 3294 3631 habuisse
3329 3595 3567 3653 [tersa-pe

1956 3657 2255 3725 compca-ias
2287 3676 2300 3711 :
2328 3660 2776 3733 qumnadmodum
2808 3671 2862 3717 et
2890 3680 3073 3719 eorum
3112 3672 3198 3737 qui
3233 3680 3418 3727 tenues
3446 3690 3568 3731 esse.

1960 3746 2229 3811 videntur,
2278 3750 2322 3802 si
2375 3761 2543 3805 towm
2595 3768 2765 3821 genus
2816 3757 3073 3826 paulatim
3120 3776 3332 3816 sursum
3383 3782 3569 3823 versus

1957 3841 2298 3895 ascendendo
2333 3846 2788 3915 pcrvestigemus,
2846 3850 3129 3918 pra~fectos
3186 3866 3238 3910 et
3286 3861 3567 3928 magistros

1960 3934 2186 3986 militum
2212 3950 2354 4006 saepe
2382 3936 2642 3995 habuisse
2684 3942 2917 4009 majores
2946 3945 3298 4012 inveniemus,
3334 3955 3422 4021 qui
3454 3967 3567 4008 tan-

1959 4026 2079 4079 dem
2108 4028 2163 4081 in
2193 4029 2485 4097 rquiSones
2504 4040 2559 4089 et
2603 4033 2855 4093 subulcus
2883 4040 3129 4093 comersi
3183 4040 3398 4097 fuerint.
3440 4046 3570 4113 Qua:

1958 4136 2078 4173 cmn
2107 4123 2382 4189 explorata
2413 4124 2579 4179 Paulo
2605 4135 2791 4181 essrnt
2824 4129 3023 4193 omnia,
3056 4147 3159 4185 non
3195 4151 3440 4205 magnam
3476 4140 3572 4193 lto-

1962 4230 2077 4267 rum
2118 4217 2381 4269 rationem
2414 4216 2669 4284 habebat,
2716 4219 2809 4274 sed
2842 4222 3037 4276 anima:
3070 4226 3267 4279 nobilit.
3294 4238 3397 4281 tem
3420 4248 3571 4298 (μιν.

1961 4309 2129 4368 rchat.
2158 4323 2219 4363 ac
2249 4319 2496 4373 czrleros,
2525 4320 2579 4365 ut
2603 4310 2740 4366 hanc
2766 4313 2976 4380 pluritui
3020 4314 3287 4383 facerent,
3336 4321 3571 4377 insrrue-

1962 4404 2069 4456 hat.
2128 4402 2259 4457 lline
2316 4403 2476 4471 igitur
2520 4420 2626 4458 non
2691 4406 3017 4461 mediocrem
3066 4408 3280 4464 interim
3336 4413 3568 4471 fructum

1963 4496 2321 4564 percipimus,
2376 4507 2433 4549 ut
2480 4497 2681 4551 vilioris
2728 4498 2953 4553 fortuna:
2995 4500 3271 4558 hominum
3328 4523 3429 4565 nos
3470 4511 3574 4564 mi-

1961 4590 2102 4643 nime
2133 4589 2347 4659 pudeat.
2403 4600 2460 4645 ut
2511 4592 2706 4646 animre
2766 4593 3017 4647 virtutem
3068 4596 3464 4669 disquiramus,
3516 4613 3575 4663 ut

1959 4691 2179 4735 externa
2214 4683 2391 4736 omnia
2420 4683 2612 4752 quibus
2656 4684 2894 4739 ditamur
2936 4689 3204 4757 superﬂua
3260 4702 3313 4745 et
3363 4694 3572 4751 inutilia

1959 4789 2294 4829 censeamus.

2033 4869 2085 4922 5.
2118 4866 2275 4921 Aliud
2307 4883 2518 4938 quoque
2562 4870 2765 4925 lucrum
2817 4886 3100 4940 poSsumus
3155 4876 3256 4931 hoc
3297 4878 3567 4936 nihilomi-

1960 4976 2061 5015 nus
2122 4961 2249 5015 hinc
2289 4962 2604 5031 decerpere,
2655 4964 2801 5033 quod
2848 4966 2891 5019 si
2922 4967 3026 5021 rite
3058 4980 3330 5037 peractum
3356 4986 3384 5024 a
3416 4973 3573 5028 nobis

1962 5054 2140 5118 fuerit,
2164 5055 2329 5108 vitam
2362 5055 2601 5111 maxime
2628 5066 2867 5112 nostram
2900 5068 3100 5114 tuetur.
3132 5063 3413 5128 Quodnam
3445 5066 3569 5121 illud

1962 5147 2177 5201 tandem
2218 5148 2337 5202 est?
2384 5147 2451 5204 Ut
2500 5163 2569 5204 ne
2622 5150 2929 5221 conjugium
2965 5152 3354 5223 vituperemus,
3397 5173 3572 5229 neque

1962 5239 2115 5294 nobis
2140 5238 2473 5295 obstaculum
2503 5250 2557 5296 et
2602 5240 3049 5312 impedimentum
3091 5259 3212 5301 esse
3250 5250 3571 5306 arbitremur

1962 5331 2011 5384 io
2066 5332 2170 5395 via,
2225 5348 2343 5402 quae
2399 5332 2463 5386 ad
2510 5334 2763 5389 virtutem
2804 5322 3042 5401 deducit,
3073 5352 3295 5394 uxorem
3328 5341 3567 5408 habere.

1963 5422 2100 5480 filios
2129 5425 2384 5488 educare,
2430 5425 2612 5480 domui
2643 5441 2898 5497 prmesse,
2940 5438 3109 5485 artem
3139 5429 3402 5489 factitare.
3434 5434 3572 5495 Ecce

1961 5516 2047 5573 hic
2077 5534 2290 5589 quoque
2330 5520 2411 5575 vir
2440 5532 2557 5576 erat
2585 5529 2642 5577 et
2693 5522 2908 5587 mulier,
2940 5532 2993 5577 et
3020 5523 3253 5580 ofﬁcinis
3282 5542 3571 5599 przeerant,

1960 5622 2015 5667 et
2040 5624 2211 5669 artem
2251 5612 2584 5683 factitabant,
2616 5622 2672 5671 et
2723 5612 3101 5687 perfectiorem
3133 5620 3303 5675 multo
3332 5623 3573 5691 probita-

1962 5714 2069 5759 tem
2124 5720 2335 5760 morum
2384 5706 2733 5775 exhibebant,
2774 5723 2935 5780 quam
2993 5710 3083 5781 qui
3136 5711 3188 5766 in
3236 5718 3577 5772 monasteriis

1959 5794 2179 5866 degunt.
2234 5795 2390 5855 Unde
2434 5798 2486 5854 id
2533 5800 2781 5855 constat?
2826 5799 2910 5856 Ex
2955 5801 3021 5857 iis
3045 5803 3224 5858 verbis
3259 5804 3455 5875 quibus
3479 5823 3575 5865 eos

1962 5887 2159 5948 Paulus
2185 5889 2494 5964 alloquitur,
2532 5892 2619 5950 vel
2645 5892 2824 5964 potius
2866 5908 2973 5950 non
3004 5908 3071 5950 ex
3124 5893 3191 5951 iis
3237 5896 3433 5969 quibus
3483 5912 3579 5955 eos
