4212 6290
693 393 783 448 191

689 513 773 559 est
824 501 1143 574 alloquutns,
1198 500 1293 559 sed
1338 501 1498 557 etiam
1523 500 1705 567 exiis,
1753 499 1945 570 quibus
1970 514 2063 555 eos
2088 506 2268 569 postea

688 594 1008 650 testimoniis
1033 591 1442 648 commendavit.
1482 590 1614 648 Cum
1640 591 1782 646 enim
1806 591 2033 645 dixisset
2062 609 2075 644 :
2111 590 2271 645 Satu-

690 693 792 737 mle
831 680 1121 737 Priscillam
1150 692 1197 737 et
1225 681 1481 751 Aquilam,
1512 680 1725 736 illorum
1752 679 1915 736 etiam
1958 679 2270 750 dignitatem

691 773 901 843 adjecit.
928 772 1095 841 Quam
1119 785 1250 826 vero
1272 769 1484 825 tandem
1501 771 1526 825 1
1546 770 1661 825 Non
1692 770 1825 825 dixit
1850 769 2043 824 divites
2070 778 2123 824 et
2150 768 2271 823 iliu-

692 876 830 919 stres
851 874 903 917 et
924 861 1159 926 nobiles;
1184 861 1277 916 sed
1309 860 1468 931 quid?
1508 860 1776 933 Adjutores
1800 876 1933 915 meos
1950 861 2003 914 in
2032 859 2267 914 Domino.

683 953 830 1007 Nihil
854 962 1032 1007 autem
1061 968 1183 1007 cum
1210 952 1311 1007 hoc
1353 950 1584 1007 conferri
1622 957 1816 1020 potest,
1848 949 1987 1021 quod
2014 948 2079 1004 ad
2105 950 2274 1005 virtu-

682 1046 759 1099 ἐἰς
785 1042 1297 1098 commendationem
1322 1044 1511 1097 attinet
1540 1060 1554 1096 :
1578 1056 1675 1097 nec
1700 1051 1906 1096 tantum
1934 1056 2001 1096 ex
2028 1039 2148 1107 hoc,
2177 1041 2271 1097 sed

688 1146 745 1189 et
788 1148 853 1190 ex
882 1150 949 1191 eo
969 1135 1117 1207 quod
1171 1135 1312 1205 apud
1361 1138 1504 1205 ipsos
1559 1133 1814 1189 manserit
1860 1147 1965 1188 non
2010 1146 2175 1188 unum
2222 1139 2277 1187 et

681 1226 825 1280 «lues
846 1234 901 1280 et
931 1236 1036 1281 tres
1062 1226 1199 1291 dies,
1231 1225 1324 1281 sed
1355 1224 1488 1279 duos
1524 1239 1692 1280 annos
1719 1225 1972 1294 integros,
2026 1223 2272 1278 virtutem

683 1317 906 1372 illorum
963 1326 1208 1388 spectare
1276 1329 1576 1387 possumus.
1634 1314 1765 1370 Nam
1826 1312 2273 1384 quemadmodum

691 1408 976 1464 saeculares
994 1407 1328 1478 magistratus
1361 1406 1500 1479 apud
1525 1406 1658 1461 viles
1690 1414 1745 1461 et
1772 1406 2007 1477 abiectos
2031 1406 2275 1460 homines

683 1514 801 1555 non
828 1500 1114 1571 dignantur
1153 1498 1439 1565 divertere,
1486 1498 1581 1555 sed
1636 1500 1946 1569 magnificas
1992 1499 2274 1554 illustrium

683 1590 1042 1661 morandum
1078 1591 1310 1645 virorum
1361 1589 1550 1646 domos
1577 1601 1843 1660 quaerunt,
1885 1605 1953 1645 ne
2006 1589 2276 1659 dignitatis

694 1697 806 1737 sua:
835 1682 1139 1752 magnitudo
1184 1696 1369 1738 eorum
1410 1697 1440 1736 a
1480 1681 1673 1751 quibus
1714 1681 2048 1752 excipiuntur
2074 1680 2278 1735 vilitate

688 1773 918 1829 leuatur
950 1774 1063 1829 :ita
1098 1788 1308 1845 quoque
1360 1774 1622 1830 faciebant
1666 1774 1925 1845 apostoli;
1979 1786 2085 1828 non
2138 1773 2275 1842 apud

695 1861 883 1917 obvios
920 1863 1133 1932 quosvis
1163 1863 1581 1934 hospitabantur,
1614 1864 1707 1918 sed
1744 1872 1801 1918 ut
1824 1863 1899 1918 illi
1932 1862 2278 1933 magnificen-

691 1953 825 2007 tiam
847 1951 1064 2016 mdium,
1093 1953 1171 2007 sic
1210 1953 1401 2009 animae
1429 1954 1677 2010 virtutem
1704 1953 1790 2009 isti
1814 1953 2176 2024 requirebant,
2226 1962 2279 2007 et

692 2042 973 2113 diligenter
1012 2042 1247 2113 quaesitis
1275 2043 1374 2097 sibi
1406 2032 1769 2112 familiaribus,
1796 2042 1936 2115 apud
1963 2057 2057 2099 eos
2091 2042 2276 2098 diver-

690 2132 897 2188 tebant.
932 2132 1062 2187 Nam
1089 2140 1145 2188 et
1171 2147 1200 2186 a
1232 2132 1447 2189 Christo
1471 2134 1575 2188 lata
1604 2134 1688 2189 lex
1716 2144 1830 2190 erat
1852 2148 1971 2204 qua:
1995 2132 2096 2188 hoc
2119 2133 2278 2203 jube-

695 2224 807 2277 bat.
826 2221 891 2277 In
905 2233 1267 2294 quemme
1281 2225 1445 2290 enim,
1473 2224 1662 2294 inquit,
1684 2224 1931 2279 ciuitatem
1959 2233 2047 2277 aut
2074 2222 2278 2278 domum

690 2316 1031 2383 intraueritis,
1062 2316 1384 2387 interrogate,
1412 2316 1530 2387 quis
1562 2317 1626 2371 in
1671 2332 1731 2371 ea
1780 2316 1963 2387 dignata
2005 2316 2090 2381 sit,
2131 2323 2176 2369 et
2209 2312 2280 2367 ibi

692 2417 893 2462 manete
921 2407 1083 2479 (Luc.
1111 2405 1166 2463 9.
1198 2407 1289 2478 4).
1321 2404 1486 2477 Igitur
1528 2407 1693 2463 Paulo
1736 2408 1877 2478 digni
1931 2416 2087 2463 erant
2129 2406 2217 2462 isti
2258 2421 2275 2460 :

692 2500 836 2569 quod
867 2502 909 2554 si
938 2499 1122 2566 Paulo,
1150 2501 1352 2571 angelis
1376 2508 1531 2555 erant
1554 2499 1719 2571 digni.
1753 2500 1866 2572 Ego
1896 2515 2023 2557 vero
2047 2500 2281 2557 domun-

690 2590 868 2646 cuiam
896 2590 1038 2644 illam
1064 2598 1118 2646 et
1143 2590 1331 2645 caelum
1354 2599 1409 2646 et
1436 2590 1729 2646 Ecclesiam
1751 2591 2007 2648 audacter
2034 2594 2276 2664 appella-

692 2682 819 2736 rim.
843 2666 944 2738 libi
990 2682 1133 2736 enim
1165 2681 1366 2737 Paulus
1381 2691 1519 2747 erat,
1548 2681 1619 2736 ibi
1656 2682 1814 2736 etiam
1842 2680 2089 2737 Christus
2117 2694 2235 2740 erat
2261 2703 2275 2742 :

696 2774 775 2825 An
817 2772 1229 2841 experimentum,
1281 2771 1472 2841 inquit,
1520 2772 1748 2843 queritis
1797 2773 1923 2842 ejus,
1975 2773 2062 2843 qui
2107 2774 2161 2829 in
2196 2792 2277 2830 me

687 2866 939 2935 loquitur,
962 2863 1149 2919 Christi
1174 2863 1262 2935 (2.
1303 2863 1421 2919 Cor.
1451 2864 1540 2920 i3.
1562 2864 1597 2919 3
1620 2863 1677 2935 )‘l
1704 2862 1803 2919 Ubi
1830 2873 2009 2920 autern
2039 2862 2279 2922 Christus

691 2964 833 3019 erat,
861 2956 984 3009 illuc
1011 2958 1169 3011 etiam
1193 2955 1495 3025 frequenter
1516 2955 1688 3023 angeli
1718 2956 2060 3011 ventitabant.

767 3045 1073 3101 Sanctorum
1098 3061 1198 3099 non
1221 3045 1387 3100 oratio
1408 3053 1635 3110 toruum,
1669 3045 1758 3099 sed
1788 3054 1836 3099 et
1875 3047 1977 3100 uita
2015 3046 2177 3103 docet.
2207 3078 2280 3088 —

689 3136 865 3191 Porro
887 3136 976 3205 qui
1004 3136 1211 3206 seipsos
1236 3144 1394 3191 antea
1424 3135 1569 3191 Pauli
1612 3136 1757 3191 cultu
1782 3151 1846 3193 ac
1876 3139 2175 3195 ministerio
2195 3141 2279 3195 di-

686 3242 826 3297 gnos
852 3227 1211 3298 praebuerant,
1239 3228 1410 3299 cogita
1431 3229 1614 3299 quales
1640 3237 1941 3298 evaserant,
1967 3229 2093 3285 dum
2124 3233 2277 3289 annis

684 3318 898 3373 duobus
922 3334 1042 3372 cum
1074 3318 1166 3373 illo
1193 3317 1471 3388 degerent,
1496 3327 1551 3373 et
1582 3317 1817 3372 habitum
1838 3319 1955 3389 ejus
1974 3361 1988 3383 ,
2022 3330 2076 3376 et
2113 3321 2282 3378 inces-

692 3425 810 3465 sum
840 3418 894 3463 et
921 3418 1192 3479 aspectum
1213 3448 1231 3475 ,
1254 3417 1308 3465 et
1335 3410 1559 3463 vestium
1590 3408 1805 3463 modum
1825 3452 1840 3474 ,
1871 3419 1924 3465 et
1970 3412 2274 3481 ingressus,

687 3510 747 3555 ct
773 3514 1019 3570 egressus
1038 3538 1054 3564 ,
1092 3509 1149 3554 et
1179 3500 1279 3554 alia
1302 3510 1493 3555 cuncta
1519 3500 1885 3555 observarent.
1917 3500 2187 3571 Siquidem
2220 3503 2273 3557 in

691 3594 890 3651 sanctis
914 3607 1018 3647 non
1048 3592 1204 3649 verba
1229 3600 1453 3660 tantum,
1486 3607 1657 3660 neque
1683 3593 1925 3648 doctrina
1948 3604 2005 3649 et
2029 3594 2276 3651 cohorta-

688 3684 866 3739 tiones
884 3723 899 3748 ,
930 3682 1023 3738 sed
1052 3690 1109 3738 et
1148 3684 1348 3753 reliqua
1375 3685 1551 3738 omnis
1578 3686 1699 3739 vitte
1722 3687 2060 3741 conversatio
2090 3687 2155 3741 ad
2181 3703 2275 3742 eos

687 3773 745 3828 in
772 3774 1103 3843 pliilosOphia
1137 3773 1331 3829 sufficit
1366 3773 1690 3829 erudiendos
1714 3816 1727 3839 ,
1752 3776 1840 3845 qui
1867 3775 2066 3832 fuerint
2098 3785 2273 3832 atten-

688 3863 875 3918 tiores.
901 3862 1090 3918 Veniat
1117 3863 1207 3918 tibi
1236 3864 1291 3919 in
1319 3872 1551 3920 mentem
1579 3865 1733 3936 quale
1757 3874 1901 3941 esset
1924 3866 2143 3923 Paulum
2165 3884 2274 3923 cer-

691 3968 821 4008 nere
842 3995 857 4021 ,
884 3963 937 4009 et
956 3954 1236 4024 prandium
1264 3964 1564 4012 snmentem
1583 3998 1598 4023 ,
1627 3965 1680 4011 et
1703 3956 2187 4026 reprehendentem
2219 3972 2271 4014 et

686 4044 1056 4098 cohortantem
1110 4053 1164 4099 et
1205 4054 1485 4114 orantem,
1516 4055 1571 4100 et
1617 4046 1881 4118 lacrymas
1927 4049 2269 4116 fundentem,

692 4147 973 4188 exeuntem
1004 4143 1059 4188 et
1086 4133 1461 4190 introeuntem.
1506 4136 1560 4190 Si
1592 4138 1765 4203 enim,
1796 4152 1918 4192 cum
1948 4142 2273 4208 quatuorde-

688 4225 795 4279 cim
841 4234 1043 4278 tantum
1092 4223 1248 4278 nobis
1295 4234 1497 4281 restent
1524 4225 1764 4293 epistola:
1792 4267 1807 4293 ,
1842 4243 2269 4297 quoquoversum

691 4327 787 4381 per
809 4313 993 4367 orbem
1020 4321 1282 4368 terrarum
1313 4313 1431 4369 illas
1460 4313 1883 4371 circumlerimus
1908 4335 1921 4370 :
1954 4319 2042 4387 qui
2071 4317 2267 4373 fontem

688 4402 957 4461 habebant
997 4401 1340 4471 epistolarum
1365 4443 1379 4469 ,
1407 4403 1496 4473 qui
1526 4402 1757 4473 linguam
1798 4404 1945 4461 orbis
1972 4414 2268 4473 terrarum,

691 4491 784 4557 qui
820 4492 997 4547 lumen
1030 4490 1419 4560 Ecclesiarum,
1446 4493 1535 4563 qui
1581 4494 1700 4550 fidei
1728 4493 2154 4565 fundamentum,
2181 4500 2271 4568 qui

689 4584 991 4638 columnam
1019 4592 1072 4639 et
1096 4584 1486 4640 firmamentum
1508 4587 1776 4652 veritatis,
1799 4590 1987 4659 quales
2016 4606 2121 4647 non
2148 4606 2275 4646 eva-

688 4672 816 4729 dere
848 4683 1101 4744 possent,
1140 4673 1265 4730 dum
1295 4690 1417 4731 cum
1462 4676 1565 4732 hoc
1610 4680 1802 4750 angelo
1831 4680 2106 4737 viverent?
2137 4681 2269 4737 Nam

689 4764 735 4819 si
764 4778 937 4819 vestes
962 4764 1078 4834 ejus
1106 4764 1435 4822 daemonibus
1460 4777 1613 4823 erant
1641 4769 2023 4837 formidabiles,
2053 4780 2274 4828 tantam-

688 4870 791 4925 que
825 4856 929 4909 vim
957 4855 1272 4911 obtinebant
1296 4897 1312 4923 ,
1339 4857 1718 4923 habitationem
1748 4876 1869 4916 cum
1900 4863 1992 4918 illo
2018 4874 2268 4934 quantam

688 4961 793 4999 non
823 4945 1050 5014 Spiritus
1076 4948 1298 5016 gratiam
1323 4949 1614 5007 conciliare
1662 4953 1900 5020 potuisse
1944 4954 2267 5011 credendum

681 5048 764 5090 est
796 5037 945 5105 (Act.
972 5036 1057 5092 i9.
1085 5038 1217 5111 l2)?
1246 5034 1379 5094 Cum
1400 5042 1545 5096 enim
1572 5041 1723 5098 Pauli
1746 5045 1919 5101 cubile
1946 5060 2226 5104 cernerent
2252 5092 2265 5115 ,

685 5144 804 5182 cum
848 5129 1173 5199 stragulum,
1202 5145 1326 5189 cum
1365 5134 1764 5202 calceamenta,
1800 5154 1977 5194 nonne
2022 5140 2121 5196 hoc
2165 5142 2269 5197 illis

682 5221 952 5275 sufﬁciens
978 5220 1078 5276 fuit
1106 5238 1167 5277 ac
1189 5234 1502 5294 perpetuum
1534 5226 1601 5281 ad
1640 5238 2102 5299 compunctionem
2133 5234 2266 5288 inci-

680 5314 1014 5367 tamentum?
1042 5310 1103 5369 Si
1128 5316 1269 5397 enim
1296 5316 1567 5374 daemones
1606 5320 1770 5390 ipsius
1802 5324 2109 5378 vestimenta
2142 5340 2267 5393 pcr-

682 5405 1095 5475 lmrrescebant,
1126 5407 1293 5464 multo
1324 5410 1490 5472 magis
1522 5411 1705 5467 fideles
1726 5454 1739 5472 .
1767 5423 1819 5469 et
1850 5415 1936 5483 qui
1980 5430 2101 5470 cum
2150 5417 2266 5487 ipso

680 5495 982 5565 degebant,
1009 5513 1131 5552 cum
1176 5514 1239 5555 ea
1282 5513 1566 5558 cernerent
1588 5546 1603 5566 ,
1632 5507 2143 5576 compungebantur.
2176 5511 2266 5566 Est

678 5587 837 5640 etiam
884 5586 1013 5641 illud
1059 5604 1237 5656 opera:
1284 5593 1511 5660 pretium
1555 5593 1983 5663 scrutari,'quam
2031 5599 2100 5654 ob
2139 5614 2267 5654 cau-

678 5692 791 5732 sam
815 5720 830 5745 ,
863 5694 984 5734 cum
1014 5694 1107 5734 eos
1154 5681 1443 5748 salutaret,
1477 5685 1767 5743 Priscillam
1813 5691 2005 5745 marito
2042 5700 2265 5761 antepo-

677 5771 859 5823 suerit.
882 5771 994 5827 Non
1018 5773 1161 5827 enim
1185 5774 1335 5842 dixit,
1353 5774 1585 5835 Salutate
1603 5780 1845 5850 Aquilam
1868 5790 1921 5836 et
1947 5781 2260 5850 Priscillam,

1398 384 1457 442 S.
1498 380 1775 451 JOANNIS
1811 380 2283 443 CHRYSOSTOIII
2324 382 2639 442 ARCHIEP.
2680 385 3213 448 CONSTANTINOP.

3848 399 3952 457 192

2376 498 2467 554 sed
2498 500 2790 558 Priscillam
2829 512 2883 559 et
2923 504 3185 575 Aquilam.
3219 504 3327 562 Nec
3367 507 3485 564 sine
3526 522 3684 565 causa
3720 512 3770 567 id
3798 513 3961 583 ficit,

2376 589 2467 644 sed
2496 592 2636 661 quod
2668 594 2854 665 majori
2883 609 3001 651 eam
3030 596 3226 665 sciret,
3257 612 3418 669 quam
3450 601 3619 656 virum
3637 642 3655 667 ,
3684 606 3961 672 praeditam

2376 678 2541 736 fuisse
2570 683 2782 751 pietate.
2806 686 2977 757 Atque
3001 685 3103 743 hoc
3128 701 3233 742 non
3257 702 3377 745 esse
3395 689 3755 761 conjecturam
3780 735 3794 759 ,
3816 694 3962 765 quod

2377 785 2406 823 a
2432 786 2517 826 me
2544 772 2744 828 dictum
2773 784 2878 843 est,
2908 791 2972 831 ex
3002 776 3147 833 Actis
3172 777 3297 833 licet
3320 794 3663 850 cognoscere.
3686 781 3964 853 Siquidem

2378 860 2591 944 Apollo,
2606 862 2790 944 _virum
2821 863 3157 936 eloquentem
3187 876 3242 923 et
3265 867 3317 922 in
3345 868 3637 940 Scripturis
3666 882 3966 944 potentem,

2377 942 2571 1014 quique
2596 942 2817 1001 Joannis
2840 955 3042 1003 tantum
3069 947 3329 1019 baptisma
3355 953 3577 1021 sciebat,
3603 952 3718 1011 hac
3742 970 3863 1010 cum
3884 942 3973 1013 as.

2378 1033 2713 1105 sumpsisset,
2735 1038 2978 1106 exposuit
3002 1038 3079 1092 illi
3099 1039 3237 1094 viam
3257 1040 3372 1107 Dei,
3393 1049 3447 1095 et
3474 1041 3768 1111 perfectum
3790 1046 3971 1116 magi-

2379 1129 2545 1179 strum
2577 1125 2807 1182 reddidit
2832 1126 2967 1200 (Act.
2985 1130 3075 1186 18.
3101 1128 3192 1186 21.
3225 1129 3339 1195 25).
3370 1130 3485 1187 Non
3514 1133 3657 1188 enim
3682 1133 3817 1201 illis,
3844 1151 3971 1207 qua

2378 1216 2739 1284 apostolorum
2780 1228 2934 1275 astate
2973 1220 3257 1287 vivebant,
3290 1222 3603 1279 mulieribus
3630 1234 3782 1281 erant
3822 1241 3973 1284 cura

2378 1319 2498 1373 quae
2528 1321 2669 1361 nunc
2693 1319 2815 1363 sunt
2843 1309 2979 1374 istis,
3012 1319 3068 1365 ut
3098 1311 3393 1381 splendidis
3428 1314 3669 1370 vestibus
3708 1318 3973 1381 amiciat):

2379 1404 2466 1450 tur
2484 1437 2499 1462 ,
2523 1407 2577 1452 et
2604 1397 2885 1469 pigmentis
2923 1414 2985 1456 ac
3022 1401 3155 1459 fucis
3186 1403 3374 1459 faciem
3402 1420 3553 1460 suam
3576 1406 3967 1476 condonarent,

2380 1502 2498 1556 qua
2525 1488 2668 1544 viros
2686 1504 2809 1545 suos
2840 1501 3032 1547 vexant
3059 1507 3121 1547 ac
3148 1503 3413 1565 premunt,
3434 1507 3738 1569 coguntque
3758 1508 3971 1557 vestem

2383 1577 2747 1645 pretiosiorem
2778 1581 2966 1637 vicina:
2988 1593 3137 1639 veste
3164 1584 3263 1640 sibi
3285 1599 3554 1653 coemere,
3585 1589 3765 1647 mulos
3787 1591 3970 1660 albos,

2380 1675 2436 1721 et
2461 1666 2623 1722 frana
2649 1668 2922 1739 deaurata,
2949 1671 3261 1743 obsequium
3290 1677 3680 1746 eunuchorum,
3711 1695 3973 1754 magnum

2380 1758 2689 1814 ancillarum
2717 1775 2934 1833 gregem
2974 1772 3030 1819 et
3071 1765 3329 1836 reliquam
3357 1781 3573 1823 omnem
3614 1785 3865 1843 pompam
3895 1774 3978 1831 ri-

2380 1847 2608 1903 diculam
2656 1866 2668 1902 :
2713 1850 2808 1906 sed
2852 1850 2937 1907 his
2980 1854 3242 1909 omnibus
3273 1857 3610 1928 amandatis,
3642 1871 3697 1916 et
3738 1878 3975 1920 excusso

2332 1946 2337 1951 ‘
2382 1939 2649 1995 mundano
2670 1939 2807 1997 fastu
2836 1959 2996 1998 unum
3020 1945 3149 2001 illud
3180 1947 3353 2002 solum
3383 1951 3724 2020 quaerebant,
3753 1964 3809 2010 ut
3834 1970 3973 2014 con-

2382 2040 2552 2087 sortes
2570 2032 2760 2089 fierent
2777 2035 3161 2105 apostolorum,
3180 2046 3236 2094 et
3254 2040 3491 2109 ejusdem
3507 2057 3627 2098 cum
3651 2043 3756 2100 illis
3775 2046 3974 2116 prada:

2384 2124 2687 2195 participes.
2719 2124 2836 2194 Quo
2857 2125 2917 2181 fit
2947 2137 3004 2182 ut
3033 2144 3138 2185 non
3177 2129 3293 2188 haec
3320 2134 3491 2189 solum
3523 2134 3643 2192 talis
3680 2147 3845 2205 esset,
3873 2154 3973 2196 ve-

2384 2227 2500 2267 rum
2541 2214 2700 2270 etiam
2738 2231 2928 2273 omnes
2956 2218 3194 2291 reliquae.
3224 2219 3355 2278 Nam
3397 2232 3452 2280 et
3478 2223 3547 2281 de
3590 2215 3809 2285 Perside
3838 2244 3972 2300 qna-

2382 2305 2504 2361 dam
2531 2306 2681 2377 dicit,
2714 2307 2842 2377 Qua
2868 2312 3081 2366 multum
3112 2313 3355 2369 laborauit
3387 2331 3509 2387 ergo
3533 2333 3625 2373 nos
3650 2319 3839 2389 (Rom.
3875 2323 3968 2379 i6.

2386 2400 2509 2470 i2),
2537 2409 2593 2457 et
2617 2401 2834 2458 Mariam
2870 2417 2934 2459 ac
2971 2404 3322 2476 Tryphaenam
3350 2410 3421 2465 ob
3452 2409 3713 2480 ejusmodi
3760 2411 3973 2470 labores

2386 2492 2592 2557 laudat,
2624 2492 2766 2564 quod
2790 2508 2913 2551 cum
2946 2498 3201 2567 apostolis
3234 2498 3574 2569 laborarent,
3605 2511 3660 2559 et
3684 2502 3750 2559 ad
3780 2504 3971 2561 eadem

2382 2584 2656 2640 subeunda
2681 2589 2973 2644 certamina
3002 2604 3061 2645 se
3080 2591 3435 2663 accingerent.
3465 2594 3571 2652 Sed
3599 2598 3688 2667 qui
3719 2598 3796 2663 fit,
3825 2608 3885 2655 ut
3901 2600 3973 2655 ad

2386 2675 2719 2733 Timotheum
2750 2680 2992 2737 scribens
3016 2682 3192 2751 dicat,
3223 2682 3433 2741 Mulieri
3468 2697 3638 2744 autem
3666 2691 3844 2746 docere
3868 2709 3973 2749 non

2395 2766 2627 2835 permitto
2651 2808 2665 2833 ,
2695 2784 2854 2841 neque
2888 2770 3140 2826 dominari
3175 2773 3227 2828 in
3264 2775 3425 2829 virum
3455 2776 3473 2845 (
3499 2777 3548 2832 1.
3584 2777 3714 2833 Tim.
3736 2780 3975 2852 2.12)!

2388 2855 2611 2924 Quando
2633 2858 2754 2926 pius
2780 2867 2860 2914 est
2886 2860 2985 2927 vir,
3000 2869 3052 2916 et
3072 2863 3309 2920 eamdem
3333 2866 3643 2937 religionem
3670 2870 3972 2940 profitetur,

2385 2947 2709 3013 otejusdem
2740 2951 3006 3022 particeps
3053 2962 3135 3009 est
3183 2955 3495 3024 sapientiae:
3538 2959 3752 3029 quando
3788 2973 3973 3020 autem

2382 3038 2620 3096 infidelis
2648 3052 2729 3097 est
2754 3050 2809 3097 et
2848 3053 3029 3110 errat,
3059 3045 3227 3115 ipsam
3254 3046 3477 3103 docendi
3508 3052 3824 3108 auctoritate
3862 3071 3973 3109 non

2385 3132 2573 3200 privat.
2603 3130 2763 3188 Certe
2788 3148 2907 3187 cum
2938 3134 3005 3188 ad
3032 3134 3339 3193 Corinthios
3368 3139 3648 3206 scriberet,
3678 3142 3754 3196 ait
3782 3160 3797 3198 τ
3830 3143 3898 3198 Et
3926 3145 3975 3199 si

2382 3236 2481 3287 qua
2506 3223 2687 3275 mulier
2715 3222 2863 3277 habet
2896 3225 3056 3279 virum
3081 3226 3365 3294 inﬁdelem,
3399 3245 3500 3283 non
3538 3232 3755 3286 dimittat
3799 3234 3969 3289 illum.

2387 3310 2534 3366 Unde
2565 3313 2696 3367 enim
2720 3315 2820 3368 scis
2837 3353 2853 3381 ,
2878 3316 3078 3384 mulier,
3103 3317 3147 3372 si
3172 3318 3333 3372 virum
3358 3327 3550 3375 salvum
3570 3324 3728 3393 {acies
3752 3325 3829 3396 (1.
3847 3326 3970 3384 Cor.

2382 3404 2433 3457 7.
2463 3406 2547 3460 13.
2586 3404 2714 3476 16)1
2742 3405 2859 3472 Quo
2888 3422 3017 3463 vero
3042 3417 3195 3478 pacto
3221 3408 3334 3465 fieri
3367 3420 3577 3482 potest,
3608 3424 3664 3469 ut
3688 3417 3880 3473 mulier
3901 3418 3972 3475 il-

2380 3493 2514 3550 delis
2544 3495 2713 3551 virum
2745 3496 3010 3554 inﬁdelem
3033 3498 3237 3554 salvum
3272 3500 3469 3557 faciat?
3496 3503 3771 3562 instruens
3806 3509 3973 3565 nimi-

2382 3601 2497 3639 rum
2536 3586 2682 3641 ilium
2708 3596 2762 3642 et
2784 3587 2983 3643 docens
3012 3599 3170 3660 atque
3211 3590 3277 3645 ad
3317 3590 3475 3649 fidem
3500 3594 3767 3652 adducens
3786 3640 3803 3666 ,
3832 3600 3973 3657 sicut

2380 3686 2435 3730 et
2464 3678 2563 3731 ista
2596 3677 2833 3733 Priscilla
2865 3680 3075 3750 Apollo.
3106 3681 3377 3752 Alioquin,
3405 3698 3525 3738 cum
3563 3684 3725 3755 dicit,
3759 3687 3972 3746 Mulieri

2379 3769 2557 3822 dooere
2582 3785 2684 3823 non
2713 3771 2964 3840 permitto,
2986 3770 3054 3825 de
3076 3771 3408 3830 institutione
3436 3791 3555 3846 qua:
3585 3776 3641 3832 fit
3666 3794 3698 3833 e
3716 3792 3968 3852 suggestu

2382 3857 2646 3927 loquitur,
2672 3860 2739 3915 de
2765 3874 3011 3917 sermone
3046 3862 3133 3932 qui
3166 3861 3393 3919 habetur
3415 3865 3482 3920 ad
3514 3871 3765 3937 populum
3788 3912 3803 3933 ,
3833 3882 3887 3927 et
3910 3884 3972 3929 ut

2379 3948 2744 4006 sacerdotibus
2791 3966 2855 4006 ex
2909 3952 3087 4009 officio
3133 3953 3391 4010 incutnbit
3432 3975 3445 4010 :
3493 3958 3735 4028 privatim
3785 3974 3971 4019 autem

2383 4037 2650 4093 cohortari
2694 4049 2750 4097 et
2792 4041 3072 4097 consilium
3114 4045 3243 4100 dare
3294 4061 3401 4101 non
3446 4048 3739 4118 prohibuit.
3782 4052 3972 4125 Neque

2378 4128 2543 4196 enim,
2568 4130 2611 4183 si
2636 4128 2739 4187 hoc
2766 4131 3087 4200 prohibitum
3114 4133 3317 4203 fuisset,
3349 4135 3487 4193 hanc
3521 4154 3643 4209 quas
3682 4141 3731 4197 id
3758 4146 3974 4213 pnesti-

2380 4229 2517 4275 tcrat
2542 4222 2919 4279 collaudasset.

2448 4311 2502 4365 1.
2536 4312 2768 4367 Audiant
2794 4314 2913 4381 viri,
2942 4315 3158 4371 audiant
3182 4327 3237 4374 et
3266 4318 3364 4374 ista
3387 4320 3639 4378 mulieres
3670 4342 3683 4378 :
3718 4325 3821 4382 illa:
3847 4329 3970 4397 qui-

2379 4400 2499 4455 dem
2527 4444 2542 4470 ,
2572 4413 2629 4458 ut
2655 4419 2772 4460 eam
2810 4405 3118 4475 imitentur,
3144 4426 3262 4480 qute
3300 4426 3460 4469 sexus
3498 4416 3735 4485 ejusdem
3759 4430 3841 4475 est
3863 4463 3879 4486 ,
3911 4434 3971 4479 et

2380 4499 2585 4547 natura:
2622 4496 2937 4555 cognatione
2974 4499 3254 4568 conjuncta
3284 4518 3298 4555 :
3330 4501 3384 4557 hi
3415 4519 3577 4571 vero,
3624 4522 3693 4563 ue
3738 4513 3970 4570 muliere

2381 4584 2757 4641 imbecilliores
2786 4600 3094 4657 appareant.
3150 4591 3319 4658 Quam
3370 4596 3511 4651 enim
3558 4603 3966 4660 excusationem

2380 4676 2718 4745 habebimus,
2742 4674 2903 4750 ~quam
2932 4684 3139 4738 veniam
3172 4686 3594 4759 impetrabimus,
3626 4694 3668 4749 si
3694 4710 3813 4750 cum
3838 4694 3969 4754 tan-

2378 4778 2488 4823 tum
2510 4772 2671 4827 animi
2693 4773 2943 4840 studium,
2970 4782 3275 4849 tantamque
3296 4779 3682 4852 philosophiam
3710 4789 3971 4847 mulieres

2374 4864 2739 4935 exhibuerint,
2771 4881 2869 4923 nos
2896 4883 3110 4939 semper
3135 4872 3318 4926 mundi
3340 4873 3482 4929 affixi
3505 4878 3730 4947 negotiis
3757 4879 3973 4937 haerea-

2378 4956 2522 5011 musi
2540 4957 2664 5013 Haec
2684 4958 2890 5014 discant
2907 4969 2961 5015 et
2982 4962 3319 5031 magistratus
3338 4972 3392 5019 et
3414 4965 3622 5034 privati,
3641 4978 3694 5024 et
3712 4972 3973 5028 sacerdo-

2379 5058 2478 5115 tes,
2501 5061 2553 5105 et
2578 5051 2668 5122 qui
2686 5052 2734 5105 in
2761 5053 2950 5107 ordine
2975 5052 3230 5107 laicorum
3252 5067 3551 5124 versantur,
3573 5070 3626 5118 ut
3648 5060 3719 5115 illi
3744 5064 3967 5132 quidem

2375 5138 2567 5195 divites
2597 5141 2726 5195 tanti
2768 5157 2872 5196 non
2905 5142 3097 5197 faciunt
3117 5185 3130 5209 ,
3157 5160 3328 5215 neque
3359 5146 3592 5203 illustres
3620 5149 3808 5207 domos
3831 5169 3963 5223 per-

2374 5242 2661 5300 sequantur
2680 5274 2693 5295 ,
2723 5234 2815 5289 sed
2846 5234 3091 5289 virtutem
3132 5250 3253 5290 cum
3294 5248 3604 5309 paupertate
3632 5242 3928 5315 disquirant
3956 5292 3974 5318 ,

2374 5337 2547 5393 neque
2586 5326 2962 5393 pauperiorum
2996 5324 3216 5381 fratrum
3244 5327 3364 5383 illos
3401 5329 3627 5399 pudeat,
3662 5350 3835 5405 neque
3877 5348 3969 5393 ta-

2373 5418 2779 5473 bernaculorum
2811 5422 3077 5492 opiﬁcem,
3106 5430 3163 5478 et
3185 5425 3492 5488 curiarium.
3514 5437 3570 5485 et
3600 5442 3850 5500 purpurae
3879 5428 3970 5483 in-

2372 5508 2643 5573 stitorem,
2675 5519 2730 5563 et
2749 5513 2993 5565 mrarium
3023 5514 3361 5579 omittentes,
3385 5528 3480 5569 eos
3507 5516 3595 5585 qui
3622 5517 3965 5587 magistratus

2373 5611 2564 5664 gerunt
2605 5603 2778 5656 colant
2810 5622 2821 5655 :
2852 5606 2939 5674 qui
2973 5621 3099 5659 vero
3130 5606 3318 5675 privati
3345 5615 3508 5672 sunt,
3530 5622 3600 5662 ne
3620 5622 3681 5664 se
3709 5610 3963 5681 impediri

2372 5701 2593 5762 putent,
2624 5706 2725 5757 quo
2771 5696 2944 5751 minus
2986 5707 3199 5752 sanctos
3232 5698 3530 5768 excipiant,
3557 5698 3652 5755 sed
3692 5716 3964 5760 memores

2372 5785 2556 5855 vidum.
2594 5803 2713 5858 qum
2745 5786 2946 5843 "etiam
2976 5790 3231 5861 suscepit,
3265 5807 3385 5846 cum
3414 5791 3488 5847 illi
3520 5792 3702 5848 farina.-
3732 5794 3966 5866 pugillus
