4212 6290
248 339 346 395 195

245 456 423 512 solum
467 454 783 520 suppeteret
818 443 835 514 (
866 443 919 500 5.
950 441 1080 513 Reg.
1117 440 1203 495 Π.
1225 438 1311 493 l0.
1340 435 1475 506 sqq.)
1497 477 1513 500 ,
1540 442 1589 489 et
1634 432 1858 486 istorum

247 547 341 617 qui
363 544 589 601 Paulum
612 540 681 597 ad
706 538 845 595 duos
874 546 1046 590 annos
1077 532 1341 601 hospitem
1370 528 1642 591 aluerunt,
1670 521 1863 578 domos

248 637 437 709 egenis
462 635 711 704 aperiant
730 674 744 697 ,
774 640 829 686 et
850 626 1030 684 omnia
1063 621 1364 694 hospitibus
1392 617 1700 675 communia
1738 628 1862 709 esse

247 704 443 796 velint,
467 741 589 799 quae
614 722 908 797 possident.
934 717 1052 776 Noli
1078 717 1222 772 enim
1250 712 1353 769 hoc
1383 709 1515 766 mihi
1540 708 1721 764 dicere
1739 747 1756 772 ,
1787 704 1866 799 fa-

254 820 442 877 imilos
486 796 591 873 tibi
637 816 813 872 nullos
860 825 1021 877 esse,
1054 808 1144 880 qui
1192 804 1505 862 inserviant.
1539 800 1693 856 Licet
1718 796 1862 854 enim

253 912 490 968 haberes
513 906 846 970 innumeros,
878 900 1123 974 praecipit
1152 900 1313 963 Dens,
1340 904 1401 951 ut
1428 907 1524 966 per
1547 902 1599 948 te
1624 891 1740 962 ipse
1764 891 1865 943 ho-

251 1000 566 1073 spitalitatis
606 996 839 1053 fructum
863 994 1144 1063 decerpas.
1179 990 1465 1058 Propterea
1510 983 1705 1053 Paulus
1744 995 1866 1038 eum

253 1095 541 1150 mulierem
585 1091 801 1148 viduam
840 1088 1243 1157 alloqueretur,
1271 1094 1500 1152 eamque
1547 1077 1864 1148 hospitalem

253 1202 383 1243 esse
427 1185 641 1256 iuberet
664 1226 680 1250 ,
713 1196 821 1239 non
850 1193 947 1251 per
975 1177 1109 1232 alias
1131 1216 1146 1243 ,
1187 1174 1298 1231 sed:
1326 1189 1423 1245 per
1467 1171 1698 1241 seipsam
1733 1176 1789 1223 ut
1815 1165 1868 1221 id

253 1288 447 1351 ageret
474 1277 775 1349 imperavit.
804 1274 943 1331 Cum
971 1271 1114 1327 enim
1142 1269 1405 1333 dixisset,
1447 1265 1509 1322 Si
1539 1262 1761 1335 hospitio
1790 1279 1868 1318 re-

255 1374 415 1444 cepit,
439 1370 653 1442 adjecit.
688 1369 749 1425 Si
772 1376 1065 1425 murum
1091 1363 1243 1436 pedes
1268 1362 1391 1417 lavit
1418 1360 1499 1431 (l.
1527 1356 1659 1413 Tim.
1678 1356 1733 1412 5.
1754 1352 1867 1427 l0).

255 1466 379 1523 Non
406 1465 577 1529 dixit,
600 1461 657 1520 Si
698 1460 954 1533 pecunias
979 1455 1234 1528 expendit
1254 1497 1267 1519 ,
1303 1468 1507 1524 neque,
1536 1449 1591 1507 Si
1618 1448 1831 1505 famulis
1851 1490 1868 1515 ,

249 1568 323 1612 Διιι
354 1557 408 1612 id
450 1562 702 1625 agerent.
732 1550 1057 1623 imperavit,
1091 1546 1222 1613 sed,
1252 1545 1312 1602 Si
1344 1560 1439 1616 per
1468 1558 1527 1598 se
1555 1542 1724 1612 ipsam
1769 1540 1873 1594 hoc

260 1648 533 1722 pnestitit.
561 1647 851 1718 Propterea
872 1653 928 1699 et
957 1639 1250 1708 Abraham,
1280 1637 1366 1694 cui
1394 1636 1618 1691 trecenti
1644 1641 1698 1687 et
1722 1640 1873 1688 octo-

259 1742 443 1798 decim
470 1748 626 1795 eraut
655 1733 929 1793 vernaculi
953 1775 969 1801 ,
996 1732 1065 1789 ad
1104 1733 1321 1803 gregem
1366 1730 1481 1798 ipse
1519 1724 1753 1798 perrexit
1772 1764 1789 1791 ,
1818 1730 1873 1777 et

258 1835 493 1890 vitulum
519 1831 781 1903 gestavit,
819 1839 874 1885 et
906 1828 1009 1883 alia
1039 1833 1230 1883 cuncta
1271 1820 1568 1879 ministeria
1591 1817 1760 1881 obiit.
1790 1826 1874 1871 at-

259 1942 368 1997 que
395 1939 621 1981 uxorem
644 1923 696 1979 in
724 1921 1057 1979 consortium
1084 1917 1356 1973 fructuum
1385 1912 1767 1985 hospitalitatis
1786 1908 1875 1966 ad-

260 2019 443 2075 scivit.
473 2016 765 2087 Propterea
793 2026 1011 2085 quoquo
1036 2009 1296 2066 Dominus
1324 2015 1511 2063 noster
1532 2004 1690 2062 Jesus
1718 2001 1876 2060 Chri—

259 2119 380 2166 stus
430 2117 488 2165 οι
536 2109 589 2163 in
641 2105 905 2178 prmsopio
959 2103 1237 2167 nascitur,
1286 2108 1346 2157 at
1388 2099 1440 2154 in
1497 2096 1662 2155 domo
1714 2104 1869 2151 natus

261 2204 563 2267 educatur,
595 2212 772 2272 neque
810 2196 1024 2254 adultus
1069 2193 1256 2251 habuit
1286 2191 1377 2249 ubi
1412 2200 1573 2260 caput
1605 2203 1761 2245 suum
1789 2202 1873 2242 rc-

258 2292 608 2359 ctinaret.'ut
634 2293 720 2349 his
744 2276 996 2348 omnibus
1026 2296 1078 2344 te
1104 2288 1342 2353 doceret,
1373 2293 1431 2340 ut
1456 2296 1544 2339 res
1576 2281 1731 2337 istius
1750 2278 1875 2336 vita:

260 2378 574 2461 splendidas
600 2386 669 2441 ad
707 2394 982 2456 stuporem
1012 2396 1078 2438 ne
1106 2380 1319 2435 mireris
1341 2420 1356 2445 ,
1389 2375 1485 2432 sed
1519 2373 1719 2430 vilioris
1745 2388 1876 2428 con—

260 2481 491 2538 ditionis
520 2487 731 2534 amator
757 2475 954 2545 ubique
984 2473 1081 2537 sis,
1112 2486 1178 2527 ac
1207 2466 1535 2540 paupertatis
1563 2464 1837 2521 studiosus
1856 2503 1870 2527 ,

260 2588 429 2645 apum
479 2568 861 2627 abundantiam
910 2566 1113 2631 evites,
1158 2571 1213 2617 et
1260 2561 1403 2616 intus
1452 2557 1635 2614 ornari
1692 2569 1871 2613 cures.

266 2665 453 2722 Omnis
480 2664 680 2734 quippe
706 2658 873 2733 gloria
892 2659 1017 2729 ﬁlia
1045 2657 1177 2729 regis
1202 2653 1264 2708 ab
1286 2654 1420 2709 intus
1445 2649 1618 2721 (Paul.
1642 2651 1733 2707 44.
1758 2648 1874 2719 Η),

263 2758 442 2829 inquit
464 2756 772 2826 Scriptura.
805 2751 861 2808 Si
896 2748 1175 2822 proposito
1202 2744 1367 2801 animi
1399 2746 1470 2799 tui
1499 2740 1876 2811 hospitalitatis

264 2863 458 2904 amans
484 2847 559 2902 sis
584 2887 600 2911 ,
627 2858 842 2900 omnem
878 2837 1261 2911 hoSpitalitatis
1290 2835 1501 2891 thecam
1536 2834 1723 2900 habes,
1753 2832 1877 2887 licet

263 2941 487 2996 obolum
518 2947 723 2993 tantum
758 2932 1032 3006 possideas
1059 2953 1071 2987 :
1103 2932 1183 2985 sin
1214 2939 1393 2984 autem
1426 2926 1750 2980 inhumanus
1778 2923 1873 2989 sis,

264 3043 319 3089 et
352 3030 596 3100 hospites
624 3026 824 3093 oderis,
849 3026 973 3081 licet
1000 3020 1297 3077 innumeris
1325 3018 1485 3073 rebus
1510 3014 1875 3081 circumiiuas,

268 3123 435 3180 nimis
469 3127 695 3191 augusta
723 3126 805 3173 est
840 3132 936 3187 pro
963 3112 1261 3185 peregrinis
1285 3110 1479 3166 domus
1503 3116 1610 3163 tua.
1635 3106 1751 3162 Non
1786 3108 1884 3160 ha-

266 3217 434 3271 bebat
466 3214 566 3270 ista
597 3213 769 3268 lectos
803 3222 1027 3281 argento
1057 3214 1276 3262 ornatos
1296 3246 1311 3270 ,
1362 3204 1456 3259 sed
1485 3217 1750 3259 summam
1783 3200 1879 3255 ha-

268 3308 436 3363 bebat
460 3304 762 3360 castitatem
794 3322 807 3359 :
835 3316 940 3357 non
970 3298 1201 3354 habebat
1242 3297 1558 3367 stragulum,
1584 3294 1680 3351 sed
1718 3294 1883 3349 animi

271 3398 554 3469 proposito
602 3404 718 3449 erat
752 3402 1034 3448 mansueto
1061 3398 1115 3444 et
1146 3388 1395 3461 liOSpllall
1429 3410 1441 3443 :
1472 3402 1577 3442 non
1608 3385 1885 3443 columnas

269 3488 513 3544 habebat
543 3486 808 3556 fulgentes
836 3526 851 3551 ,
879 3484 973 3538 sed
1013 3482 1205 3537 animae
1231 3477 1687 3551 pulchritudinem
1714 3475 1887 3532 habe-

271 3582 368 3638 bat
404 3580 727 3637 emicantetn
762 3598 776 3635 ε
810 3592 916 3633 non
965 3591 1237 3632 marmore
1279 3574 1612 3631 eonvestitos
1656 3571 1888 3627 habebat

275 3675 539 3745 parietes,
574 3687 680 3726 non
720 3670 950 3741 gemmis
977 3668 1290 3723 distinctum
1342 3666 1703 3737 pavimentum
1729 3704 1745 3732 ,
1793 3664 1887 3718 sed

276 3770 393 3836 ipsa
426 3766 663 3835 Spiritus
715 3771 832 3821 erat
876 3762 1157 3833 templum.
1208 3760 1331 3817 llaec
1379 3759 1615 3815 laudavit
1658 3759 1886 3823 Paulus,

278 3860 399 3914 hzcc
428 3857 734 3921 adamavit;
766 3863 985 3925 prepter
1022 3855 1135 3909 haec
1161 3869 1283 3909 cum
1316 3852 1368 3908 in
1407 3852 1611 3907 aedibus
1648 3851 1714 3906 ad
1755 3852 1891 3905 duos

276 3963 456 4005 annos
479 3955 847 4002 commoratus
864 3954 1037 4007 esset,
1068 3943 1191 3999 inde
1217 3959 1324 3998 non
1353 3944 1614 3999 recessit:
1646 3952 1889 4012 propter-

277 4060 345 4099 ea
379 4041 620 4097 meminit
656 4054 870 4109 semper
899 4039 1136 4108 ipsorum
1159 4081 1172 4103 ,
1195 4052 1489 4107 eorumque
1534 4037 1891 4093 laudationem

282 4135 541 4191 eximiam
575 4133 680 4188 illis
706 4131 945 4187 contexit
971 4139 1025 4184 et
1067 4128 1347 4184 mirificam
1369 4171 1384 4195 ,
1416 4144 1523 4182 non
1557 4138 1613 4182 ut
1638 4128 1894 4182 clariores

278 4228 407 4282 illos
434 4225 647 4290 reddat,
680 4223 773 4279 sed
799 4231 859 4277 ut
880 4230 1105 4277 exteros
1135 4220 1201 4275 ad
1232 4220 1479 4275 eumdem
1510 4220 1683 4275 zelum
1711 4234 1896 4275 accen-

278 4318 400 4384 dat,
433 4317 619 4387 eisque
645 4314 999 4387 persuadeat,
1030 4322 1086 4369 ut
1107 4314 1295 4369 beatos
1320 4312 1633 4383 praedicent,
1666 4328 1772 4368 non
1801 4327 1895 4367 eos

279 4413 376 4481 qui
414 4410 609 4464 divites
649 4417 801 4474 sunt,
832 4422 1007 4477 neque
1036 4406 1125 4477 qui
1159 4413 1358 4475 gerunt
1392 4405 1735 4473 magistratus
1758 4446 1774 4470 ,
1802 4404 1896 4458 sed

280 4507 376 4574 qui
410 4501 703 4572 hospitales
733 4508 787 4554 et
817 4497 1193 4555 misericordes
1236 4505 1398 4563 sunt,
1431 4507 1489 4553 et
1516 4497 1752 4568 benigni,
1776 4498 1896 4568 qui-

283 4610 394 4666 que
419 4594 639 4647 mulzam
671 4607 797 4660 erga
829 4602 1044 4647 sanctos
1066 4589 1327 4648 exhibent
1349 4588 1681 4646 comitatem.

270 4686 273 4687 ν
360 4688 418 4743 5.
451 4684 705 4758 Epilogus
735 4686 981 4739 sermonis
1017 4694 1064 4738 et
1107 4683 1387 4738 cohortatio
1416 4683 1625 4737 moralis
1666 4683 1735 4736 ad
1773 4698 1901 4753 Opus

284 4795 558 4834 manuum.
611 4778 730 4832 Non
773 4777 913 4831 debet
948 4779 1053 4830 nos'
1080 4774 1271 4845 pudere
1295 4774 1486 4829 laboris
1516 4781 1562 4827 et
1596 4774 1788 4845 opiﬁcit'
1834 4804 1903 4814 --

286 4872 420 4929 [Lee
461 4872 622 4942 igitur
663 4869 784 4925 cuin
816 4883 915 4923 nos
941 4883 1157 4938 quoque
1194 4883 1260 4923 ex
1288 4868 1387 4923 hac
1408 4866 1732 4923 salutatione
1761 4868 1903 4923 didi-

283 4952 569 5028 cerimus,
602 4961 857 5031 operibus
912 4960 1040 5030 ipsis
1088 4960 1364 5027 specimen
1407 4974 1595 5014 eorum
1643 4959 1929 5023 edamus,.

288 5071 470 5125 neque
506 5053 700 5123 divites
731 5061 934 5107 temere
960 5052 1148 5106 beatos
1170 5050 1544 5121 prtedicemus,
1574 5066 1747 5121 neque
1774 5067 1904 5121 putt:

290 5162 453 5217 peres
496 5145 885 5214 vilipendamus
908 5182 923 5209 ,
958 5156 1131 5211 neque
1176 5156 1277 5197 nos
1304 5140 1502 5212 pudeat
1540 5142 1734 5196 artium
1763 5184 1774 5206 ,
1809 5157 1909 5196 nec

290 5237 570 5309 opiﬁcium
600 5237 852 5304 probrum
882 5248 1004 5288 esse
1032 5233 1313 5299 ducamus,
1342 5231 1435 5287 sed
1461 5232 1627 5287 otium
1649 5275 1662 5298 ,
1694 5242 1748 5287 et
1777 5234 1908 5287 nulli

291 5327 638 5397 occupationi
665 5342 875 5381 vacare.
906 5326 961 5383 Si
1007 5326 1150 5379 enim
1193 5325 1447 5394 probrum
1477 5335 1622 5379 esset
1661 5327 1907 5395 operari,

292 5438 406 5477 non
436 5420 770 5476 exercuisset
795 5428 969 5473 artem
992 5418 1257 5485 ejusmodi
1285 5419 1481 5474 Paulus
1509 5462 1520 5482 ,
1556 5436 1729 5488 neque.
1756 5435 1815 5475 ea
1846 5422 1910 5477 t'e

297 5527 462 5567 causa
497 5513 667 5581 magis
695 5511 953 5581 gloriatus
979 5520 1144 5573 esset,
1175 5509 1243 5565 ita
1273 5508 1456 5563 dlCt‘llS
1483 5528 1494 5562 :
1524 5512 1583 5564 Si
1604 5511 1735 5565 enim
1763 5527 1912 5563 evan-

298 5609 619 5679 gelistam-ro,
654 5622 755 5658 non
801 5616 873 5658 est
917 5604 1037 5657 mihi
1079 5605 1263 5674 gloria.
1303 5603 1427 5668 Quo?
1454 5612 1525 5656 est
1566 5619 1685 5673 ergo
1726 5621 1911 5657 "terres

300 5697 456 5753 rm?
476 5694 544 5752 Ut
567 5696 878 5767 evangelium
903 5696 1185 5766 pra'dicans
1203 5696 1311 5747 sine
1332 5704 1536 5762 smnpm
1566 5712 1748 5759 ponam
1772 5712 1912 5748 cvan-

307 5784 499 5858 gelium
534 5784 720 5841 Christi
759 5786 848 5857 (1.
882 5786 999 5841 Cor.
1030 5787 1081 5841 9.
1118 5786 1201 5843 16.
1231 5783 1351 5856 18).
1398 5783 1553 5852 Quod
1584 5784 1627 5839 si
1656 5787 1908 5857 probrum

1007 325 1075 381 IN
1112 322 1341 389 lLLUD,
1376 314 1740 377 SALUTATE
1782 307 2195 371 PRISCIELABJ
2238 306 2326 363 ET
2366 304 2698 375 Αρυιιειιι.
2736 302 2760 360 Ι

3476 300 3581 359 ﬁt

1971 430 2115 479 esset
2133 433 2605 490 ors,noqnaquam
2635 432 2740 473 eos
2753 417 2843 487 qui
2864 430 2986 471 non
3014 423 3387 485 opu-rarentur,
3417 415 3579 489 etiagt

1972 513 2299 569 manducare
2344 514 2603 568 vetuisset
2648 509 2742 580 (2.
2775 508 2950 565 Thess.
2972 509 3025 561 3.
3054 506 3121 564 l0
3154 510 3191 577 ).
3226 506 3409 563 Solum
3437 516 3587 562 enim

1972 614 2252 676 peccatum
2284 612 2367 659 est
2395 604 2649 667 probrum
2691 620 2701 655 :
2736 613 2791 657 at
2822 600 2953 656 illud
2983 615 3046 656 ex
3075 600 3191 655 otio
3220 598 3369 654 nasci
3399 600 3539 655 solet
3568 644 3580 663 ,

1972 712 2071 753 nec
2097 713 2261 753 unum
2290 706 2384 752 aut
2421 696 2528 750 duo
2568 696 2651 751 vel
2682 695 2778 749 tria
2808 703 3036 758 tantum,
3072 692 3166 749 sed
3212 691 3391 765 omnis
3421 692 3583 747 simul

1971 789 2309 860 improbitas.
2340 790 2631 860 Propterea
2675 789 2891 859 sapiens
2934 788 3097 843 etiam
3138 785 3360 858 quidam
3398 795 3582 842 osten-

1971 879 2107 936 dens
2133 894 2350 936 omnem
2381 880 2640 934 malitiam
2670 878 2920 934 docuisse
2960 878 3128 933 otium
3154 920 3171 945 ,
3214 886 3271 933 et
3301 876 3464 934 verba
3508 876 3582 929 fa-

1970 971 2119 1027 ciens
2144 970 2213 1026 de
2242 970 2415 1027 servis
2438 973 2511 1025 ait
2542 988 2555 1024 :
2590 970 2735 1025 Mitte
2760 970 2905 1025 illum
2929 971 2983 1025 in
3009 968 3376 1041 operationem,
3405 987 3469 1025 ne
3490 986 3583 1023 uu-

1972 1073 2048 1117 cet
2075 1062 2093 1135 (
2120 1061 2285 1117 Eccli.
2311 1062 2399 1119 33.
2430 1062 2548 1134 28).
2577 1062 2730 1129 Quod
2767 1064 2911 1119 e,.im
2943 1071 3025 1117 est
3053 1061 3279 1118 frmuum
3314 1077 3485 1133 equo.
3533 1062 3582 1116 id

1972 1164 2057 1211 est
2081 1169 2217 1227 opus
2256 1166 2465 1211 natura
2493 1168 2710 1211 nosmc.
2736 1155 2793 1211 Si
2820 1147 3021 1211 bonum
3051 1154 3179 1227 quid
3203 1167 3346 1212 esset
3376 1157 3545 1211 otium
3566 1198 3583 1219 .

1973 1247 2155 1304 omnia
2182 1249 2302 1304 sine
2325 1258 2569 1304 semente
2596 1259 2652 1304 et
2674 1248 2999 1319 agricultura
3028 1258 3169 1305 terra
3215 1248 3537 1320 produceret
3566 1266 3582 1304 :

1973 1340 2120 1412 atqui
2148 1340 2282 1397 nihil
2306 1341 2412 1398 tale
2449 1352 2686 1413 prastat.
2711 1341 2852 1399 Olim
2893 1342 3055 1414 igitur
3087 1351 3286 1400 terram
3324 1344 3597 1400 inaratatn

1973 1429 2116 1487 ferre
2141 1440 2333 1487 cuneta
2360 1433 2621 1504 prmcepit
2647 1435 2785 1490 Deus
2820 1451 2833 1488 :
2861 1433 2972 1504 jam
2994 1449 3126 1491 vero
3151 1450 3259 1490 non
3302 1440 3371 1490 ita
3413 1434 3540 1492 fecit
3566 1474 3595 1502 ,_

1975 1522 2073 1579 sed
2099 1532 2154 1579 et
2179 1524 2345 1581 boves
2364 1526 2589 1595 jungere
2607 1568 2622 1590 ,
2651 1535 2704 1580 et
2732 1541 3005 1583 vomerem
3037 1526 3271 1594 trahere,
3295 1536 3351 1582 et
3375 1527 3586 1584 sulcum

1976 1615 2195 1684 ducere,
2216 1625 2281 1674 et
2307 1630 2492 1673 semen
2518 1618 2720 1690 jacere,
2749 1628 2910 1690 atque
2933 1619 3057 1674 aliis
3088 1620 3271 1675 multis
3296 1620 3471 1677 modis
3490 1636 3590 1677 co—

1977 1708 2092 1779 lere
2129 1718 2183 1765 ot
2226 1710 2389 1765 vitem
2419 1718 2473 1766 et
2497 1710 2722 1766 arbores
2747 1719 2803 1767 et
2846 1712 3054 1767 semina
3083 1711 3391 1767 hominibus
3420 1713 3588 1783 impe-

1978 1801 2140 1869 ravit,
2170 1810 2229 1856 ut
2257 1801 2587 1872 operationis
2610 1803 2901 1875 usurpatio
2914 1811 3152 1859 mentem
3178 1818 3388 1868 eorum,
3416 1803 3506 1875 qui
3530 1819 3589 1859 se

1977 1892 2234 1966 operibus
2257 1904 2596 1964 exercerent,
2634 1895 2702 1952 ab
2729 1895 2875 1952 omni
2905 1896 3248 1967 improbitate
3282 1907 3583 1952 revocaret.

1982 1985 2252 2055 Principio
2270 1985 2509 2056 quidem,
2535 1995 2590 2043 ut
2616 1988 2910 2059 potentiam
2938 2003 3090 2043 suam
3109 1990 3443 2056 ostenderet,
3461 1990 3591 2045 efl'e-

1976 2076 2051 2130 cit
2074 2084 2132 2131 ut
2147 2076 2327 2132 omnia
2343 2077 2460 2133 sine
2479 2079 2676 2134 nostris
2696 2077 2967 2135 laboribus
2992 2082 3362 2151 provenirent:
3389 2081 3593 2136 Germi-

1978 2177 2063 2222 net
2074 2184 2211 2222 omni
2229 2176 2362 2224 terra
2380 2167 2587 2223 herbam
2609 2171 2731 2241 [ani
2752 2168 2904 2241 (Gen.
2928 2171 2979 2225 l.
3002 2170 3115 2242 il),
3134 2170 3322 2243 inquit,
3339 2181 3392 2227 et
3408 2174 3593 2228 statim

1977 2270 2171 2318 cuneta
2200 2262 2498 2318 vernahant
2520 2280 2534 2327 ;
2559 2272 2743 2333 postea
2769 2277 2901 2317 vero
2926 2279 3033 2319 non
3062 2263 3169 2331 ita;
3194 2265 3289 2320 sed
3310 2273 3363 2320 ct
3382 2276 3593 2320 nostro-

1979 2368 2097 2408 rum
2126 2353 2368 2409 laborum
2397 2367 2560 2425 opera
2593 2354 2754 2425 jussit
2785 2354 2871 2409 illa
2901 2370 2932 2410 e
2969 2364 3110 2411 terra
3134 2355 3385 2426 produci,
3412 2365 3467 2410 ιιι
3507 2356 3594 2410 da-

1978 2459 2100 2500 scas
2120 2445 2190 2500 oh
2208 2446 2489 2501 utilitatem
2507 2456 2560 2500 et
2575 2445 2919 2502 commodum
2948 2455 3189 2502 nostrum
3214 2448 3448 2503 laborem
3473 2465 3603 2503 esse

1981 2538 2271 2593 invectum.
2292 2539 2370 2595 Ac
2395 2537 2607 2593 videtur
2622 2538 2837 2610 quidem
2866 2553 3025 2608 poena
3042 2547 3097 2595 et
3125 2540 3443 2609 supplicium
3475 2555 3595 2596 esse

1979 2646 2100 2685 eum
2123 2631 2276 2686 audis
2306 2648 2320 2686 :
2348 2630 2414 2685 In
2440 2637 2627 2687 sudore
2652 2633 2819 2688 vultus
2846 2635 2920 2687 uti
2940 2636 3152 2689 vesceris
3176 2651 3307 2705 pane
3328 2646 3412 2689 tuo
3436 2634 3594 2707 (Gen.

1980 2722 2036 2779 ὅ.
2071 2722 2160 2797 19)
2200 2742 2213 2780 :
2252 2739 2313 2779 re
2344 2734 2523 2781 autem
2554 2740 2681 2781 vera
2707 2725 2956 2797 quadam
2988 2737 3069 2782 est
3099 2729 3392 2783 admonitio
3422 2741 3474 2784 et
3504 2746 3595 2784 ea-

1982 2818 2230 2889 stigatio,
2278 2829 2332 2873 et
2375 2820 2692 2887 vulnerant,
2735 2835 2852 2891 qua:
2900 2822 3441 2892 peccatumdinllixit,
3475 2839 3593 2879 me-

1983 2888 2123 2964 dela.
2152 2910 2323 2979 Quam
2344 2913 2415 2966 ob
2436 2926 2652 2967 causam
2675 2922 2729 2968 et
2747 2888 2944 2969 Paulus
2964 2888 3291 2984 operahitur
3314 2926 3595 2986 perpetuo,

1987 3018 2092 3056 non
2135 3000 2366 3059 interdiu
2408 3010 2614 3058 tantum
2636 3044 2649 3068 ,
2683 3004 2779 3059 sed
2809 3004 2971 3059 etiam
3000 3005 3113 3073 ipsa
3138 3016 3298 3060 nocte
3330 3025 3341 3059 :
3376 3008 3518 3077 quod
3547 3020 3599 3063 et

1990 3092 2103 3162 ipse
2128 3091 2367 3147 clamans
2392 3100 2617 3148 testatur
2646 3110 2657 3143 :
2694 3092 2858 3148 Nocte
2877 3095 3011 3149 enim
3034 3106 3079 3149 et
3106 3096 3190 3148 die
3210 3109 3477 3165 aperautes
3500 3143 3511 3163 ,
3540 3118 3602 3154 ne

1987 3202 2132 3255 quem
2152 3194 2368 3239 rastrum
2386 3202 2710 3257 gravaremus
2730 3184 2777 3248 (Ι
2791 3184 2989 3242 .Tltess.
3011 3186 3046 3241 2
3085 3186 3165 3256 9).
3181 3186 3364 3259 Neque
3383 3206 3509 3243 vero
3532 3200 3601 3245 te-

1990 3294 2140 3334 mere
2182 3278 2582 3346 delectationis,
2628 3288 2722 3334 aut
2753 3280 3032 3336 recreandi
3076 3282 3242 3336 animi
3275 3298 3437 3337 causa
3466 3301 3599 3351 opus

1991 3370 2284 3437 tractabat,
2327 3369 2390 3425 Sit
2409 3378 2467 3425 ut
2511 3370 2663 3426 multi
2708 3370 2934 3437 fratres,
2980 3374 3074 3428 sed
3130 3381 3278 3428 tanto
3319 3388 3377 3428 se
3421 3376 3603 3430 laliore

1991 3463 2309 3531 exercebat,
2346 3472 2403 3519 ut
2437 3475 2492 3520 et
2520 3465 2733 3520 caeteris
2763 3465 3003 3521 subsidio
3041 3481 3164 3523 esse
3203 3477 3406 3537 posset.
3435 3470 3516 3523 Ad
3544 3487 3603 3522 ea

1993 3558 2127 3609 enim
2163 3571 2277 3627 qu
2316 3555 2439 3610 mihi
2464 3572 2595 3627 opus
2621 3567 2763 3612 erant
2782 3597 2797 3623 ,
2828 3565 2876 3612 et
2903 3557 2965 3612 iis
2988 3558 3078 3628 qui
3105 3574 3299 3614 mecum
3326 3570 3477 3627 sunt,
3508 3564 3574 3613 nn

1994 3647 2334 3700 "iuraverunt
2355 3663 2537 3701 manus
2563 3648 2672 3701 istm
2692 3646 2932 3719 (Act.20.
2952 3649 3066 3718 54).
3096 3648 3268 3704 Homo
3289 3651 3378 3721 qui
3401 3651 3579 3705 dannt.

1997 3736 2153 3792 nibus
2201 3738 2527 3808 imperabat.
2572 3740 2662 3808 qui
2691 3739 2881 3794 doctor
2899 3749 3015 3795 erat
3041 3741 3190 3796 orbis
3211 3750 3494 3809 terrarum,
3519 3761 3579 3799 ex:

1997 3831 2235 3883 omnium
2257 3872 2270 3891 ,
2300 3830 2389 3900 qui
2424 3839 2622 3886 terram
2652 3832 2926 3898 incolunt,
2951 3831 3123 3889 fuerat
3144 3850 3271 3889 cura
3288 3839 3573 3893 commissu

1997 3922 2087 3991 qui
2128 3931 2348 3977 cunctas
2384 3922 2485 3977 sub
2515 3923 2631 3978 sole
2662 3926 2861 3993 positas
2890 3925 3159 3981 Ecclesias
3181 3968 3194 3992 ,
3221 3930 3527 3998 et.p0pulos
3556 3944 3599 3981 ολ

2000 4014 2244 4068 nationes
2264 4056 2279 4077 ,
2311 4022 2365 4068 et.
2409 4014 2571 4069 urbes
2599 4030 2811 4073 summa
2837 4018 3201 4074 sollicitudine
3228 4022 3480 4086 curabat,
3510 4039 3605 4075 nm

2001 4117 2087 4161 cze
2106 4114 2161 4160 et
2186 4105 2273 4160 die
2301 4105 2624 4175 operabatur
2644 4147 2658 4173 ,
2686 4121 2752 4162 ac
2778 4122 2846 4163 ne
2876 4108 3142 4164 tantillum
3171 4111 3384 4180 quidem
3414 4112 3482 4166 ab
3506 4112 3612 4167 illis

2004 4198 2279 4253 laboribus
2313 4198 2634 4270 reSpirahat.
2672 4199 2784 4255 Nos
2819 4214 2947 4255 vero
2968 4242 2981 4266 ,
3009 4203 3205 4270 quibus
3229 4218 3297 4257 ne
3331 4204 3608 4258 millesima

2002 4290 2218 4360 quidem
2257 4290 2401 4346 illius
2438 4307 2688 4347 curarum
2726 4307 2851 4362 pars
2879 4292 3175 4359 incumbit,
3210 4294 3292 4349 vel
3322 4296 3497 4365 potius
3524 4298 3612 4365 qui

2006 4399 2073 4440 ne
2112 4394 2291 4438 mente
2317 4384 2532 4454 quidem
2559 4399 2650 4439 eas
2677 4398 2870 4454 capere
2902 4398 3186 4454 possumus
3209 4427 3225 4452 ,
3264 4388 3318 4441 in
3347 4388 3458 4442 otio
3487 4403 3609 4458 pch

2009 4487 2171 4546 petuo
2211 4478 2384 4533 vitam
2416 4477 2681 4533 ducimus.
2726 4478 2842 4546 Qua
2876 4494 3007 4535 vero
3046 4478 3194 4550 digni
3232 4483 3612 4546 excuSatione.

2008 4570 2095 4626 vel
2122 4585 2236 4641 qua,
2257 4569 2468 4625 tandem
2498 4571 2651 4626 venia
2674 4572 3054 4628 ccnsehimur?
3076 4571 3205 4629 [nde
3224 4586 3414 4630 cuncta
3448 4576 3499 4629 in
3520 4592 3616 4647 ge-

2009 4682 2110 4721 nus
2151 4665 2441 4721 humanum
2483 4668 2619 4721 mala
2655 4666 3032 4734 dimanarunt,
3075 4668 3219 4738 quod
3266 4670 3415 4724 multi
3464 4671 3514 4724 in
3554 4685 3621 4726 eo

2010 4760 2302 4815 maximum
2330 4760 2497 4815 decus
2520 4775 2642 4816 esse
2672 4760 2902 4833 positum
2925 4763 3253 4817 arbitrentur
3272 4806 3286 4831 ,
3314 4776 3371 4818 ut
3391 4778 3514 4817 suas
3539 4782 3625 4817 ur-

2013 4862 2093 4909 tes
2134 4852 2361 4908 minime
2394 4862 2659 4922 tractent,
2701 4864 2755 4910 et
2783 4870 2995 4910 summo
3025 4855 3123 4911 sibi
3151 4854 3362 4910 crimini
3389 4858 3579 4912 ducant
3610 4900 3622 4915 .

2013 4944 2057 4999 si
2096 4960 2279 5000 earuut
2322 4946 2566 5017 peritiam
2598 4962 2708 5017 prie
2738 4962 2798 5003 se
2830 4946 3022 5002 ferant.
3055 4948 3133 5001 Ac
3163 4946 3623 5019 Pauluntrpﬁdznz

2016 5053 2123 5093 non
2166 5040 2327 5109 pudet
2369 5041 2528 5094 simul
2569 5050 2624 5095 et
2657 5042 2927 5112 scalprum
2978 5058 3138 5096 manu
3170 5050 3431 5107 tractare,
3464 5045 3623 5113 pello:

2016 5152 2279 5192 censuere
2305 5179 2318 5200 ,
2366 5146 2420 5190 et
2463 5136 2605 5189 viros
2645 5135 2842 5206 alloqui
2889 5135 2941 5189 in
2977 5124 3236 5206 dignitate
3264 5137 3587 5191 constitutos

2018 5230 2111 5283 5rd
2162 5237 2217 5281 ct
2258 5245 2315 5282 re
2357 5228 2443 5282 illa
2490 5226 2855 5297 gloriabatur,
2898 5241 3017 5281 cum
3051 5226 3116 5281 ad
3146 5242 3269 5281 eum
3299 5227 3396 5281 viri
3426 5228 3553 5280 clari
3581 5239 3629 5279 rt

2021 5322 2254 5375 illustres
2292 5320 2635 5374 ventitarent.
2682 5317 2864 5387 Neque
2908 5329 3113 5373 tantum
3153 5318 3269 5374 lucc
3295 5320 3444 5372 illum
3476 5334 3633 5388 agone

2022 5429 2126 5467 non
2171 5412 2421 5481 pudebat,
2460 5410 2552 5465 sed
2597 5410 2755 5465 etiam
2791 5410 2843 5464 in
2874 5410 3118 5480 epistolis
3144 5409 3257 5465 suis
3281 5420 3550 5481 tamquam
3582 5411 3631 5462 iu

2024 5520 2164 5558 aereo
2214 5506 2399 5573 cippo,
2454 5518 2611 5572 quam
2664 5502 3007 5573 proﬁteretur
3048 5512 3259 5565 artem,
3307 5501 3632 5571 divulgabat.

2024 5595 2177 5664 Quod
2208 5597 2365 5666 igitur
2394 5595 2459 5650 ab
2486 5595 2638 5650 initio
2668 5594 2961 5661 didicerat,
2994 5593 3123 5649 illud
3152 5605 3203 5650 et
3226 5603 3411 5667 postea
3440 5604 3637 5647 triuia-

2027 5689 2113 5742 bat
2134 5732 2146 5756 ,
2178 5687 2336 5759 idque
2364 5697 2642 5758 postquam
2679 5685 2847 5741 fuerat
2879 5690 3092 5743 tertium
3121 5697 3303 5756 raptus
3328 5687 3377 5741 in
3409 5687 3598 5739 Cilflliltl
3623 5728 3635 5745 .

2028 5792 2307 5853 postquam
2352 5780 2643 5839 translatus
2678 5778 2853 5837 fuerat
2893 5780 2943 5837 in
2974 5778 3282 5853 paradisum
3307 5821 3321 5847 ,
3352 5786 3641 5851 postquam
