4212 6290
596 268 701 326 “li

596 385 668 439 illi
703 382 847 440 Deus
884 394 1077 437 arcana
1116 376 1277 434 verba
1312 373 1798 431 communicaverat
1839 391 1853 423 :
1891 386 1991 425 nos
2021 386 2149 426 vero
2171 411 2187 437 ,

589 490 685 546 qui
726 490 794 531 ne
812 445 1292 531 calceamenton
1315 467 1528 538 quidem
1550 468 1668 536 ejus
1687 478 1860 537 pretio
1886 461 2185 519 astimandi

599 582 785 623 smnus
804 608 821 630 ,
858 564 1013 622 nobis
1044 577 1108 617 ea
1144 560 1341 631 probro
1374 559 1654 623 ducimus,
1684 556 1875 629 quibus
1903 570 1961 611 se
1992 555 2083 609 ille
2099 552 2181 625 ja-

594 659 813 727 rtsbat,
841 665 895 712 et
924 652 1146 725 singulis
1173 650 1390 723 quidem
1418 650 1609 706 diebus
1636 649 1760 705 dum
1788 645 2149 716 delinquimus
2167 685 2185 712 ,

595 765 702 805 non
740 747 1134 811 convertimur,
1187 759 1358 816 neque
1405 744 1655 815 probrum
1702 753 1822 795 esse
1862 754 2184 804 censemus;

593 858 656 897 es
723 840 882 911 iustis
931 847 1109 897 autem
1162 838 1433 893 laboribus
1480 835 1660 889 vivere
1712 844 1979 903 tamquam
2034 844 2188 902 turpe

591 949 655 991 ac
705 932 988 988 ridiculum
1026 932 1311 988 evitamus.
1356 929 1487 997 Quae
1541 927 1756 983 tandem
1809 928 1997 998 igitur,
2033 942 2183 996 quat-

590 1040 687 1091 so,
743 1022 899 1080 nobis
947 1021 1135 1078 salutis
1188 1034 1312 1090 spes
1366 1018 1567 1087 reliqua
1614 1018 1754 1073 erit?
1801 1017 1969 1086 Quem
2039 1018 2183 1073 enim

593 1116 788 1187 pudet,
824 1124 1036 1187 oportet
1066 1113 1266 1186 peccati
1311 1110 1529 1181 pudere.
1567 1126 1632 1165 ac
1677 1111 1843 1165 Deum
1878 1108 2183 1175 oﬂ’endisse,

592 1218 754 1279 atque
794 1205 989 1279 aliquid
1027 1219 1211 1261 eorum
1254 1218 1372 1274 qua:
1415 1201 1619 1275 agenda
1667 1216 1772 1257 non
1822 1211 1942 1256 sunt
1992 1216 2178 1272 agere,

591 1301 685 1356 sed
702 1300 903 1356 artibus
917 1308 971 1356 et
990 1298 1218 1368 opificiis
1242 1296 1479 1369 gloriari.
1509 1296 1598 1363 Sic
1612 1296 1754 1351 enim
1774 1295 1884 1363 fiet,
1909 1306 1960 1349 ut
1983 1306 2037 1349 et
2059 1310 2148 1364 pra

592 1407 688 1448 vas
706 1391 1059 1464 cogitationes
1084 1405 1309 1462 operum
1339 1388 1777 1459 occupationibus
1798 1402 1861 1442 ex
1891 1382 2070 1443 mente
2098 1386 2183 1442 fa-

590 1485 691 1541 cile
714 1484 1068 1555 depellamus,
1096 1492 1152 1537 et
1171 1482 1356 1553 egenis
1380 1480 1621 1537 subsidio
1644 1481 1847 1547 simus,
1874 1486 1929 1535 et
1955 1479 2183 1533 aliorum

584 1574 765 1645 ianuis
800 1574 1010 1629 nudein
1046 1588 1152 1629 non
1191 1573 1395 1637 simus,
1422 1581 1477 1626 et
1499 1570 1698 1626 Christi
1725 1571 1894 1641 legem
1920 1569 2182 1640 adimple-

589 1681 776 1733 amns,
824 1666 915 1736 qui
957 1665 1097 1719 dixit
1144 1683 1157 1719 :
1201 1662 1412 1719 Boetius
1454 1672 1527 1717 est
1561 1663 1722 1730 dare,
1766 1678 1918 1730 quam
1958 1663 2186 1730 occipere

592 1754 727 1828 (Art.
771 1756 861 1814 20.
912 1757 1041 1828 35).
1088 1756 1374 1827 Propterea
1419 1770 1649 1825 namque
1690 1755 1844 1811 nobis
1885 1754 2022 1809 data:
2061 1763 2185 1808 sunt

590 1863 780 1902 manus
803 1889 820 1915 ,
843 1857 901 1902 ut
930 1862 1027 1903 nos
1056 1848 1200 1917 ipsos
1220 1846 1471 1916 juvemus
1490 1888 1504 1912 ,
1535 1854 1588 1900 et
1614 1846 1678 1901 iis
1707 1847 1795 1917 qui
1822 1861 2047 1914 corpore
2070 1862 2187 1899 mu-

591 1942 719 1996 tilati
746 1950 901 2007 sunt,
948 1956 1014 1997 ex
1047 1940 1205 1996 rebus
1240 1940 1473 2004 nostris,
1515 1955 1635 2009 qute
1679 1939 1979 1994 necessaria
2022 1948 2182 2003 sunt,

590 2034 770 2087 omnia
822 2047 920 2103 pro
959 2041 1142 2087 nostra
1188 2031 1435 2087 facultate
1473 2031 1872 2100 suppeditemus
1908 2047 1920 2081 :
1963 2032 2106 2099 quod
2140 2031 2185 2085 si

589 2124 710 2193 quis
748 2126 800 2179 in
844 2124 953 2179 otio
988 2134 1329 2195 perseveret,
1369 2124 1439 2178 sit
1466 2123 1589 2177 licet
1614 2136 1807 2185 sanus,
1835 2121 1901 2177 iis
1928 2122 2016 2191 qui
2050 2123 2182 2176 febri

590 2217 870 2282 laborant,
901 2226 985 2272 est
1016 2217 1263 2271 miserior
1290 2234 1303 2269 :
1333 2215 1595 2285 siquidem
1630 2215 1705 2269 illi
1727 2224 1941 2285 propter
1970 2216 2185 2284 :egritu-

591 2308 770 2361 dinem
810 2306 1047 2376 corporis
1067 2308 1274 2361 veniam
1314 2318 1619 2370 merentur.
1659 2316 1711 2360 et
1742 2306 1893 2360 facile
1913 2306 2001 2373 qui
2026 2306 2185 2361 mise-

590 2408 770 2456 reatur
797 2400 1033 2469 ipsorum
1060 2400 1365 2453 invenient:
1394 2398 1444 2451 hi
1469 2414 1595 2453 vero
1615 2400 1702 2465 qui
1729 2397 1921 2451 bonam
1944 2399 2184 2465 corporis

589 2492 953 2547 habitudinem
981 2492 1178 2561 probro
1202 2490 1468 2557 afficiunt,
1496 2491 1687 2545 merito
1708 2490 1775 2543 ab
1797 2490 2039 2544 omnibus
2060 2489 2185 2544 odio

591 2584 881 2648 habentur,
918 2594 971 2637 ut
1001 2584 1088 2653 qui
1124 2591 1179 2637 et
1209 2582 1301 2636 Dei
1328 2582 1469 2651 leges
1499 2582 1696 2635 violent
1716 2622 1728 2643 ,
1758 2590 1812 2634 et
1836 2595 2075 2634 mensam
2104 2580 2183 2633 in-

591 2678 866 2727 lirmorttm
913 2672 1139 2740 laedant,
1180 2680 1236 2727 et
1271 2686 1421 2727 suam
1466 2673 1695 2727 animum
1723 2670 2041 2725 deteriorem
2068 2668 2181 2723 effi-

596 2767 759 2819 ciant.
810 2764 992 2836 Neque
1033 2766 1173 2821 enim
1216 2764 1318 2821 hoc
1356 2765 1527 2820 solum
1563 2774 1644 2820 est
1684 2764 1843 2829 mali,
1883 2763 2021 2832 quod
2064 2776 2182 2815 cum

1369 260 1426 317 S.
1465 258 1742 317 JOANNIS
1780 253 2256 315 CHRYSOSTOMI
2299 256 2618 317 ARCHIEP.
2657 250 3195 324 CONSTANTI'NOP.

3789 268 3893 323 £96

2293 384 2394 426 suo
2436 372 2535 426 sibi
2589 371 2772 427 labore
2810 373 3006 428 vietum
3045 388 3285 444 querere
3325 373 3617 447 deberent,
3663 377 3893 432 aliorum

2293 461 2499 518 aedibus
2537 461 2645 517 sint
2687 462 3007 532 importuni,
3044 465 3138 520 sed
3162 465 3304 536 quod
3331 465 3430 535 ipsi
3455 467 3707 523 munibus
3757 481 3895 535 pem

2294 568 2385 611 res
2412 563 2658 610 evadant.
2690 555 2829 611 Nihil
2856 558 3001 611 enim
3030 565 3143 623 est,
3178 558 3307 613 nihil
3322 558 3486 630 plane
3515 561 3566 615 in
3597 560 3757 617 rebus
3794 562 3872 613 Im

2295 645 2464 699 manis
2484 684 2503 712 ,
2526 645 2669 715 quod
2697 661 2800 701 non
2830 648 2943 702 otio
2972 649 3244 717 perdatur.
3271 648 3403 705 Nam
3432 659 3488 705 et
3511 666 3647 722 aqua
3672 652 3718 706 si
3739 640 3895 711 ’ἐιαῖρ

2292 736 2686 805 corrumpitur;
2728 737 2774 791 si
2810 752 2941 793 vero
2972 750 3186 805 currat,
3209 755 3341 809 .cum
3403 724 3851 814 ubique-rogetur
3873 784 3889 801 .

2292 843 2445 883 suam
2466 830 2715 889 virtutem
2738 840 3023 888 conservat
3052 852 3061 883 :
3089 843 3143 888 et
3172 832 3369 889 ferrum
3396 835 3611 905 quidem
3632 835 3679 890 si
3696 826 3755 889 in
3776 824 3893 889 otio

2293 932 2539 991 maneat,
2564 908 2778 981 lnollius
2801 939 2865 979 ac
2890 924 3126 981 deterius
3152 924 3240 989 tit,
3271 934 3327 981 et
3350 910 3591 998 rubigine
3606 928 3893 984 consumi-

2294 1024 2415 1081 tur;
2455 1014 2598 1085 quod
2642 1025 2821 1071 autem
2864 1014 2931 1069 ad
2970 1015 3178 1085 opificis
3210 1016 3561 1085 transfertur,
3595 1018 3766 1074 multo
3788 1020 3899 1073 uti-

2293 1106 2396 1162 lius
2439 1106 2498 1160 fit
2516 1146 2533 1172 ,
2562 1116 2617 1163 et
2644 1092 2938 1177 elegantius
2958 1148 2974 1175 ,
3004 1106 3276 1179 nihiloque
3303 1110 3481 1163 minus
3505 1124 3665 1179 quam
3694 1124 3900 1181 argen-

2294 1207 2404 1252 tum
2430 1198 2653 1269 quodvis
2679 1198 2913 1269 ell‘ulget.
2945 1202 3024 1255 Ac
3049 1208 3248 1255 terram
3275 1201 3490 1271 quidem
3518 1204 3745 1258 otiosam
3770 1219 3897 1258 eer-

2292 1290 2467 1344 nimus
2498 1290 2626 1343 nihil
2651 1289 2979 1345 fructuosum
3010 1279 3307 1360 producere
3326 1331 3343 1359 ,
3369 1293 3463 1347 sed
3489 1294 3623 1347 mala
3644 1296 3896 1365 gramina

2291 1392 2346 1437 et
2384 1384 2598 1452 spinas,
2644 1390 2700 1439 et
2740 1382 2961 1439 tribulos
2984 1424 2999 1450 ,
3028 1393 3086 1440 et
3112 1383 3449 1455 infrugiferas
3474 1389 3733 1443 arbores:
3767 1403 3897 1442 eam

2292 1493 2420 1531 vero
2445 1492 2565 1548 qua:
2603 1477 2770 1533 multo
2801 1477 2981 1533 labore
3006 1479 3199 1534 colitur
3222 1521 3235 1541 ,
3260 1479 3445 1534 sativis
3463 1481 3701 1551 frugibus
3720 1482 3869 1536 abun
3886 1509 3901 1522 -

2290 1571 2439 1626 dare.
2481 1570 2712 1641 Singula:
2751 1570 2983 1641 denique
3016 1586 3132 1637 res,
3172 1582 3229 1625 ut
3257 1588 3365 1627 uno
3396 1573 3559 1628 verbo
3578 1574 3749 1629 dicam
3775 1617 3790 1636 .
3818 1574 3899 1628 ab

2288 1664 2401 1717 otio
2437 1672 2848 1732 corrumpuntur
2866 1703 2882 1728 ,
2910 1680 2941 1717 a
2970 1664 3183 1733 prepria
3213 1679 3339 1719 vero
3365 1665 3673 1733 operatione
3700 1666 3889 1720 utilio-

2292 1773 2377 1810 res
2419 1756 2736 1811 redduntur.
2787 1756 2912 1810 Hmc
2951 1757 3111 1825 igitur
3151 1758 3331 1812 omnia
3378 1774 3501 1811 cum
3538 1759 3805 1825 sciamus,
3833 1767 3898 1813 et

2289 1859 2546 1919 quantum
2571 1848 2638 1902 ab
2665 1850 2776 1903 otio
2802 1848 3197 1902 incommodum
3225 1847 3501 1915 επεν-ων,
3530 1860 3783 1919 quantum
3815 1850 3891 1903 ab

2291 1956 2455 2011 Opere
2498 1942 2701 1996 lucrum
2745 1941 3058 2010 invehatttr,
3094 1941 3221 1994 illud
3258 1941 3553 2011 fugiamus,
3587 1942 3686 1996 hoc
3715 1952 3895 1998 secte-

2292 2051 2413 2089 mur
2433 2078 2447 2099 ,
2481 2044 2535 2086 ut
2564 2045 2615 2088 et
2644 2034 2804 2086 vitam
2838 2041 3155 2101 praesentem
3182 2032 3407 2087 honeste
3434 2032 3773 2088 traducamus
3791 2072 3811 2101 ,
3835 2043 3896 2089 et

2290 2127 2472 2193 egenis
2500 2124 2567 2179 de
2593 2124 2793 2178 nostris
2825 2123 3163 2176 facultatibus
3190 2123 3430 2177 subsidio
3457 2124 3623 2178 simus
3643 2166 3660 2191 ,
3691 2136 3743 2180 et
3768 2128 3881 2179 ani-

2290 2231 2431 2271 mam
2473 2225 2709 2271 nostram
2753 2216 3029 2269 meliorem
3060 2215 3345 2269 reddentes
3365 2225 3562 2270 aztcrna
3594 2217 3729 2271 bona
3756 2234 3893 2272 enn-

2290 2322 2575 2377 sequamur
2599 2326 2611 2361 :
2640 2323 2759 2377 quae
2789 2321 2886 2360 nos
2910 2321 3101 2360 omnes
3134 2307 3333 2361 utinam
3356 2309 3565 2377 assequi
3593 2310 3894 2379 contingat,

2289 2403 2454 2474 gratia
2484 2410 2537 2456 et
2568 2400 2892 2471 benignitate
2925 2400 3131 2453 Domini
3166 2402 3330 2454 noetri
3359 2399 3484 2454 Jesu
3506 2400 3737 2469 Christi,
3767 2418 3893 2456 cum

2289 2509 2394 2561 quo
2431 2493 2607 2559 Patri,
2643 2492 2904 2561 simulque
2947 2491 3165 2562 Spiritui
3210 2500 3396 2545 sancto
3438 2492 3643 2561 gloria,
3687 2503 3742 2547 et
3789 2494 3896 2546 im-

2292 2586 2497 2654 perium
2525 2626 2540 2651 ,
2582 2599 2723 2637 nunc
2761 2593 2815 2638 et
2862 2597 3076 2653 semper
3115 2592 3167 2637 et
3215 2582 3266 2636 in
3316 2582 3513 2637 secula
3554 2582 3896 2638 saeculorum.

2288 2680 2482 2730 Amen.

1762 2988 1865 3060 IN
1918 2950 2284 3059 Locum
2344 2984 2695 3071 PAULI,

589 3163 912 3209 “turns
969 3162 1359 3206 .rsrscnutu
1404 3160 1482 3204 ur
1526 3159 1807 3213 AQUILAI
1854 3140 1879 3221 ί
1905 3142 2083 3202 Rom.
2132 3140 2185 3201 1(

2296 3140 2387 3218 ι),
2436 3156 2515 3198 ετ
2558 3156 2640 3198 ωε
2706 3156 3011 3201 counms
3054 3156 3163 3200 nsi
3206 3156 3693 3215 sscnnno'rtnus,
3738 3159 3895 3211 ssn-

2071 3259 2165 3305 ιο
2204 3242 2245 3301 2
2276 3240 2389 3322 (a).

1992 3397 2400 3440 “3’33le

664 3534 716 3587 l.
741 3529 1044 3587 Sollicitudo
1079 3527 1227 3581 Pauli
1258 3536 1467 3597 quanta.
1510 3522 1753 3578 Priscilla
1780 3530 1829 3577 et
1862 3520 2042 3592 Aquila
2068 3534 2180 3589 prce

592 3624 825 3678 omnibus
853 3621 1001 3675 beati.
1033 3647 1104 3659 ——
1123 3617 1310 3673 Nonne
1334 3616 1478 3672 docti
1503 3617 1654 3678 estis,
1684 3612 1817 3669 nilnl
1848 3612 1901 3666 in
1928 3612 2094 3665 sacris
2116 3610 2183 3665 li-

594 3715 724 3771 teris
751 3714 887 3769 inter
905 3722 1301 3783 supervacanea
1327 3705 1630 3762 habendum
1659 3702 1897 3783 Nonne
1921 3700 2182 3756 didicistis

592 3816 649 3863 et
1095 3811 1149 3857 et
1169 3800 1406 3865 nomina,
1430 3778 1707 3866 merasque
1734 3795 2082 3852 salutationes
2102 3792 2184 3848 di-

596 3899 820 3969 ligenter
844 3898 896 3950 in
926 3894 1215 3965 Scripturis
1241 3887 1553 3948 excutienda
1574 3888 1597 3944 l
1622 3887 1733 3959 Ego
1757 3900 1888 3945 sane
1916 3884 2184 3940 studiosos

597 3991 827 4043 arbitror
856 4002 923 4040 ne
949 3987 1150 4040 laturos
1172 3983 1385 4053 quidem
1404 4024 1417 4044 ,
1450 3992 1508 4036 ut
1535 3980 1814 4035 verbulum
1868 3974 2080 4048 aliquod
2129 3977 2183 4031 in

598 4078 765 4135 sacris
788 4079 961 4132 Libris
984 4084 1345 4143 contemptum
1374 4081 1741 4143 przntereatur,
1757 4071 1963 4126 etiamsi
1980 4080 2183 4123 tantum

600 4172 813 4225 nomina
841 4175 1243 4229 recensi-antur,
1268 4164 1349 4217 vel
1380 4174 1587 4231 tempus
1616 4169 1944 4222 numeretur,
1974 4160 2058 4213 vel
2089 4175 2186 4212 nu-

600 4264 665 4317 da
692 4264 758 4315 sit
787 4259 1137 4330 quorumdam
1165 4254 1432 4308 salutatio.
1482 4255 1727 4307 Attamen
1775 4261 1834 4305 ut
1870 4251 2043 4305 adhuc
2072 4265 2192 4304 cer-

601 4356 706 4406 tior
735 4354 847 4405 bace
878 4348 1101 4403 monitio
1127 4349 1219 4400 fiat
1249 4366 1261 4399 :
1286 4362 1382 4416 age
1400 4388 1415 4412 ,
1442 4345 1599 4399 hodie
1630 4344 1692 4397 ad
1715 4359 1775 4398 ea
1802 4359 1920 4412 quae
1948 4357 2117 4411 nuper
2138 4342 2187 4394 in

600 4444 919 4498 salutatione
964 4439 1218 4496 Priscilla:
1247 4447 1302 4491 et
1326 4436 1532 4505 Aquilae
1562 4435 1741 4489 relicta
1774 4444 1929 4495 sunt,
1968 4431 2192 4486 acceda-

603 4550 721 4590 mus
751 4552 765 4588 :
790 4534 996 4588 tametsi
1027 4548 1133 4586 non
1165 4545 1351 4599 parum
1380 4528 1533 4583 nobis
1571 4528 1826 4596 profuerit
1856 4528 1980 4581 illud
2015 4542 2191 4595 prum.

602 4630 791 4683 mium.
840 4626 1023 4679 Docuit
1060 4626 1203 4678 enim
1248 4637 1378 4686 nos,
1411 4630 1666 4691 quantum
1699 4619 1895 4673 bonum
1928 4621 1997 4673 sit
2022 4634 2188 4689 opus,

601 4729 658 4775 et
682 4726 937 4789 quantmu
975 4717 1211 4779 malum,
1251 4714 1449 4777 otium,
1494 4721 1549 4767 et
1590 4712 1762 4781 qualis
1805 4711 1981 4763 anima
2011 4709 2191 4777 Pauli,

600 4826 759 4881 quam
788 4809 931 4877 vigil.
959 4823 1117 4877 quam
1148 4805 1396 4870 sollicita,
1418 4820 1535 4875 quae
1562 4819 1667 4858 non
1692 4813 1895 4858 tantum
1920 4802 2193 4857 civitatum

599 4916 655 4958 et
706 4902 1017 4972 poiaulorum
1040 4939 1055 4964 ,
1102 4908 1155 4954 et
1200 4897 1437 4967 gentium
1458 4938 1474 4962 ,
1504 4897 1598 4951 sed
1628 4906 1682 4951 et
1708 4896 2034 4965 singulorum
2066 4894 2192 4949 fide-

604 4994 732 5047 lium
766 5006 1012 5061 magnam
1041 5006 1224 5044 curam
1271 4997 1483 5059 gereret
1517 5006 1529 5041 :
1558 4988 1894 5056 ostenditque
1926 4987 2179 5057 quomodt

603 5082 937 5151 hospitalitas
982 5097 1082 5137 nec
1126 5081 1301 5150 inopia
1332 5078 1709 5149 praepediatur,
1737 5088 1791 5133 et
1831 5078 1972 5148 quod
1994 5081 2185 5135 virtute

602 5191 664 5229 ac
696 5176 781 5244 pia
811 5176 1082 5230 voluntate
1109 5172 1305 5243 ubique
1333 5186 1470 5241 opus
1518 5170 1620 5236 sit,
1672 5185 1778 5224 non
1810 5170 2004 5225 divitiis
2029 5181 2083 5225 et
2111 5171 2190 5224 fa-

602 5266 889 5323 cultatibus
907 5308 920 5329 ,
944 5277 995 5319 et
1023 5265 1163 5335 quod
1186 5264 1467 5319 clarissimi
1486 5264 1723 5318 omnium
1754 5272 1877 5317 sunt
1895 5265 1981 5333 qui
2009 5263 2098 5317 Dei
2129 5263 2194 5316 ti-

604 5375 805 5414 morem
837 5361 1053 5423 habent,
1072 5359 1275 5412 etiamsi
1308 5360 1359 5415 in
1380 5367 1673 5413 extremam
1696 5356 1804 5411 sint
1834 5367 2192 5426 paupertatem

603 5452 825 5522 delapsi.
862 5450 1012 5505 Unde
1039 5450 1277 5505 Priscilla
1298 5458 1355 5505 et
1378 5448 1566 5519 Aquila
1587 5447 1933 5502 tentoriorum
1950 5449 2191 5517 opifices,

609 5556 891 5611 pauperem
925 5549 1143 5611 agentes
1166 5541 1363 5605 vitam,
1395 5554 1503 5609 pra:
1532 5538 1745 5607 regibus
1777 5538 2025 5593 omnibus
2055 5539 2195 5594 beati

669 5743 743 5799 ta)
765 5736 972 5789 collatus
990 5750 1097 5788 cum
1124 5736 1345 5790 \‘ailcano
1369 5750 1463 5787 uno
1487 5744 1671 5787 etcum
1692 5734 1978 5787 Coi'sltuiano
2000 5738 2110 5788 145.

2290 3517 2644 3587 praedicantur
2673 3535 2686 3572 :
2716 3527 2772 3574 et
2799 3532 2922 3572 cum
2967 3518 3054 3573 alii
3081 3518 3426 3589 dignitatibus
3452 3530 3507 3577 et
3534 3523 3772 3592 potentia
3801 3524 3891 3579 in-

2291 3607 2401 3662 ﬂati
2423 3650 2438 3674 ,
2462 3607 2679 3665 silentio
2708 3619 3126 3680 prmtcreantur,
3175 3614 3523 3667 tentoriorum
3573 3614 3665 3668 ille
3711 3616 3891 3684 opifex

2310 3723 2419 3764 una
2444 3724 2569 3763 cum
2593 3723 2764 3764 uxore
2785 3717 2904 3762 toto
2920 3707 3053 3763 orbe
3069 3708 3435 3762 decantantur
3457 3705 3597 3777 (Act.
3620 3706 3893 3777 18).Quod

2311 3798 2359 3853 si
2402 3807 2557 3852 tanta
2593 3813 2785 3852 eorum
2832 3798 2885 3851 in
2934 3798 3185 3867 praesenti
3220 3797 3326 3849 vita
3367 3805 3451 3850 est
3481 3795 3677 3865 gloria,
3707 3797 3893 3867 cogita

2308 3889 2533 3957 quantis
2555 3888 2649 3942 illo
2664 3888 2751 3942 die
2771 3887 3145 3957 diguabuntur
3170 3889 3623 3943 retributionibus
3644 3896 3697 3942 et
3724 3903 3887 3944 coro-

2307 3981 2412 4047 nis,
2437 3980 2531 4050 qui
2557 3991 2685 4035 ante
2709 3982 2861 4034 illum
2884 3980 3027 4033 diem
3048 3995 3155 4033 non
3176 3994 3397 4048 parvam
3419 3982 3771 4049 voluptatem,
3789 3980 3896 4035 uti-

2304 4072 2536 4137 litatem,
2555 4080 2610 4127 et
2624 4071 2855 4141 gloriam
2872 4080 3231 4140 acceperunt,
3246 4072 3445 4138 quibus
3467 4073 3602 4124 tanti
3624 4073 3893 4141 temporis

2305 4162 2649 4219 consuetudo
2664 4178 2787 4216 cum
2806 4162 2977 4215 Paulo
2999 4161 3100 4216 fuit
3148 4164 3194 4231 (ι
3211 4161 3575 4233 ,σοτ.16,19).
3597 4161 3893 4219 Enimvero

2305 4256 2449 4324 quod
2471 4256 2623 4324 prius
2636 4255 2883 4309 dicebam
2905 4264 2962 4310 et
2984 4256 3289 4319 nuncdico,
3305 4270 3406 4309 nec
3421 4255 3890 4322 diceredesinam,

2304 4363 2416 4401 non
2441 4347 2617 4401 solum
2642 4347 2913 4411 doctrina,
2937 4358 2990 4402 et
3016 4348 3349 4408 admonitio.
3374 4356 3426 4402 et
3451 4347 3765 4408 consilium,
3788 4346 3891 4402 sed

2300 4448 2358 4493 et
2378 4438 2495 4508 ipse
2520 4446 2838 4492 sanctorum
2868 4444 3145 4508 aspectus,
3170 4449 3332 4507 atque
3368 4438 3597 4493 vestium
3624 4436 3889 4505 amictus,

2300 4536 2359 4587 et
2397 4529 2707 4584 calceorum
2757 4529 2989 4591 modus,
3033 4530 3264 4582 multum
3320 4529 3486 4584 habet
3524 4528 3774 4583 utilitatis
3820 4543 3891 4583 ac

2302 4618 2625 4689 voluptatis.
2671 4617 2880 4673 Etenim
2928 4619 3058 4673 inde
3110 4634 3217 4673 non
3268 4620 3465 4688 exigua
3515 4619 3640 4673 vitae
3682 4629 3891 4675 nostrae

2296 4714 2652 4769 commoditas
2679 4712 2888 4768 accedit
2909 4756 2923 4772 .
2955 4728 3075 4767 cum
3107 4713 3384 4781 discimus,
3420 4724 3686 4784 quatenus
3714 4718 3765 4771 hi
3797 4735 3901 4775 ne-

2298 4805 2544 4861 cessariis
2568 4806 2645 4859 usi
2678 4804 2891 4859 fuerint.
2927 4803 3041 4858 Non
3067 4805 3208 4858 enim
3247 4804 3418 4859 solum
3448 4806 3630 4861 utendi
3675 4808 3903 4866 modum

2300 4915 2405 4954 non
2432 4909 2558 4954 sunt
2589 4899 2931 4968 transgressi,
2961 4898 3054 4951 scd
3076 4898 3359 4968 aliquando
3384 4914 3451 4952 ne
3469 4899 3681 4967 quidem
3710 4918 3893 4959 neces-

2299 4991 2452 5045 sariis
2476 4991 2789 5045 fruebantur
2819 5010 2831 5044 :
2855 4990 2982 5060 quin
3010 4998 3065 5043 et
3091 4990 3141 5042 in
3174 4988 3315 5044 fame
3336 5032 3349 5055 ,
3390 4998 3446 5043 ct
3473 4991 3526 5045 in
3555 4992 3641 5044 siti
3663 5004 3715 5045 et
3744 4991 3915 5047 nudi-

2302 5094 2409 5137 tate
2435 5083 2631 5137 versati
2662 5093 2804 5137 sunt.
2841 5083 2907 5136 Et
2936 5081 3131 5135 Paulus
3156 5082 3369 5150 quidem
3404 5082 3700 5149 imperabat
3744 5083 3913 5140 disci~

2302 5176 2461 5243 pulis,
2494 5174 2677 5230 dicens
2708 5191 2722 5229 :
2757 5173 3010 5227 Habentes
3040 5184 3207 5226 autem
3237 5174 3477 5226 alimenta
3499 5184 3543 5226 et
3570 5186 3856 5244 tegumenta
3882 5222 3899 5242 ,

2298 5267 2376 5319 Itis
2400 5267 2619 5320 contenti
2642 5268 2829 5319 erimus
2858 5265 2932 5337 (l.
2956 5264 3090 5319 Tim.
3114 5265 3167 5319 6.
3196 5266 3273 5330 8);
3324 5275 3378 5318 et
3405 5264 3472 5319 de
3517 5266 3694 5335 seipse
3727 5268 3851 5320 dicit
3885 5285 3902 5320 τ

2305 5358 2473 5431 Usque
2492 5362 2544 5414 in
2577 5362 2705 5414 hanc
2750 5361 2928 5414 horam
2975 5372 3023 5413 et
3054 5361 3336 5420 esurimus,
3370 5373 3413 5413 et
3442 5361 3669 5423 sitimus,
3697 5372 3745 5415 rt
3774 5364 3886 5415 uud

2299 5440 2495 5516 sumus,
2529 5461 2572 5504 et
2613 5451 2840 5521 colaphis
2875 5452 3122 5505 credimur
3160 5451 3239 5521 (l.
3286 5450 3406 5505 Cor.
3459 5453 3513 5507 4.
3548 5454 3654 5521 il).
3708 5453 3907 5522 Opem:

2304 5542 2533 5612 pretium
2580 5543 2666 5597 hic
2712 5543 2870 5598 fuerit
2916 5544 2967 5598 in
3012 5544 3247 5600 medium
3274 5545 3474 5613 aliquid
3502 5545 3907 5615 allerre,qu0d

2302 5644 2426 5689 ante
2452 5628 2724 5696 dicebam,
2758 5645 2812 5689 et
2863 5636 2915 5688 in
2960 5649 3261 5690 sermonem
3308 5636 3529 5700 incidit,
3557 5637 3623 5693 de
3654 5656 3757 5708 quo
3804 5641 3909 5695 fre-

2304 5747 2477 5801 quens
2504 5740 2586 5786 esl
2615 5728 2859 5801 quazstio.
2909 5729 2970 5785 Et
3010 5728 3264 5797 quidnam
3312 5729 3463 5784 hoc?
3506 5729 3751 5786 Dicebam
3786 5744 3904 5782 tuo-
