4228 6298
313 314 410 372 191
1099 303 1163 360 ΙΝ
1205 300 1430 370 iLLUD,
1472 298 1839 358 SALUTATE
1882 298 2288 356 PillSCILIASI
2332 299 2419 357 ET
2459 299 2792 369 AQUILAM.
2835 300 2899 356 li.

307 428 428 483 dum
456 422 871 495 apostolicarum
918 419 1144 475 vestium
1192 418 1417 472 multum
1463 416 1619 472 nobis
1658 415 1905 471 conferre

306 517 547 572 utill:atis
584 532 599 570 :
632 513 725 571 sed
752 529 875 569 cum
909 511 1010 566 hoc
1035 510 1187 577 dico,
1231 510 1416 565 incidit
1446 510 1576 563 mihi
1626 508 1709 565 ιρι
1751 523 1912 578 quam

310 607 550 664 Christus
580 607 788 677 posuit,
816 604 1003 659 dicens
1033 621 1045 658 :
1091 601 1210 657 Non
1238 602 1491 672 possidete
1516 616 1697 654 aurum
1717 641 1731 661 ,
1757 614 1915 669 neque

305 707 589 770 argentum,
616 713 773 767 neque
798 711 869 751 ars
895 696 946 748 in
978 696 1118 750 sonis
1154 698 1349 759 uestris,
1380 710 1542 763 neque
1560 693 1757 746 calceos
1782 732 1795 755 ,
1827 708 1915 744 ne-

305 806 401 856 que
424 784 618 860 uirgam
638 789 691 841 in
713 788 792 842 via
818 786 1031 857 (Matth.
1070 787 1154 841 10.
1195 785 1251 841 9.
1281 785 1386 855 10)
1411 802 1422 838 :
1449 784 1788 838 manifestum
1819 798 1915 837 au-

305 892 412 938 tem
444 892 528 938 est
558 881 774 936 Petrum
801 878 1053 933 habuisse
1078 877 1336 932 sandalia.
1363 876 1518 933 Unde
1540 892 1662 931 cum
1689 873 1910 945 angelus

302 989 427 1030 cum
476 972 836 1027 dormientem
886 970 1185 1035 excitaret,
1218 979 1271 1023 et
1298 984 1329 1022 e
1373 982 1590 1022 carcere
1620 965 1909 1029 educeret,

302 1068 381 1121 sit
408 1083 422 1119 :
451 1064 631 1121 Calcea
653 1075 700 1120 te
727 1064 978 1117 sandatiis
1006 1064 1104 1116 tuis
1129 1105 1142 1127 ,
1168 1073 1215 1116 et
1240 1061 1505 1116 circumda
1533 1061 1621 1115 tibi
1640 1048 1911 1115 vestimen-

304 1168 412 1210 tum
441 1165 603 1222 tuum,
631 1163 676 1209 et
697 1169 902 1225 sequere
927 1170 1006 1207 me
1035 1151 1170 1225 (Act.
1196 1153 1282 1207 i2.
1319 1150 1397 1225 8).
1423 1152 1489 1205 Ει
1511 1151 1709 1206 Paulus
1723 1149 1910 1206 Timo-

306 1246 434 1303 theo
454 1246 637 1301 scribit
666 1263 678 1298 :
705 1243 958 1298 Penulam
978 1260 1132 1316 quam
1159 1243 1343 1313 reliqui
1378 1240 1582 1296 Troade
1608 1241 1749 1311 apud
1779 1240 1910 1294 Car-

303 1356 426 1412 pam
451 1383 466 1405 ,
495 1356 608 1392 mn
633 1338 797 1392 uenies
824 1336 973 1403 a/fer,
999 1347 1046 1391 et
1073 1337 1248 1402 libros,
1280 1337 1564 1405 prcsertim
1591 1336 1910 1389 membranas

303 1432 384 1505 (ἰ.
412 1430 541 1485 Tim.
565 1432 616 1486 4.
649 1431 757 1501 15).
775 1430 913 1498 Quid
933 1430 1109 1484 dicis?
1132 1418 1377 1484 Christus
1399 1429 1550 1498 jubet
1577 1444 1682 1482 non
1711 1426 1910 1481 habere

301 1524 548 1588 calceos,
584 1531 637 1574 tu
664 1530 842 1575 autem
872 1520 1120 1590 penulam
1159 1521 1346 1585 habes,
1375 1528 1428 1573 et
1458 1520 1593 1573 alius
1618 1518 1855 1573 sandalia
1886 1516 1910 1571 ?

301 1613 457 1683 Quod
504 1613 547 1667 si
595 1613 648 1666 hi
677 1622 865 1667 tenues
912 1611 1123 1683 quidam
1150 1623 1365 1673 essent,
1396 1610 1651 1681 magistro
1679 1625 1785 1664 non
1817 1622 1911 1677 per

303 1706 484 1760 omnia
505 1704 961 1774 obtemperantes,
985 1703 1129 1757 nulla
1144 1712 1258 1756 erat
1284 1703 1368 1757 hic
1386 1702 1629 1758 facienda
1651 1701 1906 1772 qumstio:

300 1794 400 1851 sed
428 1811 548 1851 cum
578 1795 678 1865 ipsi
708 1795 962 1865 prmcipui
994 1794 1121 1860 sint,
1143 1809 1206 1849 ac
1236 1794 1492 1864 primates
1512 1794 1906 1864 apostolorum,

299 1899 358 1943 et
385 1887 592 1941 animas
630 1901 756 1941 suas
796 1885 1205 1957 impenderent,
1234 1886 1558 1957 Christoque
1586 1903 1684 1958 per
1725 1888 1908 1943 omnia

298 1978 613 2044 obedirent,
646 1985 702 2034 et
752 1977 950 2034 Paulus
992 1993 1101 2033 non
1149 1979 1322 2032 solum
1377 1978 1638 2048 imperata
1687 1978 1905 2044 fecerit.

300 2071 404 2125 sed
428 2078 481 2125 et
505 2084 666 2139 supra
697 2079 991 2125 scammata
1014 2070 1311 2136 saltaverit;
1333 2086 1563 2140 cumque
1594 2072 1911 2141 praeciperet

298 2178 370 2217 es
412 2161 700 2235 Evangelio
728 2161 1051 2229 vivendum,
1097 2162 1295 2217 victum
1342 2164 1456 2233 ipse
1506 2163 1757 2218 manibus
1796 2163 1909 2219 suis

296 2253 651 2322 quresiverit,
708 2254 858 2324 plus,
908 2269 1067 2325 quam
1120 2256 1445 2326 imperatum
1502 2265 1653 2324 erat,
1703 2254 1908 2315 faciens

297 2344 381 2413 (1.
409 2343 527 2399 Cor.
560 2346 613 2399 ι.
662 2344 745 2400 i2.
778 2345 892 2399 Act.
924 2345 1015 2401 20.
1048 2347 1117 2404 51
1147 2347 1192 2420 ),
1231 2347 1431 2403 idcirco
1454 2347 1673 2418 dignum
1700 2359 1821 2418 est,
1849 2358 1910 2411 ut

296 2452 604 2503 quaeramus
624 2480 637 2500 ,
673 2453 841 2507 quare
866 2439 956 2508 qui
987 2439 1039 2492 in
1071 2440 1324 2494 omnibus
1372 2440 1587 2495 Christo
1617 2441 1906 2512 parebant.

299 2526 392 2580 hic
420 2526 593 2598 legem
620 2526 735 2596 ejus
764 2528 1050 2583 videantur
1078 2529 1377 2599 transgredi
1409 2529 1434 2584 ἳ
1460 2531 1530 2585 At
1554 2544 1663 2585 non
1701 2545 1762 2586 re
1793 2530 1909 2602 ipsa

297 2617 785 2688 transgrediuntur.
822 2618 919 2674 Hic
944 2634 1128 2674 sermo
1156 2637 1262 2675 non
1310 2621 1362 2676 in
1414 2621 1520 2678 hoc
1558 2623 1733 2679 solum
1762 2623 1907 2679 utilis

296 2709 437 2772 erit,
483 2719 539 2762 ut
581 2718 908 2765 escusentur
945 2710 1114 2765 sancti
1148 2711 1255 2775 illi,
1286 2711 1384 2766 sed
1428 2720 1484 2767 ut
1525 2722 1582 2768 et
1625 2712 1908 2784 gentilium

295 2804 657 2858 obstruantur
681 2818 796 2858 ora.
830 2802 1273 2875 Quandoquidem
1316 2806 1470 2861 multi
1499 2806 1780 2862 viduarum
1810 2806 1909 2863 do-

294 2909 417 2949 mos
442 2894 821 2950 subvertentes
838 2937 853 2960 ,
884 2895 1159 2965 orphanos
1176 2895 1443 2951 nudantes
1462 2938 1479 2964 ,
1503 2898 1713 2968 ipsique
1730 2898 1907 2953 omni-

294 2986 398 3041 bus
435 2986 627 3042 alienis
650 2984 988 3041 abundantes
1009 3028 1025 3053 ,
1056 2996 1111 3041 et
1142 2987 1283 3057 lupis
1320 2987 1489 3043 nihilo
1520 2989 1775 3045 meliores
1794 3030 1811 3059 ,
1836 3004 1904 3047 es

292 3081 593 3150 alienisque
620 3079 898 3134 laboribus
923 3081 1200 3148 viventes,
1242 3096 1365 3135 cum
1396 3080 1579 3137 vident
1628 3080 1903 3144 interdum

293 3170 533 3226 ﬁdelium
563 3170 772 3242 aliquos
795 3171 1039 3242 pluribus
1062 3174 1132 3226 ob
1160 3172 1384 3242 agritud
1403 3173 1546 3228 inem
1565 3174 1748 3229 vestiri
1769 3175 1906 3232 ami-

289 3263 464 3328 culis,
488 3261 745 3317 continuo
786 3262 941 3316 nobis
971 3264 1144 3332 legem
1174 3262 1374 3317 Christi
1402 3264 1699 3333 objiciunt,
1742 3275 1799 3321 et
1822 3265 1901 3323 di—

244 3386 250 3391 ο
289 3364 425 3409 cunt
458 3372 472 3409 :
504 3352 696 3408 Nonne
726 3354 981 3423 prsecepit
1027 3354 1179 3409 vobis
1218 3351 1500 3420 Christus,
1553 3371 1621 3411 ne
1662 3354 1904 3412 habeatis

288 3447 428 3503 duas
460 3448 703 3509 tunicas,
736 3446 822 3501 vel
850 3447 1214 3502 calceamenta
1248 3446 1398 3513 (Luc.
1442 3447 1493 3503 9.
1529 3448 1630 3519 3)?
1669 3448 1904 3517 Quomm

288 3540 368 3595 do
394 3556 525 3610 ergo
550 3555 644 3593 vos
672 3540 842 3609 legem
877 3539 1021 3593 illam
1051 3539 1517 3609 praevaricamini?
1540 3540 1604 3595 Et
1630 3550 1747 3609 post
1765 3539 1899 3611 hzec,

288 3647 415 3687 cum
466 3630 678 3687 abunde
728 3629 946 3687 fratrem
997 3630 1252 3698 riserint,
1300 3638 1356 3686 et
1400 3632 1814 3697 subsannarint,
1849 3642 1904 3694 et

291 3726 506 3797 probris
553 3723 869 3787 aﬂ’ecerint,
923 3722 1227 3779 discedunt.
1282 3722 1446 3793 Igitur
1474 3740 1541 3779 ne
1571 3724 1697 3778 talia
1739 3725 1899 3789 ﬁant,

287 3834 393 3890 age
420 3830 473 3875 et
502 3820 716 3874 illorum
743 3821 1060 3875 obturemns
1086 3818 1498 3890 impudentiam.
1529 3820 1595 3873 Et
1621 3833 1904 3890 possemus

287 3910 505 3981 quidem
530 3912 599 3964 ab
625 3910 705 3965 eis
732 3910 885 3966 facile
906 3911 1154 3975 liberari,
1183 3910 1227 3964 si
1253 3902 1361 3964 hoc
1391 3926 1553 3964 unum
1581 3912 1661 3965 eis
1690 3910 1902 3966 dicere-

291 4017 437 4059 mus.
466 4002 635 4071 Quale
666 4001 767 4057 hoc
786 4002 811 4054 ἲ
841 4002 899 4057 Si
926 4002 1201 4056 Christum
1231 4011 1289 4055 ut
1316 4000 1421 4057 ﬁde
1441 4002 1660 4071 dignum
1682 4005 1901 4073 probas,

291 4094 487 4148 merito
532 4094 650 4150 h;cc
702 4094 891 4163 objicis
914 4137 929 4161 ,
962 4104 1015 4148 et
1048 4110 1077 4148 a
1126 4093 1282 4148 nobis
1309 4094 1507 4163 qua-ris
1535 4111 1548 4148 :
1579 4095 1663 4148 sin
1716 4097 1762 4149 ei
1795 4110 1904 4150 non

290 4184 471 4239 credis
490 4228 505 4246 ,
536 4201 703 4256 quare
739 4186 910 4255 legem
938 4186 1056 4256 ejus
1086 4185 1314 4254 opponis
1339 4186 1362 4238 ?
1390 4186 1459 4239 At
1481 4188 1698 4256 quando
1740 4202 1901 4241 accu-

289 4291 418 4331 sare
443 4291 539 4330 nos
565 4277 647 4330 vis
670 4318 684 4340 ,
726 4276 920 4347 dignus
952 4275 1045 4331 tibi
1073 4276 1283 4330 videtur
1311 4274 1416 4331 ilde
1446 4276 1717 4346 iegislator
1740 4275 1902 4330 Chri-

287 4378 457 4422 stus:
501 4353 716 4437 quando
759 4381 936 4421 autem
969 4383 1091 4422 eum
1139 4366 1393 4421 admirari
1440 4376 1655 4437 oportet
1702 4377 1757 4423 et
1805 4368 1901 4421 ad-

290 4472 470 4523 orare,
499 4456 695 4511 nullius
719 4466 801 4512 est
826 4456 967 4526 apud
996 4467 1047 4511 te
1077 4458 1334 4511 momenti
1351 4458 1511 4511 totius
1536 4458 1686 4512 orbis
1715 4458 1900 4512 Domi-

290 4550 443 4604 nus?

362 4641 420 4695 2.
462 4642 689 4695 Solvitur
715 4642 945 4711 quwstio,
977 4657 1070 4695 cur
1099 4641 1328 4696 Christus
1347 4642 1562 4712 jusserit
1592 4657 1691 4695 non
1719 4641 1904 4697 habere

292 4735 423 4789 duas
469 4734 687 4787 tunicas.
727 4762 790 4773 --
822 4732 1017 4787 Verum
1066 4748 1133 4787 ne
1186 4735 1303 4789 hare
1348 4734 1525 4803 inopia
1572 4732 1903 4789 delensionis

290 4825 477 4881 dicere
506 4838 604 4879 nos
636 4832 841 4894 putent,
869 4824 937 4879 ad
984 4822 1307 4880 solutionem
1334 4825 1475 4895 ejus,
1503 4824 1645 4896 quod
1689 4840 1901 4896 quaere-

293 4918 473 4983 batur,
505 4919 805 4973 veniamus.
851 4919 1108 4986 Qumnam
1140 4932 1269 4987 ergo
1291 4920 1395 4971 erit
1424 4917 1667 4973 solutio?
1702 4918 1901 4974 Viden-

292 5011 424 5065 dum
449 5018 535 5066 est
559 5012 610 5064 in
642 5010 970 5081 hujusmodi,
1002 5011 1217 5080 quibus,
1242 5020 1296 5065 et
1321 5009 1558 5080 quando,
1578 5018 1813 5079 etquare
1839 5027 1901 5066 ea

292 5102 541 5157 Christus
566 5102 868 5170 imperavit.
898 5100 1016 5156 Non
1042 5103 1186 5156 enim
1222 5102 1414 5163 obiter,
1442 5113 1496 5157 et
1542 5100 1682 5157 nude
1724 5102 1903 5170 inqui-

295 5192 461 5248 renda
488 5202 614 5247 sunt
654 5192 767 5247 haec
797 5210 810 5246 :
840 5192 934 5247 sed
975 5208 1153 5263 opera:
1188 5194 1419 5262 pretium
1464 5193 1623 5248 fuerit
1659 5193 1819 5247 simul
1850 5206 1905 5249 et

298 5300 605 5355 personam,
635 5295 689 5341 et
718 5296 945 5354 tempus,
976 5293 1029 5339 ct
1054 5299 1270 5339 causam
1325 5295 1378 5339 et
1407 5286 1584 5339 omnia
1635 5284 1752 5340 ‘azcc
1790 5286 1905 5340 dili-

294 5386 488 5447 genter
509 5363 853 5445 perscrutari.
878 5377 972 5432 llis
1021 5379 1164 5433 enim
1196 5378 1482 5450 diligenter
1524 5378 1900 5443 consideratis,

300 5470 658 5533 inveniemus,
689 5470 833 5540 quod
864 5472 974 5541 ipsa
1018 5485 1126 5525 non
1178 5470 1284 5525 sint
1325 5454 1573 5525 omnibus
1621 5473 1902 5541 imperata,

298 5563 393 5619 sed
438 5562 568 5617 solis
617 5562 993 5632 apostoliszet
1034 5577 1207 5631 neque
1248 5564 1349 5617 illis
1396 5563 1447 5615 in
1498 5578 1676 5627 oiniie,
1703 5562 1798 5618 sed
1837 5564 1903 5618 ad

300 5653 672 5723 prmscriptum
718 5662 770 5708 et
796 5654 1208 5709 determinalum
1242 5666 1471 5725 ιυιιψιις,
1512 5656 1573 5708 lit
1625 5655 1767 5710 unde
1800 5655 1903 5711 hoc

302 5744 643 5801 manifestum
674 5746 694 5797 ἵν
746 5745 819 5800 Ex
872 5746 1026 5801 dictis
1074 5750 1201 5819 ipsis
1240 5768 1250 5803 ;
1287 5748 1509 5815 ctenim,
1543 5749 1741 5804 vocalis
1768 5748 1903 5806 duo-

3544 300 3645 356 193

2023 415 2201 471 decim
2230 414 2527 486 discipulis,
2555 414 2692 470 dixit
2721 414 2801 470 eis
2827 432 2840 469 :
2876 413 2941 469 In
2971 413 3104 469 riam
3125 412 3364 471 Gentium
3393 429 3456 469 ne
3507 413 3647 467 abie-

2019 510 2161 573 ritis,
2194 518 2242 562 et
2271 508 2322 560 in
2350 509 2602 562 civitatem
2627 508 3077 563 Samaritanorum
3109 522 3173 562 ne
3200 503 3527 562 intravim'u's.
3562 502 3642 557 Ite

2020 600 2189 671 potius
2233 600 2303 652 ad
2346 617 2460 654 oves
2500 600 2683 653 domus
2712 598 2882 653 Israel
2925 614 3038 669 quae
3076 598 3332 671 perierunt
3362 613 3382 652 :
3405 597 3647 665 infirmos

2018 700 2192 743 curate
2210 730 2224 755 ,
2257 690 2481 761 leprosos
2504 689 2766 752 inundate,
2795 688 3049 742 daunonia
3078 688 3243 758 ejicite
3266 703 3283 742 .'
3303 688 3463 758 gratis
3489 700 3636 739 acce-

2019 783 2186 851 pistis,
2214 782 2371 852 gratis
2400 779 2517 834 date
2546 796 2565 834 :
2594 797 2658 834 ne
2682 778 2981 850 possidentis
3016 795 3197 831 aurum
3238 780 3313 831 uel
3342 786 3632 849 argentum.

2018 877 2096 929 sel
2118 890 2188 929 tes
2213 876 2267 928 in
2296 876 2438 927 sonis
2467 874 2641 928 vestris
2684 871 3142 945 (Mattlt.i0.6-9).
3170 870 3400 926 Mtende
3430 881 3627 939 quanta

2019 965 2257 1035 magistri
2287 965 2572 1035 sapientia,
2606 963 2880 1035 quomodo
2908 965 3026 1018 leve
3064 963 3165 1017 hoc
3190 970 3512 1033 praeceptum
3553 962 3623 1013 le-

1976 1051 1982 1056 ’
2018 1056 2173 1111 cerit.
2228 1055 2361 1109 Nam
2404 1072 2524 1109 cum
2556 1056 2705 1125 prius
2737 1054 2964 1110 dixisset
2992 1072 3005 1108 :
3038 1052 3285 1123 Inﬁrmos
3329 1064 3524 1118 curate,
3555 1053 3621 1105 le.

2018 1164 2197 1220 prosos
2244 1148 2483 1202 mandate
2509 1188 2522 1213 ,
2555 1148 2813 1201 dteutones
2842 1146 3005 1217 rjieite
3027 1143 3135 1216 (Ib.
3162 1163 3210 1201 υ.
3232 1144 3313 1213 8),
3348 1160 3621 1213 magnam-

2018 1254 2124 1308 que
2149 1238 2228 1293 eis
2258 1239 2483 1309 gratiam
2506 1238 2801 1293 liberaliter
2830 1237 3088 1301 dedisset,
3124 1247 3249 1291 tunc
3275 1235 3490 1292 tandem
3514 1234 3632 1289 inec

2018 1328 2320 1399 imperavit,
2352 1330 2604 1383 nimirum
2637 1338 3008 1399 paupertatem
3036 1329 3313 1399 signoruni
3366 1310 3632 1396 potestate

2018 1422 2191 1476 levem
2222 1431 2278 1477 et
2321 1421 2531 1476 facilem
2562 1421 2809 1477 reddens.
2844 1420 3028 1492 Neque
3060 1436 3122 1474 ex
3160 1420 3246 1475 his
3273 1420 3483 1483 solum,
3534 1419 3630 1473 sed

2017 1528 2081 1567 ex
2115 1513 2295 1567 multis
2342 1512 2463 1568 aliis
2516 1514 2855 1568 manifestum
2902 1522 3005 1579 est,
3033 1512 3162 1567 solis
3188 1511 3467 1581 discipulis
3510 1525 3632 1566 esse

2018 1605 2359 1673 imperatum.
2390 1603 2524 1658 Nam
2557 1613 2610 1657 et
2654 1603 2909 1674 virgines,
2936 1605 3062 1672 quia
3116 1602 3297 1657 oleum
3341 1602 3392 1655 in
3431 1602 3633 1671 lanipa-

2016 1694 2177 1750 dibus
2204 1695 2319 1750 suis
2344 1711 2452 1750 non
2488 1694 2777 1762 habebant,
2809 1696 3016 1765 punivit
3068 1693 3286 1767 (Matth.
3313 1692 3405 1748 25.
3438 1694 3628 1763 i-li):

2020 1798 2075 1843 et
2104 1787 2242 1843 alios
2265 1804 2479 1859 quinque
2522 1788 2700 1860 arguit
2738 1798 2792 1843 et
2836 1788 3099 1859 increpat,
3132 1787 3254 1859 quia
3297 1787 3628 1842 esurientem

2019 1879 2194 1949 ipsum
2237 1879 2512 1945 viderunt,
2543 1889 2599 1935 et
2626 1896 2734 1935 non
2784 1888 3068 1951 paverunt,
3097 1887 3154 1934 et
3188 1879 3464 1934 sitientem
3518 1892 3628 1933 non

2015 1978 2272 2041 putarunt
2300 1968 2409 2041 (Ib.
2462 1988 2508 2025 ν.
2538 1971 2627 2026 41.
2656 1969 2816 2042 sqq.).
2849 1970 3019 2026 Porro
3056 1971 3103 2025 is
3132 1970 3216 2024 cui
3267 1984 3375 2025 non
3426 1977 3511 2024 est
3550 1983 3629 2025 es

2015 2078 2191 2134 neque
2236 2065 2664 2121 calceamentum
2691 2107 2706 2131 ,
2736 2070 2833 2121 sed
2888 2080 2994 2119 una
3048 2074 3255 2119 tantum
3285 2064 3473 2132 vestis,
3494 2080 3630 2134 quo-

2016 2156 2178 2210 modo
2205 2156 2369 2211 alium
2418 2172 2660 2228 pascere,
2691 2157 2964 2229 quomodo
2991 2156 3192 2213 nudum
3220 2159 3421 2214 vestire
3440 2200 3454 2223 ,
3492 2174 3628 2228 quo-

2015 2245 2179 2301 modo
2210 2246 2478 2317 hospitem
2508 2249 2559 2302 iu
2586 2248 2807 2303 domum
2855 2248 3110 2305 inducere
3150 2249 3393 2319 poterit?
3420 2246 3525 2305 Sed
3557 2249 3625 2304 ad

2015 2336 2133 2393 huic
2157 2347 2213 2392 et
2239 2337 2456 2394 aliunde
2483 2340 2686 2401 clarum
2715 2354 2837 2397 esse
2880 2348 3114 2411 poterat.
3150 2339 3283 2397 Nam
3331 2341 3627 2398 accedente

2013 2440 2071 2487 et
2124 2431 2341 2488 dicente
2388 2432 2619 2504 quodam
2650 2452 2665 2488 :
2700 2432 2974 2506 Magister,
3022 2433 3146 2504 quid
3193 2432 3431 2504 faciendo
3471 2433 3628 2489 vitam

2013 2533 2259 2579 cateruam
2303 2525 2569 2596 possidebo
2622 2524 2836 2599 (Matth.
2880 2525 2970 2583 i9.
3019 2525 3149 2597 i6)?
3187 2541 3311 2581 cum
3360 2526 3625 2581 recensita

2013 2625 2200 2673 essent
2229 2621 2430 2683 omnia,
2464 2634 2585 2690 qua:
2617 2620 2671 2672 in
2692 2619 2812 2689 lege
2842 2626 3135 2688 praecepta,
3158 2626 3214 2673 et
3243 2617 3335 2673 ille
3357 2618 3627 2673 curiosius

2016 2720 2463 2781 percontaretur,
2509 2722 2565 2768 et
2618 2712 2822 2768 diceret
2870 2731 2883 2765 :
2938 2711 3065 2768 Hec
3094 2713 3267 2767 omnia
3314 2714 3509 2767 servari
3561 2714 3626 2767 ab

2014 2801 2360 2858 adolescentia
2411 2820 2560 2870 mea,
2595 2803 2720 2875 quid
2767 2804 2941 2873 adhuc
2989 2804 3117 2858 mihi
3169 2803 3352 2859 deest?
3376 2806 3508 2860 dicit
3554 2804 3623 2860 ad

2014 2893 2213 2964 ipsum,
2245 2891 2307 2949 Si
2331 2893 2406 2948 vis
2428 2894 2681 2964 perfectus
2699 2912 2831 2961 esse,
2854 2894 3001 2960 rude,
3031 2904 3194 2951 sends
3218 2911 3336 2961 qua:
3368 2896 3543 2961 habes,
3574 2908 3625 2950 et

2010 2986 2083 3040 da
2132 2986 2477 3056 pauperibus,
2518 2995 2566 3042 et
2617 2988 2734 3041 ueni
2756 3030 2771 3052 ,
2806 3003 3014 3060 sequere
3052 3005 3130 3042 me
3153 2986 3262 3061 (Ib.
3310 3005 3359 3042 υ.
3386 2987 3477 3045 εο.
3504 2988 3622 3061 Si).

2014 3077 2113 3136 llic
2158 3078 2205 3133 si
2250 3080 2545 3150 praecipere
2582 3079 2859 3147 voluisset,
2888 3080 3175 3151 oportebat
3204 3081 3305 3137 hoc
3357 3082 3624 3152 principio

2010 3170 2213 3235 dicere.
2245 3178 2299 3226 et
2324 3170 2496 3242 legem
2537 3170 2589 3226 in
2630 3170 2822 3227 ordine
2862 3180 3253 3243 praeceptorum
3302 3186 3537 3242 ponere,
3570 3184 3626 3228 et

2012 3278 2121 3318 non
2160 3271 2433 3334 tamquam
2472 3262 2759 3318 consilium
2805 3272 2860 3317 et
2909 3263 3344 3320 exhortationem
3375 3280 3621 3321 narrare.

2012 3356 2304 3412 Enimvero
2348 3372 2471 3411 cum
2517 3356 2668 3422 dicit,
2708 3356 2883 3411 Nolite
2910 3358 3169 3427 possidere
3196 3373 3402 3426 aurum,
3431 3358 3509 3413 vel
3535 3374 3623 3412 ar-

2010 3456 2215 3519 gentum
2260 3446 2480 3516 (Matth.
2524 3448 2611 3503 i0.
2639 3447 2719 3517 9),
2755 3447 3069 3517 imperando
3119 3448 3279 3515 dicit;
3307 3464 3429 3504 cum
3489 3465 3619 3507 vero

2011 3541 2161 3607 dicit,
2196 3539 2259 3595 Si
2287 3540 2361 3593 vis
2384 3544 2638 3613 perfectus
2667 3540 3002 3610 esseUIatth.
3031 3541 3119 3597 i9.
3142 3541 3262 3613 21),
3290 3543 3624 3599 consulendo

2010 3641 2065 3686 et
2094 3630 2436 3686 admonendo
2465 3632 2615 3686 dicit.
2648 3631 2763 3686 Non
2795 3643 2875 3686 est
2914 3643 3096 3687 autem
3125 3633 3290 3699 idem,
3312 3634 3619 3701 consulere,

2010 3732 2064 3777 et
2092 3721 2265 3791 legem
2294 3737 2513 3791 ponere.
2540 3722 2669 3775 Nam
2693 3722 2785 3792 qui
2813 3723 2986 3793 legem
3014 3723 3221 3791 statuit,
3246 3724 3419 3780 modis
3445 3728 3623 3782 omni-

2011 3814 2111 3885 bus
2152 3814 2265 3867 lieri
2306 3814 2417 3867 vult
2466 3814 2607 3883 quod
2655 3816 2893 3885 praecipit
2925 3832 2939 3869 :
2968 3815 3059 3885 qui
3112 3831 3241 3870 vero
3282 3804 3517 3873 consulit
3567 3830 3623 3877 et

2010 3904 2350 3969 adhortatur,
2378 3909 2659 3971 sententia:
2689 3917 2744 3960 et
2774 3906 2998 3960 arbitrio
3024 3907 3287 3963 auditoris
3318 3909 3578 3980 permittit
3600 3953 3619 3977 ,

2010 4006 2068 4050 ut
2095 4012 2158 4051 ex
2187 3995 2345 4051 dictis
2375 3996 2515 4062 quod
2546 3984 2774 4051 voluerit
2798 3998 2997 4068 eligat,
3031 4000 3214 4069 sicque
3245 4001 3617 4059 faciendorum

2010 4089 2288 4143 dominum
2314 4088 2613 4143 auditorem
2644 4089 2915 4159 relinquit.
2944 4090 3232 4160 Propterea
3269 4108 3375 4148 non
3407 4096 3619 4165 simpli-

2009 4182 2144 4236 citer
2170 4180 2321 4244 dixit,
2370 4179 2540 4245 Vade,
2562 4182 2718 4234 vtnde
2744 4198 2857 4247 qua:
2885 4182 3059 4249 habes,
3090 4198 3158 4239 ne
3202 4184 3251 4239 id
3300 4187 3467 4257 legem
3499 4202 3622 4245 esse

2013 4282 2229 4344 putares
2260 4291 2272 4326 :
2307 4274 2398 4327 sed
2433 4274 2743 4345 quomodo?
2774 4275 2834 4329 Si
2888 4276 2962 4329 vis
3011 4281 3265 4346 perfectus
3289 4294 3427 4344 esse,
3455 4279 3618 4347 uade,

2009 4369 2167 4423 vende
2181 4365 2303 4439 qua!
2326 4369 2478 4422 habes
2501 4368 2715 4441 (Matth.
2748 4368 2834 4423 i9.
2867 4368 2959 4440 21)
2986 4386 2999 4421 :
3034 4378 3091 4425 ut
3112 4370 3289 4426 discas
3315 4374 3368 4426 in
3395 4373 3622 4429 arbitrio

2010 4460 2340 4517 audientium
2374 4474 2461 4514 res
2489 4474 2631 4515 esse.

2084 4550 2206 4605 Non
2236 4567 2433 4620 semper
2461 4552 2570 4621 lege
2599 4552 2845 4622 obstringi
2870 4552 3025 4607 eohu'l
3044 4551 3285 4613 Christus
3310 4556 3613 4626 discipulos.

2034 4672 2081 4683 -
2107 4642 2377 4711 Apostolis
2414 4642 2545 4697 solis
2592 4658 2720 4712 ergo
2760 4641 2781 4687 ι’
2806 4659 2845 4682 «ν
3075 4659 3103 4701 e
3135 4654 3397 4715 pra-cepta
3447 4648 3622 4717 palam

2009 4744 2091 4790 est
2115 4750 2129 4799 ;
2153 4748 2337 4789 verum
2366 4734 2592 4803 quaesuo
2624 4740 2808 4793 nonat.
3093 4748 3198 4791 est.
3242 4737 3375 4793 Nam
3404 4740 3447 4794 si
3480 4758 3619 4812 pra:-

2010 4836 2164 4895 cepta
2188 4835 2312 4880 sunt
2342 4826 2456 4880 ha-c
2484 4826 2615 4881 solis
2652 4830 2899 4897 apostoli,
2920 4868 2942 4893 ο
3090 4826 3228 4901 jussi
3263 4847 3369 4885 non
3419 4830 3620 4889 habere

2010 4920 2242 4981 calceos,
2263 4917 2349 4974 vel
2367 4918 2610 4987 geminas
2638 4929 2836 4981 vestes,
2866 4920 3072 4975 invicti
3101 4929 3228 4975 sunt
3252 4921 3389 4977 alius
3416 4922 3617 4980 habere

2012 5010 2273 5075 sandalio,
2303 5010 2440 5064 alius
2478 5024 2610 5064 vero
2658 5010 2948 5079 penulam?
2978 5010 3118 5079 Quid
3170 5011 3331 5081 igitur
3378 5015 3447 5069 ad
3500 5014 3618 5072 lucc

2015 5105 2291 5159 dicemus?
2343 5102 2593 5158 Christus
2643 5118 2818 5174 neque
2872 5105 3149 5174 apostolos
3192 5114 3407 5178 semper
3461 5108 3621 5181 hujus

2011 5198 2147 5267 legis
2174 5197 2495 5251 necessitate
2520 5195 2777 5265 obstringi
2810 5196 3005 5261 voluit,
3040 5197 3134 5253 sed
3167 5212 3262 5253 eos
3286 5200 3523 5258 absolvit
3552 5203 3621 5257 ab

2014 5288 2115 5345 hac
2150 5288 2285 5358 lege,
2314 5303 2435 5342 cum
2457 5288 2564 5357 jam
2596 5288 2662 5342 ad
2684 5288 2975 5343 salutarem
3006 5303 3223 5344 crucem
3257 5291 3429 5347 iturus
3450 5304 3603 5350 esset

2014 5383 2078 5442 Et
2109 5382 2248 5437 unde
2274 5381 2378 5436 hoc
2407 5381 2611 5451 liquet?
2645 5382 2721 5435 Ex
2756 5383 3048 5437 Salvatoris
3081 5386 3423 5441 sermonibus
3482 5388 3616 5444 Nam

2014 5477 2317 5547 passionem
2348 5488 2697 5543 aggressurus
2721 5515 2735 5539 ,
2771 5475 2974 5529 vocatis
3020 5474 3125 5529 illis
3170 5476 3339 5542 dixit,
3370 5476 3498 5533 Cum
3524 5496 3611 5536 vos

2013 5568 2258 5624 mitterem
2281 5566 2387 5618 sine
2417 5566 2677 5634 marsupio
2702 5574 2748 5619 et
2770 5582 2914 5637 pera,
2942 5567 3202 5635 aliquidue
3224 5570 3393 5623 deerat
3416 5571 3441 5625 Ρ
3474 5571 3536 5623 At
3563 5572 3619 5627 hi

2014 5664 2373 5728 respondentes
2414 5657 2652 5711 dixerunt
2684 5673 2702 5711 :
2748 5656 2915 5711 Nihil.
2942 5655 3063 5727 Ipse
3094 5669 3261 5712 autem
3284 5659 3477 5713 dicebat
3503 5662 3615 5721 eis;

2020 5751 2120 5807 Sed
2145 5771 2275 5808 num
2310 5750 2391 5820 qui
2421 5750 2562 5804 habet
2587 5750 2925 5822 marsupium,
2957 5750 3124 5819 tollat,
3150 5762 3195 5805 et
3220 5768 3390 5823 peram
3421 5764 3507 5809 :st
3529 5752 3619 5822 qui
