4228 6298
659 284 769 344 499

657 422 759 465 non
786 408 955 473 liabet,
984 405 1170 463 residat
1212 412 1395 459 restem
1439 416 1607 466 nam,
1636 409 1685 454 et
1730 405 1978 453 mercetur
2022 393 2254 468 gladium

655 497 815 572 (Luc.
840 495 933 554 Si.
956 496 1047 553 35.
1066 494 1182 561 36):
1204 493 1324 551 Jam
1365 490 1504 547 forte
1549 489 1705 546 dicet'
1738 487 1953 559 aliquis,
1978 483 2254 555 apostolos

658 587 875 659 quidem
920 587 1005 643 his
1043 584 1203 641 dictis
1246 598 1279 640 a
1329 581 1559 639 crimine
1610 578 1885 637 absolutos
1918 575 2059 632 :sed
2115 574 2254 629 ultra

658 680 936 751 qna-ritur,
961 690 1133 747 quare
1158 673 1406 732 Christus
1438 671 1704 729 contraria
1746 666 2097 740 praceperit:
2127 678 2252 720 nam

659 768 927 839 interdum
960 768 1111 834 dicit,
1140 763 1226 821 Ns
1252 762 1548 836 possidentis
1570 776 1744 834 perant
1769 757 1983 833 (lattli.
2004 755 2090 814 l0.
2122 754 2250 827 ltl):

658 859 926 915 interdum
954 868 1160 926 autem,
1190 857 1292 927 Qui
1324 856 1471 911 liabet
1511 852 1824 925 marsupium
1842 898 1855 917 ,
1884 849 2058 915 tollat,
2084 857 2135 903 et
2160 865 2253 919 ps-

657 966 769 1005 ram
799 949 951 1024 (an.
981 949 1075 1004 29..
1107 948 1222 1023 56).
1240 950 1417 1017 Quare
1438 946 1539 1000 hoc
1570 944 1732 1000 fecit?
1759 942 1901 999 Sane
1926 941 2042 998 base
2066 939 2252 997 admo-

656 1042 785 1096 dum
833 1041 993 1111 digne
1043 1039 1168 1097 [erit
1212 1054 1308 1096 sua
1351 1037 1636 1106 sapientia,
1666 1048 1937 1104 curaque,
1962 1045 2121 1102 quam
2155 1044 2253 1102 pro

658 1134 936 1203 discipulis
962 1132 1202 1204 gerebat.
1234 1130 1317 1185 Ab
1344 1128 1497 1184 initio
1526 1128 1670 1183 enim
1702 1126 1806 1182 hoc
1835 1123 2152 1197 imperavit,
2197 1131 2255 1177 ut

656 1241 825 1295 opere
873 1234 929 1280 et
972 1222 1346 1294 experimento
1403 1219 1659 1291 potentia
1708 1232 1821 1273 sua:
1869 1215 2253 1271 documentum

656 1318 963 1387 acciperent
987 1352 1005 1381 ,
1046 1328 1113 1370 sc
1135 1312 1330 1369 deinde
1354 1326 1476 1367 cum
1507 1309 1698 1370 ﬁducia
1728 1323 1824 1379 per
1852 1315 2023 1361 totum
2066 1304 2252 1360 orbem

658 1420 923 1466 terrarum
989 1414 1355 1478 peragrarent.
1414 1402 1611 1459 Verum
1662 1401 1752 1455 ubi
1797 1400 1909 1471 jam
1958 1397 2251 1469 potentiam

656 1500 823 1573 ipsius
873 1506 1243 1571 agnoverunt,
1271 1496 1476 1566 optavit
1515 1506 1572 1549 ut
1599 1502 1655 1549 et
1696 1493 1797 1562 ipsi
1821 1507 1887 1545 ea
1939 1504 2001 1545 se
2041 1488 2255 1543 virtutis

655 1594 931 1665 specimen
961 1593 1279 1663 prabet-ent,
1313 1603 1487 1660 neque
1511 1587 1656 1658 ipsos
1682 1586 1749 1641 ad
1778 1586 1935 1639 linem
1965 1597 2135 1653 usque
2161 1598 2255 1653 ge—

656 1697 803 1739 stare
854 1683 1063 1747 voluit;
1091 1681 1186 1736 sed
1233 1682 1376 1749 ipsos
1414 1692 1560 1749 saepe
1608 1677 1862 1747 exposuit
1906 1673 2255 1744 permisitque

656 1789 785 1829 suas
837 1772 981 1828 ferre
1027 1774 1385 1837 tentatioues,
1433 1786 1501 1825 ne
1544 1769 1747 1826 scilicet
1798 1775 2054 1838 perpetuo
2097 1765 2254 1820 otiosi

656 1864 956 1921 residerent
987 1882 1001 1917 :
1030 1875 1083 1919 et
1104 1863 1558 1934 quemadmodum
1594 1861 1682 1931 qui
1714 1868 1884 1915 artem
1913 1856 2130 1914 natandi
2158 1856 2257 1911 do-

655 1966 801 2021 cent,
832 1956 1097 2027 principio
1142 1956 1435 2025 suppositis
1473 1955 1721 2009 manibus
1767 1951 1935 2007 multa
1982 1951 2256 2020 diligentia

658 2044 953 2117 discipulos
981 2053 1234 2117 gestant;
1266 2055 1388 2115 post
1436 2059 1598 2099 unum
1632 2054 1808 2098 autem
1842 2052 1899 2098 et
1925 2042 2152 2097 alterum
2199 2048 2257 2096 et

659 2137 876 2192 tertium
902 2134 1047 2191 diem
1094 2136 1366 2191 subtracta
1415 2134 1637 2189 dextera
1682 2129 1790 2187 illis
1820 2132 2169 2203 praecipiunt,
2199 2140 2256 2185 ut

657 2230 867 2301 seipsos
887 2229 1098 2300 juveni.
1130 2238 1184 2284 et
1216 2242 1597 2297 nonnunquam
1627 2227 1747 2281 illos
1774 2240 2062 2295 parumper
2086 2224 2255 2294 mergi

658 2324 876 2390 sinunt,
922 2322 992 2375 ita
1043 2331 1102 2376 ut
1140 2330 1195 2375 et
1254 2323 1477 2374 multum
1522 2319 1807 2389 salsuginis
1859 2317 2111 2371 sorbeant
2144 2317 2253 2369 :ita

658 2427 789 2470 sane
817 2422 1019 2468 etcum
1062 2414 1343 2486 discipulis
1391 2414 1504 2468 suis
1546 2411 1791 2467 Christus
1842 2410 2086 2464 faciebat.
2120 2408 2253 2462 Nam

660 2506 815 2562 initio
864 2507 993 2561 nihil
1032 2521 1127 2562 eos
1187 2506 1294 2575 pati
1340 2504 1572 2570 sinebat,
1606 2503 1688 2559 vel
1746 2517 1964 2573 parvum
2004 2503 2086 2555 vel
2138 2516 2255 2555 ma-

659 2614 847 2670 guum,
877 2598 970 2653 sed
1005 2598 1199 2669 ubique
1228 2598 1415 2653 aderat
1444 2596 1713 2660 muniens,
1744 2606 1800 2651 et
1842 2594 2258 2650 cireunivallnns

660 2705 778 2757 eos,
812 2689 1116 2759 faciensque
1145 2698 1202 2743 ut
1220 2688 1398 2743 omnia
1423 2688 1653 2742 ubertim
1679 2688 1755 2741 eis
1776 2686 2059 2741 afﬂuerent
2087 2704 2098 2737 :
2131 2701 2254 2739 cum

661 2797 792 2838 vero
822 2790 1031 2853 tempus
1062 2792 1241 2849 esset,
1265 2792 1322 2835 ut
1347 2780 1652 2835 virilitatem
1700 2793 1852 2832 suam
1883 2778 1983 2847 ipsi
2012 2777 2253 2831 declara-

661 2885 804 2942 rent,
849 2873 1113 2929 subtraxit
1150 2872 1421 2929 liodicum
1451 2869 1657 2941 gratiae,
1690 2868 2012 2940 pra‘cipieus
2047 2868 2127 2922 eis
2148 2908 2164 2931 ,
2199 2875 2255 2920 ut

658 2968 821 3022 etiam
854 2980 947 3034 per
991 2965 1201 3033 seipsos
1240 2963 1404 3017 multa
1440 2961 1780 3031 perlicerent.
1812 2960 1985 3029 Atque
2016 2958 2154 3013 hanc
2184 2956 2256 3011 ob

659 3071 905 3120 causam,
934 3070 1056 3110 cum
1097 3069 1203 3109 non
1234 3054 1503 3107 habebant
1531 3051 1743 3106 calceos
1765 3092 1781 3116 ,
1816 3052 1898 3104 vel
1919 3064 2107 3107 zonam
2129 3090 2142 3113 ,
2172 3049 2256 3103 vel

662 3150 936 3213 baculum,
961 3147 1045 3201 vel
1072 3161 1176 3210 aes,
1200 3144 1331 3200 nihil
1358 3145 1436 3199 eis
1461 3143 1646 3198 deerat
1678 3160 1693 3197 :
1725 3142 1855 3197 dicit
1898 3143 2041 3195 enim
2061 3180 2078 3206 ,
2117 3138 2258 3192 Num

661 3240 856 3312 aliquid
887 3240 1025 3293 vobis
1059 3238 1218 3309 defuit
1238 3236 1266 3291 2
1293 3234 1364 3290 Et
1392 3235 1749 3306 respondentes
1794 3233 2031 3287 dixerunt
2061 3246 2078 3284 :
2109 3228 2257 3283 Nihil

664 3333 827 3403 (Ibid.
871 3348 916 3385 υ.
954 3332 1069 3399 55).
1096 3329 1214 3397 Quo
1263 3336 1506 3397 tempore
1556 3334 1735 3379 autem
1788 3324 2031 3395 permisit
2063 3324 2176 3387 eis,
2202 3329 2258 3375 ut

662 3424 989 3493 marsupium
1023 3422 1283 3475 baberent
1311 3429 1365 3475 et
1410 3433 1593 3489 peram
1639 3426 1693 3471 et
1733 3418 1978 3479 calceos,
2014 3414 2255 3467 invenie-

661 3518 857 3573 bantur
890 3525 944 3569 et
972 3515 1294 3577 esurientes,
1326 3518 1381 3565 et
1405 3511 1671 3575 sitientes,
1695 3518 1749 3563 et
1773 3507 1897 3561 nudi
1919 3506 2255 3561 incedentes.

664 3607 818 3663 Unde
849 3604 1133 3674 liquidum,
1166 3600 1308 3670 quod
1334 3601 1530 3669 passim
1562 3612 1658 3655 eos
1684 3597 1973 3667 periclitari
2001 3607 2055 3652 et
2093 3596 2257 3666 afﬂigi

660 3702 857 3755 sineret
886 3716 902 3754 :
932 3710 1146 3765 nempe,
1180 3702 1238 3749 ut
1262 3691 1564 3747 mercedem
1592 3691 1823 3760 aliquam
1862 3688 2139 3744 haberent.
2168 3690 2256 3745 Sic

661 3791 912 3846 videlicet
938 3803 1069 3842 aves
1094 3786 1269 3858 pullos
1308 3798 1435 3837 suos
1491 3781 1740 3837 foventes
1780 3780 1985 3835 tamdiu
2031 3782 2083 3835 in
2130 3780 2257 3835 nido

660 3882 873 3948 sedent,
902 3878 1075 3935 donec
1107 3878 1318 3931 illorum
1360 3874 1555 3944 plumae
1596 3872 1935 3937 increscant;
1968 3886 2102 3941 quas
2128 3872 2256 3925 dum

662 3976 954 4031 increvisse
978 3971 1225 4034 viderint,
1262 3970 1483 4038 ill0.~que
1510 3981 1692 4022 aerem
1732 3980 1919 4021 secare
1946 3980 2134 4035 posse,
2163 3979 2259 4019 eos

664 4068 892 4137 primum
944 4065 1087 4118 circa
1135 4060 1317 4115 nidum
1370 4058 1594 4111 volitare
1621 4056 1839 4123 docent,
1876 4070 2057 4126 posma
2102 4058 2259 4125 paulo

663 4158 871 4229 longius
898 4172 912 4210 :
941 4155 1093 4209 initio
1118 4166 1213 4208 eos
1240 4161 1531 4216 sequuntur
1558 4157 1609 4203 et
1640 4156 1973 4216 supportant,
1998 4147 2121 4202 dein
2161 4150 2258 4202 ad-

665 4248 917 4303 miniculo
944 4260 1041 4299 suo
1070 4253 1210 4298 totos
1235 4242 1546 4295 destituunt.
1572 4239 1645 4292 Ita
1671 4238 1901 4293 faciebat
1924 4251 1976 4294 et
1992 4239 2258 4294 Christus.

670 4338 721 4393 in
755 4336 1035 4393 Palmstina
1062 4334 1229 4400 enim,
1258 4332 1406 4401 quasi
1447 4332 1497 4384 in
1531 4331 1656 4384 nido
1685 4331 1986 4384 nutricabat
2024 4330 2260 4399 discipu-

668 4433 787 4497 los;
821 4441 873 4485 ct
903 4440 1181 4499 postquam
1221 4441 1316 4480 eos
1346 4424 1527 4478 volare
1558 4424 1738 4477 docuit
1778 4438 2011 4492 pra‘seus
2031 4464 2045 4488 ,
2072 4433 2124 4477 et
2168 4438 2263 4492 ge-

666 4536 853 4587 stans,
922 4521 1133 4575 tandem
1178 4516 1381 4572 dimisit
1422 4532 1553 4581 cos,
1585 4525 1642 4569 ut
1694 4516 1933 4568 volarent
1985 4514 2037 4568 in
2093 4524 2260 4569 totum

668 4616 876 4675 orbem,
902 4612 1028 4667 dato
1054 4612 1132 4665 eis
1154 4608 1425 4671 mandato,
1451 4618 1505 4660 ut
1528 4620 1647 4661 sese
1674 4606 1963 4661 identidem
1989 4605 2258 4675 iuvarent.

671 4706 736 4759 Et
762 4701 904 4774 quod
938 4703 1040 4756 hoc
1064 4714 1249 4755 verum
1276 4699 1378 4764 sit,
1404 4697 1652 4766 quodque
1701 4696 1822 4751 ideo
1870 4710 1965 4751 eos
2007 4698 2259 4753 omnibus

669 4795 937 4861 nudatos,
977 4802 1031 4847 et
1069 4807 1173 4847 una
1231 4799 1435 4845 tantum
1491 4796 1638 4843 veste
1680 4788 1903 4842 amictos
1956 4788 2178 4853 miserit,
2209 4798 2263 4844 et

667 4889 872 4958 absque
897 4884 1092 4942 mlceis
1130 4881 1407 4936 ambulare
1433 4880 1675 4950 jusserit,
1708 4887 1765 4933 ut
1810 4894 1963 4935 suam
2007 4882 2257 4935 virtutem

669 4991 724 5037 et
753 4977 1045 5051 potentiam
1094 4982 1506 5045 cognoscerent.
1538 4973 1686 5026 clare
1732 4972 1998 5036 sciemus,
2045 4976 2088 5025 si
2131 4973 2260 5027 illud

670 5072 873 5128 dictum
921 5065 1223 5121 audiamus.
1270 5063 1386 5118 Non
1433 5062 1575 5119 enim
1630 5062 1943 5132 simpliciter
1986 5063 2118 5117 dixit
2146 5064 2255 5127 eis,

672 5163 869 5219 Tollite
898 5158 1227 5231 marsupium
1249 5164 1301 5211 et
1325 5169 1548 5225 peram;
1572 5152 1664 5209 sed
1690 5153 1925 5222 priorum
1949 5157 2261 5209 memoriam

672 5251 970 5310 refricando
990 5250 1068 5305 sic
1091 5248 1305 5305 dicebat
1324 5287 1339 5311 ,
1370 5244 1497 5299 Cum
1527 5245 1772 5298 mitterem
1800 5261 1887 5299 vos
1912 5248 2023 5300 sine
2060 5263 2260 5302 marsu-

672 5348 758 5418 pio
791 5355 837 5400 et
871 5360 1011 5415 pera,
1038 5340 1297 5414 aliquidue
1330 5338 1503 5393 deerat
1523 5338 1549 5392 2
1574 5338 1674 5393 hoc
1722 5346 1825 5403 est,
1862 5353 2041 5394 nonne
2082 5341 2261 5394 omnia

676 5434 906 5491 ubertim
938 5431 1092 5488 vobis
1112 5430 1438 5495 afﬂuebant,
1471 5429 1745 5499 multaque
1780 5429 2025 5500 largitate
2051 5430 2262 5487 frueba-

672 5526 845 5585 mini?
867 5524 975 5585 Sed
999 5539 1141 5580 nunc
1162 5523 1284 5578 volo
1301 5536 1398 5578 vos
1414 5536 1509 5592 per
1536 5536 1629 5575 vos
1648 5521 1791 5589 ipsos
1815 5532 2108 5582 certare.et
2130 5540 2262 5595 pau-

676 5620 939 5684 pertatem
979 5616 1215 5687 experiri
1242 5634 1256 5681 ;
1288 5623 1341 5670 et
1384 5623 1670 5685 eapropter
1714 5614 1830 5683 lege
1860 5615 2021 5684 priori
2062 5617 2261 5673 obstri-

680 5718 794 5767 ctos
830 5710 974 5781 nolo,
1003 5710 1096 5768 sed
1125 5709 1375 5781 permitto
1394 5748 1408 5774 ,
1436 5716 1489 5762 ut
1520 5714 1575 5762 et
1606 5707 1927 5777 matsupium
1974 5720 2024 5765 et
2074 5727 2259 5775 pernm

1407 285 1465 347 8.
1502 281 1783 344 JOANNIS
1817 269 2299 340 ειιῐιῖεοετοκι
2338 275 2658 334 ABCHIEP.
2699 276 3241 336 CONSTANTINOP.

2362 389 2625 459 habeatis,
2656 401 2713 447 ut
2743 408 2811 449 ne
2855 393 3006 463 quasi
3053 407 3151 463 per
3196 392 3425 448 inanima
3460 391 3814 448 instrumenta
3868 407 3963 461 per

2359 486 2697 558 vos‘operari
2727 488 3043 553 eristimer;
3072 486 3167 543 sed
3210 496 3267 543 et
3314 501 3409 543 vos
3440 492 3674 543 vestram
3718 485 3949 556 philoso-

2358 577 2539 650 phiam
2564 580 2821 637 exhibere
2845 589 3080 652 oportet.

2432 671 2485 729 ὅ.
2514 669 2676 740 Quod
2701 673 2747 727 si
2768 671 2944 728 adhuc
2966 670 3104 727 dicis
3134 687 3149 727 :
3177 672 3257 726 An
3286 685 3395 726 non
3426 670 3600 737 major
3625 667 3739 724 visa
3772 666 3961 723 fuisset

2358 761 2530 832 gratia
2549 800 2567 828 ,
2598 762 2645 816 si
2672 776 2888 834 semper
2916 761 2992 816 ita
3025 760 3226 816 versati
3253 760 3480 816 essent?
3511 757 3710 814 Verum
3752 771 3862 813 non
3893 766 3958 812 ita

2360 851 2569 922 probati
2612 850 2839 909 fuissent
2866 869 2879 906 :
2911 851 2959 907 si
3008 850 3153 907 enim
3199 850 3401 905 nullam
3442 849 3531 906 vel
3570 848 3921 905 amictionem
3945 888 3960 914 ,

2359 943 2445 997 vel
2473 942 2705 1015 inopiam
2724 984 2740 1011 ,
2765 943 2850 999 vel
2890 943 3361 1014 persequutionem
3382 984 3397 1007 ,
3421 941 3509 998 vel
3534 940 3836 1013 angustiam
3866 955 3955 995 ea-

2362 1036 2499 1104 perti
2528 1045 2746 1101 essent,
2792 1035 3121 1092 mansissent
3162 1034 3339 1105 ignavi
3377 1044 3435 1091 et
3473 1034 3613 1106 pigri
3643 1051 3659 1089 :
3690 1048 3838 1090 nmic
3867 1047 3959 1088 au-

2364 1137 2495 1195 tem,
2544 1143 2653 1182 non
2702 1126 2877 1182 solum
2928 1126 3158 1198 gratiam
3210 1125 3413 1181 Christi
3465 1124 3729 1192 relucere,
3759 1123 3858 1180 sed
3909 1135 3964 1180 et

2359 1219 2695 1274 subditorum
2728 1219 3099 1289 probationem
3137 1216 3382 1275 exhiberi
3415 1216 3647 1283 volebat,
3679 1231 3747 1271 ne
3776 1223 3962 1287 postea

2359 1311 2577 1383 quidam
2606 1311 2788 1367 dicere
2833 1322 3092 1382 possent,
3120 1325 3216 1368 eos
3242 1310 3374 1367 nihil
3399 1326 3430 1365 ι
3459 1310 3653 1382 seipsis
3681 1310 3927 1365 attulisse
3944 1348 3963 1377 ,

2358 1403 2454 1458 sed
2482 1402 2618 1458 facta
2647 1417 2769 1458 esse
2793 1403 2970 1457 omnia
2997 1402 3197 1458 auxilio
3225 1402 3342 1458 Dei.
3377 1402 3589 1457 Poterat
3633 1401 3779 1461 enim
3823 1402 3966 1455 Deus

2359 1509 2456 1550 eos
2479 1510 2648 1565 usque
2697 1492 2766 1550 ad
2812 1493 2973 1549 linem
2998 1494 3053 1548 in
3076 1508 3142 1549 ea
3166 1493 3492 1549 abundantia
3521 1493 3794 1548 custodire
3826 1509 3841 1546 :
3871 1490 3966 1548 sed

2359 1585 2529 1641 noluit
2573 1586 2643 1641 ob
2686 1586 2893 1650 varias,
2928 1586 3369 1655 necessariasque
3395 1598 3618 1649 causas,
3643 1598 3777 1653 quas
3821 1597 3971 1653 sape

2358 1680 2565 1734 caritati
2596 1688 2792 1734 vestra:
2835 1677 3091 1733 diximus.
3126 1676 3239 1733 Una
3270 1677 3487 1747 quidem
3516 1676 3632 1731 hmc
3676 1686 3763 1731 est
3804 1690 3968 1746 quam

2360 1772 2595 1828 diximus
2628 1773 2772 1828 :alia
2825 1782 3005 1828 autem
3060 1773 3160 1830 hac
3204 1787 3312 1827 non
3349 1772 3546 1837 minor,
3576 1782 3634 1825 ut
3685 1771 3972 1826 modestia:

2360 1864 2757 1920 assuelierent:
2812 1866 2966 1919 tertia
3006 1879 3174 1929 vero,
3220 1871 3280 1918 ut
3317 1878 3385 1918 ne
3430 1862 3602 1932 major
3650 1862 3759 1918 illis
3805 1877 3971 1933 quam

2363 1956 2670 2012 hominibus
2709 1956 2958 2023 debetur,
2990 1956 3162 2011 honor
3205 1956 3571 2017 exhiberetur.
3616 1954 3806 2025 itaque
3843 1971 3969 2026 pro-

2362 2056 2479 2117 pter
2508 2048 2642 2111 haec,
2676 2058 2730 2102 et
2755 2048 2838 2101 bis
2859 2048 3027 2103 multo
3056 2049 3207 2119 plura
3230 2090 3244 2113 ,
3267 2063 3388 2102 eum
3418 2047 3780 2117 permissurus
3818 2055 3970 2101 esset

2361 2137 2440 2192 eis
2474 2137 2637 2191 multa
2671 2139 3037 2207 inexspectata
3083 2137 3333 2193 accidere
3356 2179 3372 2205 ,
3400 2137 3569 2191 noluit
3611 2138 3849 2206 priorem
3894 2136 3971 2191 le-

2358 2242 2478 2295 gem
2511 2237 2619 2284 tam
2648 2237 2851 2283 arctam
2877 2244 3115 2295 manere,
3151 2229 3246 2284 sed
3273 2229 3390 2298 ejus
3420 2228 3777 2299 philosophia:
3809 2242 3970 2283 seve-

2361 2324 2571 2376 ritatem
2617 2322 2859 2377 nonnihil
2910 2320 3188 2387 relaxavit,
3223 2331 3280 2375 ut
3322 2332 3376 2376 et
3419 2322 3491 2375 ita
3545 2335 3650 2374 non
3692 2326 3846 2375 esset
3889 2320 3969 2375 eis

2360 2414 2538 2482 gravis
2586 2422 2641 2468 et
2694 2413 3049 2479 intolerabilis
3096 2414 3235 2480 vita,
3291 2412 3336 2466 si
3402 2426 3548 2481 saepe
3600 2411 3955 2481 derelinque-

2363 2515 2573 2572 rentur,
2600 2517 2652 2560 et
2681 2506 2839 2559 simul
2869 2504 3056 2559 duram
3111 2505 3255 2559 illam
3311 2505 3486 2575 legem
3537 2518 3755 2559 scrvare
3801 2520 3970 2574 coge-

2364 2607 2569 2653 rentur.
2602 2596 2867 2664 Quoniam
2911 2606 3093 2651 autem
3135 2596 3419 2666 oportebat
3458 2595 3690 2651 obscure
3721 2595 3973 2665 proposi-

2365 2700 2475 2745 tum
2499 2691 2696 2746 clarius
2725 2689 2943 2756 docere,
2977 2689 3179 2745 idcirco
3210 2698 3492 2760 postquam
3540 2688 3712 2753 dixit,
3747 2687 3851 2753 Qui
3880 2689 3973 2741 ha-

2362 2782 2440 2836 bet
2468 2781 2803 2852 marsupium,
2835 2780 3003 2847 tollat,
3035 2791 3082 2835 et
3127 2797 3303 2850 peram
3329 2797 3349 2833 :
3381 2780 3594 2849 subjicit
3614 2822 3629 2846 ,
3662 2779 3725 2833 Et
3750 2781 3837 2850 qui
3870 2797 3972 2835 non

2364 2871 2544 2937 habet,
2570 2873 2751 2926 vendat
2780 2881 2965 2926 uestem
2993 2888 3163 2937 suam,
3194 2882 3241 2926 et
3275 2882 3407 2925 emat
3449 2872 3676 2941 gladium
3698 2870 3852 2942 (Luc.
3878 2869 3971 2925 22.

2366 2962 2483 3034 56).
2511 2962 2776 3032 Quidnam
2808 2963 2947 3017 hoc?
2976 2967 3239 3019 Armatue
3268 2962 3563 3032 discipulos
3592 2964 3681 3032 qui
3704 2962 3840 3019 dicit
3869 2981 3882 3016 :
3913 2964 3975 3019 Si

2364 3055 2478 3124 quis
2516 3065 2564 3108 te
2606 3054 2904 3123 percusserit
2953 3055 3003 3107 in
3058 3055 3317 3108 dexteram
3344 3054 3627 3119 maxillam,
3660 3065 3792 3108 verte
3837 3057 3886 3108 ei
3930 3066 3975 3109 et

2363 3148 2576 3201 alteram
2600 3147 2812 3218 (Matth.
2836 3148 2889 3202 5.
2918 3146 3011 3213 39,
3030 3156 3075 3199 et
3105 3144 3231 3200 Luc.
3255 3147 3308 3201 6.
3332 3145 3451 3217 29).
3482 3146 3583 3214 Qui
3612 3149 3895 3217 praeepit,
3919 3156 3975 3201 ut

2366 3238 2750 3294 benedicamus
2776 3239 2860 3303 iis,
2884 3238 2972 3307 qui
3002 3252 3102 3292 nos
3128 3238 3386 3293 conviciis
3417 3238 3712 3305 lacessunt,
3732 3236 3975 3292 feramus

2366 3331 2659 3397 hedentes,
2690 3344 2909 3386 oremus
2946 3344 3044 3399 pro
3092 3329 3561 3400 persequentibus,
3590 3343 3736 3383 nunc
3758 3326 3975 3383 armat?

2364 3430 2645 3493 armatque
2697 3436 2806 3476 uno
2881 3429 3087 3475 tantum
3136 3420 3361 3490 gladio?
3416 3420 3483 3475 Et
3530 3421 3806 3489 quomodo
3859 3420 3974 3476 haec

2364 3513 2559 3567 rationi
2591 3527 2829 3567 consona
2879 3514 3048 3566 sunt?
3075 3511 3211 3567 Nam
3262 3512 3309 3566 si
3360 3512 3582 3566 omnino
3625 3512 3795 3566 armis
3831 3527 3970 3582 opus

2362 3613 2499 3671 erat,
2524 3620 2629 3660 non
2658 3606 2776 3659 solo
2797 3604 2997 3676 gladio,
3020 3605 3118 3661 sed
3144 3614 3200 3659 et
3228 3616 3403 3669 scuto,
3434 3616 3489 3661 et
3507 3606 3681 3675 galea,
3703 3615 3760 3660 et
3783 3621 3944 3661 crura

2364 3698 2501 3751 libus
2518 3712 2729 3752 armare
2754 3698 3059 3767 oportebat.
3080 3698 3147 3752 Et
3173 3697 3439 3767 profecto,
3465 3700 3511 3753 si
3535 3699 3773 3754 humano
3802 3716 3955 3756 more

2366 3787 2484 3841 haec
2507 3788 2821 3857 dispensare
2837 3796 2892 3842 et
2916 3802 3075 3859 agere
3108 3789 3388 3854 voluisset,
3404 3788 3542 3859 apud
3564 3805 3660 3845 vos
3688 3789 3975 3847 ridiculum

2366 3894 2471 3935 non
2491 3888 2606 3935 erat
2623 3879 2726 3935 hoc
2749 3879 3101 3949 praeceptum?
3112 3879 3553 3952 Quandoquidem
3578 3881 3703 3937 licet
3719 3893 3973 3939 sexcenta

2367 3972 2416 4026 id
2436 3988 2605 4043 genus
2630 3987 2780 4025 arma
2800 3972 3166 4042 possedissent
3178 3973 3435 4029 adversus
3459 3982 3536 4029 tot
3555 3975 3777 4029 insidias
3797 3984 3851 4031 et
3876 3977 3975 4031 im-

2369 4071 2525 4131 petus
2554 4063 2873 4132 populorum
2894 4102 2910 4127 ,
2959 4070 3339 4134 tyrannorum,
3376 4065 3670 4130 civitatum,
3694 4078 3935 4136 gentium
3955 4105 3977 4134 ,

2365 4152 2633 4222 quomodo
2653 4154 2720 4209 iis
2733 4155 3060 4223 potentiores
3077 4152 3304 4210 fuissent
3319 4154 3565 4211 undecim
3578 4154 3603 4209 τ
3615 4155 3750 4210 Num
3771 4159 3975 4227 potuis-

2369 4254 2483 4299 sent
2504 4245 2690 4300 audire
2706 4261 2894 4301 vocem
2914 4246 3270 4303 hinnientium
3292 4246 3578 4317 equorum?
3602 4263 3780 4302 annon
3797 4250 3884 4305 vel
3906 4252 3973 4304 ad

2368 4337 2542 4388 solum
2574 4337 2843 4391 exercitus
2877 4346 3153 4406 aSpectum
3193 4337 3473 4392 conterriti
3502 4347 3687 4394 essent
3724 4340 3825 4393 viri
3864 4356 3975 4397 non

2369 4426 2471 4479 nisi
2495 4426 2550 4480 in
2573 4428 2776 4497 stagnis
2796 4437 2849 4482 et
2878 4427 3189 4485 ﬂuminibus
3224 4437 3279 4484 et
3307 4429 3500 4484 lembis
3526 4430 3766 4485 versati?
3786 4431 3967 4499 Quare

2369 4532 2499 4587 ergo
2530 4517 2632 4573 hoc
2658 4519 2828 4574 dicit?
2854 4518 3162 4575 Judteorum
3208 4520 3427 4574 insidias
3455 4521 3692 4577 indicare
3715 4523 3930 4580 volebat
3954 4566 3972 4594 ,

2372 4607 2598 4678 illosque
2640 4609 2814 4680 ipsum
2863 4610 3352 4679 comprehensurus
3394 4624 3559 4665 esse:
3595 4612 3753 4682 idque
3800 4616 3971 4670 mani-

2369 4700 2505 4755 feste
2556 4700 2735 4755 dicere
2774 4699 3021 4765 nolebat,
3052 4701 3149 4757 sed
3188 4716 3286 4771 per
3312 4701 3598 4772 aenigmata
3619 4745 3634 4769 ,
3674 4719 3743 4759 ne
3774 4706 3972 4760 iterum

2369 4792 2839 4847 conturbarentur.
2873 4790 3055 4862 Itaque
3086 4792 3226 4847 sicut
3253 4807 3377 4847 cum
3406 4792 3561 4847 audis
3587 4792 3861 4850 Christqu
3892 4798 3973 4852 di-

2371 4894 2580 4939 centem
2621 4901 2634 4938 :
2690 4884 2840 4952 Quod
2888 4883 3104 4937 audistis
3151 4884 3203 4936 in
3247 4900 3441 4948 aurem,
3499 4885 3773 4953 praedicata
3821 4904 3974 4958 super

2370 4987 2497 5030 tecta
2519 4991 2538 5030 :
2564 4987 2610 5030 et
2632 4976 2768 5045 quod
2788 4976 2999 5030 audistis
3029 4976 3080 5028 in
3112 4975 3347 5041 tenebris,
3370 4975 3522 5029 dicite
3542 4976 3592 5029 in
3617 4979 3728 5031 luce
3752 4977 3968 5048 (Matth.

2372 5069 2457 5124 10.
2494 5068 2585 5134 27,
2611 5078 2655 5121 et
2683 5066 2811 5119 Luc.
2834 5065 2920 5119 12.
2948 5066 3003 5137 5)
3030 5081 3045 5131 ;
3077 5080 3183 5119 non
3214 5058 3485 5137 intelligis,
3514 5069 3665 5137 quasi
3695 5070 3971 5139 pmipiat

2371 5161 2575 5215 relictis
2606 5160 2736 5213 loris
2756 5168 2812 5213 et
2840 5159 3011 5212 triviis
3038 5172 3133 5213 eos
3161 5173 3325 5227 super
3365 5166 3505 5213 tecta
3533 5158 3729 5215 debere
3775 5162 3970 5232 praedi-

2370 5269 2532 5319 care;
2566 5267 2740 5323 neque
2794 5254 2935 5307 enim
2984 5251 3036 5307 id
3080 5252 3321 5307 fecerunt
3379 5252 3622 5322 discipuli
3656 5271 3668 5306 :
3701 5256 3797 5310 sed
3846 5272 3970 5312 cum

2372 5346 2541 5413 dicit,
2568 5345 2739 5415 Super
2764 5354 2912 5409 tecta,
2946 5353 3001 5400 et
3038 5343 3105 5398 In
3135 5345 3269 5410 luce,
3303 5343 3554 5399 fiduciam
3583 5353 3638 5399 et
3665 5345 3968 5404 libertatein

2375 5437 2583 5505 publice
2611 5436 2934 5506 praedicandi
2967 5435 3243 5503 insinuat;
3274 5450 3397 5490 cum
3426 5449 3557 5490 vero
3585 5434 3715 5491 dicit
3735 5476 3752 5499 ,
3775 5436 3847 5494 lu
3868 5456 3967 5494 an-

2372 5545 2478 5582 rem
2532 5538 2587 5582 et
2622 5527 2689 5582 In
2733 5527 2985 5595 tenebris,
3019 5526 3321 5595 signiﬁcat,
3354 5535 3411 5581 ut
3457 5527 3653 5596 ubique
3702 5536 3969 5585 terrarum

2374 5628 2612 5686 narrent,
2638 5618 2778 5690 quod
2802 5620 2855 5673 in
2881 5634 3037 5689 parva
3069 5618 3251 5673 mundi
3282 5628 3451 5688 parte,
3483 5628 3535 5673 et
3574 5619 3625 5672 in
3656 5633 3765 5673 uno
3792 5618 3965 5675 Patre-

2376 5712 2529 5768 stina:
2556 5711 2675 5767 loco
2700 5710 2996 5767 audierant.
3046 5710 3230 5783 Neque
3258 5710 3400 5766 enim
3448 5711 3503 5767 iu
3551 5709 3788 5769 tenebris
3817 5721 3874 5770 et
3910 5712 3965 5768 ia
