4228 6298
249 368 349 425 199

244 500 396 553 par“
420 484 520 539 καί
569 485 604 538 ό
633 483 720 553 μὴ
751 483 941 552 ἔχων.
985 484 1326 552 πωλησάτω
1352 485 1421 539 τὸ
1448 486 1688 555 ἱμάτιον
1725 480 1938 548 αὑτοῦ,

251 564 678 637 κηί’ἀγορὸσει
719 566 1045 637 μάχαιραν.
1086 568 1227 620 Ἀλλ’
1275 568 1408 631 ῖσως
1438 569 1583 623 εἴποι
1612 585 1695 631 τις
1718 566 1787 621 ἀν
1814 605 1828 629 ,
1859 566 1943 620 δτι

248 655 385 722 Τοὺς
417 650 518 721 μὲν
542 649 874 716 ἀποστόλους
902 650 992 705 διά
1016 648 1128 704 τῶν
1151 651 1462 723 εἰρημένων
1490 648 1809 723 ἀπήλλαξας
1833 648 1944 701 τῶν

253 741 617 815 ἐγκλημάτων
636 761 647 773 ·
675 743 737 797 τὸ
770 743 827 796 δέ
859 742 1192 815 ζητούμενόν
1231 744 1380 797 ἑστιν
1410 744 1589 797 εἰπεῖν
1608 782 1623 806 ,
1650 741 1796 805 τίνος
1828 742 1943 795 ἑνε-

253 842 351 879 κεν
396 826 620 881 ἐναντία
660 828 689 879 ό
734 825 968 897 Χριστὸς
998 825 1395 896 ἐνομοθέτησε,
1428 826 1560 879 ποτέ
1600 825 1700 895 μὲν
1743 824 1940 891 λέγων,

250 918 352 987 Μὴ
377 918 689 989 κτήσησθε
725 919 962 988 πήραν,
996 918 1128 972 ποτέ
1166 918 1223 973 δὲ
1270 918 1448 989 λέγων
1472 958 1488 982 ,
1534 918 1590 971 '0
1625 918 1784 987 ἔχων
1827 915 1944 981 βα-

250 1000 539 1067 λάντιον,
576 1001 773 1070 ἀράτω
797 1040 811 1063 .
837 1001 935 1055 καί
969 1001 1190 1070 πήραν.
1224 1002 1383 1063 Τίνος
1419 998 1514 1057 οὖν
1547 1002 1735 1056 ἔνεκεν
1783 998 1943 1052 τοῦτο

250 1085 601 1159 πεποίηκενς
639 1084 832 1152 ’Δξίως
863 1086 964 1156 τῆς
994 1084 1161 1140 αὑτοῦ
1191 1085 1385 1157 σοφίας
1425 1086 1521 1140 καὶ
1553 1083 1812 1158 προνοίας
1844 1082 1943 1153 τῆς

250 1182 397 1255 ύπέρ
443 1184 551 1237 τῶν
596 1182 877 1253 μαθητῶν.
908 1182 1067 1255 Παρά
1117 1182 1217 1253 μὲν
1268 1181 1379 1254 γάρ
1408 1181 1507 1253 τὴν
1543 1179 1719 1253 ἀρχὴν
1768 1178 1942 1234 ταῦτα

249 1266 520 1331 ἑπέταξεν
544 1305 559 1329 ,
592 1266 680 1320 ἶνα
726 1266 875 1338 ἔργῳ
905 1268 1001 1321 καὶ
1029 1265 1197 1337 πείρᾳ
1220 1265 1320 1337 τὴν
1347 1266 1621 1332 ἀπόδειξιν
1646 1265 1747 1335 τῆς
1774 1263 1941 1319 αὐτοῦ

247 1348 538 1420 δυνάμεως
573 1349 777 1403 λάϐωσι
798 1388 813 1409 ,
846 1349 939 1401 καὶ
970 1347 1233 1411 λαϐόντες
1284 1348 1604 1419 θαρῤήσωσι
1635 1348 1823 1401 λοιπὸν
1863 1348 1943 1409 εἰς

248 1428 353 1500 τὴν
405 1430 731 1501 οἰκουμένην
770 1429 1007 1495 ἐξελθεῖν
1061 1430 1301 1485 ἃπασαν.
1366 1428 1583 1500 Ἐπειδὴ
1646 1429 1704 1482 δὲ
1756 1427 1943 1482 λοιπὸν

255 1509 460 1574 ἰκανῶς
488 1510 733 1580 ἔγνωσαν
756 1510 923 1565 αὑτοῦ
937 1510 1037 1581 τὴν
1066 1512 1322 1583 δύναμιν,
1348 1510 1602 1565 ἐϐούλετο
1624 1511 1716 1564 καὶ
1745 1511 1940 1571 αὐτοὺς

252 1593 467 1647 οῖκοθεν
494 1596 593 1664 τὴν
635 1594 816 1647 αὐτῶν
845 1595 1051 1666 ἀρετὴν
1088 1594 1463 1661 ἑπιδείξασθαι
1487 1635 1501 1655 .
1529 1595 1625 1647 καί
1658 1595 1730 1665 μὴ
1777 1592 1943 1664 μέχρι

250 1675 444 1739 τέλους
476 1675 675 1739 αὐτοὺς
702 1674 1188 1740 διαϐαστάζεσθαι,
1228 1676 1346 1730 ἀλλ’
1376 1676 1635 1729 ἐνδιδόναι
1672 1674 1943 1745 πολλαχοῦ

253 1758 349 1813 καὶ
377 1760 684 1828 συγχωρεῖν
713 1798 729 1822 ,
758 1758 852 1813 καί
883 1761 1227 1833 πειρασμοὺς
1252 1761 1452 1824 αὐτοὺς
1493 1760 1789 1832 ὑπομένειν
1809 1798 1824 1821 ,
1856 1760 1943 1813 ἴνα

257 1840 335 1912 μὴ
363 1840 455 1895 διά
497 1840 874 1914 τέλους⁶όιργοί⁵
906 1843 1133 1914 μένωσι.
1166 1844 1276 1897 Καὶ
1305 1844 1559 1916 καθάπερ
1605 1846 1654 1898 οἰ
1683 1843 1942 1915 νήχεσθαι

253 1924 599 1987 διδάσκοντες
624 1964 639 1988 ,
694 1925 846 1997 παρὰ
896 1926 995 1997 μὲν
1047 1926 1146 1989 τάς
1190 1926 1368 1999 ἀρχὰς
1404 1928 1503 1990 τὰς
1536 1927 1717 1981 αὐτῶν
1756 1927 1945 1980 ὑποτι-

254 2005 442 2069 θέντες
477 2008 667 2076 χεῖρας
712 2006 852 2077 μετά
897 2007 1100 2079 πολλῆς
1144 2008 1247 2078 τῆς
1279 2008 1565 2081 ἀκριϐείας
1608 2010 1734 2072 τοὺς
1770 2007 1945 2079 μαθη-

254 2085 354 2150 τάς
406 2088 532 2150 τοὺς
573 2086 783 2140 ἑαυτῶν
825 2088 1247 2152 διαϐαστάζουσι
1270 2130 1286 2155 ,
1319 2090 1457 2160 μετά
1503 2089 1560 2143 δὲ
1591 2089 1816 2162 πρώτην
1848 2087 1946 2143 καί⁵

254 2169 515 2241 δευτέραν
547 2171 644 2224 καὶ
678 2171 869 2243 τρίτην
902 2174 1119 2244 ἡμέραν
1141 2172 1411 2243 πολλαχοῦ
1434 2173 1536 2245 τὴν
1561 2173 1743 2240 δεξιὰν
1763 2172 1945 2228 αὐτῶν

255 2251 629 2323 ὑποσύραντες
658 2254 920 2319 ἑκείνοις,
957 2254 1275 2309 κελεύουσιν
1318 2256 1530 2318 ἑαυτοῖς
1565 2254 1812 2327 βοηθεῖν,
1850 2253 1945 2308 καί

255 2352 358 2389 που
398 2336 494 2389 καὶ
533 2336 730 2408 μικρὸν
774 2336 1133 2407 βαπτίζεσθαι
1184 2338 1576 2410 ἑπιτρέπουσι,
1623 2338 1717 2413 καί
1744 2338 1946 2409 πολλὴν

255 2417 335 2489 τῷ
360 2418 591 2489 στόματι
610 2420 863 2491 δέχεσθαι
894 2422 993 2492 τὴν
1020 2421 1202 2492 ἀλμην
1226 2440 1238 2451 ·
1272 2420 1415 2475 οὕτω
1441 2422 1506 2492 δὴ
1538 2422 1631 2476 καὶ
1653 2423 1681 2476 ό
1708 2421 1945 2493 Χριστὸς

254 2501 515 2572 ἑποίησεν
544 2504 637 2555 ἐπὶ
662 2503 769 2556 τῶν
802 2505 1083 2575 μαθητῶν.
1122 2507 1211 2559 Ἐν
1242 2508 1384 2576 ἀρχῇ
1420 2506 1515 2558 καὶ
1553 2508 1611 2560 ἐν
1639 2504 1947 2577 προοιμίοις

254 2584 316 2637 οὐ
351 2586 549 2655 μικρὸν
568 2626 582 2649 ,
618 2587 680 2639 οὐ
716 2586 859 2656 μέγα
885 2589 1084 2652 αὐτοὺς
1104 2589 1286 2658 ἀφῆκε
1319 2588 1509 2641 παθεῖν
1529 2628 1543 2653 ,
1573 2587 1708 2641 ἀλλά
1740 2605 1947 2641 παντα-

254 2672 354 2743 χοῦ
385 2673 567 2744 παρῆν
598 2673 850 2743 τειχίζων
875 2676 1101 2739 αὐτοὺς,
1139 2675 1549 2747 περιφράττων,
1585 2674 1762 2729 πάντα
1790 2674 1944 2747 [184]

256 2754 400 2825 μετά
427 2755 690 2824 ἀφθονίας
732 2758 918 2821 αὐτοῖς
952 2759 1199 2830 ἐπιῤῥεῖν
1247 2757 1689 2830 παρασκευάζων
1714 2777 1727 2789 θ
1757 2760 1946 2829 ἐπειδὴ

253 2835 309 2890 δέ
338 2838 448 2891 ἔδει
470 2840 565 2892 καὶ
597 2840 697 2909 τὴν
722 2840 975 2913 ἀνδρείαν
1002 2843 1198 2906 αὐτοὺς
1225 2844 1595 2911 ἐπιδείξασθαι
1624 2843 1724 2915 τὴν
1745 2842 1944 2907 αὐτῶν,

256 2918 600 2974 συνέστειλεν
648 2921 815 2993 ὀλίγῳ
852 2924 951 2994 τὴν
1000 2926 1194 2996 χάριν,
1242 2927 1709 2998 ἐγκελευσάμενος
1759 2927 1948 2990 αὐτοῖς

257 3001 430 3055 πολλά
460 3004 554 3057 καὶ
578 3003 645 3057 δι’
685 3005 896 3059 ἑαυτῶν
919 3007 1125 3063 ἀνύειν.
1161 3010 1260 3062 Διά
1285 3026 1366 3063 τοι
1393 3009 1573 3073 τοῦτο,
1607 3011 1697 3064 ὅτε
1726 3012 1825 3081 μὲν
1847 3012 1949 3063 οὐκ

257 3081 405 3157 εἰχον
438 3086 766 3159 ὑποδήματα
791 3130 804 3151 ,
834 3090 955 3144 οὑδέ
983 3090 1161 3162 ζώνην
1189 3134 1202 3155 ,
1238 3092 1359 3146 οὐδὲ
1392 3093 1587 3166 ῥάϐδον
1607 3135 1621 3158 ,
1663 3094 1786 3149 οὐδὲ
1815 3093 1949 3165 χαλ-

256 3151 389 3236 κδν,
437 3151 653 3237 οὐδενός
714 3151 1134 3247 ύιιςτερξθησανἰ
1185 3151 1283 3241 Μή
1340 3151 1503 3243 τιν-οξ·
1555 3151 1705 3246 γάρ,
1761 3151 1947 3247 φησιν,

258 3264 673 3333 ὑστερήσατεξ
721 3269 789 3321 οι
840 3266 909 3321 δὲ
942 3267 1371 3336 ἀποκριθέντες
1418 3264 1593 3323 εἶπον
1612 3286 1625 3299 ’
1664 3270 1945 3337 Οὐδενός.

271 3346 494 3419 Ἐπειδὴ
545 3348 601 3402 ϐε
637 3349 837 3414 αὐτοὺς
880 3349 1136 3403 ἐκέλευσε
1170 3352 1267 3405 καὶ
1315 3351 1601 3420 βαλάντιον
1633 3353 1806 3424 ἔχειν,
1856 3354 1951 3407 καί

261 3432 469 3501 πήραν,
498 3432 595 3485 καὶ
622 3432 970 3504 ὑποδήματα,
1008 3434 1353 3505 εὑρίσκονται
1393 3436 1488 3490 καὶ
1526 3436 1819 3501 πεινῶντες
1856 3437 1952 3492 καὶ

260 3512 526 3583 διψῶντες
547 3516 645 3570 καὶ
672 3518 1129 3588 γυμνητεύοντες.
1160 3517 1323 3571 Ὅθεν
1362 3517 1543 3589 δῆλον,
1571 3520 1652 3574 ὅτι
1679 3519 1951 3591 πολλαχοῦ

264 3595 563 3667 συνεχώρει
591 3599 687 3652 καὶ
721 3599 1208 3670 παρακινδυνεύειν
1244 3601 1439 3665 αὐτοὺς
1472 3603 1566 3655 καὶ
1600 3607 1953 3675 στενοχωρεῖ-

264 3677 413 3743 σθαι,
448 3679 537 3733 ινα
570 3681 690 3733 τινά
718 3681 912 3751 μισθὸν
945 3681 1143 3751 ἔχωσιν
1198 3683 1354 3737 Οὕτω
1391 3702 1495 3737 που
1534 3685 1628 3738 καὶ
1658 3687 1708 3738 οἰ
1740 3685 1954 3755 δρνιθες

262 3764 375 3826 τοῖς
396 3765 636 3828 νεοττοῖς
664 3763 876 3818 ποιοῦσι
912 3768 1024 3828 τοῖς
1051 3766 1259 3820 ἑαυτῶν
1282 3783 1295 3796 ·
1330 3768 1426 3820 καὶ
1458 3768 1566 3840 γὰρ
1598 3770 1818 3832 ἐκεῖνοι,
1841 3770 1953 3831 ’ἔως

268 3853 369 3925 μέν
394 3854 464 3909 τά
502 3856 677 3929 πτερά
704 3857 890 3911 άπαλά
921 3856 1136 3929 ἔχουσιν
1159 3900 1174 3925 ,
1216 3860 1308 3913 ἐπὶ
1356 3863 1456 3931 τῆς
1478 3860 1674 3924 καλιᾶς
1705 3860 1953 3933 καθήμε-

264 3955 346 3991 νοι
376 3928 674 3991 θάλπουσιν
699 3956 712 3969 ·
754 3928 979 3995 ἐπειδὰν
1014 3941 1070 3994 δὲ
1113 3940 1263 3996 ἴδωσι
1297 3928 1792 4014 πτῲοφυήσαντάς
1815 3928 1956 4002 .-.καὶ

263 4021 601 4093 δυναμένους
633 4023 724 4077 τὸν
768 4025 907 4096 ἀέρα
932 4025 1183 4095 τέμνειν,
1241 4027 1458 4097 πρῶτον
1493 4028 1591 4098 μέν
1623 4028 1749 4100 περί
1786 4028 1955 4099 αὐτὴν

264 4106 368 4179 τὴν
400 4105 598 4161 καλιάν
634 4108 894 4164 ῖπτασθαι
942 4113 1493 4183 παρασκευάζουσιν,
1529 4114 1722 4167 ἔπειτα
1754 4114 1811 4167 δὲ
1860 4117 1958 4168 καί

268 4190 604 4263 πορρωτέρω
636 4192 962 4264 περιάγουσι
981 4235 996 4259 ,
1033 4194 1187 4265 παρά
1231 4196 1328 4267 μὲν
1356 4196 1457 4267 τὴν
1488 4198 1662 4269 ἀρχὴν
1691 4199 1955 4270 ἑπόμεναι

266 4275 365 4326 καὶ
415 4272 908 4345 διαϐαστάζουσαι,
964 4278 1100 4349 μετά
1153 4279 1208 4332 δὲ
1266 4279 1441 4335 ταῦτα
1495 4282 1691 4346 αὐτοὺς
1744 4283 1956 4347 ἑαυτοῖς

267 4355 515 4425 ἀφιεῖσαι
544 4358 779 4429 βοηθεῖν.
804 4359 963 4413 Οὖτω
994 4361 1088 4413 καὶ
1109 4363 1137 4414 ὁ
1164 4362 1399 4432 Χριστὸς
1423 4364 1669 4435 ἐποίησε,
1704 4364 1957 4437 καθάπερ

268 4441 326 4493 ἐν
351 4440 649 4513 καλιᾷ,’τῇ
683 4442 1017 4516 Παλαιστίνη
1038 4444 1255 4513 τρέφων
1284 4446 1411 4511 τοὺς
1448 4446 1700 4517 μαθητάς
1726 4464 1738 4477 ο
1767 4449 1955 4521 ἐπειδὴ

264 4524 323 4578 δέ
356 4523 617 4578 πέτεσθαι
671 4525 878 4590 ἐδίδαξε
919 4526 1111 4598 παρὼν
1168 4526 1261 4582 καὶ
1312 4528 1691 4595 διαϐαστάζων
1736 4530 1953 4595 αὐτοὺς,

264 4614 420 4679 τέλος
450 4616 667 4685 ἀφῆκεν
693 4619 773 4681 εἰς
816 4619 917 4689 τὴν
954 4620 1283 4691 οἰκουμένην
1333 4623 1553 4692 πτῆναι,
1578 4622 1838 4687 κελεύσας
1865 4626 1958 4679 καὶ

266 4702 484 4763 ἑαυτοῖς
517 4700 787 4772 πολλαχοῦ
820 4702 1056 4773 βοηθεῖν.
1090 4704 1197 4757 Καὶ
1223 4706 1303 4757 ὅτι
1338 4705 1497 4758 τοῦτό
1550 4708 1702 4762 ἐστιν
1734 4707 1953 4777 ἀληθὲςς

266 4782 361 4836 καὶ
410 4783 500 4837 ἴνα
542 4782 641 4856 τὴν
702 4784 935 4857 δύναμιν
988 4786 1153 4839 αὑτοῦ
1195 4786 1448 4856 μάθωσι,
1504 4790 1723 4843 πάντων
1760 4791 1960 4856 αὐτοὺς

265 4866 556 4936 ἐγύμνωσε
576 4906 591 4932 ,
624 4868 720 4921 καὶ
750 4868 1114 4940 μονοχίτωνας
1143 4870 1463 4933 ἀπέστειλε,
1495 4874 1589 4927 καί
1620 4873 1789 4945 χωρὶς
1828 4875 1960 4927 ὑπο-

263 4949 528 5020 δημάτων
577 4951 830 5004 ἐκέλευσε
886 4951 1158 5021 βαδίζειν,
1214 4956 1385 5025 αὐτῆς
1443 4952 1538 5010 οὖν
1596 4958 1696 5028 τῆς
1748 4962 1960 5030 ρήσεως

265 5030 607 5096 ἀκούσαντες
658 5032 843 5100 σαφῶς
882 5035 1163 5104 εἰσόμεθα.
1196 5038 1271 5090 Οὐ
1306 5038 1413 5109 γάρ
1447 5041 1636 5106 ἀπλῶς
1681 5037 1835 5095 εἶπεν
1865 5044 1962 5097 αὑ-

266 5116 383 5176 τοῖς
407 5130 422 5146 ·
456 5113 661 5185 Ἀρατε
691 5114 976 5186 βαλάντιον
1006 5118 1102 5171 καὶ
1136 5120 1339 5191 πήραν,
1376 5120 1490 5174 ἀλλ’
1525 5123 1831 5184 ἀνέμνησεν
1863 5127 1960 5179 αὑ-

265 5208 397 5269 τοὺς
452 5206 564 5260 τῶν
611 5208 893 5280 προτέρων
917 5247 930 5271 ,
965 5208 1141 5273 οὕτως
1196 5209 1367 5267 εἰπών
1392 5228 1405 5245 ν
1446 5214 1577 5267 "Ora
1626 5221 1962 5273 απεστειλα

269 5288 430 5359 ὑμᾶς
454 5290 595 5359 ἄτερ
624 5293 965 5357 βαλαντίου
1004 5294 1101 5347 καί
1134 5297 1331 5363 πήρας
1352 5337 1366 5358 ,
1393 5296 1477 5366 μή
1508 5316 1674 5365 τινος
1702 5302 1958 5369 ὑστερή-

271 5388 458 5440 dats;
491 5376 768 5430 τουτέστιν
789 5418 802 5442 ,
839 5378 913 5433 Ou
946 5377 1121 5431 πάντα
1163 5379 1301 5448 μετά
1334 5380 1596 5447 ἀφθονίας
1630 5384 1759 5454 ὑμῖν
1804 5386 1962 5457 ἐπέρ·

273 5462 358 5531 ρει
378 5498 393 5523 ,
421 5458 518 5511 καὶ
550 5459 755 5530 πολλῆς
789 5460 1133 5515 ἀπελαύσατε
1162 5462 1479 5532 δαψιλείας;
1516 5465 1653 5521 ἀλλά
1706 5467 1801 5522 νῦν
1833 5468 1958 5538 βού-

273 5540 443 5612 λομαι
477 5542 621 5611 ὑμᾶς
650 5545 746 5597 καί
774 5544 842 5598 δι’
868 5544 1075 5599 ἑαυτῶν
1110 5545 1495 5614 ἀγωνίζεσθαι⁸
1519 5549 1783 5621 βούλομαι
1817 5553 1961 5623 ὑμᾶς

275 5627 372 5679 καί
422 5626 616 5690 πενίας
645 5629 841 5698 πεῖραν
882 5628 1099 5681 λαϐεῖν·
1154 5629 1242 5683 διὰ
1288 5630 1449 5685 τοῦτο
1497 5631 1682 5687 λοιπὸν
1725 5636 1818 5689 ἐπὶ
1860 5637 1962 5705 τὴν

277 5710 526 5793 ἀνάγκην
550 5713 651 5766 οὐκ
694 5714 813 5782 ἄγω
843 5714 937 5769 τοῦ
967 5716 1234 5785 προτέρου
1287 5716 1454 5788 νόμου
1474 5759 1490 5785 ,
1514 5720 1631 5774 ἀλλ’
1677 5721 1962 5793 ἑπιτρέπω

282 5793 376 5847 καὶ
413 5792 697 5863 βαλάντιον
733 5796 878 5866 ἔχειν
915 5800 1009 5853 καὶ
1063 5801 1245 5865 πήραν
1272 5840 1289 5867 ,
1333 5800 1419 5854 ἵνα
1458 5803 1557 5867 μὴ,
1607 5792 1860 5867 καθάπερ
1889 5806 1957 5860 δι’

1080 376 1150 436 IN
1188 374 1398 434 ILLUD
1460 371 1840 433 SALUTATE
1882 371 2300 432 PRISCILIAM
2342 374 2429 430 ET
2472 368 2808 442 AQUILAM.
2845 367 2913 423 Il.

3626 362 3734 419 200

2044 482 2269 553 ἀψύχων
2305 484 2589 554 ὀργάνων,
2644 483 2891 552 ἐνεργεῖν
2933 479 3003 534 τὰ
3045 476 3166 532 καθ’
3210 480 3352 550 ὑμᾶς
3398 478 3730 550 νομίζωμαι.

2043 567 2180 620 ἀλλά
2211 568 2305 620 καὶ
2334 568 2493 637 ὑμεῖς
2533 567 2631 637 τὴν
2658 566 2870 619 οἰκείαν
2896 564 3057 635 ἔχητε
3086 562 3495 616 ἐπιδείκνυσθαι
3526 574 3551 603 ι
3584 563 3735 632 φιλο-

2045 650 2262 719 σοφίαν.

2117 767 2186 828 γ’.
2202 760 2312 815 Καὶ
2334 760 2406 825 τί,
2432 760 2616 831 φησὶν,
2639 760 2742 813 ούκ
2760 758 2828 813 ἂν
2857 756 3061 829 μείζων
3085 758 3260 828 ἐφάνη
3284 759 3317 827 ἠ
3345 756 3528 827 χάρις,
3549 755 3598 806 εἰ
3618 754 3737 807 δια·

2045 844 2245 909 παντὸς
2284 844 2457 910 οὕτως
2490 846 2743 899 ἐτέλεσαν
2772 845 2961 909 δντες;
3007 843 3147 897 Ἀλλ’
3173 842 3331 897 αὐτοὶ
3357 841 3458 895 οὐκ
3486 840 3738 909 ἐγένοντο

2043 928 2186 982 οὕτω
2210 929 2456 1000 δόκιμοι·
2499 931 2546 982 εἰ
2575 930 2683 999 γὰρ
2722 928 2993 1000 μηδεμιᾶς
3017 927 3211 981 ἔλαϐον
3240 925 3475 995 θλίψεως
3514 925 3733 1002 πεῖραν,

2048 1010 2122 1082 μὴ
2154 1012 2341 1075 πενίας
2362 1051 2374 1072 ,
2407 1010 2483 1083 μὴ
2508 1011 2750 1082 διωγμοῦ
2775 1051 2790 1075 ,
2844 1009 2919 1081 μὴ
2960 1010 3323 1081 στενοχωρίας
3348 1050 3362 1071 ,
3412 1008 3635 1077 ἔμειναν
3668 1004 3736 1059 ἀν

2044 1093 2203 1160 ἀργοὶ
2230 1094 2325 1147 καὶ
2353 1094 2547 1157 νωθεῖς
2566 1111 2580 1125 ο
2607 1095 2703 1147 νῦν
2729 1093 2786 1147 δὲ
2818 1093 2939 1163 οὐχὶ
2977 1093 3076 1163 τὴν
3100 1092 3261 1163 χάριν
3305 1089 3610 1160 διαλάμψαι
3641 1087 3737 1158 μό-

2043 1191 2154 1238 νον,
2191 1175 2329 1231 ἀλλά
2367 1176 2463 1229 καὶ
2492 1176 2589 1248 τὴν
2623 1176 2731 1229 τῶν
2780 1174 3168 1229 ὑπακουόντων
3209 1174 3441 1243 δοκιμὴν
3470 1171 3739 1243 ἠθέλησεν

2044 1257 2417 1330 ἐπιδειχθῆναι
2435 1260 2486 1324 δ,
2525 1261 2613 1313 ἴνα
2660 1258 2735 1331 μὴ
2769 1258 2910 1329 μετά
2950 1256 3127 1311 ταῦτά
3156 1273 3301 1321 τινες
3331 1257 3500 1327 ἔχωσι
3529 1254 3735 1323 λέγειν,

2043 1341 2124 1394 ὅτι
2156 1340 2319 1394 Οὐδὲν
2350 1344 2479 1413 παρ’
2509 1343 2719 1396 ἑαυτῶν
2748 1344 3077 1414 εἰσήνεγκαν
3106 1342 3329 1405 ἐκεῖνοι,
3364 1339 3502 1394 ἀλλά
3534 1337 3595 1392 τὸ
3626 1339 3739 1392 πᾶν

2040 1423 2141 1494 τῆς
2168 1422 2264 1478 τοῦ
2294 1424 2431 1479 Θεοῦ
2462 1426 2637 1499 ῥοπῆς
2672 1426 2909 1494 ἐγένετο.
2952 1424 3218 1479 Ἦδύνατο
3268 1423 3367 1494 μὲν
3394 1422 3506 1494 γάρ
3537 1422 3740 1485 αὐτοὺς

2042 1509 2070 1560 ό
2117 1506 2251 1571 Θεὸς
2300 1507 2463 1581 μέχρι
2493 1508 2683 1572 τέλους
2721 1509 2780 1561 ἐν
2813 1507 3047 1581 ἀφθονίᾳ
3096 1506 3441 1578 καταστῆσαι
3474 1505 3737 1576 τοσαύτῃ,

2042 1590 2159 1643 ἀλλ’
2182 1592 2285 1644 οὐκ
2322 1592 2555 1662 ἠθέλησε
2588 1592 2676 1646 διά
2706 1592 2911 1657 πολλάς
2939 1593 3034 1645 καὶ
3060 1591 3372 1659 ἀναγκαίας
3408 1588 3738 1661 προφάσεις,

2043 1672 2110 1737 ἃς
2144 1675 2403 1739 πολλάκις
2438 1677 2574 1748 πρὸς
2622 1678 2720 1747 τὴν
2772 1676 3045 1748 ὑμετέραν
3080 1677 3302 1746 ἀγάπην
3339 1674 3645 1745 εἰρήκαμεν
3671 1682 3693 1712 ε
3719 1687 3735 1703 ο

2048 1757 2177 1828 μίαν
2221 1758 2320 1829 μὲν
2345 1758 2410 1831 δὴ
2448 1759 2655 1830 ταύτην
2677 1799 2691 1821 ,
2720 1762 2916 1831 ἑτέραν
2962 1759 3019 1811 δὲ
3069 1759 3171 1812 οὐκ
3218 1756 3480 1811 ἐλάττονα
3510 1754 3737 1825 ταύτης,

2046 1841 2133 1896 ἴνα
2157 1842 2253 1896 καὶ
2282 1842 2599 1915 μετριάζειν
2634 1842 2818 1896 εἰδῶσι
2865 1857 2881 1874 ο
2915 1842 3108 1913 τρίτην
3141 1841 3197 1895 δὲ
3218 1881 3233 1905 ,
3262 1840 3351 1894 ἵνα
3391 1838 3466 1911 μὴ
3514 1837 3740 1905 μείζονα

2044 1922 2077 1993 ἧ
2110 1924 2254 1977 κατά
2294 1924 2583 1996 ἄνθρωπον
2645 1924 2800 1997 [185]
2840 1924 3048 1979 λάϐωσι
3078 1922 3256 1988 δόξαν.
3294 1922 3394 1976 Διά
3439 1921 3505 1993 δὴ
3543 1919 3740 1988 ταῦτα,

2044 2007 2140 2059 καὶ
2170 2007 2353 2079 πολλῷ
2377 2008 2601 2062 πλείονα
2642 2008 2851 2062 τούτων
2871 2051 2884 2069 .
2916 2009 3079 2078 ἀφεὶς
3116 2007 3317 2072 αὐτοὺς
3361 2006 3580 2071 πολλοῖς
3627 2003 3743 2058 τῶν

2044 2089 2327 2161 ἀδοκήτων
2354 2091 2708 2163 περιπίπτειν
2724 2132 2737 2156 ,
2761 2091 2862 2144 οὐκ
2886 2090 3165 2162 ἠϐουλήθη
3188 2089 3294 2143 ὑπὸ
3319 2088 3421 2159 τὴν
3450 2085 3745 2159 ἀκρίϐειαν

2044 2171 2147 2242 τῆς
2176 2172 2498 2244 νομοθεσίας
2525 2172 2629 2243 τῆς
2653 2171 2929 2245 προτέρας
2958 2173 3200 2243 ἀφεῖναι,
3232 2170 3347 2225 ἀλλ’
3378 2168 3617 2241 ἐχάλασε
3646 2169 3744 2222 καὶ

2046 2255 2217 2326 ἀνῆκε
2239 2255 2337 2327 τῆς
2372 2255 2691 2325 φιλοσοφίας
2732 2254 2823 2311 τὸν
2846 2255 2998 2309 τόνον
3034 2254 3252 2326 ἐκείνης
3278 2296 3291 2321 ,
3336 2252 3478 2307 ὥστε
3532 2250 3611 2324 μὴ
3647 2250 3744 2322 βα-

2048 2336 2147 2408 ρύν
2172 2354 2294 2391 τινα
2340 2331 2432 2393 καί
2457 2338 2733 2411 ἀφόρητον
2781 2340 2968 2402 αὐτοῖς
2997 2337 3253 2408 γενέσθαι
3286 2337 3381 2391 τὸν
3413 2335 3527 2408 βίον
3551 2375 3568 2401 ,
3614 2333 3743 2391 πολ·

2046 2420 2213 2491 λαχοῦ
2240 2422 2877 2493 ἑγκαταλιμπανομένοις
2897 2463 2912 2487 ,
2938 2422 3034 2477 καὶ
3062 2421 3156 2477 τὸν
3182 2420 3389 2493 ἀκριϐῆ
3416 2419 3585 2491 νόμον
3604 2419 3743 2472 ἐκεῖο

2045 2521 2137 2556 νον
2165 2506 2632 2576 ἀναγκαζομένοις·
2659 2507 2871 2578 τηρεῖν.
2915 2505 3139 2578 Ἐπειδὴ
3167 2504 3222 2559 δὲ
3250 2502 3359 2576 χρὴ
3386 2503 3483 2556 καὶ
3523 2501 3586 2555 τὸ
3608 2518 3744 2574 προ-

2046 2586 2299 2657 κείμενον
2330 2588 2540 2658 ἀσαφὲς
2566 2586 2626 2642 δν
2660 2588 2887 2659 ποιῆσαι
2918 2589 3232 2659 καταφανές
3253 2628 3267 2652 ,
3299 2588 3601 2657 ἀναγκαῖον
3646 2586 3744 2639 καὶ

2045 2668 2205 2722 τοῦτο
2231 2670 2425 2724 εἰπεῖν.
2454 2669 2639 2724 Εἰπὼν
2668 2671 2779 2744 γὰρ
2796 2713 2811 2738 ,
2853 2674 2906 2725 '0
2930 2673 3091 2742 ἔχων
3115 2670 3459 2736 ,βαλάντιον
3482 2709 3497 2733 ,
3521 2667 3742 2739 ἀράτω.

2047 2751 2146 2805 καί
2178 2752 2399 2822 πήραν,
2444 2756 2694 2827 ἐπήγαγε
2724 2773 2738 2788 ·
2772 2757 2883 2811 Kal
2929 2759 2962 2811 ό
3009 2755 3097 2827 μὴ
3132 2756 3292 2824 ἔχων
3320 2795 3335 2819 ,
3370 2753 3644 2821 στι-κλήσει
3672 2752 3746 2808 τὸ

2048 2833 2283 2902 ἱμάτιον
2308 2837 2518 2901 αὐτοῦ,
2546 2838 2642 2890 καί
2675 2837 2961 2909 ἀγοράσει
2983 2838 3309 2908 μάχαιραν.
3331 2837 3398 2891 Τί
3417 2853 3557 2891 -ποτε
3584 2835 3745 2890 τοῦτό

2049 2917 2195 2985 ὲστι;
2228 2920 2549 2985 καθοπλίζει
2594 2921 2722 2985 τοὺς
2775 2922 3025 2994 μαθητὰς
3059 2924 3087 2976 ὁ
3124 2921 3333 2991 λέγων,
3372 2921 3510 2976 Ἐάν
3546 2921 3639 2987 τίς
3668 2934 3745 2973 σε

2040 3000 2280 3069 partiam
2321 3004 2410 3067 εἰς
2439 3003 2556 3069 τὴν
2582 3002 2793 3069 δεξιὰν
2820 3007 3100 3075 σιαγόνα.
3136 3003 3412 3074 στρέψον
3441 3003 3607 3071 αὐτῷ
3644 3001 3746 3056 καί

2048 3082 2165 3149 τὴν
2196 3083 2434 3153 dum-,-
2462 3085 2491 3137 ὁ
2537 3086 2778 3140 κελεύων
2832 3088 3075 3157 εὐλογεῖν
3110 3094 3234 3151 τοὺς
3271 3084 3742 3158 λοιδορουμένους.

2050 3164 2341 3236 ἀνέχεσθαι
2380 3167 2484 3221 τῶν
2513 3170 2935 3242 ἐπηρεαζόντων
2962 3212 2977 3235 ,
3009 3171 3270 3243 εὔχεσθαι
3302 3172 3443 3245 ὑπὲρ
3482 3171 3592 3223 τῶν
3618 3168 3745 3221 διω-

2050 3248 2277 3313 κόντων,
2314 3249 2434 3304 εἶτα
2458 3252 2799 3321 καθοπλίζει,
2832 3255 2928 3308 καὶ
2959 3256 3045 3310 διά
3079 3254 3359 3327 μαχαίρας
3392 3254 3595 3324 μόνης;
3634 3252 3747 3306 Καὶ

2052 3335 2201 3387 ποῖον
2228 3332 2295 3387 ἀν
2324 3334 2437 3405 ἔχοι
2462 3334 2620 3390 τοῦτο
2652 3336 2811 3407 λόγον
2837 3354 2851 3403 ;
2884 3338 2947 3391 Εἰ
2990 3336 3099 3410 γὰρ
3142 3337 3279 3400 ὅλως
3330 3337 3440 3390 ἔδει
3484 3333 3748 3390 καθοπλί-

2052 3431 2164 3478 σαι,
2192 3417 2254 3469 οὺ
2290 3418 2565 3489 μαχαίρας
2590 3418 2696 3472 ἔδει
2718 3419 3021 3490 κτήσασθαι
3048 3419 3233 3491 μόνον,
3260 3418 3399 3473 ἀλλὰ
3419 3419 3514 3472 καὶ
3539 3421 3747 3477 ἀσπίδα

2052 3499 2149 3550 καὶ
2179 3499 2376 3571 κράνος
2405 3501 2501 3555 καὶ
2538 3501 2829 3573 κνημῖδας.
2863 3502 3041 3565 Ὂλως
3067 3502 3155 3567 δὲ,
3191 3503 3245 3557 εἰ
3287 3519 3350 3571 γε
3384 3501 3746 3572 ἀνθρωπίνως

2051 3581 2119 3633 τὰ
2148 3580 2374 3637 τοιαῦτα
2417 3582 2642 3654 ἔμελλεν
2679 3587 2985 3652 οἰκονομεῖν
3010 3626 3025 3648 ,
3057 3586 3247 3650 πόσοις
3285 3586 3385 3639 οὑκ
3419 3580 3488 3656 ἦν
3526 3587 3587 3639 τὸ
3628 3588 3747 3641 ἐπίο

2052 3682 2240 3736 ταγμα
2263 3668 2479 3737 γέλως;
2525 3670 2589 3723 Εἰ
2621 3669 2731 3741 γάρ
2787 3673 2957 3741 μυρία
2995 3670 3220 3723 τοιαῦτα
3255 3670 3397 3724 ὅπλα
3444 3673 3750 3741 ἐκτήσαντο

2055 3751 2191 3820 πρὸς
2222 3752 2494 3824 τοσαύτην
2524 3754 2713 3824 ἔφοδον
2744 3756 2837 3809 καί
2860 3755 3153 3826 ἐπιϐουλὴν
3190 3756 3379 3826 δήμων
3402 3797 3415 3816 ,
3444 3757 3747 3827 τυράννων,

2057 3835 2286 3898 πόλεων,
2322 3834 2513 3901 ἐθνῶν,
2541 3838 2685 3900 τίνες
2710 3838 2935 3909 ἔμελλον
2961 3840 3011 3891 οἰ
3039 3839 3233 3892 ἕνδεκα
3266 3839 3553 3909 φανεῖσθαι
3583 3855 3597 3905 ;
3631 3841 3749 3894 Φωο

2055 3919 2151 3987 νῆς
2178 3918 2287 3989 γὰρ
2310 3918 2539 3973 ἀκούσαι
2562 3920 2980 3990 χρεμετίζοντος
3009 3922 3177 3975 ῖππου
3198 3922 3426 3975 δυνατὸν
3446 3919 3513 3993 ἦν
3538 3922 3745 3989 αύτοῖςς

2058 4007 2194 4078 πρὸς
2223 4008 2281 4060 δὲ
2302 4008 2401 4076 τὴν
2417 4008 2540 4077 ὄψιν
2573 4010 2742 4079 μόνην
2765 4010 2867 4062 οὐκ
2892 4010 2959 4063 ἂν
2986 4010 3417 4080 κατεπλάγησαν
3447 4010 3558 4063 τῶν
3591 4026 3753 4083 στραο

2058 4095 2317 4162 τοπέδων,
2346 4098 2404 4149 ὲν
2439 4097 2655 4187 λίμναις
2689 4098 2783 4151 καὶ
2812 4100 3080 4169 ποταμοῖς
3111 4099 3204 4152 καὶ
3232 4099 3479 4161 ἀκατίοις
3513 4098 3751 4169 τραφέν-

2056 4201 2149 4246 τες
2185 4187 2431 4256 μικροῖςς
2455 4182 2612 4249 Τίνος
2652 4182 2746 4239 οὖν
2775 4187 2963 4239 ἔνεκεν
3003 4189 3162 4239 το]το
3190 4187 3369 4255 λέγει;
3404 4187 3517 4256 Τὴν
3561 4187 3751 4255 ἔφοδον

2057 4272 2165 4325 τῶν
2219 4271 2488 4328 Ἰουδαίων
2536 4274 2876 4339 ἐνδείξασθαι
2932 4274 3289 4346 βουλόμενος,
3343 4276 3437 4329 καί
3491 4278 3573 4329 ὃτι
3621 4276 3752 4347 μέλ-

2056 4360 2240 4413 λουσιν
2269 4359 2431 4413 αὑτὸν
2455 4360 2876 4432 συλλαμϐάνειν.
2908 4363 3016 4415 Καὶ
3046 4361 3205 4415 τοῦτο
3236 4362 3491 4433 φανερῶς
3518 4364 3617 4433 μὲν
3644 4364 3751 4419 οὐκ

2056 4447 2323 4519 ⁴ιπθέλησεν
2352 4449 2544 4513 εἰπεῖν,
2576 4448 2645 4502 δι’
2669 4449 3012 4520 αἰνιγμάτων
3032 4449 3089 4503 δὲ
3108 4491 3123 4515 ,
3158 4450 3300 4503 ὥστε
3338 4451 3412 4522 μὴ
3443 4450 3751 4523 θορυϐῆσαι

2060 4535 2220 4589 πάλιν
2260 4535 2477 4600 αὐτούς.
2522 4538 2733 4609 Ὠσπερ
2782 4533 2872 4591 οὖν
2916 4538 3043 4591 ὅταν
3073 4537 3316 4611 ἀκούσῃς
3358 4538 3527 4592 αὑτοῦ
3560 4538 3750 4608 λέγον-

2060 4642 2178 4690 τος,
2216 4625 2300 4677 ὅτι
2350 4626 2419 4677 '0
2451 4625 2756 4693 ἠκούσατε
2784 4628 2872 4692 εἰς
2902 4627 2969 4680 τὸ
3009 4621 3141 4692 οὖς,
3174 4628 3477 4695 κηρύξατε
3502 4628 3602 4681 ἐπὶ
3631 4628 3753 4682 τῶν

2058 4710 2365 4781 δωμάτων,
2402 4712 2502 4765 καί
2543 4711 2574 4765 ὃ
2607 4713 2915 4780 ἠκούσατε
2944 4714 3013 4766 ἐν
3048 4712 3124 4782 τῇ
3162 4715 3399 4782 σκοτίᾳ,
3441 4716 3650 4771 aurata
3681 4716 3753 4771 ἐν

2060 4796 2140 4862 τῷ
2184 4798 2361 4867 φωτὶ,
2412 4800 2473 4851 ού
2520 4800 2679 4852 τοῦτο
2714 4800 3067 4866 ὑποπτεύεις,
3114 4802 3195 4855 ὅτι
3232 4802 3443 4865 κελεύει
3473 4806 3601 4868 τοὺς
3631 4822 3753 4857 στε-

2060 4887 2275 4950 νωποὺς
2297 4886 2389 4938 καί
2417 4887 2516 4957 τὴν
2550 4886 2758 4959 ἀγορὰν
2805 4888 3043 4956 ἀφέντας
3080 4888 3173 4940 ἐπὶ
3199 4889 3309 4943 τῶν
3348 4889 3617 4961 δωμάτων
3648 4908 3752 4963 κη-

2064 4970 2278 5041 ρύττειν
2301 4990 2313 5001 ·
2364 4971 2483 5026 οὐδὲ
2515 4972 2626 5044 γάρ
2674 4974 2958 5043 φαίνονται
3000 4974 3161 5029 τοῦτο
3196 4979 3522 5047 ποιήσαντες
3559 4980 3609 5031 οἱ
3644 4997 3753 5049 μα-

2062 5058 2251 5130 θηταί·
2296 5061 2432 5114 ἀλλά
2478 5062 2557 5123 τὸ,
2583 5062 2708 5116 Ἐπί
2756 5062 2877 5115 τῶν
2922 5062 3237 5132 δωμάτων,
3280 5066 3493 5131 καὶτὸ,
3540 5068 3644 5123 Ἐν
3672 5066 3753 5135 τῷ

2059 5151 2203 5217 φωτί
2229 5189 2242 5211 ,
2283 5150 2344 5202 τὸ
2392 5151 2529 5220 μετά
2580 5151 2889 5222 παῤ-ῥησίας
2938 5152 3233 5207 αἰνίττεται
3258 5168 3271 5182 ’
3308 5154 3367 5207 τὸ
3409 5156 3497 5218 δέ,
3531 5158 3638 5219 Εἰς
3681 5156 3752 5211 τὸ

2060 5229 2204 5303 οὖς,
2237 5238 2333 5290 καὶ
2368 5238 2456 5302 τὸ,
2504 5238 2607 5291 Ἐν
2650 5236 2726 5307 τῇ
2760 5239 3009 5307 σκοτίᾳ,
3048 5238 3206 5293 τοῦτο
3254 5241 3436 5313 δηλοῖ,
3474 5244 3754 5317 ὃτιὋπερ

2061 5326 2120 5378 ἑν
2149 5324 2329 5397 μικρῷ
2379 5325 2535 5396 μέρει
2569 5327 2669 5398 τῆς
2703 5328 3059 5399 οἰκουμένης,
3102 5331 3197 5383 καὶ
3230 5331 3288 5382 ἑν
3327 5332 3408 5384 ἑνὶ
3439 5331 3625 5404 χωρίῳ
3650 5332 3753 5399 τῆς

2064 5412 2429 5484 Παλαιστίνης
2472 5412 2780 5484 ἠκούσατε,
2845 5414 3006 5469 τοῦτο
3052 5416 3327 5488 πανταχοῦ
3387 5419 3489 5489 τῆς
3530 5419 3634 5490 γῆς
3658 5419 3751 5488 ἐξυ

2128 5556 2152 5619 ἓ
2180 5556 2287 5619 Duo
2307 5554 2419 5604 Mss.
2448 5556 2517 5618 φι)
2528 5555 2743 5619 οσοφίαν.
2768 5555 2889 5619 Εἶτα
2913 5557 3001 5605 οὐκ
3021 5556 3078 5604 ἂν
3102 5556 3291 5619 μείζων.

2123 5616 2152 5658 δ
2190 5616 2536 5679 Ἔπιδειχθῆναι
2556 5616 2701 5666 ἀθεεὶ
2723 5620 2772 5667 in
2795 5617 2989 5667 duobus
3011 5616 3125 5668 Mss)

2126 5684 2149 5712 ε
2175 5680 2266 5729 Hic
2308 5678 2378 5728 in,
2402 5679 2578 5744 Morel.
2607 5686 2662 5744 εἰ,
2704 5681 2855 5729 Savil.
2898 5687 3011 5739 post.
3053 5682 3325 5744 εἰρήκαμεν,
3362 5683 3455 5744 καίΔ
3480 5678 3562 5729 νῦν
3584 5680 3640 5731 δέ
3685 5680 3755 5744 εἰ·

2061 5758 2250 5804 ποιμεν,
2272 5754 2384 5806 qua
2408 5742 2590 5806 despnl
2612 5739 2661 5791 in
2684 5748 2896 5803 utroque
2940 5755 3033 5792 ms.
3057 5739 3109 5792 ei
3128 5739 3391 5806 isup'erﬂua
3415 5742 3665 5801 videnlur.
3706 5741 3761 5793 In

2064 5802 2390 5868 sementibus
2412 5802 2660 5855 levissima
2679 5811 2794 5853 sunt
2818 5802 3085 5855 lectionum
3108 5802 3404 5855 disérimina.
