4228 6298
231 369 330 427 901

228 494 416 537 aurem
464 477 546 534 eis
571 475 912 549 loquebatur,
946 475 1042 531 sed
1081 487 1226 544 sape
1269 474 1323 527 in
1373 470 1498 526 altis
1545 468 1840 534 montibus,

227 581 283 626 et
314 571 368 624 iu
401 568 713 640 synagogis.
758 566 833 622 ita
861 572 919 621 et
961 563 1050 619 hic
1096 563 1354 633 intelligo.
1398 561 1530 617 Nam
1587 560 1728 614 sicut
1773 557 1843 612 ibi

223 661 513 717 audientes
553 669 714 721 tecta.
745 657 852 712 alio
895 654 1058 711 modo
1113 653 1501 716 intelleximus,
1532 652 1602 706 ita
1653 659 1707 706 et
1753 648 1843 706 hic

223 770 349 810 cum
373 753 592 827 gladios
621 751 902 813 audimus,
934 763 1004 804 ne
1033 756 1280 818 putemus
1307 762 1432 801 eum
1471 744 1701 814 jussisse
1741 741 1842 797 ba-

223 844 613 917 berigladios,
646 841 740 897 sed
795 855 891 911 per
933 838 1144 912 gladios
1194 837 1498 892 insinuasse
1557 837 1842 890 imminere

223 937 479 1004 insidias,
502 947 558 992 et
584 949 864 1006 passurum
892 947 951 991 se
981 947 1010 987 a
1038 929 1239 988 indmis
1267 946 1384 1000 qua:
1415 939 1471 983 et
1520 942 1708 998 passus
1732 934 1837 984 est.

223 1033 411 1102 Atque
458 1029 561 1084 boc
598 1044 663 1084 ex
713 1025 1062 1096 sequentibus
1107 1020 1448 1078 manifestum
1496 1029 1593 1075 est.
1620 1019 1751 1074 Nam
1785 1026 1842 1073 ut

221 1123 355 1177 dixit
409 1118 696 1176 emendum
733 1116 994 1190 gladium,
1027 1131 1151 1171 mos
1203 1113 1400 1183 adjecit
1429 1131 1442 1167 :
1471 1111 1604 1177 Quia
1643 1119 1840 1184 oportet

223 1212 504 1284 sdimplcri
552 1227 611 1265 ea
645 1226 761 1283 ante
797 1209 861 1264 de
909 1225 989 1263 me
1034 1216 1152 1262 sunt
1191 1203 1558 1276 scripta(Luc.
1584 1204 1675 1258 22.
1701 1205 1834 1274 37),

224 1305 382 1373 Quod
404 1320 519 1360 cum
548 1302 733 1374 iniquis
759 1309 1022 1371 reputatus
1055 1313 1170 1352 sum
1212 1295 1366 1368 (lsai.
1395 1296 1484 1351 55.
1504 1293 1572 1350 l2
1599 1297 1638 1365 ).
1671 1294 1837 1348 Disci.

222 1398 361 1468 pulis
393 1407 572 1454 autem
601 1393 924 1458 dicentibus,
955 1388 1306 1454 Hiesuatafuo
1331 1387 1512 1460 gladii,
1542 1396 1595 1443 et
1618 1402 1723 1441 non
1753 1389 1837 1439 in-

223 1489 591 1561 telligentibus
617 1486 668 1542 id
696 1481 837 1556 quod
855 1482 1057 1539 dictum
1090 1479 1286 1546 iuerat,
1308 1479 1403 1546 ait,
1428 1477 1569 1534 Satis
1588 1488 1660 1532 est
1679 1475 1832 1548 (Luc.

217 1580 311 1636 22.
345 1579 464 1650 38).
498 1575 734 1634 Tametsi
776 1589 883 1628 non
931 1573 1063 1629 satis
1088 1579 1205 1626 erat
1233 1588 1247 1625 :
1277 1584 1450 1640 neque
1493 1569 1636 1632 enim
1667 1567 1833 1623 suile-

217 1675 428 1730 eissent
446 1672 530 1727 vel
551 1670 682 1732 duo,
697 1667 780 1723 vel
805 1674 935 1732 tres,
959 1666 1041 1720 vel
1065 1676 1302 1726 centum,
1318 1663 1364 1717 si
1386 1661 1622 1715 humano
1635 1657 1835 1714 auxilio

218 1780 316 1820 eos
345 1764 430 1820 uti
459 1763 758 1827 voluisset;
790 1757 933 1830 quod
963 1758 1007 1811 si
1038 1756 1209 1811 noluit
1234 1768 1331 1809 eos
1374 1753 1608 1810 humano
1641 1750 1831 1822 priest-

219 1855 312 1911 dio
340 1853 421 1910 uti
448 1895 462 1919 ,
493 1864 615 1908 sunt
645 1851 827 1921 utique
852 1859 909 1904 et
937 1848 990 1903 bi
1021 1847 1130 1903 duo
1159 1844 1439 1917 superilui.
1473 1843 1704 1899 Proinde
1746 1843 1834 1897 hic

219 1948 454 2019 aenigma
502 1960 608 1999 nun
633 1942 917 2014 exposuit;
950 1939 1000 1995 id
1029 1938 1172 2010 quod
1216 1953 1362 2010 sa'pe
1411 1937 1588 1992 facere
1637 1936 1832 2007 depre-

219 2038 520 2100 henditur,
558 2044 610 2088 ut
644 2034 856 2104 quoties
907 2031 1050 2086 dicta
1099 2031 1279 2083 minus
1325 2027 1628 2098 intelligunt
1674 2026 1834 2082 disci-

219 2130 355 2201 puli,
387 2127 604 2184 eveutui
658 2139 836 2180 rerum
877 2122 1141 2178 dictorum
1182 2119 1595 2190 intelligentiam
1645 2118 1831 2187 expla-

219 2221 457 2276 nandam
505 2217 812 2288 relinquens
837 2256 851 2282 ,
883 2223 1184 2284 praetereat.
1217 2211 1291 2265 Ita
1321 2220 1377 2266 et
1411 2209 1539 2266 alibi
1568 2209 1714 2266 facit.
1757 2208 1833 2264 Dc

220 2312 624 2368 resurrectione
671 2308 813 2364 enim
869 2306 1174 2372 disserens,
1220 2305 1298 2358 sie
1349 2302 1605 2359 dicebat:
1641 2301 1833 2357 Solvite

218 2406 473 2477 templum
501 2403 594 2457 hoc
614 2443 628 2468 ,
656 2410 700 2456 et
731 2402 783 2454 in
831 2398 989 2453 tribus
1033 2398 1210 2452 diebus
1235 2397 1464 2451 excitabo
1491 2394 1623 2451 illud
1646 2393 1827 2469 (Joan.

218 2499 271 2551 2.
307 2497 404 2565 19)
435 2514 448 2550 :
483 2506 536 2550 et
587 2508 695 2547 non
725 2491 1096 2560 intelligebant
1125 2488 1372 2558 discipuli
1417 2488 1543 2558 quid
1591 2486 1828 2555 diceret,

218 2595 361 2648 sicut
401 2601 456 2645 et
505 2586 830 2659 evangelista
874 2593 1123 2648 testatur,
1153 2582 1338 2636 dicens
1369 2599 1381 2635 :
1414 2580 1635 2646 Quando
1665 2591 1832 2634 autem

217 2685 498 2741 resurreaa't
528 2682 704 2747 Iesus,
732 2679 1052 2734 crediderunt
1107 2674 1251 2731 verba
1291 2677 1419 2756 ejus,
1465 2681 1511 2729 el
1542 2672 1833 2740 Scriptura

219 2777 327 2844 (Ib.
357 2792 406 2829 υ.
438 2774 556 2843 ἓῖ).
592 2772 660 2826 Ει
685 2772 876 2825 iterum
920 2768 1045 2822 alibi
1080 2784 1092 2820 :
1133 2766 1380 2820 Nondum
1420 2767 1554 2819 enim
1583 2765 1827 2830 sciebant,

215 2871 354 2941 quod
381 2867 640 2938 oportebat
667 2865 833 2934 ipsum
857 2879 884 2918 e
904 2861 1114 2915 mortuis
1141 2876 1400 2931 resurgere
1423 2857 1602 2933 (Joatt.
1627 2859 1716 2912 20.
1750 2859 1828 2929 9).

287 2963 316 3016 4
330 3001 341 3011 .
375 2959 483 3015 Sed
504 2957 731 3027 quaestio
747 2956 876 3010 satis
892 2955 1067 3010 soluta
1086 2965 1184 3008 est.
1205 2952 1313 3008 Nos
1329 2968 1469 3007 nunc
1485 2952 1548 3007 ad
1569 2953 1829 3022 reliquam

216 3052 560 3110 salutationis
608 3059 812 3122 partem
859 3061 1170 3103 sermonem
1215 3045 1516 3100 ﬂectamus.
1563 3043 1829 3110 Quidnam

216 3163 348 3219 ergo
393 3154 478 3200 est
513 3185 528 3210 ,
560 3141 700 3214 quod
751 3140 953 3196 dictum
977 3149 1062 3193 est
1088 3180 1102 3205 ,
1151 3148 1205 3193 et
1256 3137 1396 3193 unde
1427 3137 1566 3192 istoc
1605 3137 1831 3207 digressi

216 3238 448 3296 sumus?
478 3236 774 3293 Priscillam
818 3244 870 3288 et
900 3231 1145 3301 Aquilam
1178 3232 1366 3286 beatos
1390 3230 1622 3284 diximus
1643 3272 1656 3296 ,
1688 3229 1832 3300 quod

215 3349 343 3390 cum
373 3330 542 3388 Paulo
569 3328 909 3390 habitarent,
945 3325 1230 3396 diligenter
1257 3323 1597 3378 addisceutcs
1626 3337 1830 3376 morem

215 3427 433 3485 habitus
457 3433 513 3480 et
537 3423 1045 3481 calceamentorum,
1080 3428 1238 3488 atque
1262 3417 1442 3471 omnia
1471 3432 1592 3486 qua:
1617 3415 1828 3484 agebat.

217 3519 355 3573 llinc
397 3516 552 3572 nobis
599 3524 754 3568 enata
803 3522 888 3566 est
919 3511 1146 3579 quaestio
1181 3529 1192 3562 :
1225 3509 1378 3575 cujus
1422 3509 1590 3577 gratia
1619 3506 1834 3562 Christo

217 3609 539 3680 prohibente
569 3603 771 3675 aliquid
807 3610 1004 3674 pra-ter
1035 3617 1193 3655 unam
1241 3609 1440 3653 vestem
1469 3599 1654 3653 haberi
1683 3640 1699 3665 ,
1733 3599 1830 3652 visi

215 3711 345 3758 sunt
396 3699 450 3755 hi
510 3698 711 3752 habere
755 3693 993 3750 sandalio
1043 3704 1096 3747 et
1137 3691 1436 3763 penulam?
1470 3690 1537 3744 Et
1582 3705 1835 3746 sermone

215 3795 646 3850 demonstratum
677 3797 757 3844 est
784 3828 798 3851 ,
829 3785 1106 3852 apostolos
1153 3785 1235 3838 his
1268 3782 1466 3837 utendo
1509 3784 1680 3853 legem
1724 3797 1830 3837 non

215 3897 587 3956 transgressos
633 3896 794 3948 esse,
841 3879 937 3935 sed
970 3866 1253 3947 diligenter
1315 3877 1656 3931 observasse.
1709 3875 1832 3930 llaec

215 3986 398 4033 autem
421 3974 750 4034 dicebamus,
783 3988 889 4025 non
918 3981 973 4024 ut
997 3985 1092 4022 vos
1117 3969 1182 4020 ad
1206 3967 1598 4022 enaeervaudas
1621 3967 1834 4020 divitias

215 4068 666 4125 exbortaremur,
703 4073 750 4116 ct
785 4075 1204 4131 provocaremus
1239 4069 1291 4113 ut
1316 4060 1429 4128 plus
1459 4073 1617 4128 quam
1648 4074 1838 4112 neces-

214 4162 352 4216 sitas
376 4157 627 4229 postulat,
650 4154 988 4225 possidentis,
1013 4154 1108 4209 sed
1128 4157 1177 4208 in
1207 4164 1454 4224 promptu
1488 4157 1594 4208 sint
1615 4171 1733 4222 qua:
1751 4155 1827 4210 in-

219 4254 475 4309 ﬁdelibus
561 4261 739 4304 nostra
798 4249 1096 4303 ridentibus
1163 4247 1556 4318 respondeatis.
1618 4247 1833 4302 Etenim

215 4348 465 4404 Christus
507 4345 840 4416 superiorem
873 4343 1041 4412 legem
1091 4340 1342 4402 solvens.
1397 4356 1501 4394 non
1528 4339 1690 4410 jussit
1737 4355 1835 4395 nos

218 4440 422 4494 habere
447 4429 662 4502 domos,
687 4449 894 4495 servos,
918 4434 1105 4493 lectos,
1132 4447 1254 4486 vasa
1279 4441 1550 4502 argentea,
1581 4431 1659 4485 vel
1681 4431 1836 4500 quid-

219 4533 365 4602 piam
413 4531 605 4586 borum
637 4545 650 4582 :
679 4527 773 4582 sed
821 4541 918 4580 nos
944 4541 973 4579 a
1005 4527 1150 4594 prius
1196 4525 1463 4580 dictorum
1513 4525 1835 4578 necessitate

217 4625 422 4680 liberos
450 4636 574 4678 esse
602 4619 788 4675 voluit.
819 4617 974 4674 Unde
1018 4627 1072 4672 et
1116 4617 1311 4671 Paulus
1354 4617 1431 4671 sic
1467 4617 1830 4683 admonebat,

215 4715 452 4772 dicens:
485 4710 743 4767 Habentes
787 4710 975 4765 victum
1020 4718 1066 4762 et
1111 4701 1421 4780 tegumenta,
1478 4707 1556 4761 Itis
1614 4709 1835 4762 contenti

218 4805 398 4861 stu-1s
420 4804 439 4872 (
463 4805 515 4862 1.
539 4802 670 4859 Tim.
689 4803 740 4858 6.
763 4805 797 4859 8
822 4802 865 4873 ).
884 4801 1252 4856 Tribuendum
1272 4800 1413 4855 enim
1445 4801 1725 4871 egentibus
1743 4841 1760 4869 ,
1788 4802 1831 4851 si

218 4897 348 4970 quid
373 4898 497 4953 usui
521 4905 708 4952 nostro
735 4900 1013 4964 superest‘:
1037 4892 1090 4949 id
1116 4891 1256 4963 quod
1289 4891 1528 4948 Priscilla
1558 4900 1613 4947 ιι
1642 4893 1833 4962 Aquila

222 5005 482 5062 perquam
511 4987 753 5045 studiose
798 4985 1082 5041 iaciebant.
1115 4983 1183 5039 Et
1208 4983 1409 5039 idcirco
1436 5000 1531 5039 eos
1577 4985 1754 5039 laudat
1780 4992 1835 5038 et

219 5082 521 5139 admiratur
547 5080 844 5154 apostolus,
878 5079 1088 5148 insigne
1119 5078 1338 5133 illorum
1369 5079 1702 5148 prtcconium
1733 5093 1832 5148 ap-

221 5187 453 5244 ponens.
480 5170 614 5228 Nam
642 5179 702 5226 ιιι
727 5170 863 5226 dixit
883 5212 898 5234 ,
931 5169 1170 5226 Salutate
1193 5167 1492 5224 Priscillam
1517 5180 1564 5224 et
1593 5169 1834 5240 Aquilam

219 5266 547 5339 caepa-otios
574 5281 727 5320 -meos
768 5265 824 5320 in
866 5263 1091 5320 Domino
1131 5263 1330 5335 (Rom.
1381 5262 1472 5318 16.
1517 5261 1628 5333 5),
1671 5265 1833 5320 etiam

221 5375 440 5417 causam
480 5357 629 5431 ponit
666 5365 827 5413 tanta:
854 5356 1116 5412 caritatis.
1147 5355 1412 5422 Qualem?
1441 5353 1542 5420 Qui
1578 5371 1670 5424 pro
1697 5373 1828 5421 mea,

225 5455 339 5518 ait,
372 5454 546 5508 anima
601 5451 843 5507 ceruicem
891 5467 1036 5504 suum
1075 5467 1389 5521 supposuere
1435 5448 1622 5522 (Ibid.
1654 5466 1704 5505 tt.
1731 5448 1830 5519 ι).

232 5545 414 5616 igitur,
445 5543 586 5600 dicet
619 5542 846 5598 fortasse
871 5543 1064 5613 aliquis
1084 5584 1098 5607 ,
1129 5542 1228 5596 hac
1255 5542 1322 5598 de
1346 5557 1508 5596 causa
1537 5556 1632 5597 eos
1658 5541 1835 5612 diligis

225 5648 277 5690 et
306 5649 458 5690 amas
485 5631 510 5687 1
539 5633 770 5689 Maxime
796 5651 808 5686 :
851 5633 975 5704 quia
1010 5632 1127 5688 etsi
1163 5634 1210 5686 id
1256 5649 1419 5687 unum
1451 5633 1718 5704 egissent,
1750 5632 1833 5687 vel

228 5727 354 5780 hinc
381 5723 536 5779 laude
563 5724 709 5795 digni
739 5735 912 5778 erant.
935 5723 1036 5792 Qui
1058 5724 1199 5777 enim
1223 5723 1413 5778 ducem
1443 5716 1712 5778 exercitus
1730 5723 1836 5777 sal-

228 5830 352 5872 uum
382 5815 504 5872 fecit
525 5859 539 5884 ,
565 5826 622 5873 et
648 5815 846 5872 milites
873 5815 998 5871 fecit
1030 5814 1212 5871 salvos
1240 5816 1368 5886 :qui
1400 5814 1668 5872 medicum
1698 5815 1830 5871 libe-

991 362 1058 420 ΙΝ
1100 359 1326 430 ILLUD,
1365 357 1736 418 SALUTATE
1778 351 2187 422 PBISClLLAM
2229 362 2318 421 ΕΤ
2359 363 2696 433 Αρυιιλιι.
2740 365 2802 422 ll.

3450 373 3560 427 902

1966 471 2104 526 ravit
2129 474 2406 542 periculis,
2438 485 2495 532 et
2521 474 2814 534 liberantes
2841 478 3044 536 morbis
3072 481 3140 537 ad
3164 483 3448 541 sanitatem
3479 503 3564 542 re-

1951 559 2107 616 duxit
2124 579 2136 612 :
2152 564 2241 634 qui
2263 567 2674 636 gubernatorem
2694 567 2942 626 ﬂuctibus
2958 571 3176 642 eripuit,
3193 590 3380 630 navem
3399 586 3564 633 totum

1949 666 2013 705 ex
2044 654 2202 710 undis
2225 656 2472 714 liberavit
2489 676 2506 714 :
2523 660 2603 716 sic
2628 661 2811 733 utique
2832 663 2921 734 qui
2951 665 3265 737 magistrum
3294 669 3440 724 orbis
3462 672 3564 728 sal-

1951 754 2161 808 varunt,
2184 755 2232 800 et
2265 761 2362 817 pro
2376 747 2520 804 illius
2536 749 2708 806 salute
2724 754 3040 824 sanguinem
3065 772 3221 812 suum
3235 757 3559 828 ell‘uderuut,

1947 835 2096 889 orbis
2121 851 2334 908 quoque
2365 839 2531 896 totius
2557 840 2775 898 fuerunt
2823 844 3226 914 benefactores,
3259 859 3444 920 utpote
3469 855 3563 924 qui

1950 940 2048 980 sua
2091 944 2217 998 erga
2268 942 2655 1001 praeceptorem
2689 936 3022 1004 providentia
3049 938 3344 1011 discipulos
3371 959 3560 1000 omnes

1947 1021 2297 1074 Servaveriut.
2328 1020 2395 1076 Ut
2415 1033 2595 1078 autem
2621 1025 2820 1094 discas,
2851 1042 2947 1084 eos
2969 1043 3076 1085 non
3097 1029 3270 1085 solum
3293 1047 3417 1104 erga
3443 1050 3559 1088 ma-

1944 1108 2169 1176 gistrum
2209 1111 2340 1166 tales
2373 1111 2535 1169 lmsse
2558 1157 2574 1181 ,
2602 1115 2698 1172 sed
2730 1126 2784 1172 et
2813 1116 3068 1174 fratribus
3096 1121 3340 1177 eatndent
3371 1139 3558 1181 curam

1950 1199 2281 1270 impendisse
2308 1246 2322 1269 ,
2354 1206 2475 1260 audi
2497 1210 2800 1278 sequentia.
2826 1210 2957 1266 Nam
2989 1228 3111 1268 cum
3142 1214 3367 1272 dixisset
3393 1258 3406 1281 ,
3447 1216 3553 1272 Pro

1943 1294 2115 1346 anima
2149 1313 2258 1350 mea
2310 1300 2555 1355 cervicem
2609 1315 3027 1374 supposuerunt,
3075 1306 3317 1378 adjecit:
3364 1310 3559 1378 Quibus

1943 1401 2044 1437 non
2071 1403 2162 1457 ego
2190 1390 2328 1444 salus
2354 1393 2545 1462 gratias
2571 1411 2671 1466 ago
2695 1437 2709 1460 ,
2741 1396 2832 1450 sed
2860 1406 2907 1451 et
2950 1413 3125 1454 omnes
3152 1399 3398 1456 Ecclesiae
3435 1419 3558 1474 gen-

1943 1479 2087 1536 tium.
2135 1482 2270 1551 Quid
2317 1486 2435 1542 ais?
2478 1487 2857 1544 Tentoriorum
2902 1491 3188 1561 upilicibus
3222 1534 3238 1559 ,
3303 1498 3557 1565 pauperi-

1943 1571 2044 1626 bus
2064 1615 2079 1640 ,
2113 1577 2441 1645 artiﬁcibus,
2473 1582 2666 1651 quibus
2698 1583 2826 1636 nihil
2860 1595 3055 1654 prtetcr
3082 1586 3280 1643 victum
3309 1604 3560 1645 necessa-

1944 1665 2083 1721 rium
2137 1671 2480 1740 suppetebat,
2528 1688 2720 1728 omnes
2767 1673 3025 1732 Ecclesia:
3071 1678 3310 1746 gentium
3357 1681 3560 1749 gratias

1940 1758 2150 1828 agunt?
2200 1759 2268 1814 Et
2297 1761 2424 1830 quid
2471 1772 2672 1818 tantum
2715 1762 2824 1818 duo
2855 1763 2927 1819 illi
2973 1765 3232 1834 prodesse
3273 1777 3560 1838 potuerunt

1943 1859 2020 1904 tot
2050 1851 2346 1907 Ecclesiis?
2379 1869 2481 1923 qua
2532 1869 2695 1925 opum
2739 1855 3063 1910 abundantia
3089 1898 3106 1924 ,
3155 1874 3256 1929 qua
3308 1862 3558 1930 potentia:

1943 1943 2331 2010 magnitudine,
2367 1959 2474 2014 quo
2505 1945 2647 2014 apud
2684 1944 2958 2016 principes
2987 1945 3177 2004 favore
3204 1951 3561 2007 claruerunt?

1941 2034 2112 2102 Opum
2140 2033 2354 2104 quidem
2385 2035 2733 2099 abundantia,
2768 2045 2822 2091 et
2848 2040 3108 2106 potentia,
3139 2049 3192 2094 et
3217 2041 3386 2110 gratia
3415 2042 3558 2112 apud

1943 2127 2267 2194 imperantes
2293 2127 2420 2180 nihil
2447 2127 2748 2193 valuerunt,
2786 2131 2878 2183 sed
2911 2141 3022 2184 erat
3072 2132 3171 2195 eis,
3199 2132 3286 2202 qni
3310 2135 3561 2189 Omnibus

1943 2220 2114 2284 μιν]οτ
2161 2227 2243 2272 est
2275 2261 2288 2285 ,
2321 2220 2533 2274 animus
2560 2224 2624 2274 ad
2656 2222 2887 2290 pericula
2931 2223 3221 2278 admodum
3256 2239 3555 2296 promptus.

1942 2311 2075 2364 llinc
2115 2320 2195 2366 cst
2228 2313 2369 2382 quod
2400 2311 2468 2366 de
2499 2313 2682 2366 multis
2710 2316 2845 2368 bene
2873 2327 3181 2369 meruerunt
3209 2358 3223 2380 ,
3257 2318 3560 2388 multosque

1941 2411 2245 2457 servarunt.
2279 2402 2466 2474 Neque
2493 2405 2638 2458 enim
2672 2405 2924 2461 Ecclesiis
2953 2415 3058 2460 tam
3093 2407 3348 2476 prodesse
3381 2410 3560 2465 valent

1940 2494 2133 2549 divites
2161 2495 2232 2549 illi
2270 2494 2450 2548 l‘nstosi
2474 2535 2488 2559 ,
2523 2505 2581 2549 ut
2609 2511 2871 2566 pauperes
2902 2498 3246 2568 magnanimi.
3277 2498 3446 2554 Nemo
3471 2500 3554 2554 di-

1939 2596 2082 2640 ctum
2113 2586 2212 2641 hoc
2247 2588 2468 2641 miretur
2499 2606 2510 2641 ;
2543 2603 2728 2642 verum
2761 2589 2902 2642 enim
2945 2599 3028 2642 est
3055 2631 3070 2653 ,
3102 2591 3246 2659 quod
3278 2591 3507 2646 dicimus
3533 2635 3546 2656 ,

1939 2680 1989 2734 id
2017 2695 2098 2748 me
2131 2681 2292 2735 rebus
2325 2681 2454 2752 ipsis
2483 2681 2866 2752 comprobatur
2898 2704 2907 2739 :
2942 2697 3063 2739 nam
3093 2689 3272 2741 multm
3303 2696 3428 2742 sunt
3473 2688 3554 2739 lii-

1941 2777 2061 2829 vitis
2099 2777 2360 2830 molestiae
2393 2786 2443 2830 et
2475 2777 2734 2845 pericula.
2775 2778 2952 2834 Timet
2986 2795 3082 2849 pro
3113 2781 3306 2847 domn,
3346 2799 3440 2852 pro
3475 2787 3554 2836 lu-

1941 2870 2098 2922 tnulis
2126 2910 2137 2933 ,
2170 2884 2266 2938 pro
2297 2870 2436 2939 agris
2464 2911 2473 2932 ,
2526 2886 2621 2938 pro
2653 2872 2844 2940 Opibus
2869 2914 2883 2937 ,
2916 2889 2982 2927 ne
3025 2875 3143 2944 quis
3173 2876 3371 2946 aliquid
3401 2893 3464 2932 cx
3495 2880 3559 2934 iis

1939 2960 2167 3015 auferat.
2201 2960 2264 3014 Et
2295 2961 2382 3029 qui
2425 2961 2716 3015 multorum
2751 2974 2833 3016 est
2862 2963 3144 3028 dotttittUs,
3179 2967 3316 3021 idem
3363 2973 3561 3024 multo-

1940 3066 2056 3102 rum
2084 3065 2272 3104 servus
2303 3067 2422 3106 esse
2446 3053 2674 3123 ergitur.
2707 3054 2915 3125 Pauper
2945 3064 3124 3110 autem
3151 3057 3232 3111 his
3254 3062 3556 3129 CXpCditUs,

1940 3150 1993 3194 et
2021 3141 2164 3195 curis
2195 3143 2446 3196 omnibus
2475 3158 2689 3206 carens,
2723 3144 2806 3199 leo
2833 3155 2938 3212 est,
2965 3149 3140 3218 ignem
3176 3151 3363 3220 spirat,
3395 3169 3561 3223 gene-

1943 3250 2066 3288 ros-0
2088 3243 2140 3289 et
2166 3234 2286 3289 forti
2312 3245 2393 3291 est
2419 3235 2621 3304 animo,
2645 3237 2712 3292 de
2735 3239 2984 3294 omnibus
3005 3256 3123 3297 sese
3145 3245 3379 3312 expedit,
3407 3248 3559 3305 facile

1940 3327 2119 3380 omnia
2145 3326 2278 3396 agit,
2310 3345 2428 3398 qua:
2453 3328 2710 3399 prodesse
2732 3340 2957 3400 possunt
2987 3333 3260 3400 Ecclesiis,
3293 3337 3403 3392 sive
3425 3355 3559 3409 opus

1940 3421 2085 3473 situt
2111 3430 2400 3491 arguantur
2429 3422 2614 3493 aliqui,
2648 3424 2763 3478 sive
2796 3431 2852 3476 ut
2881 3425 3229 3496 increpentur
3251 3469 3266 3493 ,
3298 3429 3413 3486 sive
3440 3447 3561 3486 sex-

1940 3524 2096 3570 centa
2129 3527 2345 3586 propter
2364 3516 2636 3572 Christum
2659 3532 2821 3587 opera
2851 3518 3126 3574 subeunda
3155 3521 3259 3574 sint
3295 3541 3308 3576 :
3335 3539 3398 3578 ac
3426 3541 3561 3594 qun-

1942 3608 2083 3660 niam
2113 3609 2279 3662 semel
2309 3610 2469 3661 vitam
2501 3607 2743 3678 deSpexEt
2774 3619 3096 3679 pra-sentem
3119 3655 3134 3678 ,
3165 3627 3356 3684 magna
3381 3613 3558 3669 facili-

1944 3708 2052 3753 tate
2078 3699 2292 3753 coniicit
2319 3701 2517 3755 omnia.
2553 3699 2691 3766 Quid
2719 3702 2862 3755 enim
2897 3702 3132 3767 timeret,
3158 3702 3264 3768 dic,
3298 3705 3561 3761 obsecro?

1939 3790 2076 3844 Num
2107 3807 2173 3845 ne.
2199 3806 2331 3862 Opes
2357 3791 2475 3862 ejus
2513 3792 2871 3847 auferantur?
2913 3791 3024 3848 lloc
3056 3810 3216 3849 nemo
3245 3795 3426 3852 dicere
3467 3813 3563 3870 po-

1943 3885 2085 3940 terit.
2118 3883 2255 3939 Num
2293 3901 2360 3939 ne
2394 3885 2625 3955 pellatur
2652 3901 2682 3940 e
2717 3886 2926 3956 patria?
2957 3886 3063 3943 Sed
3093 3890 3370 3944 universus
3415 3892 3562 3946 orbis

1943 3985 2206 4031 terrarum
2232 3976 2278 4030 ei
2326 3975 2515 4031 civitas
2546 3986 2628 4030 est
2659 3976 2874 4030 “Minui
2924 3994 2992 4034 ne
3034 3981 3154 4050 quis
3197 3979 3478 4037 imminuat
3507 3984 3558 4038 ei

1943 4067 2167 4122 delicias
2202 4080 2255 4122 et
2285 4069 2636 4123 satellitium?
2665 4068 2770 4123 Sed
2800 4071 2883 4124 his
2919 4071 3171 4128 nmnEbus
3196 4074 3375 4129 valere
3395 4075 3562 4145 jussis

1944 4159 1993 4212 in
2033 4158 2165 4211 ca-lo
2218 4159 2460 4225 habitat,
2506 4169 2558 4214 et
2589 4161 2655 4212 ad
2700 4160 2929 4214 futuram
2967 4160 3183 4218 fe5tinat
3231 4164 3415 4218 vitam.
3447 4166 3560 4220 Non

1942 4251 2320 4318 deprecahitur
2351 4251 2502 4316 item,
2536 4251 2580 4304 si
2613 4253 2788 4306 anima
2835 4253 2945 4322 ipsa
2980 4253 3238 4308 tradenda
3269 4259 3358 4321 sit,
3393 4267 3445 4311 et
3475 4258 3557 4312 ef-

1944 4342 2242 4397 iuttdendus
2263 4359 2318 4394 sa
2360 4342 2498 4412 guis.
2528 4341 2659 4398 llinc
2681 4350 2784 4411 est,
2812 4345 2955 4415 quod
2977 4347 3096 4401 talis
3123 4346 3284 4401 etiam
3310 4357 3560 4420 ettyran-

1945 4436 2026 4488 nis
2049 4477 2064 4499 ,
2093 4442 2146 4487 et
2172 4433 2419 4502 regibus,
2447 4443 2501 4488 et
2533 4433 2742 4502 pepulis
2767 4474 2782 4498 ,
2815 4443 2869 4488 et
2897 4435 3150 4491 omnibus
3178 4445 3452 4507 potentior
3481 4453 3563 4496 est

1941 4543 2005 4583 ac
2033 4525 2214 4581 ditior.
2247 4523 2312 4578 Et
2341 4533 2395 4578 ut
2421 4523 2620 4590 discas,
2644 4524 2786 4594 quod
2817 4541 2942 4581 vere
2963 4523 3101 4591 hac,
3124 4537 3178 4582 et
3205 4543 3314 4584 non
3337 4529 3563 4585 adulan-

1943 4629 2025 4674 ter
2054 4617 2160 4673 sint
2184 4613 2347 4678 dieta,
2379 4624 2433 4669 et
2463 4614 2604 4684 quod
2629 4615 2718 4702 qui
2747 4616 2878 4670 nihil
2911 4617 3206 4686 possident,
3235 4617 3286 4674 hi
3319 4623 3562 4678 omnium

1941 4710 2201 4765 liherrimi
2223 4709 2330 4762 sint
2357 4707 2422 4762 ad
2454 4707 2780 4777 loquendum
2815 4727 2827 4762 :
2860 4721 2990 4779 quot
3017 4708 3210 4766 divites
3239 4725 3394 4768 erant
3425 4725 3562 4769 tent-

1943 4819 2074 4876 pore
2102 4800 2349 4866 llerodis,
2375 4810 2504 4870 quot
2535 4801 2829 4871 potentes?
2857 4811 2912 4856 et
2939 4803 3059 4872 quis
3088 4802 3140 4858 in
3171 4804 3408 4860 medium
3437 4822 3562 4877 pro-

1943 4893 2132 4964 rupit?
2178 4891 2300 4963 quis
2359 4900 2646 4962 tyrannum
2698 4890 3192 4964 increpavithuis
3218 4907 3559 4968 contemptus

1942 4987 2090 5058 leges
2121 4986 2211 5040 Dei
2242 4985 2383 5040 ultus
2410 4993 2492 5039 est
2517 4983 2541 5036 ἲ
2566 4983 2798 5039 Divitum
2827 4984 3045 5055 quidem
3073 4987 3276 5054 nullus,
3308 4989 3402 5046 sed
3435 5006 3564 5061 pau-

1942 5095 2039 5150 per
2067 5079 2158 5134 ille
2187 5087 2240 5132 ct
2269 5090 2446 5147 inops,
2476 5079 2568 5146 qui
2598 5091 2771 5148 neque
2798 5077 2995 5133 lectum
3020 5119 3037 5146 ,
3066 5092 3242 5150 neque
3279 5096 3525 5138 mensmu
3545 5126 3560 5146 ,

1944 5185 2118 5246 neque
2149 5177 2350 5224 tectum
2382 5167 2616 5224 habebat
2647 5184 2661 5222 :
2691 5168 2780 5224 ille
2803 5209 2820 5232 ,
2853 5168 3108 5240 inquam,
3141 5171 3448 5228 solitudinis
3478 5176 3561 5229 in-

1943 5262 2185 5333 quiliuus
2214 5259 2451 5316 Joannes
2474 5300 2489 5325 ,
2523 5258 2613 5314 ille
2651 5259 2801 5314 solus
2829 5270 2883 5314 et
2911 5260 3113 5331 primus
3140 5263 3287 5317 omni
3319 5263 3564 5325 libertate

1945 5363 2230 5426 tyrannum
2268 5350 2474 5423 arguit,
2523 5360 2578 5406 et
2621 5351 2956 5406 adulterinas
2996 5353 3208 5423 nuptias
3233 5354 3439 5411 detexit
3463 5399 3478 5424 ,
3512 5370 3565 5414 et

1944 5447 2300 5518 praesentibus
2327 5445 2581 5500 omnibus
2608 5459 2671 5500 ac
2698 5443 3048 5501 audientibus
3069 5448 3412 5514 pronuntiata
3442 5465 3566 5505 sen-

1945 5539 2109 5598 tentia
2125 5553 2249 5595 eum
2267 5536 2664 5598 condemnavit.
2693 5536 2758 5591 Et
2780 5545 2902 5592 ante
2928 5535 3071 5594 hunc
3096 5552 3323 5610 magnus
3347 5556 3564 5612 quoque

2004 5760 2023 5792 ι
2056 5756 2199 5808 sua,
2224 5756 2274 5806 ιιι
2296 5756 2522 5827 uin-gnte
2543 5755 2616 5806 sic
2637 5753 2810 5818 habet,
2835 5753 2922 5808 sed
2946 5767 3093 5807 totam
3117 5753 3328 5820 patriai:
3355 5770 3544 5827 reptant

1941 5833 2052 5879 Μ
2073 5831 2264 5872 surum
2287 5826 2376 5871 εει.
