4228 6298
1457 368 1512 425 S.
1554 365 1830 425 JOANNIS
1865 366 2342 424 CHRYSOSTOMI
2384 367 2701 428 ARCllIEl‘.
2741 374 3273 435 CONSTANTINOP.

3877 384 3979 445 2οι

676 480 875 546 llelias,
891 478 982 551 qui
1006 478 1137 536 nihil
1156 488 1347 553 prater
1368 480 1598 534 meloten
1619 478 1947 549 possidebat,
1977 478 2197 549 impium
2222 489 2277 532 et
2384 478 2442 535 Si
2470 486 2589 549 quis
2610 485 2831 541 fratrum
2861 488 3092 558 cuipiam
3132 490 3434 559 maledicit,
3462 506 3492 546 a
3519 508 3794 551 samtrum
3840 497 3998 553 Seri-

680 572 1147 643 praevaricatorem
1175 572 1325 626 illum
1354 569 1541 626 Achab
1570 571 1723 625 solus
1742 571 1964 627 viriliter
1994 570 2270 640 corripuit.

670 660 815 718 Nihil
846 663 988 719 enim
1016 660 1267 732 loquendi
1306 660 1609 717 libertatem
1637 701 1654 730 ,
1698 672 1754 718 et
1778 661 1832 716 in
1860 676 2039 717 rerum
2082 660 2274 715 discri-

673 752 820 810 mine
842 753 1089 810 Idnciam
1112 752 1183 807 ita
1207 752 1428 822 prabet,
1458 753 1586 808 nihil
1612 753 1857 808 homines
1884 752 2020 807 adeo
2041 752 2274 806 munitos

667 854 721 898 et
750 843 917 898 fortes
941 841 1127 909 eilicit,
1173 851 1230 897 ut
1262 843 1394 897 nihil
1431 858 1556 912 poss
1581 843 1711 898 dere
1731 883 1748 906 ,
1777 851 1834 897 et
1859 842 2020 896 nullis
2046 841 2272 896 smcula-

670 936 816 991 ribus
858 936 1207 990 circumvolvi
1242 936 1492 1007 negotiis.
1525 938 1702 1004 Atque
1723 934 1898 999 adeo,
1932 936 1976 988 si
2005 934 2125 1005 quis
2167 935 2273 989 vir-

664 1034 831 1081 tutem
844 1026 1063 1081 multam
1080 1026 1351 1094 [assidere
1364 1026 1900 1095 eupit,paupertatem
1911 1024 2268 1094 amplexetur,

665 1126 991 1187 praesentem
1023 1119 1187 1175 vitam
1215 1117 1498 1188 despiciat,
1530 1116 1663 1170 nihil
1694 1130 1816 1171 esse
1847 1124 1992 1185 putet
2016 1126 2266 1169 mortem.

664 1208 762 1262 llic
788 1223 894 1262 non
918 1207 1098 1263 solum
1127 1208 1246 1278 plus
1267 1222 1425 1278 quam
1460 1207 1653 1262 divites
1683 1217 1737 1261 ct
1763 1207 2060 1277 principes,
2090 1206 2185 1260 sed
2214 1216 2268 1261 et

663 1298 784 1368 plus
805 1314 963 1371 quam
993 1314 1147 1371 reges
1173 1298 1274 1369 ipsi
1307 1299 1564 1356 Ecelesiis
1604 1300 1857 1373 prodesse
1886 1299 2102 1371 poterit.
2135 1298 2267 1354 Nam

673 1404 962 1463 regnantes
991 1393 1065 1448 illi
1090 1403 1143 1449 et
1170 1392 1506 1449 abundantes
1534 1384 1884 1463 quaecumque
1927 1392 2164 1457 faciunt,
2214 1392 2265 1447 id

664 1483 857 1551 opibus
874 1482 1076 1541 faciunt
1102 1502 1117 1539 :
1146 1483 1233 1538 hic
1258 1492 1437 1539 autem
1462 1498 1649 1554 magna
1673 1484 1983 1553 plerumque
2012 1493 2265 1553 uperatur

660 1589 753 1643 per
780 1575 1024 1644 pericula
1054 1586 1110 1631 et
1153 1584 1381 1630 mortem
1428 1575 1620 1645 ipsam.
1662 1575 1874 1643 Quanto
1919 1581 2099 1630 autem
2130 1588 2264 1629 auro

656 1667 803 1723 omni
846 1670 1133 1737 pretiosior
1160 1677 1244 1724 est
1288 1668 1546 1740 sanguis,
1596 1676 1745 1723 tanto
1788 1676 2073 1739 paupertas
2100 1683 2261 1739 quam

656 1761 801 1818 abun
812 1762 989 1817 dantis
1021 1763 1231 1817 melior.

729 1896 778 1952 5.
824 1894 981 1951 Tales
1009 1894 1223 1966 quidam
1252 1903 1405 1950 erant
1433 1894 1507 1949 illi
1556 1893 1704 1949 Pauli
1749 1893 1989 1965 hospites
2018 1892 2258 1948 Priscilla

661 2000 718 2047 et
741 1990 955 2061 Aquila,
980 1992 1067 2061 qui
1089 2007 1251 2063 opum
1278 1992 1535 2047 carebant
1562 1992 1907 2057 abundantia,
1935 2002 1991 2050 et
2011 1992 2261 2047 omnibus

654 2080 857 2137 divitiis
899 2080 1302 2154 locupletiorem
1329 2084 1567 2139 animum
1596 2084 1980 2153 possidebant,
2028 2098 2257 2144 mortem

653 2181 1031 2242 exspectantes
1056 2173 1315 2245 quotidie,
1349 2173 1401 2229 in
1426 2173 1577 2229 caede
1605 2182 1662 2229 et
1687 2176 1947 2246 sanguine
1974 2176 2216 2233 viventes
2241 2220 2255 2243 ,

657 2272 819 2334 atque
842 2273 1105 2335 perpetuo
1126 2264 1439 2337 martyrium
1472 2264 1758 2337 patientes.
1792 2266 1915 2323 Ideo
1942 2283 2027 2323 res
2058 2279 2256 2324 nostra:

652 2355 759 2411 illis
785 2358 1115 2426 temporibus
1136 2356 1418 2424 ﬂorebant,
1446 2358 1568 2429 quia
1593 2361 1670 2413 sic
1694 2359 1940 2430 discipuli
1964 2363 2251 2432 magistris,

650 2455 706 2503 et
734 2447 972 2520 magistri
1003 2448 1278 2520 discipulis
1304 2447 1537 2523 mitigati
1563 2461 1737 2507 erant.
1768 2451 1899 2507 Nam
1926 2453 2121 2508 Paulus
2151 2454 2253 2511 hnc

652 2552 760 2593 non
783 2540 956 2594 solum
978 2539 1046 2595 de
1074 2539 1176 2607 his,
1205 2540 1300 2597 sed
1322 2548 1377 2596 et
1396 2542 1463 2597 de
1490 2542 1671 2597 multis
1700 2542 1819 2597 aliis
1845 2553 2088 2601 testatur.
2121 2545 2251 2601 Nam

653 2629 915 2695 Hebraeis,
948 2640 1003 2687 et
1023 2631 1596 2688 Tbessaloniccnsibus
1626 2676 1643 2699 ,
1676 2643 1729 2689 et
1761 2634 1965 2691 Galatis
1986 2636 2250 2704 scribens,

649 2723 842 2778 asserit
866 2738 1055 2779 omnes
1077 2725 1258 2780 multis
1287 2726 1674 2782 teutationibus
1703 2726 1951 2796 afflictos,
1983 2738 2037 2784 et
2060 2730 2253 2785 indicat

650 2812 704 2867 in
732 2814 973 2882 epistolis
1001 2817 1112 2869 suis
1144 2816 1289 2885 ipsos
1314 2816 1463 2887 pelli,
1496 2816 1665 2886 patria
1696 2818 1967 2886 excidere,
1996 2822 2245 2877 substan-

651 2904 751 2958 tias
777 2906 1007 2976 perdere
1032 2948 1048 2972 ,
1072 2916 1127 2961 et
1148 2906 1213 2961 ad
1245 2910 1555 2977 sanguinem
1585 2922 1750 2978 usque
1776 2911 2063 2978 periclitari
2098 2930 2111 2966 :
2141 2922 2247 2969 tota

650 3010 837 3050 eorum
882 2997 986 3051 vita
1034 2998 1085 3051 in
1129 2999 1385 3069 gravibus
1429 2999 1813 3056 certaminibus
1842 3011 1999 3069 erat,
2028 3014 2082 3057 ct
2122 3006 2250 3075 ipsis

650 3086 880 3141 mutilari
902 3090 1157 3144 membris
1180 3106 1274 3156 pro
1292 3092 1709 3160 praeceptoribus
1730 3108 1834 3149 non
1858 3095 2245 3153 detrectabant.

652 3176 801 3232 Unde
829 3177 1032 3233 Galatis
1061 3182 1302 3235 scribens
1326 3222 1341 3245 ,
1364 3244 1367 3245 ν
1389 3182 1520 3237 dicit
1551 3200 1567 3237 ι
1592 3182 1774 3239 Testor
1797 3188 1929 3241 enim
1954 3231 1969 3254 ,
2016 3193 2173 3258 quod,
2206 3194 2247 3246 si

650 3264 884 3341 possibile
912 3270 1089 3339 [uisset
1116 3314 1129 3333 ,
1154 3274 1325 3327 oculos
1354 3288 1541 3328 vestros
1584 3274 1792 3342 effossos
1823 3280 1944 3332 mihi
1986 3281 2249 3338 dedissetis

650 3358 863 3425 (Galat.
893 3361 948 3415 ι.
972 3360 1090 3433 t5).
1116 3363 1174 3416 Et
1206 3364 1505 3435 Epaphi-am
1534 3368 1621 3437 qui
1644 3366 1879 3425 Colossis
1900 3380 2033 3435 erat,
2059 3375 2247 3429 eadem

648 3452 717 3507 de
744 3468 803 3507 re
831 3452 1009 3508 laudat
1043 3453 1125 3508 bis
1163 3457 1339 3511 verbis
1371 3474 1384 3509 :
1418 3457 1709 3528 Afgratavit
1737 3477 1895 3531 usque
1917 3464 1986 3515 ad
2016 3476 2243 3532 mortem,

647 3556 695 3601 et
726 3544 864 3601 Deus
890 3547 997 3616 ejus
1027 3548 1260 3603 misertus
1289 3560 1361 3603 est
1390 3554 1419 3603 :‘
1437 3567 1535 3604 non
1566 3551 1728 3605 solum
1759 3565 1929 3608 autent
1976 3557 2085 3625 eius
2110 3599 2125 3623 ,
2158 3560 2247 3613 scd

644 3648 690 3691 et
712 3640 827 3703 mei,
846 3657 907 3693 ne
929 3640 1183 3694 tristitiam
1203 3658 1353 3712 super
1373 3644 1628 3697 tristitiam
1655 3634 1887 3700 haberem
1909 3648 2167 3719 (Philipp.
2189 3650 2243 3706 2.

644 3731 712 3786 27
737 3730 775 3803 ).
826 3730 927 3787 Ubi
967 3734 1110 3786 clare
1139 3732 1473 3788 demonstrat
1502 3751 1560 3789 se
1584 3735 1704 3803 jure
1744 3737 2049 3793 habiturum
2084 3742 2245 3796 fuisse

643 3821 881 3877 dolorem
912 3824 980 3878 de
1023 3833 1194 3879 morte
1239 3824 1501 3896 discipuli.
1550 3825 2007 3898 Cujus_virtutem
2052 3834 2243 3888 alicubi

644 3913 891 3968 omnibus
918 3914 1105 3968 iterum
1138 3914 1337 3986 detegit
1363 3895 1566 3983 dicens,
1596 3895 1816 3975 demisit
1840 3937 1996 3991 usque
2013 3925 2082 3978 ad
2110 3942 2237 3978 mor-

644 4003 1021 4082 temhneglectn
1045 4006 1213 4059 anima
1238 4023 1351 4071 sua,
1377 4017 1432 4060 ut
1458 4010 1706 4079 impleret,
1734 4012 1871 4077 quod
1891 4014 1942 4065 in
1972 4016 2109 4071 tabis
2128 4035 2246 4088 erga

646 4110 723 4145 me
739 4095 907 4147 deerat
930 4094 1261 4148 ministerium
1295 4096 1551 4167 (Philipp.
1576 4098 1630 4151 2.
1655 4100 1770 4169 30).
1800 4100 1938 4166 Quid
1964 4104 2068 4158 Illis
2092 4106 2248 4161 fuerit

645 4186 854 4241 beatius
878 4228 893 4253 ,
925 4185 1051 4257 quid
1096 4198 1275 4242 autem
1312 4188 1464 4242 nobis
1479 4188 1738 4245 miserius
1765 4192 1787 4245 l
1816 4194 2244 4265 quandoquidem

646 4278 719 4333 illi
747 4280 1056 4350 sanguinem
1106 4289 1159 4335 et
1185 4280 1415 4335 animam
1453 4296 1548 4350 pro
1581 4286 1998 4353 prmeeptoribus
2029 4288 2246 4357 profun-

644 4369 843 4423 debant
866 4411 881 4435 ,
914 4385 1012 4423 nos
1054 4382 1230 4425 autem
1263 4386 1435 4441 neque
1483 4372 1702 4427 verbum
1744 4391 1841 4445 pro
1873 4380 2247 4435 communibus

647 4462 885 4531 patribus
902 4462 1146 4516 emittere
1167 4462 1447 4528 audemus,
1471 4464 1561 4518 sed
1588 4480 1707 4519 cum
1728 4466 2004 4524 audiamus
2024 4471 2104 4525 eis
2130 4487 2243 4527 ma.

644 4550 800 4607 ledici
825 4592 841 4619 ,
885 4561 941 4607 et
983 4551 1233 4607 conviciis
1260 4569 1352 4608 eos
1384 4552 1721 4610 dehonestari
1746 4597 1762 4623 ,
1794 4566 1846 4612 et
1876 4573 1905 4612 a
1935 4560 2067 4626 suis,
2096 4571 2151 4617 et
2177 4563 2245 4619 ab

644 4643 835 4698 alienis
853 4684 867 4709 ,
898 4644 1281 4703 maledicentes
1308 4658 1483 4715 neque
1512 4647 1934 4717 compescimus,
1962 4666 2133 4722 neque
2160 4669 2245 4709 re-

644 4732 1041 4805 prehendimus,
1079 4751 1248 4806 neque
1278 4734 1641 4805 prohibemus.

720 4868 982 4935 Quartum
1004 4868 1069 4922 sit
1094 4878 1350 4940 peccatum
1365 4867 1609 4927 Ecclesia:
1628 4874 1900 4931 rectoribus
1923 4877 2239 4935 maledicere.

643 4992 716 5003 —
735 4960 946 5017 Utinam
970 4976 1037 5017 ne
1058 4962 1157 5031 ipsi
1177 4963 1334 5032 primi
1358 4965 1738 5021 maledicorum
1762 4968 1946 5026 simus.
1975 4971 2114 5029 Sane
2136 4989 2240 5030 non

644 5062 791 5110 tanta
821 5055 889 5109 ab
912 5054 1214 5111 infidelibus
1234 5057 1469 5112 convicia
1492 5069 1545 5113 et
1568 5060 1781 5130 probra,
1803 5073 1998 5132 quanta
2020 5066 2071 5120 in
2100 5068 2245 5137 prin-

645 5145 797 5215 cipes
822 5145 1016 5210 abiis,
1058 5146 1148 5217 qui
1198 5148 1348 5202 nobis
1369 5148 1538 5216 juncti
1579 5151 1837 5220 religione
1859 5162 1915 5209 et
1942 5154 2127 5213 lideles
2161 5158 2240 5212 vi-

638 5235 861 5303 dentur,
895 5236 1122 5307 proferri
1150 5238 1412 5293 videmus.
1445 5239 1593 5296 Ultra
1624 5242 1707 5298 hic
1734 5259 2035 5313 quzeremus
2054 5292 2069 5315 ,
2100 5250 2242 5307 unde

644 5336 795 5383 tanta
828 5327 1054 5398 ignavia,
1084 5338 1141 5384 et
1162 5330 1300 5385 unde
1329 5331 1413 5385 hic
1437 5332 1648 5401 pietatis
1672 5345 2015 5409 contemptus
2038 5344 2237 5407 evenit,

640 5420 785 5491 quod
814 5421 893 5477 sic
925 5421 1188 5477 hostiliter
1208 5438 1331 5493 erga
1362 5434 1539 5494 patres
1563 5435 1777 5484 noetros
1803 5431 1969 5486 simus
1992 5433 2205 5490 an‘ecti‘t

643 5510 781 5569 Nihil
813 5514 1050 5584 profecto
1082 5524 1167 5570 est
1192 5516 1334 5586 quod
1382 5516 1674 5574 Ecclesiam
1721 5520 1815 5575 Dei
1865 5522 1935 5577 ita
1979 5524 2238 5583 destitue-

642 5618 706 5658 re
757 5617 813 5660 et
855 5603 1182 5674 dissolvere,
1234 5606 1363 5661 nihil
1401 5608 1542 5679 quod
1578 5609 1647 5663 ita
1696 5608 1854 5667 facile
1894 5619 2239 5684 pessumdare

646 5696 836 5764 possit,
866 5704 923 5750 ut
948 5695 1164 5767 quando
1188 5696 1435 5769 discipuli
1462 5702 1753 5772 magistris,
1786 5713 1840 5759 et
1862 5707 2104 5775 patribus
2122 5709 2235 5779 lilii,

647 5796 703 5843 tt
740 5788 1061 5860 principibus
1082 5788 1281 5846 subditi
1304 5830 1317 5857 ,
1350 5805 1456 5847 non
1493 5809 1687 5865 magno
1735 5795 1913 5855 studio
1942 5799 2233 5859 cobterent.

2385 585 2660 639 pturarum
2692 574 2922 633 lectione
2962 580 3281 636 excluditur.
3315 581 3384 637 Ut
3411 584 3533 651 quid
3558 587 3701 641 enim
3732 591 3978 653 assumis,

2380 665 2454 718 ait
2482 666 2639 732 Deus,
2661 677 3011 725 testamentum
3040 689 3205 727 meum
3219 691 3309 742 per
3324 691 3381 728 os
3397 687 3539 731 mm
3558 676 3730 747 (Psal.
3756 681 3985 737 £9.16)?

2378 766 2434 811 et
2457 772 2616 813 causa
2653 754 2825 830 posita
2862 762 2992 819 dicit
3022 765 3255 821 :Sedetts
3278 777 3457 822 contra
3487 769 3699 838 fratrem
3726 781 3872 825 tum
3902 776 3981 827 lo-

2377 848 2612 915 quebaris
2636 848 2800 919 (Ibid.
2831 868 2877 907 tt.
2905 853 3023 925 20).
3057 855 3273 912 Patrem
3310 873 3440 913 vero
3461 859 3798 929 spiritualem
3822 877 3985 917 accu-

2377 951 2503 993 saus
2529 980 2546 1005 ,
2594 947 2647 995 te
2688 941 2906 1011 dignum
2956 954 3212 1015 reputas,
3244 948 3335 1018 qui
3377 948 3443 1002 ad
3492 950 3672 1005 divina
3719 954 3981 1008 vestibula

2375 1029 2639 1086 accedas?
2665 1031 2947 1100 Quomodo
2970 1035 3073 1092 hoc
3092 1039 3391 1108 congruat?
3414 1039 3549 1095 Nam
3579 1041 3623 1096 si
3653 1043 3977 1099 maledicen-

2377 1129 2457 1176 tes
2486 1124 2623 1191 patri
2650 1125 2732 1180 vel
2753 1128 2910 1182 matri
2936 1136 3110 1183 morte
3130 1129 3433 1185 moriuntur
3451 1134 3749 1189 secundum
3779 1137 3961 1206 legem

2375 1210 2396 1281 (
2412 1210 2585 1267 Exod.
2616 1214 2709 1269 21.
2743 1218 2808 1271 17
2832 1217 2873 1287 ),
2905 1218 3049 1288 quali
3072 1219 3279 1289 judicio
3301 1220 3493 1292 dignus
3520 1224 3625 1279 erit
3648 1266 3665 1291 ,
3694 1227 3786 1296 qui
3814 1228 3974 1284 male-

2357 1303 2552 1361 dicere
2586 1307 2750 1364 audet
2784 1310 2866 1375 ei,
2896 1311 2985 1381 qui
3017 1313 3327 1381 parentibus
3374 1314 3477 1370 illis
3519 1321 3688 1387 magis
3716 1334 3963 1378 necessa-

2373 1397 2485 1451 rius
2512 1407 2616 1467 est,
2642 1411 2697 1455 et
2724 1402 2918 1457 melior
2936 1403 2961 1455 ἲ
2982 1405 3174 1460 Annon
3206 1405 3377 1474 timet,
3398 1423 3465 1463 ne
3486 1410 3690 1479 aperiat
3720 1426 3781 1468 se
3809 1421 3974 1481 terra,

2369 1497 2425 1543 et
2456 1490 2627 1560 ipsum
2654 1493 2957 1562 absorbeat,
2987 1495 3071 1552 v‘el
3094 1496 3295 1554 fulmen
3324 1515 3557 1571 superne
3578 1502 3842 1560 decidens
3858 1520 3977 1561 nta-

2370 1580 2596 1638 ledicam
2637 1583 2778 1659 illam
2826 1586 3059 1659 linguam
3086 1590 3407 1648 comburat?
3435 1593 3550 1650 Non
3580 1596 3813 1665 audisti,
3848 1600 3977 1670 quid

2367 1689 2523 1744 passa
2544 1676 2611 1730 sit
2641 1678 2802 1735 Musis
2823 1694 2979 1737 soror
3002 1723 3017 1747 ,
3049 1684 3274 1755 principi
3300 1686 3628 1745 maledi‘cens
3648 1688 3672 1742 ἲ
3694 1691 3976 1762 quomodo

2367 1764 2502 1820 facta
2524 1768 2593 1822 sit
2620 1768 2911 1837 immunda,
2934 1771 3183 1828 inciderit
3210 1775 3263 1829 in
3291 1776 3521 1848 lepram,
3548 1792 3817 1836 summam
3845 1794 3971 1838 sus-

2368 1861 2586 1916 tinuerit
2608 1861 2975 1934 ignominiam,
3005 1864 3171 1922 fratre
3201 1867 3371 1924 Deum
3392 1864 3595 1938 orante,
3614 1873 3831 1928 veniam
3858 1891 3971 1931 non

2364 1953 2689 2020 obtinuerit;
2713 1957 2925 2011 tametsi
2951 1957 3039 2012 illa
3068 1958 3179 2028 ipsa
3206 1971 3370 2027 esset,
3398 1977 3519 2033 qua
3546 1973 3796 2021 sanctum
3824 1966 3974 2022 illum

2362 2057 2721 2117 exposuerat,
2754 2058 2808 2105 et
2845 2064 2941 2119 pro
2976 2052 3093 2121 ejus
3129 2052 3449 2111 educatione
3477 2056 3531 2111 id
3566 2056 3824 2115 effecerat
3854 2100 3872 2127 ,
3911 2070 3972 2117 ut

2363 2140 2480 2208 ejus
2509 2150 2681 2194 mater
2712 2140 2764 2194 in
2808 2141 3070 2197 nutricem
3103 2154 3471 2201 assumeretur
3496 2186 3512 2213 ,
3544 2160 3601 2201 et
3643 2164 3711 2204 ne
3755 2150 3973 2219 puellus

2362 2228 2414 2282 in
2440 2228 2721 2285 barbarico
2738 2230 2857 2286 sinu
2883 2233 3212 2289 enutriretur
3236 2251 3250 2300 ;
3278 2234 3473 2291 deinde
3494 2251 3623 2292 vera
3646 2238 3973 2297 feminarum

2359 2320 2629 2376 exercitus
2672 2321 2781 2376 dux
2822 2322 2920 2378 fuit
2962 2324 3103 2379 sicut
3149 2324 3325 2382 Moses
3366 2328 3637 2393 virorum;
3666 2343 3971 2402 manesque

2357 2426 2479 2467 cum
2520 2413 2614 2469 illo
2650 2414 2768 2469 tulit
2808 2429 3078 2472 aerumnas
3106 2458 3122 2483 ,
3153 2432 3281 2474 vere
3307 2432 3463 2475 soror
3492 2420 3658 2477 Hosis
3691 2422 3967 2479 existens:

2357 2514 2725 2561 verumtamen
2759 2520 2881 2561 cum
2909 2508 3229 2575 maledixit,
3262 2508 3396 2565 nihil
3427 2510 3477 2565 ei
3506 2511 3825 2582 profuerunt
3850 2514 3970 2571 haec

2358 2596 2537 2648 omnia
2558 2594 2624 2649 ad
2647 2595 3004 2665 eti‘ugiendam
3035 2599 3167 2653 iram
3202 2599 3330 2654 Dei:
3358 2602 3456 2656 sed
3500 2617 3598 2658 nec
3626 2602 3803 2659 Moses
3830 2648 3844 2669 ,
3866 2620 3963 2676 qtn

2358 2692 2563 2738 tantum
2592 2686 2846 2756 populum
2875 2729 2891 2754 ,
2939 2696 3061 2759 post
3091 2688 3363 2761 ingentem
3395 2692 3539 2747 illam
3578 2694 3908 2764 impietatem
3943 2739 3963 2763 ,

2356 2775 2607 2843 precibus
2627 2778 2961 2847 expiaverat,
2996 2794 3097 2851 pro
3122 2795 3311 2838 sorore
3334 2785 3644 2854 supplicans
3670 2795 3726 2842 et
3745 2788 3964 2845 veniam

2359 2874 2569 2935 petens,
2600 2868 2812 2937 placare
2842 2869 3010 2926 Deum
3034 2872 3226 2941 potuit,
3256 2872 3353 2929 sed
3384 2874 3453 2929 ab
3478 2890 3546 2930 eo
3571 2875 3730 2933 valde
3756 2878 3843 2933 illa
3873 2878 3965 2933 in-

2352 2966 2604 3027 crcpatur
2628 2976 2641 3013 :
2670 2975 2779 3029 quo
2815 2961 3087 3019 discamus
3110 2972 3166 3019 et
3199 2979 3300 3020 nos
3328 3006 3344 3030 ,
3367 2976 3628 3036 quantum
3660 2969 3859 3024 malum
3885 2970 3966 3026 sit

2355 3049 2684 3120 principibus
2709 3052 3031 3111 maledicere
3059 3097 3076 3125 ,
3106 3065 3161 3113 et
3190 3055 3261 3113 de
3286 3057 3512 3113 aliorum
3539 3058 3784 3131 judicare
3828 3064 3962 3119 vita.
4046 3106 4047 3109 η

2352 3138 2565 3195 Etenim
2588 3143 2640 3197 in
2658 3142 2754 3198 die
2775 3144 2868 3199 illo
2892 3160 2998 3201 non
3022 3148 3197 3203 solum
3223 3147 3292 3204 de
3318 3148 3383 3204 iis
3411 3164 3532 3221 qum
3574 3166 3673 3208 nos
3701 3155 3954 3225 peccavi-

2356 3248 2494 3299 mus,
2522 3233 2618 3289 sed
2644 3242 2704 3289 et
2718 3235 2784 3289 de
2808 3236 2890 3301 iis,
2908 3236 2979 3292 ob
3002 3252 3122 3308 quae
3146 3239 3198 3293 in
3218 3238 3351 3295 alios
3373 3241 3695 3298 sententiam
3718 3243 3965 3310 tulimus.

2354 3324 2573 3379 omnino
2595 3326 2855 3395 judicabit
2882 3342 2982 3384 nos
3012 3329 3170 3385 Deus.
3190 3330 3259 3385 Et
3288 3332 3429 3401 quod
3456 3348 3600 3404 smpe
3626 3344 3813 3390 natura
3837 3337 3967 3395 leve

2354 3425 2633 3483 peccatum
2665 3426 2769 3485 est,
2803 3418 2906 3474 hoc
2932 3435 3093 3489 grave
3120 3429 3177 3476 et
3215 3438 3323 3477 non
3364 3422 3680 3494 iguoscibile
3710 3427 3804 3494 lit,
3827 3428 3962 3484 dum

2353 3519 2583 3573 peccans
2625 3507 2693 3563 de
2735 3509 2841 3564 alio
2863 3510 3087 3579 judicat.
3131 3511 3294 3568 Forte
3318 3530 3424 3569 non
3450 3516 3581 3571 satis
3621 3518 3793 3575 claret
3815 3522 3964 3590 quod

2350 3597 2606 3666 diximus,
2639 3599 2799 3671 igitur
2817 3602 3015 3657 clarius
3040 3601 3305 3659 dicemus.
3338 3604 3589 3662 Peccavit
3613 3608 3811 3680 aliquis
3840 3652 3857 3678 ,
3904 3623 3966 3668 et

2352 3689 2514 3743 alium
2539 3690 2682 3747 idem
2709 3693 3137 3750 committentem
3163 3706 3438 3764 peccatum
3457 3699 3878 3759 condemnavit:
3909 3703 3961 3761 is

2351 3778 2409 3831 in
2432 3778 2521 3861 die
2564 3779 2658 3835 illo
2698 3781 2854 3837 valde
2878 3798 3064 3839 amaro
3090 3799 3198 3840 non
3224 3801 3343 3841 eam
3371 3802 3585 3857 poenam
3613 3790 3723 3847 luet
3750 3833 3767 3855 ,
3794 3809 3961 3865 quam

2352 3856 2555 3938 peccati
2588 3880 2772 3927 natura
2790 3876 3053 3944 exposcit,
3072 3876 3167 3932 sed
3193 3856 3451 3949 majorem
3478 3897 3638 3952 quam
3660 3856 3958 3955 duplicem.

2349 3974 2403 4018 et
2421 3964 2681 4034 triplicem
2707 3982 2722 4019 :
2742 3981 2847 4021 non
2866 3968 3009 4023 enim
3028 3968 3171 4039 quod
3195 3970 3309 4041 ipse
3332 3974 3654 4043 peccaverit,
3682 3976 3779 4032 sed
3810 3980 3959 4049 quod

2353 4054 2404 4108 in
2433 4055 2595 4110 alium
2624 4054 2875 4113 similiter
2915 4058 3122 4130 lapsum
3156 4070 3263 4117 tam
3300 4078 3519 4134 gravem
3564 4068 3835 4124 calculum
3866 4079 3956 4126 tu-

2355 4146 2477 4202 lerit
2499 4187 2518 4214 ,
2562 4150 2882 4219 supplicium
2915 4152 2995 4207 illi
3021 4152 3312 4211 destinabit
3356 4156 3515 4212 Deus.
3544 4158 3613 4213 Et
3635 4159 3740 4215 hoc
3764 4177 3953 4219 verum

2350 4252 2487 4303 esse,
2517 4252 2585 4294 ex
2612 4239 2677 4295 iis
2706 4256 2828 4310 qua:
2871 4242 2984 4312 jam
3016 4243 3153 4299 facta
3184 4255 3311 4302 sunt
3336 4257 3391 4302 et
3419 4250 3764 4320 contigerunt
3792 4295 3806 4318 ,
3838 4255 3958 4310 cla-

2350 4332 2496 4395 rius,
2538 4340 2597 4386 ut
2648 4336 2918 4403 promisi,
2958 4336 3365 4396 demonstrabo.
3414 4340 3548 4397 Nam
3607 4342 3955 4417 Pharisaeus,

2349 4424 2596 4492 quamvis
2624 4425 2736 4495 ipse
2760 4426 2893 4482 nihil
2921 4440 3277 4500 peccaverat,
3310 4432 3403 4488 sed
3435 4442 3486 4489 et
3507 4434 3655 4505 juste
3692 4437 3903 4494 vixerat
3932 4479 3951 4507 .

2349 4525 2404 4569 et
2433 4517 2597 4570 multa
2633 4519 2701 4573 de
2734 4534 2793 4573 sc
2818 4519 2956 4575 bona
2998 4522 3294 4591 praedicare
3349 4535 3557 4594 paterat
3579 4545 3595 4583 :
3619 4530 3742 4598 quia
3773 4538 3955 4589 tamen

2352 4607 2691 4677 publicanum
2714 4618 3009 4681 raptorem,
3037 4630 3283 4683 avarum,
3317 4628 3369 4673 et
3396 4620 3793 4689 iniquissimum
3816 4636 3953 4680 eon-

2347 4698 2640 4766 demnavit,
2672 4708 2847 4757 tantas
2875 4702 3022 4758 dedit
3044 4720 3263 4775 poenas,
3293 4718 3350 4762 ut
3378 4710 3444 4763 ad
3474 4710 3799 4780 supplicium
3835 4729 3951 4768 ma-

2346 4790 2454 4859 jus,
2482 4806 2641 4862 quam
2666 4793 2952 4863 publicano
2974 4795 3272 4853 debebatur
3290 4841 3304 4865 ,
3339 4811 3647 4857 reservatus
3678 4804 3748 4859 sit
3774 4804 3795 4873 (
3818 4804 3951 4860 Luc.

2350 4882 2439 4939 18.
2482 4882 2553 4939 10
2576 4914 2605 4926 -
2634 4886 2742 4953 ll).
2772 4886 2924 4954 Quod
2951 4889 2997 4943 si
3029 4887 3096 4956 is,
3124 4890 3216 4960 qui
3247 4891 3377 4946 nihil
3402 4895 3640 4962 peccavit
3670 4937 3689 4962 ,
3728 4904 3786 4952 et
3826 4912 3954 4967 pec-

2347 4982 2557 5030 cantem
2606 4976 2807 5042 alium,
2862 4977 2953 5047 qui
2995 4979 3315 5036 manifestus
3358 4992 3474 5038 erat
3516 4986 3769 5041 omnibus
3795 5028 3812 5054 ,
3844 4989 3951 5044 levi

2346 5065 2511 5121 verbo
2539 5067 2950 5134 condemnavit,
2981 5062 3186 5124 tantum
3206 5072 3305 5127 sibi
3330 5076 3551 5129 attraxit
3577 5078 3903 5147 supplicium
3932 5100 3945 5134 :

2347 5158 2440 5228 qui
2471 5159 2691 5214 multum
2732 5161 2974 5232 quotidie
3022 5176 3341 5233 peccamus,
3390 5168 3726 5238 aliorumque
3777 5174 3945 5226 vitam

2348 5251 2773 5307 condemnamus
2792 5294 2807 5318 ,
2840 5256 3002 5309 etiam
3031 5256 3149 5312 aliis
3186 5258 3490 5328 ignotorum
3514 5302 3527 5326 ,
3556 5262 3732 5332 cogita
3772 5278 3951 5333 quan-

2349 5351 2455 5396 tam
2486 5343 2870 5399 sustinebimus
2892 5359 3128 5415 penam,
3159 5350 3431 5419 quomodo
3451 5354 3597 5407 omni
3622 5355 3775 5409 venia
3804 5356 3953 5412 exci-

2347 5433 2557 5491 demus.
2590 5435 2657 5491 In
2681 5453 2781 5509 quo
2807 5439 2941 5492 enim
2975 5439 3175 5511 judicio
3201 5443 3452 5513 judicatis
3480 5484 3498 5513 ,
3534 5446 3706 5517 inquit
3734 5488 3749 5512 ,
3784 5458 3832 5502 et
3859 5463 3953 5506 vos

2338 5528 2702 5599 judicabimint'
2731 5530 2944 5603 (Matth.
2977 5532 3027 5585 7.
3047 5531 3129 5605 2).

2418 5619 2470 5673 ϐ.
2502 5618 2728 5691 Propter
2755 5621 2870 5677 haec
2913 5620 3096 5693 utique
3123 5633 3177 5679 et
3204 5624 3447 5695 supplico
3476 5667 3491 5692 ,
3522 5641 3750 5707 precor,
3781 5638 3838 5685 et
3857 5645 3957 5685 ex-

2348 5712 2557 5779 hortor,
2588 5722 2648 5769 ut
2679 5714 2748 5770 ab
2773 5714 2875 5771 hac
2911 5716 3049 5770 mala
3074 5718 3461 5775 consuetudine
3486 5719 3778 5777 desistatis.
3802 5722 3956 5781 Nihil

2348 5806 2493 5862 enim
2519 5807 2833 5866 nocebimus
2862 5808 3235 5868 sacerdotibus
3254 5852 3271 5881 ,
3297 5812 3494 5883 quibus
3518 5812 3897 5873 maledicimus
3930 5855 3956 5888 .
