4228 6298
313 429 423 491 205

318 550 429 605 sive
471 550 733 606 ementita
761 591 775 616 ,
804 550 919 605 sive
948 561 1073 606 vera
1116 551 1223 605 sint
1260 564 1381 621 qua:
1412 551 1478 606 de
1521 551 1602 606 eis
1644 550 1917 606 dicimus:

324 641 575 711 quoniam
608 651 665 696 et
696 640 999 697 Pharismus
1028 641 1312 712 publicano
1348 641 1481 697 nihil
1503 643 1708 709 nocuit,
1753 642 1847 697 sed
1874 651 1928 696 et

324 734 424 805 ipsi
452 734 672 805 profuit,
708 735 834 790 licet
852 750 977 790 vera
1003 734 1072 789 de
1097 750 1164 789 eo
1188 734 1414 790 diceret.
1446 734 1712 791 Cancrum
1739 735 1923 790 nobis-

330 826 462 896 lpsis
488 826 626 881 mala
656 836 898 882 extrema
940 827 1039 896 ipsi
1075 828 1404 882 accersimus
1425 868 1440 892 ,
1477 827 1618 881 sicut
1644 836 1700 882 et
1731 825 1923 881 Phari-

323 932 464 975 steus
495 920 547 974 in
574 918 817 990 'seipsum
848 919 1083 990 gladium
1124 920 1338 989 impulit
1364 960 1379 979 .
1422 928 1479 975 et
1520 919 1668 974 letali
1707 927 1928 988 accepta

324 1012 477 1081 plaga
507 1010 658 1066 abiit.
693 1010 761 1068 Ut
788 1011 950 1081 igitur
975 1025 1044 1066 ne
1065 1019 1119 1066 et
1148 1026 1245 1066 nos
1265 1010 1405 1067 idem
1436 1011 1722 1081 patiamur,
1755 1010 1927 1079 impe-

323 1118 507 1159 remus
542 1102 820 1158 indomita':
872 1102 1085 1173 linguas.
1127 1102 1262 1159 Nam
1303 1104 1349 1158 si
1382 1103 1426 1157 is
1458 1144 1473 1169 ,
1516 1102 1607 1171 qui
1640 1101 1927 1172 publicano

324 1196 623 1263 maledixit,
653 1211 868 1267 ptenam
899 1210 1007 1252 non
1036 1195 1222 1267 effugit
1247 1237 1262 1261 ,
1297 1211 1397 1250 nos
1417 1194 1506 1266 qui
1551 1194 1793 1264 patribus
1823 1209 1925 1249 no-

323 1289 450 1343 stris
495 1288 866 1343 maledicimus
893 1329 910 1353 ,
937 1303 1041 1359 qua
1098 1300 1196 1341 nos
1242 1286 1487 1356 apologia
1539 1285 1851 1340 tuebimur?
1882 1285 1925 1340 si

323 1379 483 1433 Maria
508 1420 524 1443 ,
557 1379 697 1449 quod
730 1378 878 1432 fratri
905 1378 1071 1433 semel
1114 1377 1445 1433 maledixerit
1480 1417 1498 1443 ,
1543 1386 1746 1432 tantam
1776 1376 1926 1433 dedit

321 1485 535 1543 ptenam
560 1469 745 1543 (Nam.
783 1466 869 1524 ﬁ.
900 1468 1017 1540 10):
1047 1469 1199 1538 cujus
1230 1468 1386 1523 nobis
1413 1468 1601 1523 salutis
1626 1481 1771 1536 spes,
1794 1482 1918 1522 cum

324 1575 424 1615 nos
453 1560 694 1631 quotidie
735 1559 1004 1630 principes
1045 1558 1266 1614 infinitis
1310 1558 1566 1615 conviciis
1611 1556 1926 1612 allicimus?

323 1648 401 1707 Ne
428 1652 500 1705 mi
517 1651 567 1704 bi
588 1650 691 1706 hoc
714 1650 835 1721 quis
856 1649 1068 1716 dixerit,
1097 1650 1187 1706 ille
1211 1648 1386 1705 Moses
1402 1658 1553 1704 erat:
1576 1654 1763 1718 potero
1779 1649 1923 1704 enim

321 1753 376 1799 et
397 1756 497 1813 ego
526 1741 727 1804 dicere,
756 1741 848 1795 llla
872 1740 1035 1795 Maria
1062 1748 1197 1795 erat.
1230 1740 1517 1805 Caeterum,
1547 1746 1605 1793 ut
1633 1749 1686 1794 et
1711 1738 1811 1792 alia
1837 1754 1920 1792 ra-

324 1834 469 1887 tione
499 1833 599 1887 hoc
629 1831 913 1887 manifeste
942 1844 1235 1902 cognoscas
1264 1871 1279 1897 ,
1330 1829 1472 1899 quod
1522 1843 1621 1883 nec
1655 1829 1699 1883 si
1740 1827 1926 1882 crimi-

322 1940 449 1979 num
474 1926 551 1978 rei
574 1926 682 1977 sint
704 1922 1015 1978 sacerdotes
1030 1962 1051 1999 y,
1083 1922 1150 1976 de
1181 1922 1393 1985 illorum
1426 1921 1519 1975 tibi
1554 1922 1658 1975 vita
1682 1918 1926 1991 judicare

323 2016 404 2072 fas
442 2017 549 2081 sit,
591 2016 716 2070 audi
765 2013 895 2085 quid
936 2014 1079 2071 dicat
1122 2013 1192 2068 de
1242 2012 1573 2083 principibus
1616 2011 1924 2066 Judarorum

321 2108 603 2163 Christus:
637 2106 808 2179 Super
848 2106 1143 2160 cathedram
1196 2105 1357 2159 Hosis
1393 2106 1630 2159 sederunt
1671 2104 1850 2158 scriba:
1878 2112 1927 2157 et

324 2196 579 2252 Pharistei
605 2213 623 2251 :
652 2201 823 2251 omnia
850 2198 1005 2268 igitur
1024 2208 1354 2267 qtttecumquc
1392 2196 1615 2249 dixerint
1645 2194 1787 2248 vobis
1817 2236 1832 2259 ,
1872 2204 1926 2248 ut

322 2292 558 2363 faciatis,
591 2290 744 2357 facile
769 2305 786 2344 :
800 2299 956 2360 Juxta
998 2304 1154 2359 Opera
1199 2298 1369 2342 autem
1412 2301 1589 2341 eorum
1626 2303 1690 2342 ne
1720 2286 1923 2357 faciatis

323 2380 543 2451 (Matth.
570 2379 831 2453 25.9.3).
866 2378 1005 2443 iam,
1030 2378 1155 2450 quid
1182 2379 1284 2433 illis
1303 2378 1456 2448 pejus
1486 2377 1664 2444 fuerit,
1696 2392 1926 2448 quorum

322 2473 469 2527 zelus
497 2469 693 2526 futuris
716 2470 992 2541 discipulis
1045 2472 1236 2527 noxius
1276 2471 1431 2526 erat?
1461 2471 1712 2526 Attamen
1730 2484 1920 2540 neque

321 2563 403 2617 sic
421 2577 516 2617 eos
535 2561 781 2632 deposuit
803 2576 832 2616 a
858 2561 1139 2633 dignitate,
1172 2577 1346 2631 neque
1368 2562 1595 2617 subditis
1610 2560 1918 2630 deSpicabi-

324 2651 404 2708 les
430 2653 591 2707 fecit:
620 2652 782 2723 idque
800 2651 923 2722 jure
951 2653 1163 2707 merito.
1190 2651 1324 2708 Nam
1360 2652 1404 2707 si
1436 2652 1605 2708 semel
1651 2651 1789 2707 hanc
1827 2666 1924 2721 po-

319 2751 569 2799 testatem
584 2742 912 2813 arripuerint
931 2741 1149 2807 subditi,
1163 2741 1340 2797 statim
1361 2740 1670 2813 magistratu
1690 2741 1927 2812 privatos

320 2834 595 2906 principes
636 2834 705 2891 de
738 2835 997 2906 dignitate
1037 2834 1312 2890 deturbari
1362 2833 1683 2889 videbimus.
1717 2834 1925 2903 Eapro-

320 2938 443 2999 pter
472 2928 671 2983 Paulus
697 2943 819 2983 cum
870 2929 1165 2999 principem
1216 2927 1556 2982 sacerdotum
1614 2925 1925 2981 Judmorum

321 3021 649 3077 contumelia
677 3017 945 3077 affecisset
964 3063 978 3085 .
1008 3036 1071 3077 ac
1100 3021 1327 3077 dixisset
1360 3038 1372 3076 :
1400 3019 1656 3075 Pcrcutiet
1687 3029 1734 3072 te
1762 3016 1922 3084 Deus,

321 3114 492 3190 partes
515 3114 790 3173 dealbats:
818 3124 865 3169 et
894 3124 947 3168 tu
968 3114 1215 3187 judicans
1244 3130 1321 3168 me
1342 3111 1526 3187 διάει(
1554 3115 1668 3169 Act.
1694 3112 1784 3167 25.
1816 3111 1926 3182 '5)?

325 3221 611 3283 postquam
639 3221 820 3265 autem
854 3208 1114 3281 quosdam
1138 3207 1339 3261 audivit
1371 3222 1431 3261 se
1456 3206 1797 3275 increpantes
1826 3247 1841 3270 ,
1871 3212 1926 3259 et

322 3302 567 3359 dicentes
592 3320 605 3354 :
640 3300 719 3355 Po
732 3302 953 3369 nti/iacnt
980 3298 1075 3352 Dei
1102 3298 1340 3352 conviciis
1367 3298 1572 3351 incessis
1617 3295 1721 3367 (Ib.
1749 3314 1795 3350 v.
1819 3295 1875 3366 4)
1902 3300 1924 3349 ἳ

324 3404 628 3450 monstrare
643 3393 829 3447 volens
848 3431 864 3457 ,
892 3400 1150 3461 quantum
1183 3397 1393 3459 oportet
1424 3388 1793 3444 sacerdotibus
1833 3389 1926 3445 Dei

324 3483 582 3541 exhibere
618 3483 878 3537 honorem
916 3490 970 3536 et
1010 3482 1369 3536 reverentiam
1406 3521 1421 3546 ,
1460 3480 1589 3550 quid
1617 3479 1788 3535 dicit?
1818 3478 1920 3533 Ne-

325 3572 546 3628 sciebam
571 3572 708 3641 quod
747 3572 977 3641 pontifex
1004 3569 1101 3623 Dei
1120 3580 1248 3624 esset
1282 3570 1301 3640 (
1331 3568 1412 3623 Ib.
1439 3586 1487 3623 υ.
1521 3568 1617 3639 5).
1639 3569 1928 3639 Propterea

326 3672 384 3718 et
410 3661 575 3716 David
602 3703 617 3726 ,
647 3676 768 3716 cum
810 3661 1025 3716 Saulem
1062 3660 1511 3729 apprehendisset
1552 3660 1928 3729 praevaricatoc

326 3767 466 3818 rem,
490 3761 547 3807 et
574 3754 869 3823 spirantem
902 3750 1248 3805 homicidium
1269 3793 1284 3815 ,
1312 3750 1599 3821 multisque
1629 3750 1802 3820 poenis
1851 3750 1931 3803 di-

325 3860 490 3918 gnum
514 3863 527 3898 :
555 3860 662 3899 non
695 3846 865 3899 solum
895 3844 1011 3915 ejus
1046 3845 1167 3898 vita:
1194 3844 1435 3914 pepercit
1466 3884 1481 3909 ,
1531 3843 1626 3899 sed
1672 3858 1847 3912 neque
1873 3851 1931 3896 ut

331 3938 555 3993 verbum
585 3952 837 4007 asperum
881 3939 932 3991 in
967 3952 1090 3991 eum
1114 3937 1383 4006 jaceretur
1415 3978 1430 4001 ,
1473 3937 1723 3991 sustinuit
1752 3977 1766 3999 ,
1798 3950 1928 3989 cau-

329 4044 554 4099 samque
575 4044 779 4098 ponens
796 4028 924 4082 dicit
942 4048 953 4081 :
969 4027 1199 4083 Christus
1211 4028 1416 4082 Domini
1432 4038 1503 4082 est
1522 4028 1568 4098 (l
1584 4068 1596 4080 .
1618 4026 1926 4100 ch.9.4.7).

330 4118 516 4188 Neque
538 4119 661 4174 hinc
688 4120 883 4185 solum,
907 4118 1000 4174 sed
1032 4128 1086 4174 et
1110 4119 1327 4174 aliunde
1345 4119 1527 4173 videre
1550 4119 1672 4174 licet
1690 4120 1927 4188 copiose,

329 4212 603 4282 quomodo
628 4212 899 4265 subditum
939 4211 1124 4281 procul
1156 4226 1186 4264 a
1218 4212 1560 4265 sacerdotum
1587 4211 1931 4281 correptione

330 4304 525 4360 abesse
549 4313 779 4372 oportet.
801 4304 930 4357 Nam
949 4318 1069 4357 cum
1100 4304 1390 4374 aliquando
1416 4319 1538 4358 arca
1561 4303 1925 4368 reduceretur,

332 4405 387 4449 et
415 4395 752 4449 subditorum
776 4396 937 4465 aliqui
975 4395 1041 4448 ad
1067 4396 1275 4463 lapsum
1302 4395 1658 4449 declinantem
1688 4396 1931 4451 videntes

332 4487 624 4557 erigerent,
659 4502 725 4541 eo
749 4489 866 4555 ipso
894 4487 1086 4541 inloco
1110 4502 1322 4556 ptenam
1347 4486 1651 4552 dederunt,
1683 4496 1737 4541 et
1762 4502 1789 4538 a
1824 4487 1931 4541 Do-

335 4579 485 4632 mino
532 4577 815 4645 percussi,
871 4577 1065 4631 mortui
1132 4586 1487 4643 manserunt,
1539 4578 1748 4632 tametsi
1803 4578 1933 4631 nihil

334 4679 559 4738 agerent
594 4668 885 4723 absurdum
916 4669 994 4739 (εἰ.
1026 4667 1150 4740 Reg.
1184 4670 1237 4723 6.
1268 4669 1345 4738 7).
1377 4668 1494 4723 Non
1523 4669 1666 4724 enim
1695 4669 1926 4722 subver—

334 4762 556 4822 tollant.
579 4760 674 4814 sed
702 4761 971 4831 lapsuram
1010 4761 1306 4832 erigebant.
1337 4762 1406 4816 Et
1447 4770 1504 4816 ut
1541 4777 1606 4817 ex
1637 4760 1930 4817 abundanti

333 4853 673 4907 sacerdotum
696 4852 1006 4922 dignitatem
1038 4852 1232 4919 discas,
1263 4852 1602 4923 etquomodo
1622 4868 1726 4906 non
1756 4853 1827 4907 sit
1855 4854 1933 4906 fas

334 4943 607 4997 subditum
637 4986 653 5006 ,
677 4954 729 4997 et
758 4945 809 4997 in
832 4944 1020 4999 ordine
1040 4945 1297 4998 laieorum
1321 4946 1638 4999 existentem
1667 4944 1787 4997 talia
1811 4959 1933 4997 eor-

336 5036 545 5106 rigere:
588 5035 710 5088 illos
753 5036 805 5089 in
856 5034 1031 5089 media
1064 5035 1403 5092 multitudine
1445 5036 1641 5091 occidit
1670 5077 1684 5099 ,
1711 5046 1935 5091 cmteros

336 5140 531 5180 nunties
554 5124 655 5178 hoc
684 5123 925 5194 prodigio
950 5125 1237 5180 admodum
1268 5136 1495 5187 terrens.
1525 5136 1579 5181 et
1610 5126 1936 5195 persuadens

337 5218 419 5270 eis
445 5257 460 5281 ,
513 5232 579 5269 ne
619 5217 685 5271 ad
717 5218 873 5288 adyta
916 5218 1202 5275 sacerdotii
1250 5220 1526 5274 accedant.
1556 5220 1610 5273 Si
1641 5220 1781 5273 enim
1828 5221 1937 5272 sin—

339 5309 451 5378 guli
471 5309 693 5362 obtentu
726 5310 867 5363 male
891 5318 1009 5362 aeta
1030 5310 1329 5379 corrigendi
1362 5312 1412 5363 in
1442 5310 1726 5365 sacerdotii
1756 5310 1935 5378 digni-

341 5410 505 5454 tatem
529 5416 586 5453 se
608 5400 856 5465 inferant,
884 5417 1173 5470 numquam
1195 5402 1366 5457 deerit
1382 5402 1681 5472 corrigendi
1700 5403 1933 5466 occasio,

338 5499 396 5545 et
424 5489 661 5544 confusis
688 5491 825 5543 inter
852 5505 911 5542 se
937 5492 1185 5544 omnibus
1204 5534 1218 5558 ,
1244 5494 1380 5546 inter
1415 5492 1705 5560 principem
1738 5500 1791 5545 et
1812 5492 1937 5544 sub.

339 5582 510 5635 ditutn
539 5598 644 5635 non
673 5582 1063 5638 diseernemus.
1096 5583 1266 5637 Nemo
1295 5585 1407 5638 lucc
1436 5600 1518 5638 me
1535 5585 1715 5639 dicere
1747 5586 1933 5653 opine-

344 5682 429 5727 tur
447 5716 461 5738 ,
483 5674 632 5743 quasi
663 5673 730 5728 ad
751 5673 1057 5728 sacerdotes
1087 5674 1415 5729 accusandos
1442 5676 1561 5744 (per
1588 5675 1678 5729 Dci
1708 5691 1936 5745 namque

342 5754 566 5835 gratiam
592 5765 642 5816 in
675 5765 926 5819 omnibus
954 5805 970 5831 ,
1005 5774 1062 5819 ut
1090 5776 1144 5819 et
1172 5780 1264 5819 vos
1289 5767 1437 5821 scitis
1465 5808 1479 5831 ,
1511 5782 1755 5836 magnam
1780 5766 1933 5820 exhi-

340 5857 468 5912 bent
507 5856 832 5927 probitatem
856 5900 869 5924 ,
899 5868 952 5912 et
982 5856 1178 5913 nemini
1210 5873 1456 5928 umquam
1489 5856 1805 5913 criminandi
1837 5874 1935 5913 an-

1071 434 1139 494 IN
1178 434 1403 505 ILLUD,
1445 434 1815 496 SALUI'ATE
1850 433 2257 495 PRISCILLAJI
2289 436 2377 495 ET
2415 432 2747 509 AQUILAM.
2791 440 2853 496 ll.
2942 506 2947 514 ι

3523 447 3631 503 206

2036 566 2151 607 sam
2176 551 2481 623 dederunt),
2512 553 2607 609 sed
2636 563 2696 609 ut
2723 554 2962 619 discatis,
2997 554 3207 611 etiamsi
3236 555 3511 628 improbos
3540 556 3637 617 hu-

2034 643 2235 699 beretis
2266 652 2447 715 patres
2470 688 2484 711 ,
2503 655 2558 702 et
2592 646 2853 703 molestos
2881 648 3171 718 magistros
3200 691 3215 713 ,
3257 663 3431 722 neque
3456 652 3534 708 sic
3557 655 3639 709 eis

2035 735 2363 790 maledicere
2404 736 2557 791 vobis
2582 753 2833 793 securum
2879 748 2934 794 et
2982 739 3188 810 absque
3215 742 3369 809 gravi
3400 743 3634 810 periculo

2033 827 2169 883 fore.
2197 828 2329 883 Nam
2359 831 2402 884 si
2432 830 2498 885 de
2533 830 2904 900 corporalibus
2930 833 3238 901 parentibus
3266 835 3481 901 sapiens
3509 834 3632 903 qui-

2033 921 2156 977 dam
2174 921 2304 977 dicit
2341 940 2355 976 :
2384 922 2448 977 Si
2470 936 2621 977 sensu
2647 924 2852 991 deﬁciat
2871 965 2883 985 .
2910 925 3108 978 ueniam
3134 925 3200 978 da
3220 922 3403 989 (Eccli.
3436 925 3489 980 3.
3518 924 3631 993 {5):

2033 1011 2157 1081 quid
2180 1012 2325 1067 enim
2349 1013 2456 1067 illis
2483 1013 2667 1078 dabis,
2690 1013 2849 1085 quale
2883 1014 2982 1082 ipsi
3007 1015 3099 1070 tibi
3128 1014 3153 1069 ἲ
3180 1015 3349 1071 multo
3379 1016 3546 1086 magis
3577 1016 3629 1069 in

2034 1105 2402 1175 Spiritualibus
2442 1105 2563 1161 bare
2589 1107 2674 1163 lex
2707 1106 3082 1163 observanda:
3115 1122 3178 1162 ac
3205 1109 3629 1177 uniuscujusque

2032 1199 2269 1255 officium
2298 1209 2413 1265 est,
2446 1208 2503 1253 ut
2542 1213 2695 1254 suam
2728 1199 2897 1269 ipsius
2924 1200 3084 1254 vitam
3124 1198 3409 1267 diligenter
3447 1198 3631 1253 censi-

2031 1292 2186 1349 deret
2204 1336 2217 1358 ,
2242 1301 2294 1347 et
2317 1293 2551 1347 excutiat
2575 1335 2589 1358 ,
2628 1307 2695 1347 ne
2724 1291 2972 1347 videlicet
2998 1292 3281 1347 audiamus
3305 1295 3355 1345 in
3377 1291 3464 1347 die
3496 1291 3590 1345 illo
3617 1310 3633 1346 :

2036 1381 2340 1455 Hypocrita,
2376 1382 2499 1449 quid
2520 1383 2657 1437 vides
2688 1387 2931 1454 festucam
2959 1383 3011 1436 in
3037 1382 3186 1436 oculo
3213 1382 3389 1451 fratris
3414 1382 3489 1435 tui
3520 1423 3535 1446 ,
3578 1383 3632 1436 in

2033 1483 2120 1529 tuo
2155 1483 2323 1527 autem
2356 1474 2501 1528 oculo
2528 1474 2717 1528 trabem
2739 1490 2841 1528 non
2868 1474 3158 1528 consideras
3190 1470 3419 1543 (Matth.
3444 1467 3499 1527 1.
3530 1473 3633 1544 3)?

2034 1564 2245 1621 Etenim
2289 1564 2695 1635 liypocritarum
2726 1581 2860 1635 opus
2885 1573 2968 1621 est
2994 1606 3011 1631 ,
3055 1565 3267 1634 publice
3308 1563 3525 1635 quidem
3576 1573 3634 1619 et

2031 1656 2285 1710 omnibus
2313 1654 2617 1712 videntibus
2649 1657 2878 1711 osculari
2906 1671 3096 1711 manus
3132 1658 3507 1719 sacerdotum,
3536 1672 3634 1726 ge-

2032 1762 2135 1800 nua
2171 1755 2410 1817 tangere,
2444 1748 2765 1817 supplicare,
2791 1757 2846 1802 ut
2872 1762 2969 1818 pro
2996 1762 3055 1802 se
3084 1758 3259 1811 orent,
3291 1756 3345 1802 et
3367 1748 3635 1818 baptismo

2033 1837 2331 1909 indigentes
2371 1837 2436 1892 ad
2470 1838 2679 1893 illorum
2703 1839 2896 1908 januas
2924 1854 3174 1893 currere:
3202 1839 3347 1894 domi
3376 1847 3555 1894 autem
3580 1848 3635 1895 et

2031 1928 2083 1982 in
2102 1928 2220 1983 foro
2243 1937 2512 1984 tantorum
2536 1930 2802 1985 bonorum
2827 1931 2980 1985 nobis
2998 1942 3246 1985 auctores
3272 1940 3323 1985 et
3357 1931 3634 1987 ministros

2033 2019 2213 2073 multis
2241 2018 2457 2075 afficere
2478 2020 2710 2090 probris,
2730 2021 2811 2074 vel
2830 2020 3286 2075 conviciatorihus
3301 2020 3631 2075 consentire.

2032 2109 2183 2177 Quod
2216 2110 2261 2164 si
2293 2125 2421 2165 vere
2452 2111 2623 2165 malus
2644 2120 2727 2167 est
2755 2121 2941 2180 pater,
2973 2110 3246 2182 quomodo
3278 2110 3381 2166 fide
3409 2111 3632 2178 dignum

2032 2212 2186 2272 putas
2215 2211 2318 2256 tam
2354 2203 2668 2257 terribilium
2702 2215 3162 2259 sacramentorum
3193 2205 3497 2259 ministrum
3524 2205 3547 2258 ?
3576 2204 3633 2260 Si

2031 2303 2208 2349 autem
2246 2293 2353 2349 fide
2396 2294 2584 2365 dignus
2612 2295 2705 2350 tibi
2740 2295 2985 2350 minister
3010 2310 3132 2351 esse
3180 2294 3395 2351 videtur
3420 2337 3435 2362 ,
3468 2310 3637 2366 quare

2032 2377 2141 2433 fers
2171 2378 2304 2447 alios
2330 2379 2377 2432 ei
2405 2379 2807 2441 maledicentes,
2840 2389 3020 2433 etnon
3050 2380 3270 2434 obturas
3300 2394 3485 2434 eorum
3515 2395 3635 2445 ora,

2032 2483 2208 2538 neque
2238 2466 2593 2522 stomacharis
2613 2508 2627 2531 ,
2654 2483 2828 2539 neque
2853 2484 2996 2538 aegre
3031 2474 3170 2532 l'ers,
3212 2479 3270 2522 ut
3314 2478 3370 2524 et
3412 2468 3635 2523 multant

2033 2557 2266 2628 accipias
2294 2573 2322 2611 a
2356 2557 2464 2613 Deo
2482 2558 2812 2621 mercedem,
2842 2567 2896 2614 et
2925 2558 3134 2612 laudem
3156 2559 3225 2614 ab
3254 2557 3386 2628 ipsis
3413 2558 3638 2613 maledic

2032 2651 2147 2705 cis?
2187 2649 2320 2705 Nam
2356 2650 2479 2705 licet
2509 2658 2761 2706 sexcenta
2800 2651 3039 2707 convicia
3072 2651 3382 2721 proferant,
3417 2653 3638 2706 omnino

2032 2750 2212 2798 tamen
2243 2752 2291 2797 te
2324 2740 2616 2797 laudabunt
2639 2750 2698 2797 et
2721 2742 3169 2812 amplexabantur
3185 2742 3255 2796 ob
3277 2743 3546 2812 egregiam
3580 2743 3632 2795 in

2032 2842 2212 2905 patres
2246 2846 2665 2890 euram:contra
2693 2851 2822 2890 vero
2847 2834 2893 2889 si
2919 2833 3019 2890 hoc
3052 2850 3156 2889 non
3190 2834 3447 2889 faciamus
3470 2877 3482 2896 ,
3513 2851 3635 2889 om-

2032 2941 2129 2981 ncs
2149 2941 2247 2981 nos
2268 2926 2900 2992 condemnabunt,etiam
2931 2925 3003 2979 illi
3038 2926 3136 2994 ipsi
3164 2926 3254 2996 qui
3281 2925 3630 2979 maledicunt.

2032 3020 2112 3074 Ad
2137 3018 2252 3074 inec
2289 3020 2497 3074 accedit
2524 3018 2650 3073 illud
2682 3018 2851 3072 multo
2876 3018 3091 3088 gravius
3121 3059 3135 3083 ,
3165 3018 3309 3087 quod
3336 3029 3634 3071 extremam

2032 3110 2140 3165 illic
2163 3110 2665 3181 dabimustpaanam.
2691 3110 2825 3179 Quia
2858 3110 2985 3164 nihil
3014 3108 3237 3178 perinde
3257 3108 3335 3164 sic
3367 3108 3637 3163 Ecclesizts

2033 3202 2317 3259 labefactat
2351 3212 2514 3274 atque
2548 3204 2768 3257 morbus
2796 3203 2914 3257 ille:
2938 3212 2985 3257 et
3021 3204 3157 3257 sicut
3203 3218 3399 3271 corpus
3443 3218 3638 3256 nervo-

2033 3310 2152 3348 rum
2187 3294 2369 3349 dehita
2407 3293 2722 3349 habitudine
2765 3307 2957 3348 carens
2987 3294 3183 3347 multas
3215 3294 3382 3364 gignit
3412 3297 3632 3363 trgritu-

2032 3386 2216 3449 dines,
2241 3394 2295 3441 et
2324 3387 2487 3440 vitam
2514 3386 2638 3441 facit
2666 3385 2946 3439 molestam
2971 3403 2984 3439 :
3010 3385 3082 3438 ita
3114 3384 3357 3438 Ecclesia
3387 3399 3490 3437 non
3520 3385 3630 3440 cir-

2032 3480 2281 3535 cumdata
2314 3478 2436 3533 forti
2462 3480 2549 3533 illa
2571 3488 2623 3533 et
2647 3477 2868 3533 infracta
2899 3479 3135 3533 caritatis
3162 3486 3375 3544 eatena,
3403 3478 3638 3548 plurima

2034 3572 2261 3641 parturit
2289 3570 2452 3636 bella,
2486 3570 2616 3623 iram
2651 3570 2745 3624 Dei
2768 3576 2958 3639 auget,
2999 3578 3053 3623 et
3074 3570 3358 3622 multarum
3384 3569 3638 3622 tentatio-

2033 3677 2163 3717 num
2218 3670 2299 3716 est
2352 3662 2585 3716 occasio.
2635 3660 2711 3715 Ne
2758 3662 2917 3731 igitur
2971 3660 3085 3713 hare
3135 3661 3636 3729 contingant,neve

2038 3755 2204 3811 Deum
2235 3754 2622 3810 exacerbemus
2652 3795 2666 3818 ,
2701 3770 2768 3809 ne
2812 3766 2992 3809 nostra
3042 3769 3333 3824 augeamus
3366 3755 3501 3807 mala
3538 3797 3549 3819 ,
3585 3767 3638 3809 et

2034 3862 2248 3917 poenam
2306 3856 2507 3901 certam
2550 3845 3090 3915 indeclinabilemque
3137 3860 3534 3913 comparemus,
3563 3848 3641 3897 vi-

2036 3948 2253 4008 tamque
2303 3937 2442 3992 hanc
2491 3938 2671 3991 multis
2713 3938 2976 3991 molestiis
3026 3937 3365 4005 repleamus:
3401 3946 3638 3990 uestram

2035 4030 2102 4085 ad
2132 4030 2265 4085 bene
2297 4028 2622 4099 loquendum
2661 4029 2894 4098 linguam
2941 4027 3325 4081 transferentes
3350 4068 3365 4091 ,
3397 4035 3635 4079 nostram

2036 4122 2273 4193 ipsorum
2317 4122 2481 4175 vitam
2523 4120 2746 4190 singulis
2772 4120 2962 4173 diebus
2990 4118 3274 4189 diligenter
3302 4128 3635 4179 scrutemur;

2036 4214 2261 4266 aliorum
2293 4221 2468 4266 autem
2502 4213 2662 4265 vitam
2693 4215 2832 4279 ejus,
2866 4210 2954 4279 qui
2986 4210 3145 4263 etiam
3173 4210 3440 4279 incognita
3470 4223 3629 4262 accu-

2038 4315 2152 4361 rate
2178 4305 2324 4359 novit
2355 4347 2368 4368 ,
2396 4304 2597 4373 judicio
2631 4304 2994 4372 relinquentes
3023 4342 3036 4366 ,
3068 4302 3168 4370 ipsi
3207 4310 3387 4353 nostra
3422 4310 3641 4368 peccata

2039 4400 2373 4454 damnemus.
2397 4398 2468 4452 Ita
2503 4398 2655 4452 nobis
2681 4396 2937 4467 gehenna:
2966 4396 3143 4465 ignem
3177 4394 3356 4448 licebit
3382 4393 3639 4463 effugere.

2037 4490 2169 4545 Nam
2189 4492 2325 4543 sicut
2358 4490 2411 4552 ii,
2440 4489 2528 4558 qui
2560 4489 2611 4541 in
2641 4488 2832 4541 alienis
2860 4487 3124 4541 curiosius
3150 4485 3494 4555 explorandis
3527 4502 3640 4538 ma-

2044 4582 2108 4634 lis
2139 4581 2382 4650 occupati
2410 4588 2555 4643 sunt,
2583 4594 2804 4634 suarum
2835 4588 3178 4648 peccatorum
3212 4578 3414 4631 nullam
3441 4576 3644 4631 habent

2041 4673 2343 4727 rationem:
2379 4673 2448 4725 ita
2480 4673 2568 4742 qui
2611 4672 2680 4725 ab
2726 4671 2898 4724 aliena
2935 4672 3042 4724 vita
3075 4669 3411 4725 discutienda
3439 4669 3638 4721 abhor-

2040 4774 2179 4829 rent,
2214 4779 2457 4833 magnam
2482 4777 2700 4816 suorum
2730 4762 3049 4815 delictorum
3081 4762 3355 4816 habebunt
3380 4760 3642 4815 sollicitu-

2040 4860 2219 4914 dinem
2247 4877 2258 4911 :
2293 4868 2346 4913 et
2371 4858 2463 4928 qui
2488 4873 2582 4913 sua
2614 4857 2957 4911 considerant
2986 4856 3145 4921 mala,
3178 4855 3374 4925 illaque
3402 4854 3641 4922 quotidie

2040 4951 2351 5016 discutiunt,
2384 4966 2411 5002 a
2443 4950 2637 5019 seipsis
2666 4958 3021 5018 exposcentes
3048 4963 3235 5017 poenas
3256 4993 3269 5015 ,
3306 4949 3489 5003 mitem
3516 4959 3642 5002 tunc

2043 5046 2275 5101 habituri
2317 5054 2441 5098 sunt
2466 5045 2721 5113 judicent.
2761 5043 2812 5097 Id
2843 5043 2983 5111 quod
3028 5042 3224 5097 Paulus
3254 5042 3533 5097 declarans
3555 5041 3643 5095 di—

2020 5141 2226 5194 ‘cebat:
2266 5136 2399 5191 Nam
2423 5138 2467 5191 si
2500 5138 2730 5205 nosipsos
2748 5138 3099 5205 jttdicarenms
3130 5178 3143 5199 ,
3174 5153 3274 5189 non
3307 5146 3479 5203 utique
3495 5135 3648 5203 judb-

2042 5246 2275 5281 curentur
2294 5246 2324 5280 a
2350 5225 2567 5279 Domino
2591 5226 2637 5292 (l
2654 5267 2665 5279 .
2684 5224 2802 5281 Cor.
2828 5223 3034 5297 “.31).
3054 5224 3125 5280 Ut
3144 5234 3321 5279 autem
3352 5225 3495 5278 illum
3521 5239 3646 5279 scn-

2044 5323 2262 5377 tentiam
2300 5322 2616 5392 eiiugiamus
2647 5363 2662 5386 ,
2704 5322 2904 5376 relictis
2955 5322 3204 5375 omnibus
3246 5321 3402 5385 aliis,
3448 5334 3644 5389 magno

2045 5414 2221 5467 studio
2252 5415 2416 5467 vitam
2447 5425 2684 5467 nOstram
2709 5415 3098 5477 examincmns,
3131 5414 3463 5481 corrigamus
3493 5412 3640 5481 cogi-

2045 5507 2271 5561 tationes
2312 5505 2376 5558 ad
2423 5505 2747 5573 peccandum
2786 5506 3097 5559 inducentcs
3128 5546 3141 5567 ,
3171 5503 3553 5558 conscientiam
3578 5501 3643 5554 ad

2044 5598 2509 5663 compunctionem
2537 5596 2815 5652 flectamus
2838 5640 2851 5661 ,
2875 5606 3112 5649 actorum
3143 5594 3643 5648 nostrorunrr.ttio-

2045 5704 2160 5742 nem
2199 5698 2522 5757 repetamus.
2543 5685 2632 5744 Sic
2657 5689 2795 5743 enim
2819 5688 3111 5758 poterimus
3132 5686 3281 5741 facile
3303 5694 3640 5755 peccatortnn

2045 5782 2323 5835 exonerari
2356 5783 2563 5835 sarcina
2597 5824 2610 5845 ,
2646 5781 2810 5835 multa
2852 5781 3005 5835 venia
3050 5780 3183 5843 frui,
3220 5787 3647 5847 pra'sentetnque

2047 5877 2203 5932 simul
2228 5877 2387 5931 vitam
2427 5893 2547 5932 cum
2588 5877 2855 5946 voluptate
2900 5876 3258 5929 transmittere
3293 5915 3307 5939 ,
3339 5880 3395 5928 ct
3436 5871 3648 5942 assequi
