4228 6298
677 410 774 468 ιω
1400 404 1458 462 8.
1495 405 1777 464 JOANNIS
1809 407 1950 464 (ΣῑίΙί
1958 401 2274 464 γεοετοιίι

2384 401 2645 460 RCBIEP.
2685 402 3225 461 CONSTANTINOP.

3845 397 3952 452 208

675 515 812 570 bona
854 514 1029 572 futura
1064 534 1077 570 :
1107 517 1276 589 gratia
1315 528 1368 573 et
1414 519 1780 575 misericordia
1837 518 2048 575 Domini
2091 517 2258 572 nostri
2369 513 2592 586 Spiritui
2645 529 2834 575 sancto
2884 519 2952 574 sit
3004 518 3209 590 gloria,
3263 517 3316 574 iu
3363 515 3562 574 sarcula
3615 516 3981 572 seculorum.-

682 605 802 661 Iesu
847 607 1079 675 Christi;
1123 623 1419 684 pet-quem
1461 619 1518 666 et
1554 625 1677 666 cum
1711 626 1820 682 quo
1843 609 1989 666 Patri
2018 609 2174 665 simul
2201 619 2256 666 et
2365 614 2558 668 Amen.

2137 1206 2489 1271 MONtTUM

761 1413 947 1478 Hasce
971 1430 1078 1478 tres
1105 1422 1379 1491 bomilias,
1408 1437 1641 1494 quarum
1670 1425 1817 1494 prior
1854 1421 1909 1478 in
1937 1420 2090 1487 illud,
2128 1412 2354 1489 Propter
2385 1421 2792 1490 fornicationes,
2822 1429 2956 1486 etc.,
2985 1419 3153 1476 altera
3181 1420 3250 1478 de
3278 1420 3484 1477 Libelio
3503 1419 3742 1492 repudii,
3769 1422 3952 1487 tertia,

706 1558 901 1627 Quales
931 1559 1182 1616 (suade
1209 1561 1313 1614 sint
1341 1576 1551 1628 scores,
1579 1563 1768 1618 eodem
1794 1570 2034 1631 tempore
2059 1569 2458 1629 consequenter
2504 1560 2720 1616 habitas
2758 1559 2927 1616 fuisse
2952 1561 3311 1632 conspicuum
3339 1569 3442 1617 est.
3475 1559 3783 1615 Secundam
3805 1558 3956 1614 enim

705 1701 896 1771 paucis
923 1712 1042 1772 post
1065 1702 1292 1772 primam
1313 1701 1504 1759 diebus
1533 1705 1933 1774 pronuntiatam
1956 1703 2127 1758 fuisse
2151 1703 2298 1759 clare
2325 1702 2526 1758 dicitur
2552 1702 2710 1758 initio
2735 1721 2750 1758 :
2785 1702 2926 1774 Περὶ
2959 1702 3142 1774 γάμου
3174 1701 3393 1772 πρῴην,
3432 1698 3514 1755 De
3541 1699 3739 1768 nuptiis
3769 1711 3954 1766 nuper,

693 1835 891 1903 ‘id-est,
919 1838 1110 1909 paucis
1133 1846 1256 1895 ante
1277 1839 1507 1909 diebus;
1531 1841 1623 1896 ubi
1654 1840 1831 1896 locum
1858 1841 2037 1911 ipsum
2070 1839 2249 1909 Pauli,
2286 1838 2518 1912 PrOpter
2550 1841 2956 1912 fornicationes,
2987 1851 3120 1905 ete.,
3161 1852 3326 1909 quem
3361 1836 3416 1892 in
3441 1835 3610 1908 priori
3642 1834 3955 1905 explanan-

695 1972 836 2028 dum
861 1985 1192 2046 susceperat,
1221 1979 1288 2033 ad
1322 1978 1544 2034 verbum
1582 1979 1794 2051 repetit.
1820 1979 2060 2035 Tertiam
2094 1982 2211 2052 pari
2241 1981 2406 2038 modo
2432 1982 2618 2052 paucis
2649 1990 2775 2054 post
2795 1980 3093 2039 secundam
3124 1979 3318 2035 diebus
3359 1987 3604 2035 secutam
3653 1990 3780 2032 esse
3819 1973 3962 2029 indi-

709 2111 1402 2185 catChrysostomus,eum
1428 2117 1530 2174 sub
1555 2118 1768 2174 initium
1797 2120 1948 2186 dicit,
2000 2135 2061 2176 se
2107 2134 2300 2189 nuper,
2357 2119 2574 2192 πρώην,
2621 2120 2690 2176 de
2731 2120 2913 2175 libello
2957 2117 3170 2188 repudii
3211 2119 3454 2173 locutum
3490 2130 3630 2172 esse.
3681 2113 3740 2169 ln
3777 2113 3952 2183 prima

702 2248 890 2315 agitur
913 2251 1178 2319 pracipue
1205 2250 1272 2306 de
1296 2252 1522 2321 nuptiis,
1557 2268 1667 2323 quo
1697 2263 1854 2326 pacto
1885 2256 2092 2312 scilicet
2115 2257 2498 2314 contrahenda:
2521 2255 2670 2313 sint:
2711 2255 2891 2326 deque
2925 2254 3162 2311 vitandis
3203 2253 3609 2316 saltationibus,
3661 2247 3959 2321 tripudiis,

689 2380 989 2438 "obscenis
1010 2385 1260 2442 cantibus
1289 2386 1462 2442 solitis
1485 2385 1912 2458 bymenaorum,
1947 2405 2069 2462 qua
2099 2393 2288 2450 omnia
2314 2409 2532 2466 sponsae
2558 2395 2798 2450 castitati
2828 2394 2994 2450 noxia
3018 2407 3141 2448 esse
3170 2399 3421 2463 possunt.
3457 2389 3739 2446 lnrebitur
3771 2396 3963 2457 postea

704 2523 1139 2597 Chrysostomus
1162 2533 1216 2586 in
1244 2546 1362 2599 eos,
1388 2533 1483 2604 qui
1511 2533 1674 2589 etiam
1703 2541 1826 2604 post
1869 2534 2063 2589 initum
2106 2494 2530 2590 matrimonium;
2565 2544 2748 2589 scorta
2796 2533 2948 2588 adire
2999 2549 3107 2588 non
3155 2539 3418 2590 cessant:
3471 2545 3536 2586 ac
3571 2530 3964 2587 nonnullorum

708 2671 1027 2741 opinionem
1059 2669 1238 2728 evellit
1257 2673 1350 2743 qui
1381 2673 1644 2743 putabant
1672 2673 1980 2729 adulterum
2016 2688 2124 2727 non
2157 2686 2279 2728 esse
2310 2671 2702 2742 coniugatum,
2728 2672 2824 2741 qui
2865 2686 2990 2726 cum
3039 2671 3210 2726 libera
3252 2678 3608 2726 seortaretur.
3635 2668 3694 2724 lu
3724 2669 3967 2726 secunda

720 2814 790 2870 de
823 2815 1002 2872 libello
1032 2815 1242 2886 repudii
1277 2823 1559 2881 tractatur,
1595 2823 1650 2870 et
1679 2823 1870 2870 contra
1900 2813 2294 2870 bodiernorum
2327 2812 2644 2869 Grzcorum
2680 2810 3008 2867 sententiam
3041 2819 3096 2866 et
3135 2825 3297 2866 usum
3333 2810 3619 2877 statuitur,
3651 2824 3761 2865 non
3799 2810 3969 2866 licere

719 2954 1001 3010 mulierem
1030 2955 1247 3021 ducere,
1276 2953 1438 3008 etiam
1473 2966 1573 3021 pro
1595 2967 1762 3008 causa
1782 2949 2034 3007 adulterii
2066 2949 2428 3021 repudiatam.
2453 2947 2652 3004 Tertiae
2698 2959 3082 3020 argumentum
3133 2949 3314 3018 prodit
3358 2950 3476 3020 ipse
3511 2949 3702 3004 titulus
3723 2991 3738 3014 ,
3769 2949 3972 3015 Quales

715 3098 966 3154 ducenda
997 3097 1102 3152 sint
1134 3112 1320 3151 mres
1348 3111 1367 3150 :
1400 3111 1524 3151 nam
1554 3110 1650 3166 per
1684 3104 1870 3151 totam-
1895 3093 2216 3151 concionem
2252 3093 2431 3163 agitur
2479 3092 2545 3148 de.
2585 3105 2802 3162 sponsae
2837 3089 3032 3146 futurze
3083 3091 3331 3146 moribus
3377 3089 3726 3161 explorandis
3758 3099 3812 3145 et
3858 3090 3965 3146 ad-

699 3241 1011 3308 »discendis,
1040 3247 1330 3311 antequam
1361 3236 1675 3310 coniugium
1712 3237 1943 3292 ineatur.

1581 3849 1727 3926 DE
1773 3854 2160 3926 VERBIS
2202 3850 2470 3924 ILLIS
2526 3847 3081 3931 APOSTOLI,

789 4021 1078 4068 raorrua
1121 4016 1620 4072 FOIINI'TA‘I‘IONES
1664 4022 1884 4071 sumat
1929 4021 2366 4077 u’nusomsouc
2409 4019 2576 4065 sum
2619 4018 2889 4063 uxorum
2936 4016 3190 4060 naucu-
3237 3996 3257 4075 (
3293 3997 3347 4056 1.
3383 3995 3429 4057 C
3437 4011 3540 4054 or:
3564 3995 3626 4052 7.
3664 3995 3748 4075 2)
3797 3995 3898 4064 (η).

1736 4176 2184 4188 ——_—

757 4269 808 4324 i.
839 4267 918 4323 Ad
957 4268 1130 4324 mellis
1165 4268 1338 4324 fontes
1367 4268 1527 4323 etiam
1558 4267 1718 4324 hodie
1761 4268 1920 4323 statui
1963 4282 2061 4320 vos
2097 4265 2265 4321 dedu-

682 4375 828 4426 cere,
855 4361 1030 4416 mellis
1054 4361 1195 4430 quod
1215 4361 1483 4416 fastidium
1505 4376 1791 4432 numquam
1816 4361 1971 4431 parit.
2000 4359 2277 4430 Ejusmodi

685 4465 916 4522 namque
941 4450 1087 4507 Pauli
1117 4453 1399 4507 verborum
1429 4463 1511 4508 est
1532 4463 1720 4508 natura
1748 4471 1762 4516 :
1793 4463 1847 4509 et
1871 4468 2001 4508 vero
2029 4453 2275 4524 quicum-

681 4558 786 4613 que
805 4558 899 4598 sua
918 4545 1078 4600 corda
1105 4544 1348 4602 laticibus
1368 4561 1434 4600 ex
1455 4544 1538 4600 his
1563 4545 1796 4601 fontibus
1817 4545 2022 4602 haustis
2045 4545 2272 4616 replent,

682 4649 779 4704 per
815 4633 1072 4705 Spiritum
1116 4647 1357 4692 sanctum
1403 4637 1738 4708 loquuntur:
1785 4636 1893 4691 imo
1934 4652 2062 4692 vero
2102 4637 2277 4692 mellis

682 4725 931 4779 virtutem
974 4726 990 4758 ¹
1023 4727 1182 4781 etiam
1230 4742 1444 4784 onmem
1495 4736 1784 4797 exsuperat
1841 4742 2113 4783 sacrorum
2159 4729 2274 4784 elo-

682 4817 929 4886 quiorum
958 4819 1223 4889 voluptas.
1255 4821 1428 4890 Atque
1466 4821 1568 4876 hoc
1612 4830 1670 4875 ut
1708 4819 1969 4876 indicaret
2017 4821 2275 4892 propheta

677 4908 894 4964 dicebat
923 4908 1134 4976 :‘Quam
1161 4911 1332 4966 dulcia
1359 4913 1590 4984 faucibus
1616 4914 1740 4968 meis
1765 4913 1968 4983 eloquia
1994 4923 2102 4980 tua,
2126 4931 2277 4985 super

685 4999 785 5053 met
804 5001 880 5053 ori
904 5017 1012 5054 meo
1043 4999 1213 5074 (Psal.
1250 5003 1373 5060 118.
1411 5003 1552 5068 105).
1584 5003 1768 5074 Neque
1809 5020 1938 5060 vero
1967 5005 2122 5060 melle
2151 5004 2273 5059 dul-

685 5089 798 5144 cior
821 5099 1045 5157 tantum,
1075 5092 1167 5146 sed
1197 5101 1250 5147 et
1276 5108 1410 5148 auro
1448 5110 1510 5149 ac
1552 5094 1734 5164 lupillo
1761 5096 1949 5165 quovis
1972 5097 2273 5164 pretiosior,

684 5191 737 5234 et
767 5195 988 5251 argento
1016 5186 1196 5253 purior
1223 5197 1305 5241 est
1335 5188 1576 5258 voluptas
1605 5187 1936 5257 eloquiorum
1969 5205 2270 5244 sacrorum.

689 5273 903 5342 Eloquia
928 5275 1122 5345 quippe
1153 5275 1378 5343 Domini,
1426 5279 1625 5347 eloquia
1666 5289 1828 5344 casta,
1873 5289 2133 5348 argentum
2162 5281 2278 5348 igne

687 5368 1046 5432 examinatum,
1068 5369 1329 5437 probatum
1348 5380 1513 5434 terrae,
1530 5380 1798 5440 purgatum
1814 5369 2272 5441 septuplum(Psul.

686 5457 1150 5527 11.7).Propterca
1164 5460 2277 5531 quoquedicebatetsapicnsquidam~Com-

685 5549 830 5602 edere
860 5551 955 5601 met
981 5552 1193 5604 multum
1228 5568 1326 5604 non
1347 5551 1530 5607 bonum
1557 5553 1841 5607 :Itonorare
1877 5564 2044 5607 autem
2084 5567 2274 5624 oportet

750 5686 764 5712 ι
801 5689 946 5738 Unus,
973 5681 1273 5744 voluptatem.

685 5745 821 5868 ἨξίΞῖ
1072 5759 1182 5796 cum
1217 5748 1463 5798 Codicibus
1501 5747 1789 5801 Colbertinis
1833 5752 1924 5801 970
1973 5752 2120 5812 {nunc
2159 5759 2274 5814 Reg.

803 5842 816 5868 ι
848 5841 893 5857 ’να
921 5841 936 5857 Δ
951 5841 1058 5864 1¹Ἧιο

2187 4149 2450 4204 θῶῶθθ

2455 4159 2912 4174 ________

2383 4277 2632 4316 sermones
2658 4260 2904 4331 gloriosos
2926 4256 3106 4324 (Prov.
3126 4254 3218 4311 35.
3248 4255 3364 4322 27).
3397 4254 3530 4308 Nam
3561 4269 3623 4308 ex
3651 4255 3742 4308 illo
3767 4253 3992 4324 quidem

2385 4352 2627 4415 morbus,
2657 4365 2762 4420 quo
2787 4364 3055 4411 caremus,
3086 4362 3230 4415 smpe
3267 4345 3534 4416 gignitur;
3575 4346 3764 4398 borum
3806 4357 3991 4403 autem

2384 4457 2546 4512 opera
2588 4451 2644 4496 et
2694 4441 2934 4510 corporis
2975 4437 3384 4509 aegritudinem,
3441 4450 3542 4505 qua
3583 4444 3855 4502 tenemur,
3889 4436 3989 4492 de-

2384 4548 2581 4604 ponere
2635 4545 2918 4600 possumus
2960 4548 2973 4584 :
3020 4540 3076 4585 et
3119 4528 3227 4583 mel
3269 4527 3486 4598 quidem
3541 4526 3593 4580 in
3637 4527 3994 4582 concoctione

2383 4623 2764 4694 corrumpitur,
2789 4636 2938 4676 sacra
2959 4636 3088 4675 vero
3108 4619 3318 4689 eloquia
3340 4633 3460 4673 cum
3489 4617 3684 4671 fuerint
3703 4627 3990 4682 concocta,

2386 4727 2495 4772 tum
2519 4714 2834 4786 jucundiora
2866 4713 2996 4766 ﬁunt
3020 4722 3073 4766 et
3109 4712 3319 4765 utiliora
3349 4725 3468 4764 cum
3497 4709 3622 4774 illis,
3651 4710 3738 4779 qui
3767 4725 3828 4762 ea
3860 4724 3991 4778 pos-

2384 4807 2580 4874 sident,
2617 4816 2726 4860 tum
2758 4805 2875 4859 aliis
2905 4802 3108 4858 multis.
3159 4803 3238 4856 Ac
3283 4816 3462 4856 mensa
3495 4801 3709 4871 quidem
3741 4801 3992 4858 sensibus

2382 4900 2621 4970 subjecta
2651 4899 2777 4953 dum
2806 4897 3006 4951 aﬂatim
3043 4894 3306 4965 quispiam
3351 4893 3566 4957 fruitur,
3599 4893 3642 4948 si
3685 4892 3881 4948 deinde
3925 4893 3988 4947 il-

2384 4991 2490 5044 line
2514 5000 2780 5043 saturatus
2812 4996 3000 5048 ructet,
3033 4983 3351 5054 iniucundus
3395 4983 3452 5038 ﬁt
3481 4985 3530 5038 ei
3559 4983 3649 5054 qui
3678 4983 3828 5037 illum
3856 4999 3988 5039 con-

2383 5082 2523 5136 vivio
2553 5081 2796 5149 excepit:
2831 5078 2874 5132 si
2901 5093 3030 5134 vero
3051 5075 3308 5145 spirituali
3331 5075 3570 5129 doctrina
3595 5076 3839 5143 expletus
3863 5093 3990 5132 eru-

2383 5182 2510 5236 ctet,
2542 5171 2764 5226 multum
2800 5185 3019 5225 suavem
3049 5168 3270 5222 odorem
3298 5165 3540 5220 dimindit
3577 5166 3630 5219 in
3652 5168 3990 5235 proximum,

2387 5261 2548 5317 David
2589 5261 2802 5331 quidem
2835 5270 2981 5315 certe
3020 5273 3140 5312 cum
3186 5257 3266 5312 his
3307 5257 3533 5329 dapibus
3571 5273 3629 5312 se
3678 5257 3990 5327 frequenter

2384 5355 2644 5422 expleret,
2665 5352 2872 5406 (licebat
2905 5369 2916 5403 :
2952 5350 3212 5404 Eructavit
3241 5366 3326 5402 cor
3366 5365 3531 5402 meum
3560 5350 3764 5402 verbum
3801 5349 3992 5403 bonum

2386 5445 2557 5517 (Psal.
2589 5446 2673 5499 ti.
2701 5443 2782 5511 ‘2).
2811 5443 2943 5498 Nam
2973 5452 3025 5497 et
3052 5443 3248 5496 malum
3285 5443 3504 5496 verbum
3553 5456 3836 5510 possumus
3865 5459 3993 5497 eru-

2385 5548 2549 5590 ctare.
2586 5536 2650 5590 Et
2696 5534 3146 5603 quemadmodum
3195 5534 3245 5586 in
3295 5533 3393 5587 hac
3435 5532 3616 5587 scnsih
3665 5547 3848 5586 mensa
3891 5550 3992 5602 pro

2383 5627 2691 5681 conditione
2734 5626 3053 5679 cibariorum
3097 5624 3404 5693 qualitatem
3445 5639 3650 5686 eorum,
3698 5640 3819 5693 qua:
3861 5640 3990 5679 eru-

2385 5726 2618 5780 ctzmtur,
2650 5717 2917 5770 cernuus
2940 5731 3199 5784 apparere
3231 5732 3242 5768 :
3274 5716 3349 5767 sic
3373 5715 3618 5769 nimirum
3643 5729 3687 5767 ρ’
3715 5718 3763 5766 in
3791 5714 3990 5770 virtute

2390 5810 2701 5872 verborum,
2725 5807 2967 5874 qualibus
2990 5818 3296 5875 pascuntur,
3328 5807 3446 5860 talia
3477 5808 3715 5878 plerique
3740 5806 3990 5861 homines
