4228 6298
152 271 252 327 209

150 382 305 438 etiam
326 392 608 439 eructant.
645 382 887 453 Exempli
911 396 1096 446 causa,
1128 383 1173 438 si
1200 382 1253 439 in
1278 380 1543 436 theatrum
1572 393 1763 434 ascen-

151 472 313 533 deris.
347 484 406 527 et
433 475 778 530 meretricias
804 474 1103 530 cantilenas
1126 473 1419 537 audiveris,
1450 472 1571 527 talia
1604 470 1762 541 plane

150 563 302 618 verba
330 564 384 629 in
417 566 733 627 proximum
759 566 921 620 etiam
951 565 1220 621 eructabis
1258 582 1272 619 :
1300 563 1445 633 quod
1475 564 1521 618 si
1561 562 1627 617 ad
1666 575 1760 617 ec-

150 655 369 710 clesiam
403 656 643 712 veniens
682 658 972 726 spiritualis
1013 656 1278 727 particeps
1308 656 1471 711 fueris
1497 654 1761 722 lectionis,

146 747 411 815 ejusmodi
444 733 614 804 erunt
637 748 798 803 etiam
830 764 950 820 qua:
974 749 1258 805 eructabis.
1294 749 1585 818 Propterea
1627 761 1761 816 quo-

147 855 247 910 que
271 840 498 896 dicebat
524 841 812 913 propheta,
842 839 1106 896 Eructavit
1132 856 1222 894 cor
1255 857 1417 893 meum
1444 839 1646 893 verbum
1674 839 1763 891 bo-

150 949 283 997 num,
312 940 373 987 ut
400 948 619 989 mensae
662 938 842 1003 dapes,
896 948 998 1004 qua
1043 932 1315 987 frurbatur
1342 945 1573 1000 semper,
1607 928 1763 983 nobis

148 1022 480 1079 ostenderet.
535 1022 650 1078 Hoc
696 1024 859 1079 etiam
910 1024 1191 1089 incitatus,
1239 1037 1339 1076 nos
1384 1020 1763 1074 cohortabatur

150 1114 227 1170 his
254 1116 437 1171 verbis
470 1125 631 1172 utens
663 1115 859 1171 Paulus
891 1134 905 1170 :
941 1114 1121 1170 Omnis
1159 1130 1324 1169 sermo
1372 1112 1538 1168 malm
1580 1128 1645 1167 ea:
1673 1128 1761 1166 ore

146 1218 303 1263 vestra
331 1226 438 1265 non
465 1209 732 1283 procedat,
760 1209 850 1263 sed
873 1209 1048 1280 siquis
1070 1207 1233 1262 bonus
1254 1206 1419 1279 (Eph.
1461 1207 1511 1261 4.
1550 1204 1663 1278 29).
1691 1206 1758 1261 Et

147 1304 264 1371 quis
287 1312 374 1358 est
413 1303 633 1369 malus,
668 1301 813 1358 dicet
856 1300 1091 1372 aliquis?
1137 1300 1194 1357 Si
1245 1299 1443 1355 bonum
1482 1298 1753 1366 didiceris,

148 1401 257 1447 tum
283 1394 451 1449 etiam
484 1392 691 1449 malum
720 1392 885 1456 scies,
924 1406 1049 1447 nam
1080 1392 1147 1447 ad
1174 1391 1573 1447 distinctionem
1616 1390 1757 1446 illius

148 1480 286 1539 hunc
314 1482 527 1552 posuit.
548 1483 681 1552 Quis
709 1499 837 1556 ergo
868 1484 1041 1540 bonus
1065 1483 1157 1550 sit,
1180 1497 1287 1539 non
1318 1483 1419 1539 erit
1443 1496 1581 1554 opus
1608 1492 1663 1536 ut
1689 1497 1754 1537 ex

147 1589 232 1632 me
253 1574 439 1631 discas
470 1594 487 1631 :
536 1576 652 1647 ipse
679 1577 878 1648 quippe
904 1575 1061 1632 nobis
1092 1576 1211 1645 ejus
1238 1585 1483 1630 naturam
1514 1573 1757 1631 declara-

148 1665 237 1719 vit.
268 1665 408 1721 Cum
443 1667 596 1724 enim
640 1668 883 1731 dixisset,
929 1667 994 1724 Si
1036 1668 1150 1738 quis
1191 1666 1371 1735 bonus,
1417 1666 1633 1738 adjecit,
1674 1666 1757 1723 Ad

144 1755 542 1826 ediﬁcstionem
563 1756 806 1814 Ecclesia
824 1757 1037 1831 (Ibit),
1066 1758 1262 1814 bonum
1289 1773 1412 1813 eum
1429 1773 1551 1814 esse
1568 1768 1752 1814 osten—

146 1848 296 1913 dens,
338 1850 433 1921 qui
466 1851 697 1906 aediﬁcat
739 1850 1061 1921 proximum.
1105 1848 1178 1907 Ut
1223 1851 1384 1921 igitur
1428 1850 1475 1905 is
1502 1850 1591 1922 qui
1618 1850 1753 1905 mdi-

148 1939 300 2006 licet,
342 1939 528 1996 bonus
552 1950 636 1997 est
678 1941 799 1998 :ita
840 1940 930 2013 qui
965 1940 1215 2010 destruit,
1254 1940 1426 1997 malus
1463 1949 1518 1997 et
1556 1955 1754 2012 pravus

146 2039 244 2083 εει.

212 2120 423 2195 Lingua
444 2124 700 2196 σιοηιοάο
719 2125 1013 2181 coercenda.
1042 2157 1114 2169 —
1140 2118 1291 2182 Et'tu
1319 2127 1496 2197 igitur,
1513 2125 1753 2183 dilectis-

146 2214 297 2281 sime,
330 2215 380 2271 si
409 2217 632 2287 quidem
657 2218 763 2274 tale
787 2219 914 2290 quid
948 2219 1189 2289 proferre
1229 2220 1423 2290 possis,
1462 2218 1606 2290 quod
1634 2234 1751 2275 me-

148 2305 329 2361 liorem
358 2307 595 2364 reddere
625 2311 794 2379 possit
820 2310 1143 2377 auditorem,
1176 2326 1244 2365 ne
1274 2310 1509 2367 retineas
1530 2310 1751 2366 verbum

147 2399 195 2451 iu
224 2408 475 2471 tempore
501 2401 690 2457 salutis
718 2420 732 2456 :
761 2403 903 2473 quod
948 2404 991 2459 si
1042 2403 1171 2459 nihil
1215 2404 1321 2458 tale
1358 2413 1627 2475 suppetat,
1656 2403 1751 2459 sed

145 2504 303 2559 prava
346 2501 560 2548 tantum
587 2503 642 2550 et
676 2504 928 2565 corrupta
957 2496 1143 2560 verba,
1179 2504 1317 2563 tace,
1357 2512 1423 2551 ne
1451 2498 1752 2566 proximum

148 2596 381 2638 censes.
422 2582 525 2644 Hic
548 2586 693 2639 enim
725 2586 898 2640 malus
918 2595 1003 2642 est
1029 2601 1231 2651 sermo,
1259 2602 1361 2642 nec
1398 2587 1629 2643 aediﬁcat
1653 2603 1751 2643 au-

146 2670 403 2740 dientem,
433 2674 531 2731 sed
557 2676 839 2732 subvertit.
870 2677 995 2732 Sive
1019 2678 1162 2731 enim
1188 2677 1267 2732 illi
1298 2693 1441 2733 cura:
1460 2678 1532 2733 sit
1560 2679 1748 2746 virtus,

147 2761 197 2817 iu
235 2766 547 2834 superbiam
597 2768 792 2837 saepius
820 2767 1083 2823 eﬂ‘ertur:
1124 2769 1239 2825 sive
1280 2770 1351 2825 sit
1382 2769 1619 2840 ignavus,
1651 2785 1751 2826 no-

145 2853 432 2925 gligentior
450 2856 658 2913 evadit.
700 2857 757 2914 Si
800 2867 953 2929 turpe
992 2859 1297 2929 prolaturus
1325 2860 1399 2914 sis
1426 2860 1650 2915 verbum
1679 2874 1744 2915 ac

145 2944 452 3015 ridiculum,
477 2955 617 3005 tace.
645 2948 777 3006 Nam
818 2959 874 3008 et
896 2950 986 3007 hic
1014 2950 1187 3009 malus
1210 2960 1294 3008 est
1328 2966 1533 3021 sermo,
1561 2968 1671 3024 quo
1696 2963 1751 3010 et

145 3035 188 3089 is
214 3037 305 3106 qui
331 3036 491 3103 dicit,
518 3048 574 3095 et
613 3040 659 3096 is
694 3041 785 3113 qui
826 3042 975 3098 audit
1012 3042 1322 3099 lasciviores
1350 3043 1664 3114 redduntur,
1695 3054 1751 3101 et

144 3125 193 3179 in
215 3142 541 3200 unoquoque
568 3145 752 3200 pravae
792 3132 1027 3188 libidinis
1069 3132 1491 3189 inﬂammantur.
1539 3133 1610 3191 Ut
1651 3134 1750 3205 igi-

144 3228 226 3273 tur
251 3220 391 3291 ignis
408 3222 723 3279 alimentum
749 3223 888 3294 ligna
916 3233 1041 3280 sunt
1066 3233 1122 3280 et
1145 3236 1437 3293 sarmenta,
1469 3228 1542 3283 ita
1570 3243 1747 3298 prava:

140 3312 494 3382 cogitationes
523 3315 698 3372 verbis
741 3317 978 3372 aluntur.
1017 3317 1221 3375 idcirco
1265 3335 1370 3374 non
1408 3321 1588 3377 omnia
1627 3338 1748 3391 qua:

143 3413 316 3461 mente
343 3421 651 3476 versamus,
682 3410 903 3465 omnino
934 3410 1109 3482 eloqui
1146 3426 1247 3466 nos
1270 3420 1484 3483 oportet
1509 3432 1522 3467 :
1555 3416 1649 3470 sed
1678 3431 1745 3471 ex

142 3494 250 3564 ipsa
281 3508 465 3557 mente
494 3516 686 3571 pravas
722 3503 1045 3574 cupiditates
1069 3519 1391 3577 omnemque
1418 3508 1618 3564 foedam
1648 3524 1744 3565 co-

141 3588 449 3657 gitationem
476 3593 757 3651 eliminare
795 3596 1119 3652 studendum
1153 3606 1255 3653 est.
1279 3598 1432 3667 Quod
1459 3600 1503 3655 si
1531 3601 1746 3671 quando

144 3680 289 3736 nobis
315 3697 417 3739 nec
446 3685 788 3754 Opinantibus
810 3696 994 3758 turpes
1036 3676 1351 3760 irrepserint
1379 3692 1744 3748 ratiocinatio-

144 3786 253 3838 nes,
276 3788 571 3846 numquam
597 3793 690 3833 eas
720 3778 901 3849 lingua
934 3780 1243 3847 efferamus,
1277 3784 1371 3838 sed
1397 3785 1610 3841 silentio
1629 3787 1741 3843 suf-

144 3860 394 3920 iocemus.
438 3867 573 3923 Nam
608 3878 665 3924 et
697 3870 888 3926 bello-.e
930 3886 993 3927 ac
1022 3883 1303 3944 serpentes
1350 3874 1396 3931 si
1430 3878 1643 3947 quando
1688 3880 1742 3935 in

140 3955 331 4014 fossam
360 3960 679 4031 inciderint,
725 3973 781 4020 et
808 3965 1011 4022 exitum
1037 3967 1324 4037 quemdam
1349 3986 1561 4025 sursum
1596 3972 1744 4028 inve-

140 4052 344 4117 nerint,
401 4054 788 4123 ascendentes,
838 4057 1129 4115 ferociores
1175 4052 1441 4127 evadunt;
1500 4063 1641 4132 quod
1695 4065 1741 4119 si

138 4140 386 4199 deorsum
433 4146 701 4203 conclusa:
742 4158 1001 4220 perpetuo
1045 4154 1355 4219 manserint,
1395 4156 1540 4211 onmi
1580 4156 1740 4213 modo

140 4234 435 4302 perduntur’
473 4238 631 4295 facile
657 4249 819 4310 atque
848 4234 1285 4300 exterminantur
1313 4264 1325 4300 :
1359 4249 1437 4302 sic
1484 4249 1736 4305 nimirum

140 4333 186 4379 et
214 4342 393 4394 pravae
425 4331 798 4400 cogitationes,
828 4334 872 4389 si
899 4335 1115 4405 quidem
1146 4337 1381 4408 aliquem
1414 4355 1511 4409 per
1543 4355 1604 4396 os
1642 4357 1739 4397 no-

139 4425 301 4472 strum
360 4421 565 4476 exitum
629 4424 1008 4481 nanciscantur
1106 4428 1415 4484 interiorem
1464 4430 1735 4486 ﬂammam

140 4510 430 4566 accendunt
459 4530 474 4566 :
506 4513 591 4567 sin
620 4524 797 4569 autem
816 4531 925 4571 .eas
954 4532 1053 4588 per
1080 4519 1351 4575 silentium
1381 4523 1731 4589 concluseris,

141 4600 510 4659 imbecilliores
539 4605 693 4670 fiunt,
716 4616 770 4663 et
794 4616 1064 4679 tamquam
1093 4610 1233 4667 fame
1254 4612 1513 4669 confecta:
1538 4631 1635 4685 per
1662 4616 1736 4669 si-

140 4692 378 4760 lentium,
407 4698 657 4752 celeriter
686 4698 739 4753 in
769 4710 950 4756 mente
991 4703 1315 4759 moriuntur.
1350 4706 1532 4776 itaque
1561 4708 1603 4761 si
1628 4723 1731 4778 qua

140 4792 187 4838 te
213 4787 462 4856 cogitatio
495 4788 664 4859 turpis
684 4783 920 4857 invadat,
963 4808 1137 4863 neque
1170 4804 1327 4864 turpe
1354 4797 1575 4852 verbum
1617 4800 1733 4854 elo-

136 4878 327 4944 quaris,
378 4879 540 4933 etiam
582 4881 925 4950 cupiditatem
964 4885 1295 4956 exstingues.
1344 4886 1457 4941 Non
1504 4897 1590 4947 est
1636 4887 1729 4943 tibi

137 4981 281 5023 mens
308 4969 551 5026 munda?
579 4970 779 5035 Saltem
820 4974 1076 5030 mundum
1114 4976 1295 5041 sitos,
1346 4994 1518 5049 neque
1558 4981 1725 5037 lutum

138 5056 268 5114 loras
293 5060 500 5129 ejicias,
532 5077 601 5117 ne
622 5072 678 5118 et
713 5064 875 5119 alium
920 5074 977 5121 et
1024 5076 1076 5122 te
1115 5067 1288 5138 ipsum
1314 5068 1574 5126 offendas.
1608 5070 1726 5128 Non

138 5148 267 5204 enim
287 5151 362 5206 illi
391 5160 597 5207 tantum
617 5154 707 5224 qui
726 5153 929 5221 dicunt,
961 5157 1055 5212 sed
1078 5159 1238 5213 etiam
1266 5160 1341 5216 illi
1365 5163 1453 5233 qui
1479 5163 1723 5231 audiunt,

141 5241 316 5296 multas
339 5243 665 5300 contrahunt
687 5245 899 5314 sordes,
926 5247 1051 5302 dum
1080 5248 1170 5305 alii
1200 5252 1371 5321 turpia
1410 5253 1720 5323 loquuntur.

138 5330 411 5402 Propterea
436 5335 710 5393 cohortari
740 5346 797 5393 et
833 5341 1119 5396 consulere
1148 5356 1252 5396 non
1284 5343 1494 5412 desino,
1529 5354 1590 5400 ut
1617 5362 1722 5403 non

135 5423 293 5480 solum
318 5429 386 5483 ab
413 5428 677 5499 ejusmodi
704 5431 884 5487 verbis
919 5431 1226 5501 ell‘erendis,
1258 5435 1352 5490 sed
1382 5439 1567 5502 etiam,
1593 5437 1721 5495 dum

135 5518 193 5572 ab
217 5522 331 5576 aliis
349 5523 663 5589 eﬁ'cruntur,
707 5525 986 5581 audiendis
1030 5527 1415 5595 abstineamus,
1445 5538 1499 5585 et
1527 5532 1721 5588 divina:

136 5606 225 5677 ιιταὶ
252 5626 464 5683 semper
492 5614 692 5670 addicti
722 5616 909 5672 simus.
940 5618 1040 5685 Qui
1067 5618 1211 5675 enim
1242 5618 1505 5690 ejusmodi
1536 5623 1714 5689 fuerit,

136 5697 307 5761 huius
345 5720 375 5760 a
421 5705 684 5778 propheta
727 5708 1091 5780 praedicatur:
1141 5710 1327 5769 Beatus
1351 5713 1457 5781 vir,
1499 5722 1589 5789 qui
1617 5736 1719 5775 Itott

870 269 939 327 XN
978 269 1206 337 lLLUD,
1246 268 1567 326 PROPTER
1607 262 2151 326 FUR'NICATIONES
2190 268 2505 339 UXOREM,
2546 267 2697 326 ETC.
2738 268 2781 325 1.

3368 268 3485 328 210

1880 379 2003 431 abii:
2044 380 2095 434 in
2135 382 2348 436 consilio
2393 383 2686 453 impiorum,
2719 390 2765 437 et
2805 381 2857 436 in
2900 381 2982 437 ria
3011 391 3333 454 peccatorum
3378 400 3481 438 non

1878 480 2031 533 stent,
2065 474 2185 526 etin
2220 472 2465 527 cathedra
2491 473 2793 544 pestilentia
2819 488 2920 527 non
2948 471 3080 526 sedit
3106 474 3235 527 :sed
3280 474 3332 527 in
3371 474 3481 545 lege

1877 560 2088 615 Domini
2116 564 2357 618 voluntas
2373 565 2504 634 ejus,
2533 573 2579 619 et
2614 564 2665 619 in
2691 564 2802 635 lege
2824 565 2935 634 ejus
2961 564 3283 619 meditabitur
3313 565 3395 619 die
3418 581 3481 619 ac
3586 556 3595 563 ’

1875 664 2017 708 nocte
2043 651 2214 727 (Psal.
2243 655 2293 710 1.
2321 655 2370 710 1.
2393 654 2477 726 2).

1944 742 2001 798 2.
2032 748 2208 816 Atque
2247 746 2298 799 in
2333 745 2571 816 profanis
2589 744 2807 817 quidem
2838 746 3212 814 conventibus,
3234 746 3337 802 etsi
3376 744 3478 801 ali-

1872 835 1999 905 quid
2042 835 2271 891 fortasse
2298 837 2421 892 boni
2450 837 2738 907 aliquando
2766 838 2984 906 dicitur,
3016 839 3105 895 vix
3137 850 3314 894 tamen
3342 841 3481 895 inter

1871 928 2035 982 multa
2060 943 2220 998 prava
2248 945 2411 984 unum
2435 928 2706 1002 quidpiam
2732 931 2959 1001 probum
2983 929 3222 1002 plerique
3247 930 3479 1001 loquun-

1872 1026 1955 1073 tur
1984 1036 1998 1073 :
2029 1020 2156 1074 dum
2201 1006 2593 1077 autemsacra:
2638 1021 2888 1093 leguntur
2930 1021 3261 1094 Scriptum,
3316 1021 3478 1093 plane

1866 1113 2193 1166 contrarium
2216 1113 2429 1168 evenit:
2454 1113 2655 1169 nullum
2679 1128 2984 1168 sermonem
3017 1128 3242 1183 pravum
3264 1114 3498 1181 audies,

1865 1215 2053 1257 omnes
2092 1203 2283 1258 salutis
2329 1218 2393 1258 ac
2442 1204 2796 1275 philosophia:
2848 1202 3233 1275 modestiaeque
3263 1204 3473 1273 plenos,

1862 1291 2165 1361 eujusmodi
2194 1302 2460 1365 suntquae
2485 1293 2747 1350 hodierno
2767 1294 2860 1350 die
2886 1304 3013 1350 sunt
3035 1295 3189 1351 lecta.
3214 1294 3470 1365 Quamaut

1864 1383 1951 1437 ilia
1983 1398 2143 1454 porro
2158 1386 2183 1438 ἲ
2204 1382 2283 1439 De
2298 1384 2481 1457 quibus
2507 1396 2674 1441 autem
2697 1385 2970 1457 scripsistis
2985 1386 3131 1454 mihi,
3157 1386 3353 1458 inquit,
3381 1386 3469 1443 ἑο-

1862 1488 1989 1528 num
2012 1484 2085 1530 est
2123 1474 2321 1529 hatnim'
2360 1475 2625 1531 mulierem
2650 1491 2754 1531 non
2799 1486 3005 1548 tangere
3025 1490 3046 1532 :
3068 1485 3277 1548 propter
3303 1478 3467 1550 [orni-

1861 1566 2084 1621 cationes
2110 1576 2282 1621 autem
2325 1567 2667 1638 unusquisque
2706 1583 2853 1622 suam
2896 1582 3112 1622 uxorem
3154 1567 3376 1635 habeat,
3423 1577 3473 1623 et

1861 1671 2174 1729 namque
2200 1674 2353 1713 suum
2379 1658 2545 1713 virum
2570 1658 2645 1728 (Ι.
2691 1655 2815 1715 Cor.
2862 1658 2916 1713 7.
2947 1658 3000 1713 i.
3026 1657 3105 1729 2).
3146 1658 3226 1715 De
3272 1659 3473 1731 nuptiis

1861 1750 2007 1823 leges
2027 1752 2203 1806 sancit
2227 1750 2447 1822 Paulus,
2478 1766 2654 1824 neque
2681 1767 2806 1809 eum
2838 1751 3022 1824 pudet,
3044 1767 3145 1809 nec
3170 1753 3467 1820 erubescit;

1860 1857 1925 1899 ac
1952 1843 2148 1899 merito
2176 1857 2327 1899 sane.
2359 1842 2418 1900 Si
2443 1844 2588 1899 enim
2614 1846 2817 1915 nuptiis
2850 1844 3118 1903 honorem
3141 1844 3334 1901 detulit
3358 1845 3468 1900 Do-

1858 1935 2040 1991 minus
2066 1935 2206 2005 ejus,
2232 1950 2333 1991 nec
2359 1935 2571 1992 illarum
2597 1950 2722 1991 eum
2743 1928 2953 2007 puduit,
2982 1934 3077 1991 sed
3100 1943 3157 1992 et
3181 1936 3473 2007 praesentia

1858 2041 1957 2082 sua
2001 2042 2116 2083 rem
2166 2027 2483 2095 exornavit,
2520 2034 2577 2083 et
2626 2042 2850 2083 munere
2891 2026 3203 2098 :siquidem
3245 2042 3470 2084 munera

1859 2121 2086 2176 contulit
2104 2123 2345 2177 omnium
2372 2122 2627 2189 maxima,
2646 2136 2770 2177 cum
2790 2137 2944 2194 aqua:
2969 2131 3216 2177 naturam
3237 2123 3466 2179 mutavit

1861 2214 1914 2270 in
1938 2216 2163 2270 vinum:
2194 2215 2288 2286 qui
2313 2217 2577 2287 potuisset
2604 2214 2804 2286 pudere
2830 2217 3047 2271 servitu
3073 2216 3221 2286 leges
3254 2214 3323 2270 de
3368 2231 3469 2271 nu-

1860 2306 1984 2377 ptiis
2013 2305 2195 2363 ferrei
2226 2305 2345 2363 Non
2375 2307 2519 2363 enim
2548 2322 2636 2362 res
2664 2307 2803 2362 maia
2824 2316 2952 2363 sunt
2978 2308 3199 2379 nuptim,
3223 2306 3319 2364 sed
3346 2322 3468 2362 ma-

1860 2400 1909 2455 la
1958 2415 2045 2457 res
2096 2400 2461 2468 adulterium,
2524 2402 2663 2456 mala
2726 2416 2815 2457 res
2869 2400 3154 2456 fornicatio
3201 2418 3216 2456 :
3266 2401 3468 2471 nuptias

1857 2506 2004 2548 vero
2031 2506 2271 2564 praesens
2323 2500 2451 2548 sunt
2503 2492 2765 2549 adversus
2813 2492 3225 2550 fornicationem
3283 2506 3467 2549 reme-

1856 2584 2028 2641 dium.

1929 2675 2148 2750 Nuptiis
2180 2677 2435 2749 quomodo
2478 2675 2811 2732 celebranda.
2845 2673 3111 2731 Invenitur
3144 2676 3223 2732 ὅτι·
3245 2675 3463 2732 lascivas

1856 2786 2072 2841 pompas
2098 2772 2416 2842 nuptiarum.
2448 2798 2515 2815 -ι
2536 2768 2615 2825 Ne
2637 2770 2800 2840 igitur
2825 2769 3106 2826 diabolicis
3134 2783 3225 2825 eas
3247 2771 3465 2842 pompis

1855 2858 2276 2916 dehonestemus
2307 2858 2443 2915 :sed
2463 2858 2606 2931 quod
2632 2858 2832 2915 factum
2870 2869 2954 2916 est
2987 2874 3019 2913 a
3062 2860 3272 2916 civibus
3298 2859 3465 2917 Camn

1854 2951 2112 3019 Galiizeie,
2145 2952 2236 3008 fiat
2258 2962 2314 3010 et
2341 2952 2410 3009 ab
2436 2954 2501 3009 iis
2532 2952 2623 3024 qui
2648 2968 2790 3008 nunc
2816 2951 3020 3008 ducunt
3044 2966 3278 3022 uxores,
3304 2952 3464 3009 Chri-

1853 3050 1997 3097 stum
2027 3041 2262 3099 habeant
2302 3041 2357 3098 in
2392 3043 2572 3099 medio
2598 3043 2897 3099 sedentem.
2926 3044 3046 3112 Quo
3070 3058 3201 3100 vero
3226 3052 3386 3115 pacto
3409 3043 3463 3099 id

1855 3133 1970 3191 fieri
2002 3142 2199 3205 potest,
2227 3134 2438 3207 inquit?
2480 3134 2583 3191 Per
2611 3135 2759 3207 ipsos
2786 3135 3118 3193 sacerdotes.
3159 3135 3261 3205 Qui
3302 3137 3460 3203 enim,

1852 3224 2044 3295 inquit,
2075 3226 2252 3297 recipit
2278 3242 2387 3292 vos,
2417 3243 2499 3281 me
2539 3227 2717 3297 recipit
2749 3226 2965 3300 (Matth.
2997 3227 3085 3284 10.
3108 3227 3222 3297 40).
3254 3227 3309 3285 Si
3332 3244 3463 3299 ergo

1850 3316 2122 3371 diabolum
2190 3318 2469 3388 abegeris,
2546 3318 2592 3373 si
2639 3318 2977 3374 meretricias
3023 3320 3353 3386 cantilenas,
3403 3329 3465 3376 et

1851 3408 2045 3463 molles
2086 3418 2298 3473 cantus,
2346 3408 2701 3464 immodestas
2739 3410 3005 3478 choreas,
3048 3411 3213 3466 verba
3259 3412 3458 3482 turpia,

1851 3499 2170 3555 diabolicam
2214 3515 2489 3571 pompam,
2535 3500 2846 3568 tumultum,
2900 3501 3069 3559 risum
3116 3502 3367 3570 effusum,
3407 3513 3464 3559 et

1849 3593 2112 3661 reliquam
2167 3594 2549 3665 turpitudinem
2608 3594 2951 3660 amandaris,
2998 3605 3214 3651 sanctos
3273 3604 3458 3653 autem
3530 3615 3539 3625 ·

1848 3683 2049 3740 Christi
2076 3699 2265 3740 servos
2306 3684 2697 3753 introduxeris,
2728 3685 2977 3742 Christus
3004 3702 3101 3757 per
3130 3689 3276 3759 ipsos
3300 3688 3461 3759 plane

1849 3777 2022 3833 aderit
2063 3793 2185 3833 cum
2215 3786 2390 3834 matre
2429 3793 2525 3833 sua
2557 3787 2612 3833 et
2658 3778 2932 3834 fratribus.
2965 3778 3285 3851 Quicumque
3309 3781 3456 3837 enim

1849 3869 2044 3939 fecerit,
2076 3869 2267 3940 inquit,
2290 3870 2598 3925 voluntatem
2624 3868 2796 3926 Patris
2822 3870 2939 3937 mei,
2967 3871 3077 3941 ipse
3102 3888 3244 3927 meus
3264 3876 3455 3943 frater,

1846 3972 1895 4017 et
1938 3978 2082 4017 soror
2119 3972 2167 4016 et
2210 3972 2370 4017 mater
2409 3971 2483 4018 est
2516 3961 2734 4035 (Matt/2.
2779 3963 2867 4017 i2.
2909 3963 3024 4036 50).
3055 3964 3180 4021 Scio
3203 3966 3456 4036 equidem

1845 4070 2062 4123 gravem
2105 4052 2422 4125 quibusdam
2463 4063 2520 4110 et
2558 4055 2841 4111 molestum
2872 4055 3041 4113 videri
3080 4072 3197 4127 me,
3228 4058 3357 4114 dum
3384 4061 3453 4116 ad

1847 4148 1963 4203 haec
1986 4164 2080 4203 vos
2104 4148 2313 4211 hortor,
2352 4157 2407 4203 et
2432 4148 2706 4219 antiquam
2755 4163 2943 4204 reseco
2979 4150 3451 4207 consuetudinem.

1843 4239 1985 4295 Nihil
2012 4249 2187 4295 tamen
2215 4239 2355 4294 istud
2375 4255 2537 4305 euro;
2563 4254 2736 4310 neque
2760 4240 2903 4295 enim
2927 4250 3031 4294 tam
3058 4243 3228 4311 gratia
3247 4251 3449 4309 vestra,

1844 4350 2003 4404 quam
2031 4333 2259 4387 utilitate
2290 4332 2525 4403 indigeo,
2574 4348 2680 4387 non
2712 4332 3055 4402 applausibus
3086 4343 3140 4388 et
3181 4333 3449 4400 laudibus,

1842 4425 1936 4480 sed
1968 4426 2116 4479 lucro
2139 4432 2192 4479 et
2221 4422 2580 4494 philosophia.
2607 4423 2789 4493 Neque
2816 4423 2945 4477 mihi
2974 4424 3257 4495 quisquam
3278 4425 3446 4491 dicat,

1840 4516 2172 4570 consuetudo
2195 4523 2278 4569 est
2305 4532 2318 4568 :
2353 4514 2441 4569 ubi
2473 4523 2749 4584 peccatum
2788 4513 3162 4580 committitur,
3185 4516 3295 4569 noli
3318 4530 3451 4571 con-

1840 4608 2140 4664 suetudinis
2191 4607 2521 4661 mentionem
2564 4606 2779 4673 facere;
2833 4607 2929 4664 sed
2965 4608 3012 4663 si
3050 4608 3268 4679 quidem
3307 4611 3446 4666 mala

1839 4702 1944 4754 sint
1972 4715 2090 4770 qua:
2120 4708 2399 4769 geruntur,
2432 4699 2555 4753 licet
2580 4700 2798 4769 antiqua
2829 4698 2897 4753 sit
2926 4700 3284 4765 consuetudo,
3316 4703 3448 4758 tolle

1837 4791 1983 4847 illam
2018 4811 2030 4844 :
2067 4792 2111 4846 si
2156 4792 2295 4845 mala
2336 4806 2441 4845 non
2486 4792 2612 4857 siut,
2649 4791 2776 4845 licet
2809 4793 3146 4848 consuetudo
3190 4810 3298 4849 non
3338 4796 3438 4863 sit,

1838 4885 2085 4940 introduc
2126 4885 2270 4939 illam
2314 4894 2369 4940 et
2414 4884 2628 4939 invehe.
2672 4884 2940 4940 Cmterum
3000 4889 3276 4958 antiquam
3335 4905 3443 4944 non

1837 4976 2001 5033 fuisse
2034 4976 2498 5044 consuetudinem,
2527 4986 2584 5031 ut
2615 4986 2722 5031 tam
2763 4987 2947 5046 turpes
2988 4993 3077 5033 res
3104 4979 3318 5046 fierent,
3347 4983 3441 5037 sed

1834 5073 2099 5125 invectam
2142 5068 2428 5139 quamdam
2478 5067 2645 5123 fuisse
2691 5070 3004 5133 novitatem,
3037 5086 3355 5141 cognosces,
3395 5076 3442 5130 si

1833 5162 2133 5219 recorderis
2160 5146 2203 5227 ,”
2233 5175 2340 5231 quo
2386 5169 2542 5232 pacto
2589 5161 2807 5215 duxerit
2866 5177 3089 5217 uxorem
3138 5162 3441 5222 Rebeccam

1832 5254 2001 5321 isaac,
2025 5270 2129 5325 quo
2156 5262 2316 5326 pacto
2341 5253 2507 5310 Jacob
2533 5253 2847 5310 Rachelem.
2877 5253 3012 5309 Nam
3046 5261 3102 5309 et
3130 5256 3438 5325 nuptiarum

1832 5346 2078 5403 metninit
2105 5346 2316 5401 illarum
2359 5347 2656 5417 Scriptura,
2699 5355 2755 5401 et
2796 5360 2905 5415 quo
2946 5356 3106 5417 pacto
3149 5346 3347 5403 fuerint
3387 5347 3438 5402 in

1830 5439 1975 5495 mdes
2004 5454 2326 5509 Spousorum
2358 5438 2443 5493 hae
2472 5453 2687 5510 sponsae
2725 5438 2972 5494 deductae
3017 5447 3219 5505 narrat,
3262 5455 3440 5511 neque

1829 5532 1936 5588 tale
1974 5531 2261 5602 quidquam
2301 5511 2718 5597 commemorat;
2748 5532 2844 5588 sed
2884 5532 3189 5588 convivium
3220 5533 3437 5603 quidem

1828 5634 1883 5682 ct
1916 5625 2192 5695 prandium
2224 5624 2383 5680 solito
2407 5624 2603 5680 lautius
2621 5626 3014 5692 instruxerunt,
3034 5634 3095 5682 et
3110 5628 3439 5697 propinquos

1829 5718 1895 5773 ad
1928 5718 2136 5789 nuptias
2164 5718 2456 5777 invitatum
2488 5736 2501 5776 ε
2537 5719 2679 5779 tibia:
2708 5735 2837 5777 vero
2870 5734 2932 5776 ac
2962 5719 3178 5790 ﬁstulae,
3213 5719 3438 5793 cymba-
