4228 6298
734 359 832 416 ιιι
1514 359 1570 414 S.
1611 355 1887 413 JOANNIS
1923 354 2399 415 CIIRYSOS'I'OMI
2439 355 2759 429 ARQlllEP.
2801 352 3343 413 CONSTANTINOP.

736 476 809 543 la,
832 484 887 531 et
918 475 1219 530 temulenta:
1256 475 1585 540 saltationes,
1628 486 1691 529 ac
1719 472 1924 544 reliqua
1961 471 2137 527 omnis
2170 469 2327 538 hujus

740 565 995 637 teinporis
1023 564 1291 637 turpitudo
1332 563 1515 633 procul
1562 563 1767 617 aberat.
1810 552 1880 617 At
1916 569 2110 616 nostra
2156 560 2328 615 aetatis

741 656 986 711 homines
1013 664 1066 711 et
1096 654 1321 726 hymnos
1354 654 1405 707 in
1446 651 1710 709 Venerem
1754 650 2253 733 saltando‘canunt,
2275 658 2331 704 et

742 748 999 806 adulteria
1027 746 1218 814 multa,
1246 754 1304 803 et
1333 747 1636 816 nuptiarum
1670 744 2008 809 violationes,
2032 752 2087 799 et
2114 742 2329 812 illegitic

743 852 861 895 mea
885 851 1113 902 amores,
1139 837 1456 908 illicitosque
1484 837 1654 891 coitus
1672 836 1713 903 ¹,
1736 846 1788 890 et
1809 833 1908 888 alia
1926 832 2150 903 plurima
2174 832 2330 903 plena

742 928 1031 1000 impietatis
1059 937 1114 983 et
1143 928 1449 999 ignominize
1490 928 1696 981 cantica
1742 925 1834 979 illo
1876 923 1965 977 die
2007 931 2225 988 canunt,
2277 932 2331 976 et

743 1032 863 1091 post
890 1020 1200 1075 ebrietatem
1245 1034 1309 1074 ac
1358 1027 1556 1072 tantam
1600 1012 1975 1085 turpitudinem
2006 1028 2127 1068 cum
2152 1011 2331 1067 verbis

744 1111 1013 1168 obsccnnis
1034 1112 1239 1182 publice
1264 1124 1513 1180 sponsam
1538 1094 1641 1164 ded
1664 1118 1824 1161 neunt.
1856 1106 1973 1172 Quo
1996 1106 2153 1176 igitur
2178 1113 2333 1174 pacto

744 1202 1039 1257 castitatem
1069 1200 1136 1255 ab
1184 1200 1271 1254 illa
1317 1199 1506 1268 exigis,
1553 1212 1733 1268 qumso
1755 1237 1770 1262 ,
1812 1211 1936 1251 cum
1961 1196 2070 1265 jam
2098 1211 2124 1246 a
2158 1194 2333 1263 primo

748 1292 836 1347 die
864 1292 928 1346 ad
962 1299 1161 1345 tantam
1205 1289 1587 1361 impudentiam
1620 1290 1760 1343 illam
1790 1287 2024 1352 erudias,
2053 1296 2106 1340 et
2134 1286 2188 1339 in
2215 1284 2333 1354 ejus

750 1392 1033 1453 conspectu
1064 1397 1125 1437 ea
1150 1370 1266 1435 Afieri
1300 1397 1361 1435 ac
1388 1380 1490 1435 diei
1526 1395 1704 1447 cures,
1733 1392 1853 1449 qua
1879 1390 2051 1448 neque
2090 1375 2169 1431 fas
2206 1376 2275 1429 sit
2302 1390 2332 1429 a

750 1475 930 1544 probis
971 1474 1249 1544 mancipiis
1285 1472 1496 1528 audiri?
1544 1472 1673 1527 Tam
1714 1472 1965 1526 diuturno
1992 1478 2235 1538 tempore
2261 1467 2336 1520 la-

750 1566 956 1621 beravit
990 1574 1157 1634 pater,
1188 1564 1313 1618 dum
1345 1562 1605 1633 virginem
1634 1576 1756 1617 eum
1784 1570 1953 1614 matre
1981 1566 2245 1623 servaret,
2280 1566 2336 1611 nt

751 1670 923 1726 neque
942 1654 1168 1721 diceret,
1213 1670 1385 1723 neque
1423 1654 1689 1709 dicentem
1729 1652 1891 1707 alium
1932 1649 2200 1722 quoddam
2230 1648 2337 1704 tale

752 1748 971 1804 verbum
998 1747 1223 1811 audiret,
1250 1756 1301 1801 et
1322 1747 1608 1808 conc‘aria,
1632 1756 1683 1800 et
1704 1759 1973 1818 gynacea,
1997 1753 2050 1799 et
2066 1742 2335 1809 custodes,

751 1849 806 1893 et
826 1838 1042 1907 junuas,
1069 1847 1118 1892 et
1150 1847 1349 1900 vectes,
1378 1846 1433 1891 et
1469 1837 1801 1906 vespertinos
1829 1848 2143 1907 progressus
2163 1876 2177 1897 ,
2206 1839 2339 1887 etut

754 1926 977 1991 nemini,
1008 1940 1075 1981 ne
1095 1927 1508 1997 propinquorum
1539 1927 1751 1996 quidem
1780 1926 1871 1980 ulli
1901 1940 1960 1980 se
1995 1923 2339 1994 spectandam

753 2017 993 2085 olTerret,
1032 2027 1086 2071 et
1124 2018 1225 2071 alia
1255 2018 1440 2083 multa,
1471 2026 1525 2073 et
1565 2017 1646 2072 his
1678 2018 1824 2087 plura
1870 2016 2153 2085 diligenter
2180 2030 2340 2070 accu-

752 2108 924 2171 rabat,
954 2118 1008 2164 et
1036 2118 1087 2162 tu
1125 2110 1343 2163 veniens
1373 2118 1563 2163 cuncta
1594 2108 1681 2162 illa
1723 2122 1827 2160 uno
1864 2106 1952 2161 die
1994 2104 2249 2167 ell‘udisti,
2277 2121 2341 2161 ac

755 2214 851 2264 per
879 2199 1213 2254 inhonestam
1246 2200 1387 2253 illam
1428 2213 1673 2268 pompam
1704 2197 1942 2260 cli'ecisti,
1975 2206 2032 2251 ut
2060 2196 2342 2264 impudens

754 2292 927 2353 fieret,
957 2299 1006 2344 et
1034 2290 1193 2344 verba
1237 2289 1521 2360 depravata
1550 2291 1603 2344 in
1632 2305 1840 2359 sponsre
1884 2289 2115 2342 animam
2145 2286 2339 2341 infudi-

757 2381 859 2433 sti?
885 2379 1071 2436 Nonne
1097 2381 1216 2436 inde
1237 2396 1354 2450 qua:
1381 2390 1672 2450 sequuntur
1695 2382 1829 2434 mala
1851 2380 2207 2450 proveniunt?
2236 2396 2340 2434 non

760 2470 885 2527 inde
928 2471 1185 2525 adulteria
1230 2480 1284 2526 et
1331 2472 1663 2542 zelotypae?
1709 2485 1885 2525 nonne
1935 2470 2058 2526 inde
2114 2471 2340 2525 filiorum

759 2564 1032 2627 orbitates,
1078 2563 1380 2629 viduitates,
1413 2571 1467 2619 et
1507 2563 1772 2617 immaturi
1824 2572 2099 2632 parentum
2130 2562 2343 2617 obitus?

762 2656 892 2711 Cum
922 2657 1063 2711 enim
1091 2656 1361 2711 daemones
1400 2656 1643 2710 cantibus
1686 2654 1791 2709 illis
1822 2655 2011 2709 invites
2035 2695 2051 2721 ,
2095 2668 2216 2707 cum
2252 2669 2344 2722 per

759 2749 1010 2802 obscmna
1038 2747 1196 2801 verba
1218 2746 1558 2816 cupiditatem
1590 2746 1799 2800 illorum
1823 2746 2059 2814 expleas,
2087 2759 2208 2799 cum
2241 2744 2340 2799 mi-

762 2852 880 2891 mos
904 2845 957 2891 et
982 2836 1313 2891 effeminatos
1342 2837 1395 2891 in
1425 2836 1566 2891 aedes
1592 2837 1898 2891 introducas
1926 2844 1977 2891 et
2007 2843 2172 2891 totum
2196 2837 2344 2895 thea-

762 2938 926 2993 trum,
958 2942 1076 2982 cum
1100 2927 1464 2983 meretricibus
1490 2927 1705 2981 domum
1728 2927 2016 2996 compleas,
2046 2935 2101 2982 et
2118 2925 2340 2994 efficias,

762 3028 821 3072 ut
849 3026 993 3073 totus
1036 3018 1145 3072 illic
1185 3017 1486 3073 daemonum
1531 3028 1699 3074 castus
1744 3018 1999 3085 lasciviat,
2037 3017 2161 3088 quid
2205 3018 2338 3082 sani,

759 3122 963 3176 quaeso,
989 3107 1240 3180 deinceps
1268 3118 1418 3177 potes
1443 3107 1792 3177 exspectare?
1811 3106 1923 3173 Qua
1944 3124 2071 3162 vero
2096 3106 2162 3162 de
2183 3122 2344 3161 causa

762 3208 819 3256 et
869 3199 1171 3254 sacerdotes
1216 3198 1505 3254 introducis
1530 3240 1546 3265 ,
1589 3213 1707 3253 cum
1752 3207 1966 3267 postem
1994 3199 2079 3254 die
2119 3198 2241 3253 talia
2272 3198 2346 3253 sis

764 3292 1200 3362 perpetraturus?
1229 3290 1322 3346 Vis
1350 3290 1792 3361 magniﬁcentiam
1824 3290 2143 3346 fructuosam
2177 3302 2346 3346 osten-

765 3382 918 3437 tare?
948 3382 1087 3438 Voca
1136 3398 1427 3453 pauperum
1465 3382 1677 3437 choros.
1727 3381 1832 3437 Sed
1876 3380 2253 3437 verecundaris
2291 3393 2347 3437 et

765 3472 1069 3539 erubescis?
1116 3472 1180 3527 Et
1223 3471 1351 3543 quid
1405 3473 1504 3527 bac
1542 3472 1870 3527 absurditate
1911 3471 2083 3543 pejus,
2129 3487 2251 3528 cum
2292 3474 2345 3527 in

766 3564 911 3621 a‘des
939 3564 1206 3618 diabolum
1251 3563 1545 3633 pelliciens,
1579 3564 1705 3618 nihil
1740 3572 1895 3633 turpe
1936 3575 1988 3620 te
2022 3581 2180 3635 agere
2223 3580 2347 3620 cen-

762 3669 907 3723 seas,
937 3672 1055 3710 cum
1087 3670 1213 3709 vero
1242 3654 1510 3711 Christum
1538 3655 1850 3710 inducturus
1884 3657 1977 3723 sis,
2024 3655 2347 3711 erubescas?

771 3747 837 3804 Ut
864 3748 1003 3803 enim
1048 3748 1439 3804 introeuntibus
1477 3749 1797 3820 pauperibus
1823 3748 2035 3805 advenit
2081 3747 2344 3817 Christus,

767 3841 838 3894 ita
866 3854 986 3895 cum
1018 3841 1204 3895 molles
1229 3856 1290 3895 ac
1316 3840 1460 3894 mimi
1491 3839 1715 3897 choreas
1757 3842 1863 3895 illic
1894 3840 2110 3906 ducunt,
2139 3840 2347 3896 lascivit

768 3933 821 3986 in
848 3929 1023 3985 medio
1055 3931 1263 3985 illorum
1294 3930 1553 3987 diabolus.
1585 3934 1755 4002 Atque
1781 3946 1847 3985 ex
1881 3932 1984 3986 illis
2014 3931 2227 4001 quidem
2255 3946 2349 3997 ex-

768 4021 945 4090 pensis
975 4022 1173 4074 nullum
1222 4021 1448 4085 lucrum,
1491 4023 1583 4078 sed
1626 4032 1678 4077 et
1726 4021 1949 4079 multum
1996 4024 2165 4077 oritur
2194 4022 2347 4077 dam-

768 4125 895 4167 num
924 4130 935 4162 :
966 4126 1027 4164 ex
1058 4109 1139 4165 bis
1155 4123 1328 4167 autem
1359 4114 1655 4182 sumptibus
1685 4114 1899 4165 multam
1928 4114 2033 4167 cito
2051 4112 2349 4168 mercedem

767 4201 1082 4270 reportabis.
1114 4204 1269 4272 Atqui
1303 4204 1475 4257 nullus
1504 4217 1684 4257 eorum
1715 4204 1802 4273 qui
1836 4203 1886 4256 in
1916 4204 2047 4257 urbe
2075 4211 2217 4270 sunt,
2250 4202 2351 4258 hoc

767 4294 1050 4362 prmstitit?
1080 4294 1156 4349 Tu
1186 4310 1312 4348 vero
1351 4295 1543 4362 incipe,
1566 4304 1619 4349 et
1662 4295 1927 4364 praeclara:
1960 4295 2106 4351 istius
2132 4310 2351 4350 c0nsue-

769 4382 968 4437 tudinis
993 4396 1179 4439 auctor
1217 4399 1335 4443 esse
1358 4385 1636 4450 contende,
1672 4394 1726 4438 ut
1756 4401 1871 4439 eam
1903 4386 1992 4440 tibi
2022 4386 2218 4455 posteri
2258 4401 2349 4441 ac-

769 4484 975 4546 ceptam
1007 4475 1195 4531 ferant.
1227 4475 1376 4539 Quod
1409 4475 1452 4527 si
1482 4475 1760 4532 aemuletur
1788 4476 1997 4543 aliquis,
2020 4484 2075 4529 et
2116 4477 2351 4531 imitetur

770 4567 906 4622 hanc
932 4567 1385 4631 consuetudinem,
1431 4566 1497 4621 ad
1528 4582 1619 4621 eos
1661 4567 1749 4638 qui
1799 4568 2214 4635 interrogabunt,
2264 4568 2347 4622 di-

767 4674 891 4712 cere
921 4665 1171 4725 poterunt
1198 4666 1440 4725 nepotes,
1470 4671 1530 4711 ac
1572 4666 1819 4725 nepotum
1864 4658 1976 4722 lilii,
2012 4658 2156 4712 illum
2188 4659 2348 4713 talem

770 4749 909 4802 hanc
935 4747 1186 4815 optimam
1208 4748 1377 4817 legem
1406 4747 1633 4816 primum
1664 4747 1947 4802 invexisse.
1989 4748 2045 4802 Si
2083 4749 2223 4802 enim
2253 4764 2351 4803 ex—

769 4840 933 4897 terius
960 4838 1011 4892 in
1032 4839 1428 4903 certaminibus,
1453 4838 1575 4893 dum
1608 4840 1849 4899 convivia
1882 4839 2235 4905 instruuntur,
2260 4840 2350 4911 qui

766 4930 972 4987 inutilia
1004 4929 1102 4987 ista
1125 4945 1341 4990 munera
1371 4930 1579 4999 publica
1616 4930 1871 4999 majorem
1902 4930 1967 4984 ad
2010 4931 2353 5001 magniﬁcen-

770 5024 894 5083 tiam
927 5021 1265 5092 provexerint
1284 5062 1298 5087 ,
1324 5036 1352 5074 a
1383 5020 1536 5090 vulgo
1560 5021 1897 5086 celebrantur
1923 5038 1935 5074 :
1980 5023 2145 5085 multo
2185 5023 2352 5092 magis

769 5118 820 5171 in
853 5117 953 5171 hoc
980 5115 1192 5185 publico
1220 5129 1439 5169 munere
1465 5113 1725 5183 spirituali
1753 5113 2038 5168 laudabunt
2064 5130 2271 5180 omnes,
2298 5127 2353 5171 et

767 5207 991 5277 gratiam
1021 5204 1287 5260 habebunt
1308 5205 1375 5269 ei,
1406 5205 1497 5274 qui
1524 5203 1843 5273 principium
1870 5204 2008 5265 istud
2038 5207 2350 5276 praeclarum

771 5300 1140 5363 introduxerit,
1166 5297 1320 5367 eique
1346 5296 1551 5352 laudem
1582 5297 1911 5357 liberalitatis
1942 5299 2043 5354 hoc
2079 5309 2127 5356 et
2157 5303 2355 5358 milita.-

771 5403 875 5444 tem
908 5391 1159 5459 acquiret.
1191 5388 1322 5451 Nam
1360 5392 1403 5443 sl
1434 5390 1609 5445 ethoc
1629 5392 1695 5446 ab
1720 5390 1839 5447 aliis
1868 5404 2136 5461 peractum
2174 5395 2351 5461 fuerit,

770 5480 863 5535 ιιῡί
895 5481 983 5550 qui
1010 5481 1209 5550 primus
1236 5482 1439 5535 semina
1466 5481 1636 5551 jecisti
1666 5482 1932 5539 fructuum
1961 5485 2189 5551 illorum,
2215 5504 2354 5543 mer-

770 5572 955 5628 cedem
988 5572 1222 5642 proferet
1253 5591 1267 5628 :
1293 5573 1395 5629 hoc
1417 5584 1472 5630 et
1512 5583 1563 5631 te
1585 5576 1693 5637 cito
1718 5586 1992 5649 parentem
2013 5578 2227 5647 efﬁciet,
2252 5576 2355 5639 hoc

824 5724 1010 5800 litate,
1048 5722 1642 5800 illifillos‘fﬂid(Diuisit?
1679 5730 1819 5800 μίξεις
1850 5732 2131 5800 ἀθέσμους),
2160 5738 2341 5791 desum

765 5792 812 5836 la
850 5786 1025 5853 Editis,
1052 5788 1140 5838 sed
1168 5786 1410 5840 habentur
1435 5787 1485 5839 in
1512 5786 1701 5839 duobus
1738 5786 1847 5844 Mss.

2442 476 2497 525 et
2524 467 2706 525 liberis
2724 468 2921 524 auxilio
2942 466 3069 535 erit,
3087 466 3392 534 efficietque
3412 470 3470 518 ut
3484 475 3713 534 sponsus
3733 473 3858 519 cum
3877 472 4031 527 spon-

2437 575 2496 616 sa
2522 569 2893 621 consenescat.
2920 559 2988 618 Ut
3010 558 3152 613 enim
3185 555 3529 627 peccantibus
3554 552 3863 623 frequenter
3884 548 4035 605 ικωι

2442 653 2797 710 comminatur
2815 652 3001 707 dicens
3021 671 3035 709 :
3059 649 3221 703 Erunt
3246 648 3345 719 ﬁlii
3370 645 3520 702 vestri
3551 644 3755 717 pupilli,
3774 653 3826 698 et
3848 658 4031 697 mea

2438 752 2616 798 uestra
2640 742 2806 796 vidua
2837 737 3031 812 (Exod.
3059 737 3149 793 22.
3174 738 3267 808 24)
3302 756 3315 793 :
3360 738 3439 793 sic
3468 736 3568 791 illis
3592 733 3683 806 qui
3705 734 3760 789 in
3779 731 4037 788 omnibus

2437 832 2538 904 ipsi
2566 833 2819 889 obediunt
2852 841 2908 888 et
2943 840 3273 888 senectutem
3299 832 3505 896 beatam
3530 838 3584 885 et
3615 827 3793 884 omnia
3818 839 3947 882 eum
3970 839 4035 880 ea

2438 940 2497 980 se
2517 923 2767 979 daturum
2797 925 2934 979 bona
2963 924 3262 995 pollicetur.
3388 920 3395 926 ’

2510 1016 2564 1071 3.
2591 1016 2656 1070 Et
2680 1030 2809 1071 vero
2839 1014 3059 1070 Paulum
3095 1027 3377 1085 possumus
3402 1011 3507 1068 hoc
3531 1011 3797 1067 dicentem
3822 1007 4038 1075 audire,

2439 1121 2583 1176 sa-pe
2622 1106 2933 1161 immaturas
2970 1114 3172 1161 mortes
3215 1119 3245 1158 a
3295 1102 3638 1158 multitudine
3687 1107 4041 1173 peccaturo

2440 1196 2631 1251 allatas
2659 1205 2797 1252 esse.
2827 1194 2953 1250 Ideo
2975 1196 3143 1260 enim,
3173 1196 3361 1264 inquit,
3390 1194 3523 1247 inter
3542 1208 3626 1247 vos
3650 1192 3799 1246 multi
3819 1190 4038 1259 inﬂati,

2441 1298 2487 1343 et
2509 1287 2815 1355 imbecilles,
2847 1298 2895 1343 ct
2925 1288 3182 1342 dormiunt
3212 1286 3358 1340 multi
3387 1284 3437 1358 (ι
3469 1284 3587 1340 Cor.
3614 1285 3704 1340 Η.
3738 1284 3864 1355 30).
3894 1282 4044 1338 Pau-

2442 1396 2599 1452 peres
2624 1390 2824 1446 autem,
2852 1381 2897 1437 si
2918 1381 3239 1448 nutriantur,
3269 1378 3398 1434 nihil
3428 1378 3647 1434 evenire
3684 1376 3792 1431 tale
3817 1372 4046 1446 permit-

2444 1480 2576 1537 tere,
2606 1470 2698 1525 sed
2726 1470 2969 1541 quamvis
2994 1470 3323 1540 inopinatum
3342 1468 3468 1538 quid
3497 1466 3717 1532 incidat,
3736 1462 4044 1519 remedium

2445 1562 2565 1617 illos
2594 1560 2852 1618 adbibere
2878 1560 3376 1632 praesentissimum,
3398 1574 3465 1614 ex
3492 1574 3553 1613 ea
3578 1557 3753 1629 puella
3773 1568 4047 1625 cognosce

2444 1668 2565 1724 qua:
2594 1653 2646 1707 in
2670 1650 2840 1724 Joppe
2870 1651 3197 1706 morabatur.
3236 1649 3367 1705 Nam
3398 1658 3453 1704 et
3484 1649 3623 1706 hanc
3649 1656 3919 1701 mortuam
3956 1642 4045 1713 ja-

2446 1757 2655 1800 centem
2699 1743 3108 1798 circumstantes
3164 1755 3426 1812 pauperes
3466 1740 3557 1810 qui
3600 1738 3669 1794 ab
3715 1752 3779 1793 ea
3830 1734 4045 1791 nutrie-

2448 1833 2660 1899 bantur,
2676 1842 2729 1888 et
2748 1833 3022 1905 plorantes
3039 1833 3359 1899 excitarunt,
3374 1841 3428 1886 et
3452 1830 3520 1885 ad
3541 1830 3701 1885 vitam
3719 1834 4048 1885 revocarunt

2450 1925 2582 1997 (Act.
2597 1923 2632 1979 9
2668 1923 2736 1980 36
2750 1934 2799 1979 et
2814 1926 2970 1994 σαψ).
2993 1922 3166 1979 Tanto
3182 1922 3458 1977 viduarum
3476 1930 3531 1976 et
3555 1934 3852 1992 pauperum
3867 1916 4047 1973 oratio

2448 2016 2559 2069 risu
2604 2025 2656 2070 et
2691 2015 2888 2070 chorea
2938 2016 3085 2070 omni
3121 2026 3203 2070 est
3225 2015 3432 2069 utilior.
3481 2013 3578 2067 Hic
3620 2025 3727 2066 uno
3767 2010 3859 2065 die
3887 2009 4049 2063 durat

2447 2106 2749 2175 delectatio,
2780 2108 2889 2162 illic
2915 2106 3166 2178 perennis
3193 2115 3277 2163 est
3301 2114 3555 2178 quastus.
3577 2103 3760 2175 Cogita
3783 2110 4047 2172 quantum

2452 2197 2578 2254 illud
2608 2200 2677 2254 sit
2706 2208 2783 2255 tot
2811 2200 3275 2255 benedictionibus
3305 2208 3552 2253 onustam
3575 2211 3828 2268 sponsam
3860 2196 4048 2265 sponsi

2448 2289 2667 2345 domum
2721 2290 2965 2347 introire.
3018 2291 3223 2359 Quibus
3275 2288 3489 2347 eoi-onis
3528 2288 3893 2359 splendidiora
3940 2303 4047 2341 non

2447 2390 2570 2436 sunt
2598 2382 2695 2437 ista
2715 2382 2740 2435 ?
2758 2382 2951 2452 quibus
2972 2398 3079 2437 non
3095 2381 3297 2437 divitiis
3327 2380 3579 2437 utiliora?
3602 2394 3724 2434 cum
3746 2387 3938 2434 contra
3963 2376 4051 2433 hic

2451 2488 2568 2528 mos
2598 2472 2893 2529 hodiernus
2920 2483 3178 2530 extrema:
3200 2473 3271 2528 sit
3288 2472 3593 2531 dementiaz.
3617 2470 3874 2539 Quamvis
3903 2470 4051 2523 enim

2452 2580 2551 2620 nec
2579 2580 2737 2635 pcena
2758 2608 2773 2633 ,
2806 2580 2907 2621 nec
2933 2565 3284 2637 supplicium,
3325 2565 3391 2620 iis
3415 2564 3505 2636 qui
3530 2572 3638 2619 tam
3670 2562 3959 2617 inhzmeSte
3992 2574 4053 2616 se

2451 2664 2671 2725 gerunt,
2706 2656 3031 2721 immineret,
3078 2658 3252 2727 cogita
3292 2665 3549 2726 quantum
3590 2652 3912 2727 supplicium
3944 2652 4051 2721 sit,

2453 2748 2611 2801 tantis
2632 2746 2933 2801 maledictis
2960 2746 3263 2817 proscindi,
3289 2747 3485 2817 popqu
3510 2755 3807 2816 Spectante,
3840 2746 4053 2800 cunctis

2450 2840 2807 2906 audientibus,
2832 2841 2900 2894 ab
2926 2840 3233 2895 hominibus
3252 2841 3415 2895 ebriis
3435 2848 3488 2894 et
3512 2848 3691 2895 mente
3716 2838 4050 2909 depravatis.

2451 2931 2583 2987 Nam
2616 2948 2876 3003 pauperes
2900 2931 3115 3004 quidem
3141 2974 3155 2996 ,
3198 2932 3287 2987 ubi
3314 2931 3441 3002 quid
3470 2932 3793 3002 acceperint,
3824 2930 4056 2986 benedi-

2451 3033 2596 3094 cunt,
2633 3024 2835 3080 infinita
2866 3024 3004 3079 bona
3036 3033 3325 3095 precantur
3358 3041 3372 3077 :
3404 3024 3480 3078 illi
3509 3038 3635 3077 vero
3662 3030 3784 3093 post
3819 3024 4057 3078 ebrieta-

2454 3127 2583 3183 tem,
2612 3126 2731 3187 post
2760 3118 3106 3171 voracitatem
3125 3158 3140 3182 ,
3168 3128 3357 3171 omnes
3385 3114 3735 3170 dicteriorum
3762 3113 3955 3169 sordes
3995 3113 4054 3167 in

2453 3223 2644 3264 eorum
2688 3209 2863 3279 capita
2903 3208 3219 3272 effundunt,
3251 3208 3341 3278 qui
3386 3205 3784 3262 matrimonium
3830 3215 4056 3260 contra-

2456 3300 2608 3365 bunt,
2639 3309 2695 3355 et
2724 3299 3043 3355 diabolieum
3074 3309 3347 3355 certamen
3390 3298 3529 3352 inter
3565 3312 3626 3352 se
3652 3296 3923 3368 quoddam
3968 3296 4057 3350 in-

2463 3392 2693 3445 stituunt
2722 3410 2736 3445 :
2765 3400 2819 3446 et
2847 3390 2998 3461 quasi
3029 3398 3209 3446 essent
3248 3388 3444 3443 inimici
3474 3388 3563 3458 qui
3593 3389 3938 3450 conveniunt,
3969 3388 4059 3441 sic

2453 3484 2665 3539 illorum
2696 3484 2978 3554 propinqui
3000 3483 3364 3536 certantinter
3391 3495 3451 3535 se
3494 3488 3613 3533 uter
3652 3478 3806 3549 plura
3832 3478 3902 3535 de
3940 3479 4059 3533 illis

2451 3574 2542 3645 qui
2570 3574 2820 3644 coujugio
2850 3574 3187 3642 copulantur,
3219 3570 3377 3627 fanda
3407 3580 3461 3625 et
3491 3570 3719 3630 nefanda
3748 3570 3937 3639 probra
3968 3570 4061 3624 ef-

2454 3668 2642 3733 futiet;
2672 3676 2725 3721 et
2758 3665 3099 3721 adversarios
3140 3665 3416 3718 imitantur
3441 3680 3454 3717 :
3484 3671 3643 3732 atque
3680 3660 3794 3715 haec
3832 3661 4058 3723 illorum

2454 3760 2593 3815 inter
2637 3774 2695 3814 se
2721 3759 2996 3814 contentio
3042 3756 3241 3821 efﬁcit;
3298 3765 3355 3810 ut
3405 3769 3526 3809 cum
3568 3767 3763 3824 sponsa
3819 3767 4059 3821 sponsus

2454 3867 2665 3906 summo
2696 3852 2897 3920 pudore
2922 3850 3275 3905 suffundatur.

2526 3942 2828 3997 Damonem
2854 3942 3077 4013 impulsu
3103 3943 3230 4010 fiunt
3256 3941 3348 3996 illa
3376 3940 3569 3995 omnia.
3616 3937 3799 3991 Mimos
3819 3947 3864 3991 et
3887 3936 4060 3992 salta-

2457 4044 2587 4090 tores
2612 4042 2747 4087 arcet
2776 4050 2807 4085 a
2836 4033 3044 4101 nuptiis.
3070 4061 3140 4072 -
3162 4034 3243 4087 An
3277 4034 3436 4103 igitur
3475 4034 3668 4100 aliam,
3696 4045 3877 4103 quanto
3905 4071 3921 4097 ,
3952 4028 4060 4084 de-

2458 4127 2897 4183 monstrationem
2943 4127 3320 4196 requiremus,
3368 4136 3429 4182 ut
3473 4127 3589 4183 haec
3628 4127 3806 4182 omnia
3834 4124 3901 4180 ab
3946 4124 4060 4179 illis

2458 4219 2572 4274 ﬁeri
2614 4219 2825 4289 dicique
2868 4218 3173 4273 dmmonum
3204 4219 3438 4291 impulsu
3480 4224 3729 4275 constet?
3767 4217 3895 4285 Quis
3920 4233 4058 4288 ergo

2455 4310 2708 4381 deinceps
2755 4310 3021 4380 ambiget,
3068 4314 3195 4380 quin
3229 4311 3345 4366 lucc
3375 4310 3554 4366 omnia
3596 4309 3724 4365 ﬁant
3760 4310 3827 4364 ab
3851 4310 3961 4364 illis
3989 4324 4057 4363 ac

2457 4404 2720 4469 dicantur,
2763 4404 3093 4459 daemoiiibus
3132 4404 3337 4458 animas
3377 4417 3563 4457 eorum
3612 4402 4057 4470 impellentibus?

2458 4496 2627 4550 Nemo
2658 4499 2814 4566 plane
2847 4517 2862 4573 ς
2894 4498 3158 4567 siquidem
3184 4496 3446 4567 ejusmodi
3476 4506 3603 4551 sunt
3633 4495 3832 4551 diaboli
3867 4510 4053 4550 remu-

2458 4590 2759 4643 nerationes
2782 4630 2796 4653 ,
2828 4590 3216 4658 cavillationes,
3246 4589 3555 4651 ebrietates,
3589 4600 3643 4644 et
3678 4590 3870 4643 anima:
3916 4588 4057 4644 deli-

2457 4681 2615 4734 rium.
2658 4680 2809 4747 Quod
2858 4681 2900 4734 si
2933 4680 3051 4751 quis
3096 4695 3199 4747 co,
3250 4680 3393 4751 quod
3419 4680 3606 4734 horum
3648 4679 3765 4733 loco
3786 4694 4058 4749 pauperes

2459 4773 2890 4839 introducuntur,
2922 4776 3101 4829 omine
3129 4774 3484 4837 deterreatur,
3513 4782 3571 4828 et
3597 4774 3920 4831 calamitatis
3949 4774 4054 4828 hoc

2460 4866 2711 4920 indicium
2742 4881 2861 4921 esse
2889 4866 3061 4933 dicat,
3092 4868 3137 4921 is
3166 4867 3265 4920 hoc
3293 4865 3454 4920 etiam
3485 4863 3690 4932 discat,
3723 4879 3830 4919 non
3853 4879 4057 4935 paupe-

2460 4972 2547 5012 res
2585 4972 2648 5013 ac
2684 4957 2869 5012 viduas
2888 4958 2956 5010 ali
2979 4998 2995 5023 ,
3042 4956 3135 5011 sed
3172 4956 3365 5012 molles
3406 4971 3470 5011 ac
3494 4957 3803 5014 meretrices
3827 4997 3843 5020 ,
3875 4956 4057 5010 omnis

2461 5049 2719 5103 molestite
2744 5058 2902 5118 atque
2929 5050 3333 5102 innumerorum
3356 5062 3476 5102 esse
3503 5045 3766 5101 malorum
3794 5044 4055 5100 indicium

2459 5152 2509 5199 el
2542 5144 3034 5213 portentum.S:rpe
3052 5156 3282 5212 namque
3312 5142 3563 5197 meretrix
3588 5141 3697 5211 jam
3725 5140 3792 5196 ab
3820 5140 3913 5196 illo
3937 5142 4057 5213 ipso

2460 5236 2547 5291 die
2569 5252 2631 5291 ex
2664 5237 2846 5292 amicis
2874 5252 3131 5307 sponsum
3162 5237 3430 5306 captivum
3461 5235 3734 5305 abripiens
3755 5234 4048 5300 discessit,

2460 5345 2696 5385 amorem
2724 5345 2847 5400 erga
2869 5344 3120 5399 sponsam
3147 5327 3421 5393 exStinxit,
3465 5326 3892 5383 benevolentiam
3921 5325 4053 5380 sub-

2462 5421 2583 5475 dole
2611 5422 2845 5485 avertit,
2896 5420 3237 5474 dilectionem
3264 5458 3279 5485 ,
3315 5428 3601 5488 antequam
3646 5416 4050 5479 accenderetur,

2460 5513 2734 5577 dissolvit,
2764 5522 2817 5568 et
2855 5511 3101 5567 adulterii
3142 5526 3323 5566 semen
3364 5511 3569 5577 injecit.
3620 5509 3745 5564 ﬂare
3788 5508 4051 5578 pertime-

2462 5620 2614 5660 scere
2640 5613 2815 5673 patres
2840 5602 3097 5673 oportuit,
3126 5600 3228 5657 etsi
3254 5600 3385 5656 nihil
3407 5598 3549 5654 aliud
3581 5606 3744 5662 esset,
3769 5610 3834 5652 ac
3860 5594 4055 5650 mimos

2462 5708 2517 5753 ct
2564 5697 2844 5752 saltatores
2899 5695 3203 5765 nuptiarum
3256 5694 3497 5765 ingressu
3554 5690 3863 5762 prohibere.
3916 5689 4054 5743 Sunt

2464 5805 2607 5849 enim
2624 5789 2874 5850 instituta:
2892 5788 3111 5860 nuptite,
3138 5801 3245 5843 non
3264 5795 3319 5842 ut
3342 5786 3697 5855 lasciviamus,
3720 5798 3819 5841 nec
3838 5790 3896 5838 ut
3914 5796 4053 5840 scor-
