4228 6298
422 353 523 409 ἰιι

422 476 503 537 εἰς
526 469 653 531 τοὺς
684 464 900 535 γάμους
921 478 934 492 ·
971 460 1126 517 αὐλοὶ
1146 460 1223 525 δὲ,
1273 461 1556 533 σύριγγες,
1602 458 1697 512 καὶ
1724 454 2004 527 κύμϐαλα,

425 554 518 611 καὶ
535 551 606 605 τά
642 548 833 618 οἰνώδη
857 555 876 578 ⁸
899 544 1266 615 σκιρτήματα,
1290 544 1439 613 καὶὴ
1467 540 1629 611 λοιπή
1662 540 1698 611 ή
1718 537 1815 591 νῦν
1837 538 2010 607 ἀσχη-

426 634 633 709 μοσύνη
662 634 810 687 πᾶσα
831 628 1074 683 ἐκποδὼν
1105 623 1194 699 ἦν.
1218 630 1279 681 υἰ
1301 628 1357 680 δέ
1391 628 1476 709 ἐφ’
1502 624 1662 697 ήμῶν
1682 623 1780 709 καὶ
1801 621 2013 709 ὕμνους

424 702 505 782 λίς
529 715 625 788 τὴν
668 713 989 785 Ἀφροδίτην
1013 710 1199 783 ᾅδουσι
1241 707 1581 780 χορεύοντες,
1619 706 1715 759 καὶ
1763 702 2012 788 μοιχείας

425 785 647 864 πολλάς.
674 797 770 852 καὶ
799 795 995 865 γάμων
1025 792 1347 863 διαφθορὰς,
1380 793 1477 844 καὶ
1502 790 1714 861 ἔρωτας
1771 785 2013 857 παρανό-

428 898 583 954 μους,
620 881 714 935 καὶ
746 877 920 950 μίξεις
944 876 1238 945 ἀθέσμους,
1263 876 1358 928 καὶ
1389 873 1561 930 πολλά
1577 873 1740 941 ἕτερα
1757 868 2014 954 ἀσεϐείας

426 952 521 1021 καὶ
573 962 837 1034 αἰσχύνης
887 960 1128 1032 γέμοντα
1162 960 1383 1031 ᾄσματα
1417 959 1539 1011 κατ’
1574 955 1795 1025 ἐκείνην
1824 952 2013 1028 ᾅδουσι

424 1051 523 1120 τὴν
553 1047 786 1119 ἡμέραν,
818 1044 913 1099 καὶ
947 1042 1086 1115 μετά
1119 1042 1290 1114 μέθην
1329 1042 1424 1094 καὶ
1462 1040 1733 1109 τοσαύτην
1768 1037 2016 1107 ἀσχημο-

425 1132 592 1201 σύνην
637 1130 705 1183 δι’
752 1126 996 1199 αἰσχρῶν
1052 1126 1317 1197 ῥημάτων
1366 1124 1607 1195 δημοσίᾳ
1644 1123 1743 1193 τήν
1791 1120 2014 1191 νύμφην

425 1212 788 1283 πομπεύουσι.
832 1209 959 1273 Πῶς
986 1205 1079 1263 οὖν
1121 1208 1292 1279 αὐτὴν
1344 1209 1599 1270 ἀπαιτεῖς
1630 1202 2010 1276 σωφροσύνην,

424 1296 547 1350 εἰπέ
579 1312 689 1366 μοι,
744 1295 825 1357 εἰς
850 1291 1121 1362 τοσαύτην
1170 1288 1449 1345 ἀναίδειαν
1485 1289 1551 1342 ἐκ
1587 1286 1814 1359 πρώτης
1841 1284 2013 1356 αὐτὴν

425 1374 791 1448 παιδοτριϐῶν
844 1375 943 1445 τῆς
1002 1372 1242 1444 ήμέρας,
1298 1374 1393 1424 καὶ
1449 1367 1891 1441 παρασκευάζων
1926 1367 2012 1419 ἐπ’

422 1460 611 1530 ὄψεσιν
633 1459 808 1528 αὐτῆς
838 1456 933 1510 καὶ
955 1456 1200 1524 γίνεσθαι
1223 1456 1318 1509 καὶ
1342 1453 1598 1524 λέγεσθαι
1623 1452 1815 1517 ταῦτα,
1851 1450 1887 1504 ἀ
1910 1466 2015 1520 μη-

423 1542 482 1596 δὲ
518 1539 826 1602 σπουδαίοις
854 1538 1211 1609 ἀνδραπόδοις
1245 1536 1477 1590 ἀκοῦσαι
1515 1534 1713 1605 θέμις;
1746 1531 2015 1586 Τοσοῦτον

426 1624 619 1696 χρόνον
642 1624 900 1677 ἐπόνεσεν
922 1622 951 1675 ό
980 1620 1164 1690 πατὴρ
1184 1619 1323 1691 μετά
1351 1619 1452 1689 τῆς
1494 1616 1703 1689 μητρὸς
1731 1615 2014 1685 φυλάττων

424 1710 525 1779 τήν
562 1706 852 1779 παρθένον,
882 1702 1025 1757 ὥστε
1056 1704 1197 1774 μήτε
1230 1703 1427 1765 εἰπεῖν,
1458 1706 1596 1772 μήτε
1625 1699 1817 1771 ἐτέρου
1847 1696 2015 1752 ἀκοῦ-

428 1806 517 1843 σαι
533 1788 783 1859 λέγοντός
798 1786 975 1840 τιτῶν
995 1783 1256 1838 τοιούτων
1279 1783 1563 1855 ῥημάτων,
1589 1782 1684 1837 καὶ
1714 1782 2013 1852 θαλάμους,

424 1874 521 1927 καὶ
540 1869 1006 1945 γυναικωνίτιδσις,
1045 1869 1139 1923 καὶ
1175 1864 1326 1940 [196]
1359 1867 1631 1937 φύλακας,
1692 1866 1789 1919 καὶ
1818 1863 2010 1936 θύρας,

426 1956 522 2011 καὶ
574 1954 828 2031 μοχλοὺς,
876 1953 974 2009 καὶ
998 1952 1101 2016 τὰς
1163 1952 1222 2004 ἐν
1258 1950 1471 2022 ἑσπέρα
1509 1948 1794 2020 προόδους,
1832 1949 1927 2002 καὶ
1953 1947 2015 2001 τὸ

428 2038 616 2109 μηδενί
647 2030 943 2107 φαίνεσθαι
986 2035 1125 2109 μηδέ
1157 2033 1266 2087 τῶν
1304 2034 1653 2104 ἐπιτηδείων,
1714 2032 1809 2084 καὶ
1844 2030 2014 2085 πολλά

422 2123 588 2195 ιτερα
608 2121 831 2175 πλείονα
847 2118 1052 2173 τούτων
1068 2117 1617 2189 πραγματευόμενος,
1635 2116 1729 2169 καὶ
1752 2116 1817 2167 σὺ
1836 2116 2014 2169 πάντα

423 2207 609 2261 ἐκεῖνα
666 2206 724 2257 ἐν
784 2203 886 2275 μιᾷ
928 2199 1100 2255 ελθῶν
1150 2199 1369 2269 ἐξέχεας
1415 2198 1618 2270 ήμέρᾳ,
1660 2198 2015 2269 ἀναίσχυντον

424 2288 594 2359 αὐτὴν
615 2285 1055 2359 παρασκευάζων
1084 2282 1340 2353 γενέσθαι
1375 2281 1464 2335 διὰ
1495 2281 1597 2351 τῆς
1641 2282 1839 2351 ἀτίμου
1869 2298 2015 2351 πομ-

424 2370 535 2439 πῆς
563 2371 800 2440 ἐκείνης,
825 2368 920 2421 καὶ
956 2364 1330 2437 διεφθαρμένα
1358 2365 1581 2436 ῥήματα
1608 2365 1687 2425 εἰς
1712 2362 1810 2434 τήν
1835 2363 2015 2434 ψυχὴν

422 2452 658 2519 εἰσάγων
681 2451 779 2523 τῆς
807 2450 1062 2519 νύμφης;
1098 2448 1213 2501 Ούκ
1266 2447 1519 2501 ἐντεῦθεν
1565 2448 1634 2501 τὰ
1671 2446 1807 2515 μετὰ
1842 2444 2017 2499 ταῦτα

422 2536 603 2599 κακά;
635 2536 737 2587 οὐκ
788 2531 1042 2585 ἐντεῦθεν
1078 2532 1317 2601 μοιχεῖαι
1366 2531 1463 2582 καί
1509 2529 1875 2597 ζηλοτυπίαις
1915 2529 2015 2582 οὐκ

419 2616 673 2677 ἐντεῦθεν
705 2615 955 2670 άπαιδίαι
1006 2617 1099 2667 καὶ
1128 2617 1349 2684 χηρεϊαι
1398 2614 1492 2667 καί
1521 2613 1781 2684 όρφανίαι
1803 2614 2011 2683 άωροι;

421 2700 594 2752 Ὅταν
622 2700 733 2769 γὰρ
767 2699 893 2760 τοὺς
925 2697 1188 2766 δαίμονας
1239 2696 1410 2767 καλῇς
1445 2696 1531 2747 διὰ
1561 2695 1671 2748 τῶν
1705 2694 1968 2766 ᾀσμάτων
1996 2735 2010 2759 ,

420 2785 549 2837 ὅταν
567 2783 665 2851 τὴν
685 2781 910 2834 ἐκείνων
940 2778 1237 2850 ἐπιθυμίαν
1262 2779 1487 2850 πληροῖς
1507 2779 1595 2836 διὰ
1634 2778 1741 2831 τῶν
1771 2778 2012 2848 αίσχρῶν

424 2866 705 2936 ῥημάτων,
737 2865 866 2918 ὅταν
902 2863 1104 2932 μίμους
1138 2862 1235 2915 καὶ
1266 2862 1545 2931 μαλακοὺς
1577 2864 1658 2929 εἰς
1702 2862 1801 2932 τήν
1832 2861 2012 2915 οἰκίαν

420 2948 648 3019 εἰσάγῃς
681 2948 774 3000 καὶ
806 2946 869 2999 τὸ
903 2945 1127 3014 θέατρον
1160 2942 1329 3006 ἅπαν,
1369 2944 1497 2997 ὅταν
1550 2943 1766 3013 πορνῶν
1796 2942 2013 3014 ἐμπλή-

420 3047 522 3105 an;
552 3031 652 3101 τήν
686 3030 828 3082 οἰκία
843 3047 885 3084 ν.
910 3029 1005 3081 καὶ
1033 3027 1142 3080 τῶν
1177 3027 1450 3097 δαιμόνων
1486 3026 1785 3097 ὀλόκληρον
1828 3043 2009 3097 παρα-

419 3113 692 3184 σκευάσης
712 3113 832 3164 ἐκεῖ
848 3112 1111 3181 κωμάσαι
1144 3110 1235 3163 τὸν
1266 3111 1449 3180 χορὸν,
1483 3108 1535 3162 τί
1566 3110 1874 3180 προσδοκᾷς
1903 3109 2011 3163 λοι-

418 3196 519 3248 πον
548 3195 721 3263 ύγιές,
746 3194 867 3246 εἰπέ
902 3210 1030 3263 μοι;
1064 3191 1222 3255 Τίνος
1253 3192 1309 3244 δὲ
1339 3192 1527 3246 ’ἐνεκεν
1562 3194 1657 3245 καὶ
1691 3192 1873 3263 ἱερέας
1893 3195 2008 3247 εἰσ-

296 3294 301 3303 ‘
418 3278 593 3346 άγεις,
644 3274 854 3346 μέλλων
893 3278 958 3345 τῇ
996 3273 1263 3346 ὑστεραίᾳ
1310 3274 1538 3330 τοιαῦτα
1572 3273 1785 3339 τελεῖν;
1821 3276 2009 3329 Βούλει

417 3358 733 3429 φιλοτιμίαν
784 3355 1159 3421 ἐπιδείξασθαι
1208 3357 1400 3428 κέρδος
1455 3357 1722 3427 ἐχουσαν;
1764 3357 2011 3412 Κάλεσον

414 3442 611 3513 χοροὺς
628 3441 900 3511 πενήτων.
934 3440 1077 3492 Ἀλλ’
1092 3439 1328 3515 αἰσχύνῃ
1347 3440 1582 3503 πάντως,
1606 3442 1702 3494 καὶ
1725 3441 2006 3512 ἐρυθριᾷς

416 3526 529 3579 Καὶ
551 3524 603 3577 τί
632 3525 840 3594 ταύτης
869 3525 969 3593 τῆς
996 3523 1221 3591 ἀλογίας
1250 3525 1453 3594 χεῖρον,
1477 3526 1606 3577 ὅταν
1640 3523 1731 3583 τὸν
1768 3525 1865 3595 μὲν
1892 3525 2008 3579 διά-

416 3609 575 3661 ϐολον
613 3607 789 3661 ἰλκων
814 3610 895 3670 είς
918 3607 1018 3678 τὴν
1071 3606 1271 3672 οἰκίαν,
1317 3607 1484 3677 μηδὲν
1510 3606 1739 3679 νομίζης
1779 3607 2005 3678 αἰσχρὸν

416 3693 613 3757 ποιεῖν,
642 3692 735 3743 τὸν
763 3690 821 3742 δὲ
872 3691 1109 3761 Χριστὸν
1143 3689 1357 3759 μέλλων
1388 3690 1657 3757 εἰσάγειν,
1713 3691 2001 3763 ἐρυθριᾷςς

417 3776 631 3846 Ὠσπερ
665 3772 775 3845 γάρ
826 3776 1075 3843 πενήτων
1106 3774 1385 3827 εἰσιόντων
1418 3776 1446 3827 ὁ
1498 3774 1735 3845 Χριστὸς
1764 3768 2006 3846 παραγί-

412 3875 588 3921 νεται,
640 3856 783 3909 οῦτω
820 3855 1078 3925 μαλακῶν
1108 3857 1202 3909 καὶ
1231 3857 1414 3926 μίμων
1463 3856 1581 3909 ἐκεῖ
1614 3856 1949 3928 χορευόντων
1978 3860 2006 3911 ὀ

411 3939 659 4002 διάϐολος
681 3942 739 3992 ἐν
764 3938 841 4009 τῷ
872 3940 1025 4009 μέσῳ
1061 3938 1336 4009 κωμάζει.
1371 3940 1483 3991 Καὶ
1512 3939 1619 3992 ἀπὸ
1648 3940 1746 4010 μὲν
1772 3932 1871 4011 τῆς
1908 3940 2004 3994 δα-

414 4024 591 4094 πάνης
618 4022 831 4091 ἐκείνης
853 4020 1044 4091 κέρδος
1072 4021 1246 4085 οὐδὲν,
1280 4022 1415 4075 ἀλλά
1466 4023 1562 4075 καὶ
1592 4023 1761 4094 πολλὴ
1802 4024 2002 4091 γένοιτ’

412 4105 479 4160 ἂν
518 4107 551 4177 ὴ
579 4103 750 4174 βλάϐη
773 4120 784 4133 '
818 4102 926 4158 ἀπὸ
952 4102 1008 4156 δέ
1038 4101 1245 4156 τούτων
1274 4104 1383 4157 τῶν
1429 4103 1803 4175 ἀναλωμάτων
1834 4106 2003 4159 πολύν

410 4207 535 4243 τινα
562 4186 706 4259 λήψῃ
732 4188 823 4239 τὸν
848 4186 1039 4257 μισθὸν
1084 4188 1315 4257 ταχέως.
1366 4187 1525 4241 Ἀλλά
1552 4190 1730 4253 οὐδεὶς
1776 4190 1869 4241 ἐπὶ
1901 4191 2001 4261 τῆς

415 4272 624 4334 πόλεως
660 4268 818 4323 τοῦτο
863 4270 1195 4341 εἰργάσατο;
1241 4270 1403 4323 Ἀλλά
1432 4274 1495 4324 σὺ
1526 4270 1794 4344 κατάρξαι
1830 4273 2001 4327 σπού-

409 4355 573 4408 δασον
607 4353 702 4406 καὶ
730 4352 973 4425 ἀρχηγὸς
1006 4351 1262 4431 γενέσθαι
1300 4354 1399 4423 τῆς
1430 4353 1603 4424 καλῆς
1637 4355 1842 4421 ταύτης
1877 4373 2001 4409 συν-

410 4436 620 4508 ηθείας,
656 4436 743 4489 ἵνα
794 4438 890 4490 καὶ
927 4436 976 4488 οί
1028 4436 1168 4505 μετὰ
1219 4435 1393 4489 ταῦτα
1426 4438 1507 4501 εἰς
1561 4438 1620 4489 σὲ
1654 4438 1996 4509 ἀναφέρωσι.

410 4522 530 4577 Κᾶν
563 4518 784 4594 ζηλώαῃ
811 4537 913 4585 τις,
948 4519 1052 4573 κᾶν
1083 4520 1395 4592 μιμήσηται
1422 4520 1581 4573 τοῦτο
1604 4521 1665 4574 τὸ
1694 4522 1834 4587 ἔθος,
1861 4524 1998 4592 πρρς

406 4608 536 4667 τοὺς
566 4604 919 4670 ἐξετάζοντας
966 4603 1150 4667 ἕξουσι
1200 4604 1380 4671 λέγειν
1415 4608 1462 4656 οἱ
1492 4604 1705 4673 ἔγγονοι
1734 4606 1825 4658 καὶ
1851 4608 1899 4658 οἰ
1938 4606 1998 4671 ἐξ

407 4689 670 4759 ἐγγόνων,
701 4690 781 4743 ὅτι
814 4686 871 4740 '0
890 4687 1036 4741 δεῖνα
1060 4690 1152 4741 τὸν
1185 4686 1349 4739 καλὸν
1372 4686 1563 4740 τοῦτον
1588 4688 1752 4757 νόμον
1778 4688 1997 4759 πρῶτος

405 4774 722 4843 εἰσήγαγεν.
755 4769 819 4823 Εἰ
876 4769 982 4839 γὰρ
1028 4768 1123 4822 ἐπὶ
1154 4768 1261 4843 τῶν
1291 4769 1492 4835 ἔξωθεν
1522 4770 1769 4837 ἀγώνων,
1798 4772 1855 4822 ἐν
1882 4773 1997 4834 τοῖς

409 4839 755 4925 συμποσίοις,
786 4852 836 4904 οί
868 4852 1005 4921 πρὸς
1031 4852 1094 4904 τὸ
1136 4839 1549 4923 φὶλοτιμότερον
1574 4853 1675 4916 τάς
1700 4854 1994 4924 ἀνονήτους

404 4938 609 5001 ταύτας
632 4935 974 5004 λειτουργίας
991 4934 1299 5004 ἐξάγοντες,
1326 4935 1478 5005 παρά
1510 4934 1721 4989 πολλῶν
1755 4935 1989 5007 ᾄδονταιο

407 5019 591 5089 πολλῷ
627 5018 827 5088 μᾶλλον
860 5018 954 5070 ἐπὶ
978 5016 1075 5087 τῆς
1103 5018 1448 5089 λειτουργίας
1481 5017 1581 5087 τῆς
1614 5019 1995 5089 πνευματικῆς

406 5104 649 5171 ammte;
694 5100 1090 5163 ἐπαινέσονται,
1140 5101 1233 5155 καὶ
1279 5102 1438 5173 χάριν
1480 5101 1877 5171 ὁμολογήσουσι
1915 5104 1993 5173 τῷ

407 5186 613 5255 πρώτῳ
662 5184 759 5255 τὴν
801 5183 1122 5255 θαυμαστὴν
1170 5185 1379 5256 ταύτην
1406 5186 1581 5256 ἀρχὴν
1616 5187 1989 5254 εἰσαγαγόντι,

404 5274 502 5325 καὶ
530 5270 684 5324 ἔσται
706 5270 765 5323 τὸ
793 5268 926 5321 αὐτὸ
948 5268 1040 5320 καὶ
1074 5268 1363 5335 φιλοτιμία,
1394 5269 1488 5322 καὶ
1516 5270 1724 5339 κέρδος.
1746 5270 1857 5324 Καὶ
1883 5271 1992 5342 γὰρ

402 5353 495 5421 ὑφ’
518 5353 724 5425 ἐτέρων
747 5351 905 5405 τοῦτο
935 5350 1389 5422 κατορθούμενον,
1419 5354 1523 5415 σοὶ,
1548 5352 1627 5423 τῷ
1658 5353 1860 5425 πρώτῳ
1892 5373 1992 5423 φυ-

398 5437 743 5507 τευσαμένῳ,
773 5435 880 5489 τῶν
912 5434 1141 5505 καρπῶν
1167 5436 1392 5489 ἐκείνων
1422 5436 1559 5489 οίσει
1589 5438 1687 5508 τὴν
1710 5438 1950 5509 ἀμοιϐήν
1974 5457 1987 5471 ·

398 5519 561 5572 τοῦτό
585 5537 643 5572 σε
670 5520 764 5573 καὶ
797 5519 1010 5589 πατέρα
1043 5519 1260 5588 ποιήσει
1289 5520 1521 5589 ταχέως,
1552 5521 1712 5575 τοῦτο
1753 5524 1846 5575 καὶ
1882 5524 1990 5577 τῶν

398 5596 735 5668 τικτομένων
765 5599 1150 5669 προστήσεται,
1204 5599 1299 5653 καὶ
1328 5599 1419 5653 τὸν
1448 5602 1680 5672 νυμφίον
1702 5605 1768 5674 τῇ
1800 5604 1985 5676 νύμφῃ
2033 5635 2068 5667 ρ

464 5724 492 5755 ⁸
514 5721 839 5795 δίο-γρῃρίί-
860 5725 1125 5795 etﬂlloru.
1174 5726 1340 5781 Nouit.
1367 5728 1539 5781 vitiose
1586 5728 1787 5791 οίμὼδη.
1832 5728 1981 5781 Savil.

398 5792 453 5839 ει
475 5785 582 5838 cod.
604 5784 699 5837 ’με
718 5787 891 5847 ὀνώδη.
912 5788 1043 5839 Enn.

1145 350 1216 406 IN
1254 349 1488 416 ILLUD,
1532 344 1853 404 PROPTER
1884 338 2446 399 FORNICATIONES
2501 338 2813 411 UXOREM,
2850 340 3005 399 ETC.
3040 334 3086 399 Ι.

3593 332 3709 392 213

2115 458 2609 531 συγκαταγηράσαι
2652 456 3092 530 παρασκευάσει.
3151 453 3365 529 Ὠσπερ
3419 452 3531 530 γάρ
3587 460 3708 523 τοῖς

2113 546 2522 618 ἁμαρτάνουσιν
2570 546 2787 601 ἀπειλεί
2823 543 3065 617 συνεχῶς
3111 546 3142 599 δ
3172 542 3330 611 Θεὸς,
3378 544 3574 614 λέγων,
3616 545 3704 600 δτι

2115 633 2403 687 Ἔσονται
2432 635 2487 687 al
2512 634 2627 688 υίοί
2661 632 2830 703 ὑμῶν
2882 631 3155 703 ὀρφανοί.
3188 631 3287 687 καὶ
3317 635 3379 687 al
3423 633 3706 703 γυναῖκες

2111 716 2282 789 ὑμῶν
2305 718 2485 789 χῆραι
2502 738 2515 751 ’
2558 719 2702 774 οὕτω
2729 722 2825 776 καὶ
2862 723 2975 785 τοῖς
3002 721 3062 775 ἐν
3082 720 3301 775 ’ἀπασιν
3337 719 3490 792 αὑτῷ
3514 720 3704 776 πειθο-

2116 806 2299 877 μένοις
2352 809 2447 862 καὶ
2480 810 2658 882 γῆρας
2693 808 2925 882 λιπαρὸν
2974 809 3072 864 καὶ
3110 810 3293 865 πάντα
3319 810 3460 881 μετά
3492 808 3702 865 τούτων

2112 896 2311 951 δώσειν
2340 898 2684 971 ὑπισχνεῖται
2713 898 2781 953 τὰ
2807 897 2986 969 ἀγαθά

2186 998 2402 1067 γ’.’Καὶ
2427 996 2640 1053 Παύλου
2672 998 2729 1052 δέ
2768 998 2916 1053 ἔστιν
2953 997 3189 1053 ἀκοῦσαι
3216 996 3379 1054 τοῦτο
3420 998 3700 1068 λέγοντος,

2114 1084 2197 1140 ὄτι
2229 1086 2498 1152 θανάτους
2522 1086 2737 1160 ἀώρους
2762 1086 3021 1153 πολλάκις
3040 1087 3460 1161 ἁμαρτημάτων
3480 1085 3706 1158 ἐποίησε

2116 1175 2340 1247 πλῆθος.
2371 1177 2475 1232 Διά
2500 1178 2680 1233 τοῦτο
2695 1176 2823 1250 γὰρ,
2844 1176 3032 1249 φησὶν,
3048 1176 3273 1247 tm)er
3293 1174 3513 1231 πολλοὶ
3534 1173 3708 1229 ἀσθε-

2114 1264 2240 1332 νεῖς
2272 1266 2378 1320 καί
2409 1265 2727 1336 ᾶρῤωστοι,
2748 1266 2849 1321 καί
2881 1263 3204 1336 κοιμῶνται
3232 1264 3450 1321 ίκανοί.
3482 1265 3607 1316 Ὅτι
3643 1262 3706 1317 δέ

2115 1354 2347 1426 πένητες
2363 1354 2691 1425 τρεφόμενοι
2710 1356 2863 1409 οὐδὲν
2885 1352 3128 1409 τοιοῦτον
3148 1354 3341 1422 ἀφιᾶσι
3376 1338 3703 1423 συμπεσεῖν,

2114 1444 2273 1510 ἀλλὰ,
2300 1444 2403 1499 κᾶν
2418 1444 2643 1517 γένηταί
2662 1462 2715 1499 τι
2738 1445 2847 1500 τῶν
2872 1445 3172 1516 ἀδοκήτων,
3190 1443 3455 1513 ταχίστην
3472 1441 3707 1510 ἐπάγου-

2115 1549 2200 1585 σιν
2221 1531 2370 1605 [197]
2394 1532 2559 1588 αὑτοῦ
2576 1533 2675 1604 τὴν
2690 1533 2997 1606 διόρθωσιν,
3018 1532 3129 1587 ἀπὸ
3146 1532 3248 1602 τῆς
3265 1532 3436 1602 κόρης
3463 1528 3703 1601 μάνθανε

2112 1620 2213 1691 τῆς
2237 1624 2295 1674 ἐν
2323 1620 2535 1693 Ἰόππῃ.
2564 1621 2674 1676 Καὶ
2700 1621 2811 1693 γάρ
2833 1619 3038 1691 ταύτην
3058 1619 3191 1673 ποτέ
3219 1617 3423 1691 νεκράν
3446 1616 3707 1688 κειμένην

2115 1708 2475 1781 περιστάντες
2511 1710 2561 1762 οί
2596 1708 2918 1781 τρεφόμενοι
2942 1708 3173 1777 πένητες
3203 1707 3299 1760 καὶ
3329 1703 3705 1777 δακρύσαντες

2114 1794 2448 1867 ἀνέστησαν,
2505 1794 2770 1866 καὶπρὸς
2819 1794 2964 1865 ζωὴν
3004 1796 3375 1865 ἐπανήγαγον.
3432 1789 3705 1846 Τοσοῦτον

2114 1883 2249 1953 εὐχὴ
2275 1883 2459 1956 χηρῶν
2490 1887 2584 1936 καὶ
2606 1884 2854 1956 πενήτων
2872 1883 3106 1953 γέλωτος
3129 1881 3333 1946 παντὸς
3364 1881 3461 1935 καὶ
3485 1879 3708 1953 χορείας

2115 1969 2234 2023 ἐστὶ
2281 1970 2696 2043 χρησιμωτέρα.
2742 1969 3011 2027 Ἐνταῦθα
3065 1971 3203 2043 πρὸς
3248 1968 3375 2042 μίαν
3424 1968 3641 2040 ἡμέραν
3670 1966 3706 2039 ή

2113 2056 2330 2129 τέρψις,
2365 2060 2483 2112 ἐκεῖ
2512 2060 2759 2129 διηνεκὲς
2809 2060 2873 2113 τὸ
2918 2058 3128 2130 κέρδος.
3180 2057 3465 2129 Ἐννόησην
3516 2054 3708 2127 ἡλίκον

2116 2147 2233 2198 ἐστὶ
2278 2145 2547 2209 τοσαύτας
2581 2147 2676 2200 ἐπὶ
2712 2146 2815 2217 τῆς
2863 2145 3107 2215 κεφαλῆς
3138 2143 3393 2214 εὐλογίας
3428 2141 3708 2198 λαϐοῦσαν

2116 2232 2214 2304 τήν
2245 2233 2491 2306 νύμφην,
2529 2236 2609 2298 εἰς
2639 2236 2739 2307 τὴν
2782 2234 2962 2289 οἰκίαν
3008 2235 3241 2289 εἰσιέναι
3293 2232 3389 2289 τοῦ
3442 2235 3703 2305 νυμφίου.

2116 2322 2303 2374 Πόσων
2340 2322 2618 2392 στεφάνων
2642 2322 2817 2375 ταῦτα
2865 2323 3201 2393 σεμνότερα;
3232 2321 3401 2376 πόσου
3430 2321 3709 2393 χρησιμώ-

2114 2424 2247 2478 τερα
2282 2408 2551 2468 πλούτου;
2583 2409 2660 2473 ώς
2693 2408 2761 2463 τά
2793 2425 2858 2477 γε
2895 2408 2991 2463 νῦν
3024 2410 3286 2479 γινόμενα
3332 2410 3569 2479 ἐσχάτης
3600 2426 3707 2462 πα-

2118 2495 2422 2567 ραπληξίας
2469 2495 2564 2549 καὶ
2614 2496 3045 2567 παραφροσύνης
3104 2497 3274 2550 ἐστίν.
3319 2496 3382 2548 Εί
3430 2494 3540 2566 γὰρ
3569 2496 3707 2567 μηδέ

2115 2584 2357 2647 κόλασις,
2393 2582 2526 2654 μηδὲ
2552 2583 2796 2653 τιμωρία
2847 2600 2934 2645 τις
2988 2582 3168 2635 ἔκειτο
3203 2584 3317 2646 τοῖς
3362 2581 3433 2637 τὰ
3477 2583 3707 2637 τοιαῦτα

2112 2670 2537 2742 ἀσχημονοῦσιν,
2585 2670 2837 2742 ἐννόησον
2868 2672 3000 2741 ὅσης
3041 2670 3161 2724 ἐστὶ
3188 2670 3481 2742 τιμωρίας,
3514 2670 3707 2743 ἀνέχε-

2116 2759 2241 2811 σθαι
2290 2759 2588 2821 τοσαύταις
2644 2757 3012 2833 πλυνομένους
3066 2757 3390 2831 λοιδορίαις,
3444 2758 3703 2831 δημοσίᾳ,

2113 2846 2333 2899 πάντων
2379 2845 2708 2908 ἀκουόντων,
2746 2845 2852 2899 ὑπὸ
2901 2845 3209 2917 ἀνθρώπων
3251 2846 3561 2918 μεθυόντων
3609 2847 3707 2901 καὶ

2111 2933 2526 3005 διεφθαρμένων
2564 2934 2656 2987 τὸν
2683 2932 2828 2989 νοῦν.
2856 2935 2920 2987 Ol
2951 2934 3050 3004 μὲν
3075 2933 3186 3006 γάρ
3226 2936 3457 3006 πένητες
3490 2934 3705 3006 λαμϐά-

2112 3037 2295 3084 νοντες
2329 3021 2639 3090 εύλογοῦσι,
2673 3021 2846 3092 μυρία
2870 3021 3311 3091 συνεύχονταιτά
3342 3022 3701 3091 ἀγαθάοέκεῖ-

2112 3129 2192 3165 νοι
2229 3110 2286 3163 δέ
2318 3110 2460 3179 μετὰ
2485 3109 2585 3181 τὴν
2633 3107 2827 3179 μέθην,
2864 3108 3003 3179 μετά
3032 3108 3132 3180 τὴν
3162 3108 3493 3181 ἀδηφαγίαν,
3526 3111 3707 3168 πάντα

2112 3196 2373 3269 βόρϐορον
2448 3195 2767 3266 κωμμάτων
2799 3195 2941 3248 κατά
2974 3194 3074 3265 τῆς
3106 3195 3216 3248 τῶν
3246 3197 3570 3267 γαμούντων
3609 3218 3708 3254 κα-

2109 3287 2365 3357 ταχέουσι
2393 3285 2659 3355 κεφαλῆς,
2691 3284 2924 3356 ἀμιλλάν
2951 3302 3075 3339 τινα
3100 3285 3415 3359 διαϐολικήν
3450 3290 3588 3361 πρὸς
3618 3292 3708 3345 ἀλ.

2107 3373 2304 3443 λήλους
2358 3373 2598 3443 ἔχοντες
2650 3374 2746 3428 καὶ
2801 3372 3056 3445 καθάπερ
3123 3373 3333 3446 ἐχθρῶν
3379 3374 3552 3429 ὄντων
3591 3376 3705 3432 τῶν

2110 3466 2422 3535 συνιόντων,
2447 3460 2620 3525 οὕτως
2643 3461 2693 3513 οἰ
2733 3462 3110 3531 προσήκοντες
3143 3463 3330 3526 αὐτοῖς
3352 3463 3703 3535 φιλοτιμοῦν⁹

2106 3567 2197 3604 ται
2228 3550 2369 3622 πρὸς
2398 3549 2684 3620 ἀλλήλους,
2742 3550 2799 3603 ἐν
2824 3549 2902 3619 τῷ
2931 3549 3073 3620 ρητά
3118 3550 3214 3603 καλ⁸
3254 3551 3473 3622 ἀρρητκ
3518 3552 3705 3622 λέγειν

2104 3638 2286 3709 ὀνείδη
2320 3636 2572 3708 περὶτῶν
2602 3638 2921 3709 γημάντων,
2963 3638 3206 3708 μιμῆσαι
3257 3641 3383 3702 τοὺς
3412 3641 3701 3695 ἀντιτετα-

2106 3727 2363 3797 γμένουςο
2394 3727 2489 3778 καὶ
2515 3725 2705 3797 ήπρὸς
2734 3724 3002 3796 ἀλλήλους
3018 3726 3226 3779 τούτων
3254 3726 3556 3795 φιλονεικία
3579 3730 3701 3801 μεθ’

2106 3812 2414 3885 ὑπερϐολῆς
2462 3813 2682 3883 ἀπάσης
2735 3814 2828 3867 τὸν
2872 3814 3108 3884 νυμφίον
3158 3814 3299 3886 μετά
3347 3816 3447 3886 τῆς
3480 3818 3702 3890 νύμφης

2106 3903 2564 3975 καταισχύνεσθαι
2588 3903 3026 3975 παρασκευάζει.

2174 4004 2302 4081 Ἀρ*
2349 4005 2444 4063 οῦν
2489 4010 2685 4081 ἐτέραν
2724 4008 3040 4080 ζητήσομεν
3086 4008 3382 4077 ἀπόδειξιν,
3426 4013 3549 4066 εἰπέ
3580 4031 3697 4082 μοι,

2102 4100 2212 4157 τῶν
2261 4101 2535 4172 δαιμόνων
2568 4099 2879 4155 κινούντων
2909 4101 3007 4164 τὰς
3042 4101 3268 4155 ἐκείνων
3296 4102 3477 4172 ψυχὰς
3525 4103 3699 4159 ταῦτα

2104 4195 2199 4247 καὶ
2228 4194 2474 4262 γίνεσθαι
2507 4194 2603 4247 καὶ
2636 4192 2895 4261 λέγεσθαι
2927 4194 3056 4265 παρ’
3089 4192 3303 4259 αύτῶν;
3330 4195 3426 4257 Τίς
3450 4191 3543 4249 οὖν
3585 4196 3698 4265 ἀμ-

2103 4286 2432 4357 φισϐητήσει
2463 4286 2673 4353 λοιπὸν,
2703 4287 2785 4341 ὃτι
2801 4285 3071 4356 δαιμόνων
3105 4286 3399 4340 κινούντων
3427 4287 3526 4352 τάς
3551 4289 3699 4341 ἐκεί-

2101 4398 2208 4435 νων
2227 4381 2407 4451 ψυχάς
2427 4381 2521 4434 καὶ
2551 4380 2778 4449 λέγεται
2800 4378 2973 4432 ταῦτα
3004 4378 3182 4432 πάντα
3209 4380 3304 4433 καὶ
3334 4380 3547 4447 γίνεται
3566 4380 3696 4453 παρ’

2100 4473 2354 4537 ἐκείνων;
2384 4473 2498 4526 Οὐκ
2526 4471 2675 4525 ἐστιν
2698 4471 2899 4535 οὐδείς’
2934 4471 3029 4524 καὶ
3059 4469 3170 4544 γὰρ
3187 4470 3436 4525 τοιαῦται
3457 4472 3552 4525 τοῦ
3576 4473 3698 4526 δια·-

2099 4566 2257 4619 ϐόλου
2286 4566 2342 4619 αἱ
2375 4566 2693 4629 ἀντιδόσεις,
2724 4564 3005 4637 λοιδορίαι,
3044 4568 3139 4618 κιιλ⁵
3170 4567 3353 4635 μέθαι,
3388 4568 3484 4620 καὶ
3518 4584 3698 4640 παρα-

2100 4657 2343 4729 φροσύνη
2363 4657 2566 4727 ψυχῆς.
2596 4658 2660 4709 Εἰ
2686 4657 2741 4711 δέ
2764 4674 2845 4720 τις
2870 4658 3174 4721 οἰωνίζοιτο
3209 4658 3269 4711 τὸ
3294 4658 3535 4729 πένητας
3574 4659 3697 4714 ἀντὶ

2096 4750 2302 4803 τούτων
2332 4748 2669 4819 εἰσάγεσθαι,
2700 4750 2795 4803 καὶ
2811 4752 3101 4821 συμφορᾶς
3115 4750 3265 4819 λέγοι
3285 4747 3424 4803 εἶναι
3448 4751 3696 4823 σύμϐολα

2096 4842 2291 4905 ταῦτα,
2327 4842 2548 4912 μαθέτω
2580 4841 2676 4895 καὶ
2706 4842 2886 4905 τοῦτο,
2916 4842 2999 4895 ὅτι
3040 4843 3102 4895 ού
3136 4843 3197 4895 τὸ
3229 4843 3469 4913 πένητας
3497 4844 3695 4915 τρέφε-

2098 4932 2222 4985 σθαι
2256 4932 2349 4985 καὶ
2377 4935 2573 5002 χήρας,
2601 4931 2740 4985 ἀλλά
2767 4933 2827 4987 τὸ
2847 4932 3125 5003 μαλακοὺς
3166 4934 3260 4987 καὶ
3289 4934 3515 5004 πόρνας,
3533 4934 3695 4989 τοῦτο

2094 5025 2314 5095 ἀπάσης
2358 5024 2553 5094 ἀηδίας
2587 5026 2683 5077 καὶ
2736 5025 2947 5095 μυρίων
2994 5027 3112 5081 ἐστὶ
3173 5024 3447 5097 σύμϐολον
3479 5028 3689 5083 κακῶν.

2094 5117 2363 5179 Πολλάκις
2410 5117 2515 5187 γὰρ
2551 5117 2645 5168 ἀπ’
2680 5117 2851 5185 αὐτῆς
2890 5116 2991 5185 τῆς
3036 5117 3255 5188 ἡμέρας
3278 5121 3343 5172 ἐκ
3380 5120 3488 5171 τῶν
3520 5120 3691 5189 φίλων

2091 5209 2183 5262 τὸν
2214 5208 2447 5280 νυμφίον
2483 5205 2833 5277 αἰχμάλωτον
2867 5204 3110 5259 λαϐοῦσα
3140 5207 3388 5276 ἀπῆλθεν
3419 5210 3451 5278 ή
3491 5209 3689 5279 πόρνη,

2093 5304 2189 5355 καὶ
2220 5302 2312 5355 τὸν
2338 5300 2515 5371 ἔρωτα
2540 5300 2629 5351 τὸν
2664 5299 2800 5369 πρὸς
2828 5298 2927 5369 τὴν
2958 5298 3180 5369 νύμφην
3214 5299 3428 5363 ἔσϐεσε,
3464 5300 3557 5352 καὶ
3588 5300 3690 5370 τὴν

2092 5394 2308 5447 εὔνοιαν
2329 5393 2593 5462 ύπέσυρε,
2626 5392 2721 5445 καὶ
2754 5391 2856 5461 τὴν
2880 5391 3124 5459 ἀγάπην,
3182 5392 3311 5461 πρὶν
3361 5390 3689 5461 ἐξαφθῆναι,

2092 5487 2376 5552 κατέλυσε,
2408 5487 2501 5539 καὶ
2536 5485 2780 5557 μοιχείας
2808 5483 3145 5553 ἐγκατέϐαλε
3170 5484 3483 5555 σπέρματα.
3504 5484 3689 5537 Ταῦτα

2091 5581 2388 5634 δεδοικέναι
2419 5581 2547 5644 τοὺς
2575 5580 2817 5651 πατέρας
2840 5581 3029 5651 ἐχρῆν,
3067 5580 3114 5631 εί
3145 5578 3238 5631 καὶ
3274 5578 3445 5648 μηδὲν
3477 5579 3686 5648 ἕτερον,

2091 5675 2185 5727 καὶ
2220 5672 2451 5728 κωλύειν
2484 5672 2593 5725 τῶν
2632 5674 2816 5743 μίμων
2850 5674 2945 5726 καὶ
2972 5671 3083 5725 τῶν
3107 5672 3461 5745 ὀρχουμένων
3476 5670 3579 5735 τὰς
3606 5674 3689 5736 εἰς

2090 5772 2215 5835 τοὺς
2238 5770 2450 5842 γάμους
2480 5767 2805 5841 παρουσίας.
2846 5767 3028 5840 Γάμος
3044 5767 3176 5840 γάρ,
3203 5768 3302 5838 οὐχ
3334 5765 3687 5837 ἵναιιοιλγϊι-
