4228 6298
191 292 293 349 lis

199 418 404 473 temur,
442 405 543 461 sed
568 415 626 460 ut
648 406 780 461 casti
810 410 997 463 simus.
1028 408 1168 464 Audi
1198 423 1329 463 sane
1358 406 1580 461 Paulum
1611 404 1809 461 dicena

205 508 309 553 tem
336 515 351 551 :
382 494 607 558 Propter
654 498 1014 568 fornicationes
1062 508 1231 552 autem
1273 499 1615 569 unusquisque
1658 514 1804 552 suam

202 604 411 641 uxorem
449 587 669 655 habeat,
717 599 763 643 et
794 606 1106 663 unaqua'que
1142 606 1291 641 suum
1333 591 1495 642 virum
1542 589 1723 644 habeat
1746 590 1794 656 (Ι

201 678 319 735 Cor.
350 681 403 734 7.
434 680 516 750 2).
542 681 665 736 lltec
686 681 829 736 enim
854 684 959 735 duo
988 692 1133 743 sunt,
1162 697 1389 752 quorum
1411 696 1573 737 causa
1602 681 1803 749 nupti-.1:

200 781 324 825 sunt
351 753 630 839 institutte,
660 779 720 825 ut
746 780 892 832 caste
923 773 1166 827 vivamus
1195 780 1248 827 et
1277 783 1331 827 ut
1356 782 1534 842 patres
1574 771 1762 826 liamus
1784 811 1801 838 ,

202 862 396 915 horum
428 873 607 917 autem
638 862 867 919 duorum
895 863 1223 918 antecedens
1250 863 1507 917 castitatis
1535 874 1616 917 est
1643 877 1801 917 occa-

198 951 301 1005 sio.
354 952 637 1021 Postquam
666 956 808 1008 enim
851 954 1085 1023 ingressa
1126 962 1211 1007 est
1247 953 1447 1015 libido,
1492 938 1802 1022 conjugium

203 1057 361 1112 quoq
388 1057 419 1097 e
465 1044 764 1113 ingressum
793 1054 896 1111 est,
926 1056 985 1098 ut
1034 1045 1444 1099 immoderatum
1476 1060 1629 1099 usum
1654 1059 1801 1099 rese-

204 1142 372 1198 caret,
398 1143 449 1187 et
480 1135 853 1202 persuaderet,
902 1147 959 1189 ut
984 1152 1087 1190 una
1126 1137 1351 1191 muliere
1394 1136 1630 1191 contenti
1659 1150 1807 1192 esse-

201 1241 340 1279 mus.
374 1225 491 1281 Nou
516 1228 659 1281 enim
695 1229 915 1283 omnino
954 1230 1260 1300 conjugium
1292 1230 1475 1296 efﬁcit,
1501 1239 1558 1283 ut
1605 1230 1804 1285 liberos

200 1317 582 1386 suscipiamus,
612 1318 706 1373 sed
737 1319 862 1373 illud
905 1320 999 1375 Dei
1043 1321 1287 1387 verbum,
1316 1321 1456 1392 quod
1486 1319 1615 1375 dicit
1644 1338 1657 1373 :
1684 1318 1805 1375 Cre-

200 1410 323 1461 scite
347 1419 397 1462 et
432 1411 860 1480 multiplicamini,
893 1423 938 1466 et
969 1414 1157 1483 replete
1180 1423 1367 1467 terrain
1398 1412 1564 1485 (Gen.
1599 1413 1648 1467 Ι.
1674 1411 1802 1484 28).

201 1498 392 1554 Testes
416 1509 543 1556 sunt
569 1502 889 1573 quicumque
911 1503 1164 1573 conjugio
1192 1513 1317 1558 sunt
1338 1504 1440 1565 usi,
1469 1503 1563 1558 sed
1607 1502 1807 1558 liberos

202 1591 424 1646 minime
454 1602 774 1661 genuerunt.
817 1594 999 1666 itaque
1038 1594 1365 1650 antecedens
1391 1603 1475 1650 est
1504 1594 1620 1649 haec
1644 1609 1805 1649 causa

198 1683 485 1747 castitatis,
515 1693 677 1753 atque
702 1683 806 1740 hoc
836 1686 1108 1757 praecipue
1147 1695 1390 1755 tempore
1409 1724 1424 1751 ,
1457 1700 1579 1740 cum
1608 1700 1806 1757 genere

199 1771 435 1827 humano
482 1784 625 1829 totus
666 1775 813 1829 orbis
864 1784 1129 1831 terrarum
1174 1776 1409 1850 repletus
1451 1785 1554 1830 est.
1598 1775 1730 1831 Nam
1773 1792 1805 1831 ι

199 1863 464 1934 principio
494 1865 714 1935 quidem
748 1867 1047 1933 expetenda
1078 1883 1167 1923 res
1192 1877 1310 1922 erat
1338 1867 1537 1929 habere
1582 1868 1803 1937 liberos,

199 1965 255 2009 ut
285 1966 700 2012 monumentum
729 1972 794 2012 ac
821 1958 1075 2029 reliquias
1098 1960 1222 2015 vita:
1250 1976 1361 2016 sua:
1383 1962 1610 2032 quisque
1640 1962 1806 2017 relin-

198 2056 410 2116 queret.
456 2047 722 2115 Quoniam
765 2050 908 2105 enim
961 2053 1378 2108 resurrectionis
1404 2068 1529 2123 spes
1570 2053 1805 2108 nondum

198 2145 337 2200 erat,
387 2139 480 2195 sed
514 2154 663 2196 mors
688 2140 1083 2209 dominabatur,
1120 2157 1289 2215 seque
1318 2154 1435 2214 post
1476 2144 1614 2198 hanc
1644 2146 1806 2200 vitam

197 2230 381 2297 perire
404 2232 717 2299 censebant,
747 2234 839 2303 qui
866 2234 1259 2305 moriebantur,
1291 2236 1541 2292 solatium
1570 2237 1710 2293 istud
1742 2254 1807 2292 ex

198 2322 546 2390 susceptione
585 2322 876 2379 liberorum
907 2326 1128 2397 largitus
1155 2337 1238 2383 est
1268 2328 1431 2395 Deus,
1467 2338 1523 2383 ut
1558 2329 1809 2385 animate

199 2410 581 2467 defunctorum
606 2413 865 2482 imagines
885 2426 1249 2484 remanerent,
1272 2434 1544 2489 genusque
1565 2430 1808 2474 nostrum

200 2509 653 2571 conservaretur,
685 2516 740 2561 et
766 2517 993 2563 mortem
1018 2509 1245 2564 abituris
1272 2525 1566 2581 eorumque
1592 2515 1809 2583 propin-

200 2600 321 2666 quis
348 2598 637 2654 maximam
668 2601 1095 2657 consolationem
1120 2603 1171 2657 id
1203 2616 1434 2674 pareret,
1459 2605 1601 2673 quod
1634 2616 1812 2674 poste-

201 2706 290 2744 ros
314 2692 579 2747 haberent
619 2694 957 2762 superstites.
988 2697 1163 2766 Atque
1204 2706 1260 2751 ut
1301 2698 1569 2768 intelligas
1610 2696 1811 2753 idcirco

203 2781 406 2837 liberos
435 2786 769 2854 expetendos
807 2786 973 2843 luisse
997 2830 1013 2855 ,
1058 2789 1204 2854 audi,
1233 2804 1342 2858 quo
1371 2800 1527 2859 pacto
1553 2790 1693 2858 apud
1718 2788 1810 2844 Jo-

204 2874 328 2929 bum
357 2888 615 2947 queratur
640 2895 703 2935 ac
725 2881 1049 2937 lamentetur
1069 2892 1186 2953 post
1213 2878 1409 2936 mult'as
1432 2881 1615 2951 p'agas
1636 2896 1771 2935 uxor
1795 2899 1809 2936 :

205 2969 343 3023 Ecce
367 3012 381 3033 ,
414 2971 623 3038 inquit,
663 2974 954 3030 memoriale
978 2984 1120 3028 tuum
1144 2976 1290 3041 periit
1320 2974 1382 3027 de
1416 2985 1548 3027 terra
1572 3015 1589 3039 ,
1631 2985 1677 3027 et
1714 2975 1811 3043 lilii

203 3061 315 3126 tui,
348 3072 395 3115 et
417 3064 539 3126 ﬁlite
563 3073 666 3117 tute
691 3064 821 3134 (.lob
852 3065 935 3121 18.
972 3066 1037 3120 17
1058 3068 1099 3137 ).
1132 3066 1199 3120 Ει
1230 3081 1415 3120 rursus
1446 3065 1511 3119 ad
1556 3065 1811 3121 Davidem

207 3152 339 3207 Saul
371 3171 383 3204 :
411 3153 546 3208 Jura
567 3154 701 3208 ‘milti
721 3156 774 3209 in
807 3154 1046 3221 Domino,
1078 3158 1195 3227 quia
1226 3172 1328 3209 non
1352 3156 1704 3210 extet-minuitis
1728 3173 1812 3210 se-

207 3261 323 3297 men
346 3261 514 3298 meum
540 3287 555 3310 ,
589 3254 636 3299 et
660 3262 840 3300 nomen
864 3264 1026 3301 meum
1058 3257 1168 3317 post
1193 3264 1271 3301 me
1298 3248 1374 3316 (l.
1411 3246 1537 3318 Reg.
1568 3246 1661 3302 ει.
1692 3245 1810 3318 ΞΞ).

208 3333 500 3404 Postquam
528 3345 705 3390 autem
750 3337 801 3390 in
852 3335 1057 3391 foribus
1102 3346 1185 3392 est
1228 3338 1585 3401 resurrectio,
1640 3353 1814 3406 neque

212 3427 405 3479 mortis
431 3427 540 3494 jam
571 3427 675 3480 ulla
699 3428 837 3481 ratio
868 3427 1113 3492 habetur,
1147 3427 1239 3482 sed
1268 3428 1333 3482 ad
1360 3428 1519 3482 aliam
1544 3428 1813 3497 pergimus

209 3516 377 3570 vitam
407 3517 505 3572 hac
536 3518 700 3571 multo
732 3518 1009 3573 meliorem
1036 3560 1050 3583 ,
1089 3534 1544 3587 supervacaneum
1578 3519 1811 3573 studium

212 3618 294 3662 cst
324 3608 612 3677 ejusmodi.
639 3608 695 3664 Si
732 3610 875 3665 enim
926 3610 1215 3664 liberorum
1263 3611 1532 3665 desiderio
1577 3612 1810 3675 teneris,

214 3702 390 3755 multo
445 3702 698 3757 meliores
750 3713 911 3777 atque
955 3704 1197 3759 utiliores
1244 3707 1519 3774 acquirere
1574 3705 1815 3774 poteris,

214 3808 362 3847 nunc
403 3809 524 3848 cum
570 3794 860 3864 spiritualis
908 3797 1150 3865 quaedam
1196 3796 1437 3866 pariendi
1478 3798 1612 3850 ratio
1644 3796 1815 3850 intro-

213 3885 374 3939 ducta
406 3895 518 3949 est,
566 3886 863 3956 meliorque
904 3898 1123 3957 partus,
1164 3897 1217 3941 et
1248 3889 1485 3942 utiliores
1524 3889 1817 3943 senectutis

213 3977 437 4031 altnrcs.
487 3977 668 4047 Itaque
698 3993 801 4032 una
826 3978 1068 4044 quiedam
1096 3989 1179 4033 est
1203 3980 1414 4035 occasio
1439 3981 1669 4051 conjugii
1699 4024 1712 4044 ,
1762 3989 1819 4035 ut

215 4084 323 4122 non
356 4078 658 4123 scortemur
681 4085 735 4128 et
752 4072 956 4129 ideirco
981 4070 1285 4125 remedium
1303 4072 1403 4123 hoc
1420 4071 1684 4126 invectum
1714 4080 1814 4125 est.

213 4161 370 4227 Quod
401 4163 445 4215 si
480 4171 599 4231 post
627 4164 932 4233 coniugium
965 4164 1380 4217 scortationibus
1418 4172 1468 4218 te
1510 4164 1819 4233 inquinatu-

215 4267 309 4307 rus
331 4255 407 4309 sis
427 4295 441 4319 ,
472 4268 888 4324 supervacaneo,
914 4254 1107 4309 frustra
1139 4268 1190 4311 et
1219 4258 1483 4311 incassum
1528 4257 1593 4310 ad
1631 4258 1820 4325 conju-

216 4344 365 4415 gium
394 4329 590 4399 venisti
621 4363 635 4400 :
669 4346 776 4399 imo
808 4361 937 4401 vero
963 4361 1068 4400 non
1100 4346 1295 4401 frustra
1326 4357 1380 4402 et
1408 4349 1675 4403 incassum
1708 4360 1822 4403 tan-

219 4447 356 4502 tum,
390 4438 485 4491 sed
512 4439 671 4492 etiam
698 4453 818 4492 cum
846 4438 1065 4497 damno.
1110 4440 1226 4494 Non
1259 4441 1398 4494 enim
1428 4458 1522 4511 par
1551 4442 1688 4496 ratio
1717 4450 1818 4507 est,

219 4530 267 4585 si
297 4529 419 4598 quis
450 4546 667 4583 uxorem
697 4546 802 4583 non
832 4532 1033 4585 habens
1054 4541 1337 4595 scortetur,
1362 4543 1414 4586 et
1433 4534 1475 4587 si
1495 4534 1612 4602 quis
1640 4535 1822 4588 matri-

220 4625 405 4679 monio
452 4631 729 4677 contracto
771 4639 956 4678 rursus
998 4625 1225 4694 idipsum
1271 4634 1414 4695 agat.
1464 4626 1649 4695 Neque
1679 4628 1820 4681 enim

220 4714 328 4787 jam
382 4714 512 4768 illud
558 4717 815 4769 scortatio
859 4726 981 4782 est,
1032 4717 1125 4771 sed
1176 4717 1515 4771 adulterium.
1567 4718 1824 4786 Quamvis

221 4808 368 4863 enim
396 4810 590 4863 miruut
618 4819 674 4865 et
697 4810 931 4865 insolens
958 4810 1027 4864 sit
1054 4810 1194 4880 quod
1223 4810 1452 4865 diximus
1473 4852 1487 4877 ,
1536 4822 1617 4865 est
1647 4821 1821 4865 tamen

224 4914 411 4954 verum
423 4941 435 4953 .

296 4993 354 5047 4.
376 4990 695 5047 Adulterium
724 4994 873 5048 etiam
903 5011 1018 5048 cun:
1048 4995 1204 5048 libera
1231 4996 1582 5049 committitur.
1614 5026 1686 5035 —
1707 4994 1822 5049 Non

223 5084 537 5155 ignoramus
588 5085 845 5154 plurimos
894 5086 1214 5141 adulterium
1269 5086 1515 5141 arbitrari
1575 5094 1822 5153 tantum,

222 5190 348 5231 cum
379 5176 499 5246 quis
532 5176 724 5231 marito
762 5178 1003 5248 junctam
1048 5179 1326 5234 mulierem
1354 5180 1651 5250 corrumpit
1677 5196 1693 5233 :
1725 5195 1826 5251 ego

225 5282 357 5322 vero
385 5270 499 5323 sive
524 5283 646 5322 cum
681 5269 883 5340 vulgari
916 5281 1114 5335 scorto,
1146 5272 1261 5326 sive
1290 5287 1413 5327 cum
1455 5272 1645 5328 ancilla
1668 5313 1682 5335 ,
1712 5273 1827 5328 sive

222 5354 349 5414 eum
381 5362 485 5414 alia
511 5362 761 5431 quapiam
807 5361 1034 5417 muliere
1061 5378 1166 5417 non
1213 5366 1458 5418 maritate
1484 5405 1498 5428 ,
1550 5363 1827 5433 illegitimo

226 5454 539 5524 lascivoqne
566 5470 859 5527 congressu
888 5457 1158 5527 jungatur,
1190 5472 1310 5512 cum
1340 5474 1559 5513 uxorem
1611 5460 1824 5529 habeat,

227 5544 552 5601 adulterium
590 5546 694 5601 hoc
725 5562 844 5603 esse
882 5548 1175 5604 contendo.
1222 5549 1338 5604 Non
1368 5552 1509 5605 enim
1542 5566 1608 5606 ex
1637 5566 1826 5606 eorum

230 5647 435 5693 tantum
467 5638 555 5709 qui
605 5640 983 5697 contumeliam
1033 5644 1345 5713 patiuntur,
1393 5644 1486 5699 sed
1528 5660 1593 5699 ex
1640 5660 1827 5700 eorum

231 5732 416 5801 etiam,
446 5732 539 5805 qui
558 5733 942 5792 contumeliam
969 5732 1224 5805 inierunt,
1245 5735 1553 5794 conditione
1595 5736 1695 5792 hoc
1716 5734 1823 5793 cri-

898 297 964 353 lN
1000 296 1238 366 ILLUD,
1279 291 1602 352 PROPTER
1638 290 1812 350 FOR‘A

1924 290 2184 350 .TIONES
2219 291 2557 387 UXQREli.,
2601 292 2751 350 ETC.
2784 293 2825 349 i.

3405 293 3507 347 ΞΗ

1914 404 2039 460 men
2077 405 2323 473 adulterii
2366 406 2635 461 metimur.
2670 405 2789 462 Noli
2816 405 2958 462 enim
2987 405 3117 461 mihi
3149 405 3293 476 leges
3336 417 3516 462 exter—

1913 510 2011 549 nas
2037 496 2291 565 objicere,
2320 513 2441 568 quae
2471 492 2727 553 mulieres
2756 499 2972 568 quidem
3001 498 3324 555 adulterium
3361 515 3513 554 com-

1912 585 2187 640 mittentes
2231 587 2283 640 in
2326 586 2587 656 judicium
2638 588 2998 657 pertrahunt,
3042 600 3095 643 et
3129 605 3315 659 paanas
3345 592 3411 643 ab
3438 592 3519 644 eis

1913 686 2161 746 repetunt
2190 696 2205 732 :
2237 693 2264 731 a
2300 680 2428 733 viris
2459 696 2586 733 vero
2614 681 2841 735 ancillas
2863 681 3172 735 vitiantibus
3210 697 3315 736 non
3344 683 3471 736 item
3501 698 3514 735 :

1913 775 1967 819 at
2014 782 2115 837 ego
2144 768 2313 838 legem
2346 770 2436 823 tibi
2473 770 2564 823 Dei
2597 772 2865 837 recitabo,
2891 786 3011 841 quae
3044 772 3155 843 pari
3201 772 3411 827 rati0ne
3464 772 3515 825 in

1914 858 2194 912 mulierem
2225 868 2277 913 et
2306 860 2358 913 in
2380 861 2552 913 virum
2581 862 2947 928 excandescit,
2976 871 3031 917 et
3049 877 3159 916 rent
3186 861 3516 917 adulterium

1913 950 2167 1020 appellat.
2188 950 2319 1005 Cum
2342 954 2483 1006 enim
2504 953 2744 1014 dixisset.
2770 952 2833 1005 Et
2855 970 3168 1023 unaqmeque
3184 971 3336 1009 suum
3357 955 3519 1009 virum

1915 1042 2123 1104 habeat,
2167 1042 2404 1109 adjecit:
2439 1041 2598 1096 Uxori
2638 1044 2713 1095 vir
2738 1043 2954 1096 debitam
2975 1045 3370 1098 benevolentiam
3396 1048 3513 1099 red-

1913 1132 2002 1185 dat
2028 1132 2046 1203 (
2068 1134 2117 1187 i.
2147 1132 2264 1189 Cor.
2297 1134 2349 1188 7.
2384 1134 2440 1206 5)
2461 1174 2473 1186 .
2517 1134 2653 1200 Quid
2688 1135 2901 1189 tandem
2934 1135 3158 1190 innuere
3191 1136 3375 1190 volens
3418 1135 3518 1201 hoc

1914 1223 2087 1278 dixit?
2115 1241 2238 1278 num
2259 1235 2313 1278 ut
2335 1226 2383 1279 ei
2417 1228 2653 1294 pecunia:
2683 1225 2887 1281 reditus
2903 1227 3292 1281 eonservaret?
3332 1238 3386 1281 ut
3416 1227 3517 1280 du-

1919 1324 2027 1370 tem
2062 1317 2310 1371 illmsam?
2341 1329 2396 1373 ut
2428 1328 2609 1375 vestes
2638 1327 2979 1389 sumptuosas
3006 1320 3419 1388 suppeditaret?
3466 1330 3521 1375 ut

1916 1407 2195 1462 lautiorem
2219 1409 2495 1462 mensam?
2515 1419 2566 1462 ut
2592 1409 2901 1481 splendidos
2916 1409 3197 1479 sumptus?
3221 1421 3275 1465 ut
3294 1413 3519 1465 multum

1916 1512 2198 1553 servorum
2250 1498 2612 1569 obsequium?
2656 1499 2793 1568 Quid
2824 1499 2947 1555 ais?
2976 1500 3247 1570 quodnam
3290 1502 3525 1556 benevo-

1916 1589 2095 1644 lentia:
2124 1604 2293 1660 genus
2316 1589 2526 1660 exigis?
2557 1606 2681 1644 nam
2712 1600 2765 1644 et
2793 1590 2911 1646 huic
2943 1590 3123 1646 omnia
3186 1600 3312 1646 sunt
3355 1591 3523 1646 bene-

1916 1681 2186 1736 volentiae.
2215 1680 2356 1735 Nihil
2388 1681 2492 1736 tale
2520 1695 2890 1735 commemoro
2914 1722 2929 1745 ,
2960 1681 3153 1752 inquit.
3182 1682 3276 1737 sed
3304 1681 3525 1736 castita-

1918 1782 2025 1829 tem
2055 1788 2121 1827 ac
2143 1772 2471 1842 pudicitiam.
2502 1772 2613 1828 Viri
2643 1788 2838 1843 corpus
2866 1790 2972 1827 non
3000 1775 3231 1845 ampiius
3267 1783 3351 1828 est
3400 1774 3522 1842 viri,

1916 1863 2011 1919 sed
2039 1858 2242 1919 uxoris.
2265 1863 2427 1919 Suam
2458 1864 2617 1933 igitur
2644 1864 3039 1935 possessionem
3069 1863 3289 1918 ιιιευετιιιι
3315 1863 3384 1919 illi
3411 1878 3526 1919 ser-

1917 1964 2028 2023 vet,
2061 1972 2235 2025 neque
2260 1957 2565 2023 imminuat,
2594 1970 2696 2012 nec
2721 1966 3069 2026 corrumpat;
3097 1955 3361 2026 siquidem
3386 1956 3527 2011 inter

1921 2046 2151 2102 famulos
2177 2047 2265 2102 ille
2296 2046 2588 2105 benevolus
2617 2047 2835 2112 dicitur,
2884 2048 2975 2118 qui
3008 2046 3267 2103 herilibus
3292 2049 3527 2119 acceptis

1918 2139 2161 2210 pecuniis
2184 2182 2201 2206 ,
2250 2139 2383 2193 nihil
2422 2155 2486 2193 cx
2521 2139 2649 2208 ipsis
2680 2139 3062 2194 intervenerit.
3107 2138 3333 2207 Quando
3366 2138 3529 2209 igitur

1920 2231 2102 2284 uxoris
2133 2230 2403 2300 possessio
2431 2237 2513 2284 est
2544 2229 2640 2284 viri
2670 2244 2889 2300 corpus,
2919 2230 3240 2285 benevolum
3287 2228 3370 2285 vir
3399 2245 3527 2301 erga

1923 2321 2226 2392 depositum
2255 2336 2410 2377 suum
2442 2338 2501 2377 se
2533 2323 2788 2393 pra-beat.
2822 2321 2892 2378 Ut
2928 2323 3073 2378 enim
3105 2321 3243 2377 scias
3276 2322 3377 2377 hoc
3403 2338 3527 2379 eum

1919 2414 2167 2482 innuero,
2196 2430 2317 2469 cum
2340 2415 2432 2477 ait,
2466 2415 2871 2470 Benet'olentiam
2899 2416 3101 2479 reddat,
3134 2415 3333 2487 adjecit
3360 2434 3376 2473 :
3404 2414 3528 2471 lu-

1920 2508 2015 2561 lier
2041 2509 2123 2562 sui
2141 2509 2370 2577 corporis
2396 2518 2691 2580 potestatem
2717 2525 2818 2563 non
2836 2508 3004 2571 habet,
3034 2508 3125 2562 sed
3152 2510 3227 2562 uir
3249 2524 3269 2562 :
3290 2509 3530 2564 similiter

1920 2612 1968 2655 et
2010 2602 2087 2654 vir
2121 2602 2199 2655 sui
2249 2602 2477 2672 corporis
2509 2611 2806 2674 potestatem
2842 2617 2943 2655 non
2977 2602 3163 2669 habet,
3208 2600 3298 2656 sed
3347 2601 3533 2655 mulier

1922 2692 2032 2763 (lb.
2066 2709 2115 2746 υ.
2148 2693 2230 2763 4).
2252 2692 2387 2747 Cum
2415 2708 2545 2763 ergo
2574 2694 2918 2748 meretricem
2952 2694 3279 2748 allicientcm
3308 2693 3529 2761 videris,

1922 2784 2265 2840 insidiantem
2290 2826 2305 2852 ,
2356 2800 2554 2855 corpus
2601 2784 2941 2840 adamantem
2968 2828 2984 2851 ,
3033 2786 3119 2840 dic
3150 2784 3225 2839 illi
3261 2802 3274 2838 :
3304 2784 3419 2840 Non
3446 2794 3533 2842 est

1927 2892 2106 2931 meum
2136 2893 2355 2947 corpus,
2386 2880 2567 2932 uxoris
2587 2888 2671 2933 est
2693 2892 2826 2933 meae
2856 2894 2870 2932 :
2905 2878 2995 2933 illo
3025 2878 3171 2932 abuti
3200 2894 3306 2933 non
3333 2878 3530 2947 audeo,

1924 2986 2098 3041 neque
2125 2971 2277 3026 alteri
2319 2970 2530 3025 mulieri
2560 2970 2612 3024 id
2638 2986 2932 3040 exponere.
2959 2970 3072 3027 Hoc
3114 2980 3169 3025 et
3205 2970 3365 3025 iaciat
3411 2987 3532 3026 niu-

1924 3061 2045 3117 lier.
2078 3061 2265 3132 Magna
2292 3060 2490 3131 quippe
2521 3062 2605 3115 hic
2629 3070 2714 3116 est
2743 3061 2961 3115 honoris
2983 3060 3293 3131 arqualitas:
3322 3060 3535 3117 tametsi

1924 3153 2148 3208 multam
2181 3152 2233 3206 in
2260 3151 2471 3206 caneris
2513 3150 2700 3206 tribuit
2741 3152 3115 3207 excellentiam
3154 3161 3208 3207 et
3231 3151 3369 3222 juris
3399 3168 3533 3222 pra:-

1923 3242 2217 3313 rogzitivam
2246 3242 2443 3298 Paulus
2472 3242 2541 3296 ita
2573 3242 2795 3297 dicens:
2836 3241 3193 3299 Verumtamen
3223 3254 3271 3298 et
3304 3259 3394 3299 vos
3421 3245 3533 3299 sin-

1924 3339 2051 3409 guli,
2071 3347 2125 3391 ut
2147 3337 2492 3407 unusquisque
2511 3352 2655 3389 suam
2679 3353 2885 3390 uxorem
2909 3338 2978 3390 ita
3000 3337 3201 3408 diligat,
3218 3349 3269 3389 ut
3286 3338 3537 3406 seipsung:

1927 3447 2057 3484 tutor
2090 3439 2257 3483 autem
2290 3439 2345 3482 ut
2374 3429 2556 3482 timeat
2585 3430 2743 3481 virum
2771 3446 2919 3483 suum
2945 3429 3163 3503 (Ephes.
3188 3430 3239 3485 5.
3272 3431 3364 3501 55)
3400 3453 3412 3485 :
3443 3441 3533 3495 et,

1927 3519 2092 3590 Caput
2120 3520 2348 3574 mulieris
2377 3529 2448 3573 est
2476 3522 2550 3573 vir
2579 3537 2597 3573 :
2628 3530 2702 3586 et,
2749 3519 2904 3574 Debet
2940 3521 3123 3574 mulier
3152 3523 3257 3575 viro
3285 3538 3391 3575 esse
3411 3522 3534 3576 sub-

1917 3613 2058 3682 jecta
2103 3611 2263 3685 (Ibid.
2297 3628 2342 3665 υ.
2371 3612 2460 3666 25.
2488 3612 2619 3681 22).
2652 3611 2718 3665 Et
2761 3627 2945 3666 rursus
3006 3613 3058 3666 in
3116 3612 3293 3667 Veteri
3342 3613 3537 3667 Testa-

1928 3712 2111 3758 mento
2143 3722 2156 3757 :
2184 3703 2266 3756 Ad
2292 3704 2455 3757 virum
2481 3706 2738 3758 conversio
2767 3714 2851 3758 tua
2870 3744 2886 3769 ,
2929 3717 2972 3758 et
3015 3706 3123 3774 ipse
3151 3707 3223 3760 tui
3252 3705 3538 3760 dominabi-

1928 3811 2010 3855 tur
2036 3800 2284 3871 (Gen.‘5.
2322 3799 2443 3872 l6).
2476 3800 2758 3868 Quomodo
2799 3801 2957 3871 igitur
2993 3800 3096 3855 hoc
3127 3801 3244 3855 loco
3274 3802 3535 3871 requulem

1929 3895 2419 3948 remunerationem
2482 3893 2756 3947 servitutis
2810 3901 2865 3947 et
2931 3892 3234 3946 dominatus
3287 3893 3539 3947 induxit?

1927 3986 2063 4042 Cum
2090 3989 2230 4041 enim
2262 3987 2456 4041 dixerit
2480 4027 2495 4052 ,
2540 3985 2729 4041 Mulier
2755 3986 2834 4039 sui
2858 3988 3085 4055 corporis
3113 3996 3408 4056 potestatem
3436 4004 3539 4041 non

1938 4078 2123 4143 habet,
2170 4077 2258 4132 sed
2291 4078 2367 4131 rir
2389 4093 2406 4130 :
2429 4077 2662 4130 similiter
2691 4088 2737 4130 et
2767 4078 2840 4129 vir
2871 4079 2951 4131 sui
2978 4080 3208 4147 corporis
3241 4090 3538 4145 potestatem

1930 4186 2031 4225 non
2063 4170 2228 4237 habet,
2252 4171 2340 4224 sed
2368 4170 2548 4223 mulier
2572 4170 2659 4242 (1.
2692 4168 2811 4225 Cor.
2844 4172 2897 4223 7.
2926 4170 2959 4224 4
2979 4170 3020 4240 ),
3052 4185 3297 4240 magnam
3319 4171 3543 4241 :rquuli-

1934 4270 2094 4318 tatem
2124 4263 2424 4316 constituit.
2457 4261 2524 4315 Et
2552 4261 3002 4332 quemadmodum
3034 4262 3123 4315 ille
3149 4263 3392 4332 corporis
3420 4264 3538 4331 ejus

1930 4362 2015 4409 est
2059 4353 2309 4408 dominus
2334 4396 2348 4421 ,
2400 4355 2478 4409 sic
2515 4363 2569 4408 et
2600 4354 2697 4407 iSla
2719 4354 2960 4423 corporis
2994 4353 3135 4407 illius
3177 4364 3259 4407 est
3297 4353 3539 4409 domina.

1932 4444 2039 4501 Cur
2083 4446 2242 4516 igitur
2275 4456 2475 4500 tantam
2529 4447 2890 4515 teqttalitatcm
2943 4445 3162 4501 honoris
3204 4447 3541 4501 introduxit?

1932 4537 2084 4604 Quod
2119 4539 2365 4591 nimirum
2395 4536 2478 4590 hic
2503 4538 2803 4592 necessaria
2827 4538 2896 4589 sit
2917 4538 3206 4592 eminentia
3245 4555 3256 4591 :
3294 4539 3379 4591 ubi
3406 4554 3533 4593 vero

1931 4629 2193 4688 castitatis
2224 4637 2430 4695 tempus
2455 4636 2537 4681 est
2558 4639 2607 4681 ct
2642 4627 2933 4697 pudicitiae,
2955 4627 3088 4682 nihil
3115 4630 3344 4697 amplius
3378 4629 3540 4685 habet

1936 4720 2033 4785 vir,
2059 4735 2217 4789 quam
2245 4720 2473 4785 mulier,
2503 4719 2597 4772 scd
2630 4720 2740 4788 pari
2771 4718 2977 4773 ratione
3005 4735 3126 4773 cum
3150 4721 3241 4774 illa
3269 4720 3539 4789 plectitur,

1938 4811 1981 4864 si
2018 4812 2162 4880 leges
2194 4810 2425 4879 conjugii
2450 4797 2841 4873 viol.iverit,'ac
2867 4812 3059 4865 merito
3084 4825 3232 4868 sane.
3257 4810 3372 4865 Non
3396 4813 3539 4867 enim

1932 4903 1998 4957 ad
2026 4912 2076 4957 te
2104 4903 2296 4957 mulier
2338 4902 2537 4956 idcirco
2568 4902 2734 4967 venit,
2785 4912 2839 4957 et
2877 4913 3086 4971 patrem
3118 4912 3171 4957 et
3201 4914 3425 4958 matrem
3454 4912 3541 4959 to-

1936 5005 2150 5061 tamque
2174 4995 2392 5049 domum
2420 4994 2727 5064 dereliquit,
2763 5004 2820 5049 ut
2845 5010 2875 5049 a
2908 5006 2959 5050 te
2989 4998 3332 5052 contumeliis
3358 4997 3543 5055 allice-

1936 5099 2100 5151 retur,
2126 5097 2181 5141 et
2211 5087 2368 5141 vilem
2392 5087 2703 5141 ancillulam
2733 5087 2831 5157 ipsi
2864 5088 3339 5157 superinduceres,
3370 5100 3427 5145 ut
3458 5092 3542 5145 in-

1937 5194 2189 5233 numeras
2219 5192 2424 5248 pugnas
2450 5178 2715 5232 excitares
2754 5197 2768 5233 :
2801 5159 3054 5231 comiten'i
3080 5186 3134 5233 et
3161 5179 3362 5234 sociam
3395 5181 3541 5249 vitm,

1937 5272 2163 5327 liberam
2204 5282 2259 5327 et
2289 5272 2495 5327 honore
2527 5288 2709 5343 parem
2740 5272 3016 5342 accepisti.
3047 5272 3239 5327 Annon
3271 5273 3415 5327 enim
3446 5273 3545 5330 ab-

1937 5366 2155 5419 surdum
2174 5374 2276 5432 est,
2302 5375 2358 5419 ut
2383 5381 2503 5420 cum
2527 5365 2709 5420 dotem
2734 5365 3031 5435 acceperis,
3052 5380 3268 5420 omnem
3286 5364 3543 5423 exhibeas

1940 5455 2367 5511 benevolentiam
2389 5497 2403 5518 ,
2448 5457 2687 5527 nihilque
2715 5473 2781 5513 cx
2806 5458 2891 5512 illa
2921 5457 3206 5512 imminuas
3230 5475 3243 5512 :
3275 5458 3415 5528 quod
3442 5473 3543 5514 au-

1940 5560 2046 5608 tem
2077 5550 2264 5621 quavis
2307 5548 2433 5605 dote
2479 5550 2765 5621 pretiosius
2795 5561 2897 5617 est,
2926 5551 3226 5605 castitatem
3253 5560 3310 5606 et
3340 5550 3547 5622 pudici-

1941 5644 2089 5709 tiam,
2119 5651 2374 5713 tuumque
2408 5656 2627 5712 corpus,
2655 5640 2798 5713 quod
2831 5641 2973 5697 illius
3001 5650 3084 5697 est
3104 5656 3395 5711 possessro,
3423 5656 3544 5697 cor-

1942 5752 2161 5809 rumpas
2200 5744 2255 5793 ct
2313 5734 2559 5808 polluas?
2612 5734 2669 5792 Si
2714 5734 2895 5793 dotem
2935 5733 3306 5802 imminueris,
3360 5749 3547 5793 secem
