4228 6298
640 285 748 343 !lS
1360 282 1417 337 8.
1456 279 1736 338 JOANNIS
1772 270 2259 333 CllBYSOS‘l’Oll
2297 272 2611 331 ARCHIEP.
2652 271 3189 330 CONSTANTINOP.
3836 273 3951 331 216

645 399 913 458 mium
946 397 1140 456 ηιωα
1163 414 1178 452 ε
1204 395 1250 452 ιι
1275 397 1574 452 animum
1614 394 1946 450 imminueris
1972 435 1987 459 ,
2020 390 2161 446 Deus
2202 399 2233 439 a
2348 385 2393 439 si
2423 386 2692 442 immerito
2735 387 3057 457 suspicetur,
3108 387 3259 457 placa
3284 385 3429 441 illaut
3458 395 3513 442 et
3538 386 3719 443 verbis
3766 386 3951 443 ﬂecte.

646 501 701 550 te
722 506 911 565 pinnas
934 492 1115 562 exiget
1141 531 1157 555 ,
1182 491 1297 557 ‘qui
1324 487 1534 559 nuptias
1578 488 1887 549 introduxit,
1935 495 1987 542 et
2015 499 2236 540 uxorem
2347 478 2464 535 Non
2494 480 2640 537 enim
2663 482 2787 535 odio
2815 482 2898 535 vel
2945 481 3079 535 fastu
3112 479 3361 550 impulsa,
3411 477 3507 535 sed
3534 495 3643 549 pra
3673 480 3837 535 nimia
3867 477 3954 535 tul

639 585 739 640 tibi
776 582 1014 639 tradidit.
1046 582 1219 651 Atque
1248 579 1351 634 hoc
1388 594 1575 634 verum
1621 594 1744 635 esse
1788 578 2009 649 colliges
2038 592 2103 633 ex
2133 576 2197 632 iis
2221 617 2237 642 ,
2347 587 2475 628 cura
2504 572 2555 626 id
2599 571 2747 639 facit,
2772 573 3021 643 quodque
3064 572 3136 629 de
3177 586 3275 628 sua
3313 571 3654 644 possessione
3696 569 3854 627 valde
3876 570 3959 624 ti-

642 688 764 743 qua
812 671 880 729 de
921 672 1180 728 adulteris
1219 673 1293 726 ait
1332 671 1531 727 Paulus
1558 690 1571 725 :
1606 671 1706 738 Qui
1733 671 1863 725 enim
1887 670 2112 739 spernit,
2139 686 2241 724 non
2350 673 2512 719 meat.
2542 663 2823 719 Possesslo
2849 666 3047 735 quippe
3070 664 3242 735 ipsius
3266 673 3369 730 est,
3398 673 3456 719 ut
3481 675 3608 720 ante
3634 662 3748 718 diti
3772 704 3790 729 ,
3817 677 3957 717 eor—

644 763 899 817 hoatinsm
923 763 1146 831 spernit,
1177 762 1266 817 sed
1294 760 1490 827 Deam,
1513 762 1603 836 qui
1637 762 1775 817 dedit
1803 761 2056 830 Spiritum
2092 776 2243 815 suam
2350 772 2447 827 pus
2478 765 2647 824 tuum,
2671 766 2726 812 et
2754 758 3025 827 possessio
3052 772 3231 813 ret-tun
3263 758 3512 814 omnium
3531 754 3959 828 pretiesbsima.

643 860 879 906 uinctam
905 852 958 906 in
987 853 1123 907 vobis
1151 853 1238 925 (l.
1271 853 1447 908 Thess.
1474 855 1527 908 Α.
1560 852 1651 924 8).
1685 851 1845 907 Vides
1868 866 2028 923 quam
2056 852 2243 907 multis
2348 852 2466 909 Noli
2488 866 2617 923 ergo
2643 853 2697 907 in
2717 867 2778 908 re
2806 852 3038 911 maxima
3066 851 3213 909 illam
3240 851 3458 917 ledere,
3486 865 3660 922 neque
3684 847 3845 905 letale
3869 845 3957 903 illi

641 943 829 999 verbis
870 954 1147 999 ostensum
1191 959 1260 999 ex
1294 942 1567 1013 Scriptura
1605 944 1677 999 sit
1714 942 2033 999 adulterium
2076 958 2240 1009 esse,
2350 944 2544 999 vulnus
2589 943 2819 1014 inﬂigas.
2870 942 3132 1012 Quamvis
3195 941 3341 998 enim
3387 933 3535 997 illam
3593 949 3957 996 conte-Illa.

645 1049 759 1089 non
786 1036 957 1092 solum
983 1037 1249 1098 simarito
1272 1036 1510 1104 junctam
1543 1034 1845 1102 mulierem,
1880 1034 1973 1089 sed
2002 1036 2163 1089 etiam
2193 1035 2238 1089 si
2353 1038 2519 1093 Deum
2550 1046 2726 1091 tamen
2754 1035 2923 1093 debes
2953 1036 3145 1090 timere
3171 1033 3437 1105 ejusmodi
3460 1032 3750 1088 criminum
3778 1028 3967 1088 vinﬂ-

652 1130 899 1201 quamvis
952 1130 1288 1184 meretricem
1331 1135 1641 1198 corrumpat
1691 1128 1736 1183 is
1784 1129 1873 1199 qui
1916 1128 1987 1182 sit
2026 1129 2245 1197 junctus
2351 1144 2491 1195 cem,
2520 1138 2576 1185 et
2622 1129 2711 1199 qui
2754 1128 2946 1183 talibus
2987 1125 3198 1182 delictis
3245 1122 3582 1180 intolerabile
3630 1121 3967 1193 supplicium

654 1220 847 1279 uxori?
865 1217 997 1273 Nam
1020 1217 1467 1288 quemadmodum
1490 1218 1755 1274 adulterio
1777 1218 1940 1289 pollui
1964 1218 2242 1274 mulierem
2352 1220 2731 1275 comminatur.
2782 1218 2985 1273 Eorum
3032 1217 3198 1280 enim,
3223 1215 3313 1286 qui
3341 1215 3464 1271 talia
3512 1222 3823 1283 perpetrare
3849 1212 3972 1266 sint

654 1309 882 1365 dicimus
905 1349 920 1373 ,
976 1310 1089 1363 sive
1124 1322 1246 1363 cum
1280 1323 1460 1375 servo,
1488 1309 1602 1363 sive
1630 1324 1751 1365 cum
1779 1309 1883 1364 alio
1908 1324 2248 1381 quocumque
2354 1312 2492 1378 ausi,
2521 1310 2713 1381 inquit,
2756 1309 2949 1364 anis
2970 1324 3072 1362 non
3096 1308 3362 1371 morietur,
3392 1315 3440 1360 et
3465 1304 3599 1375 ignis
3632 1319 3735 1358 non
3762 1302 3976 1357 cntin-

655 1408 879 1471 peccet:
903 1400 982 1454 sic
1004 1400 1165 1454 etiam
1197 1400 1367 1453 virum
1398 1399 1717 1455 adulterium
1750 1402 2087 1457 committere
2110 1400 2247 1457 dici-
2354 1412 2535 1473 φασιν
2558 1399 2751 1473 (Marc.
2773 1398 2829 1455 9.
2857 1396 2971 1470 45).
3000 1395 3157 1466 Quod
3182 1396 3227 1451 si
3251 1410 3360 1450 non
3394 1393 3682 1449 admodum
3714 1398 3977 1463 putiguns

661 1506 776 1549 nus
796 1488 817 1557 ,⁷
844 1492 959 1547 sive
983 1506 1106 1547 cum
1134 1491 1384 1547 ancillula
1406 1534 1419 1556 ,
1462 1492 1576 1547 sive
1612 1508 1733 1548 cum
1762 1508 2098 1566 quocumque
2129 1494 2249 1549 vul-
2357 1505 2411 1550 te
2432 1494 2629 1556 futura,
2664 1499 2901 1546 terreant
2922 1487 3183 1543 tesaltem
3212 1486 3520 1558 praesentia.
3552 1484 3702 1540 Multi
3732 1481 3972 1554 quidem

657 1582 771 1653 gari
799 1590 981 1639 scorto
1008 1598 1230 1639 uxorem
1260 1583 1461 1639 habens
1487 1583 1759 1639 libidinem
1785 1585 2019 1654 expleat.
2050 1583 2128 1641 Ne
2153 1584 2252 1655 igi-
2356 1597 2505 1642 certe
2556 1584 2793 1649 illorum,
2847 1583 2939 1652 qui
2981 1580 3353 1637 meretricibus
3402 1578 3703 1643 adherent,
3754 1576 3809 1630 in
3860 1573 3977 1629 bac

661 1683 745 1727 tur
769 1673 998 1728 salutem
1027 1682 1263 1729 nostram
1290 1675 1618 1745 negligamus
1642 1715 1657 1737 ,
1704 1689 1839 1731 neve
1867 1686 2104 1730 nostram
2136 1676 2253 1728 ani-
2355 1679 2517 1736 etiam
2566 1677 2672 1731 vita
2698 1674 2824 1730 mali
2849 1673 2990 1729 male
3016 1673 3327 1743 perierunt,
3355 1670 3581 1727 curiosis
3609 1666 3975 1724 meretricum

658 1779 803 1819 niam
849 1779 944 1833 per
980 1764 1086 1819 hoe
1135 1773 1409 1835 peccatum
1455 1765 1672 1821 diabolo
1715 1781 2066 1836 exponamus.
2116 1766 2251 1822 llinc
2357 1770 2564 1826 insidiis
2587 1767 2854 1839 oppressi.
2878 1766 3013 1822 Dum
3034 1764 3177 1821 enim
3196 1765 3298 1820 illae
3315 1758 3991 1829 contenduntalegitima

659 1855 1133 1927 euimiunumera:
1173 1854 1493 1911 familiarum
1535 1858 1781 1913 oriuntur
1820 1858 2129 1913 eversiones
2152 1899 2166 1923 ,
2199 1868 2255 1915 et
2359 1878 2527 1919 uxore
2567 1876 2632 1918 ac
2652 1859 2997 1917 matrimonio
3026 1858 3213 1927 juncta
3255 1857 3403 1912 illum
3443 1854 3704 1918 alienare,
3753 1866 3976 1922 suoque

660 1946 798 2002 bella
840 1947 1118 2003 innumera
1159 1966 1173 2002 :
1219 1948 1345 2005 hinc
1367 1949 1423 2004 lit
1449 1992 1463 2017 ,
1510 1960 1569 2005 ut
1608 1951 1805 2007 caritas
1846 1950 2154 2018 dilabatur,
2201 1961 2253 2007 et
2358 1972 2543 2013 amore
2570 1956 2778 2028 penitus
2823 1953 2973 2009 illum
3001 1952 3312 2009 devinctum
3348 1959 3552 2012 tenere,
3598 1944 3886 2017 praistigiis
3910 1952 3977 1999 et

661 2038 1031 2095 benevolentia
1070 2040 1435 2097 subtrahatur.
1490 2041 1625 2098 Nam
1673 2054 1730 2097 ut
1770 2043 1885 2099 fieri
1925 2045 2149 2114 nequit,
2197 2054 2256 2102 ut
2361 2047 2811 2105 incantationibus
2835 2056 3076 2111 utuntur,
3097 2041 3356 2100 amatoria
3384 2048 3574 2111 parant
3598 2035 3883 2100 veneﬁcia.
3911 2043 3979 2091 el

663 2131 826 2186 homo
851 2142 1027 2187 castus
1058 2147 1279 2188 uxorem
1318 2134 1549 2204 negligat
1576 2149 1829 2205 umquam
1860 2149 1925 2191 ac
1950 2135 2252 2206 despiciat:
2359 2143 2556 2197 multa
2610 2138 3018 2196 fascinationum
3071 2134 3309 2192 fallacias
3361 2141 3592 2188 texunt:
3636 2130 3716 2185 sic
3766 2127 3978 2183 deinde

662 2222 742 2303 sic
770 2239 943 2294 neque
971 2222 1088 2278 ﬁeri
1120 2234 1317 2294 potest,
1350 2236 1405 2279 ut
1436 2226 1596 2279 homo
1626 2227 1989 2299 intemperans
2012 2235 2067 2282 et
2092 2227 2254 2283 lasci-
2359 2248 2481 2288 cum
2511 2231 2663 2287 illum
2691 2231 2743 2285 in
2774 2246 2997 2302 gravem
3024 2228 3273 2283 morbum
3318 2223 3670 2296 conjecerint,
3724 2220 3844 2275 dira
3878 2218 3976 2275 lue

665 2331 763 2370 vus
790 2332 1013 2372 uxorem
1043 2332 1192 2372 suam
1220 2318 1421 2390 diligat,
1452 2317 1521 2374 sit
1550 2319 1675 2375 licet
1702 2320 1941 2376 omnium
1971 2319 2254 2378 formosis-
2361 2335 2691 2393 correptum,
2724 2321 2881 2393 longa
2913 2319 3033 2376 tabe
3057 2326 3436 2389 consumptum
3461 2324 3517 2371 et
3552 2311 3851 2369 innumeris
3869 2308 3977 2365 ob-

665 2406 965 2463 sima.Nam
989 2424 1052 2462 ex
1076 2410 1321 2465 castitate
1344 2411 1539 2466 caritas
1558 2412 1747 2477 oritur,
1773 2427 1841 2467 cx
1872 2413 2095 2469 caritate
2114 2413 2255 2469 bona
2361 2424 2540 2471 ratum
2589 2413 2786 2481 malis,
2835 2411 2994 2482 hujus
3045 2411 3179 2466 lucis
3232 2424 3393 2465 usura
3443 2406 3672 2478 privent.
3718 2403 3777 2460 Si
3827 2401 3978 2458 forte

666 2499 965 2553 innumera.
992 2499 1095 2554 Fac
1119 2500 1281 2570 igitur
1306 2500 1541 2571 lapideas
1569 2504 1825 2559 mulieres
1850 2505 2086 2574 reliquas
2114 2506 2256 2561 arbi-
2362 2506 2661 2577 gehennam
2688 2520 2794 2559 non
2828 2501 3173 2565 reformidas,
3202 2501 3273 2555 mi
3312 2498 3497 2565 homo,
3525 2495 3820 2567 praestigias
3850 2491 3976 2547 illa-

665 2592 845 2655 treris,
874 2606 993 2647 cum
1022 2593 1319 2665 intelligas,
1370 2595 1415 2651 si
1446 2594 1660 2652 lascivis
1681 2597 1851 2653 oculis
1876 2586 2105 2654 alienam
2136 2614 2258 2653 mu-
2364 2613 2481 2654 rum
2506 2594 2817 2651 reformida.
2842 2593 2977 2650 Cum
3005 2593 3148 2647 enim
3183 2605 3281 2662 per
3305 2589 3569 2645 luxuriam
3592 2587 3750 2641 istam
3779 2584 3977 2639 divino

667 2682 854 2738 liorem
897 2682 1152 2739 intuear-is
1190 2686 1302 2740 sive
1344 2686 1609 2757 publicam
1632 2688 1745 2743 sive
1766 2687 2007 2758 junctam
2034 2688 2171 2755 viro,
2207 2697 2259 2745 te
2364 2688 2616 2761 praesidio
2660 2698 2711 2745 te
2757 2684 3068 2757 privaveris,
3091 2692 3147 2741 et
3170 2682 3373 2739 caelesti
3398 2679 3597 2736 auxilio
3624 2676 3977 2748 spoliaveris,

668 2772 1033 2830 adulterorum
1087 2775 1299 2830 crimini
1350 2777 1641 2832 obnoxium
1690 2794 1809 2834 esse
1860 2779 2080 2835 factum.
2132 2778 2260 2835 Haec
2366 2790 2475 2835 tum
2501 2780 2757 2836 audacter
2776 2774 3410 2841 invadenstemeretrix,
3437 2787 3671 2841 suosque
3690 2770 3979 2825 (immunes

668 2866 766 2922 tibi
794 2867 891 2937 ipsi
918 2868 1155 2938 quotidie
1180 2870 1339 2925 verba
1363 2871 1547 2926 occine
1570 2888 1586 2927 :
1611 2871 1751 2942 quod
1782 2872 1829 2927 si
1854 2872 2079 2929 alterius
2120 2887 2259 2928 uxo-
2363 2873 2631 2928 advocaus
2660 2870 2873 2927 laminis
2899 2878 2953 2927 et
2980 2868 3228 2924 amuletis
3250 2864 3537 2931 adhibitis,
3569 2864 3786 2931 suisque
3823 2870 3981 2917 stru-

668 2958 745 3014 ris
775 2958 828 3013 in
856 2970 906 3015 te
946 2962 1145 3016 sentias
1174 2960 1518 3032 cupiditatem
1558 2963 1939 3033 exardescere,
1981 2980 2045 3021 ac
2066 2964 2261 3023 deinde
2365 2966 2465 3021 ctis
2507 2962 2717 3019 insidiis
2760 2960 3011 3017 facillime
3034 2958 3265 3015 salutem
3309 2966 3454 3013 tuam
3485 2963 3773 3026 expugnat,
3807 2962 3982 3024 teque

669 3050 849 3106 minus
877 3051 1077 3108 idcirco
1104 3052 1197 3108 tibi
1235 3063 1380 3108 tuam
1426 3071 1647 3111 uxorem
1686 3045 1940 3128 placere,
1988 3060 2263 3132 ingressus
2366 3054 2579 3126 probris
2599 3053 2887 3111 obnoxium
2908 3068 2973 3109 ac
2987 3050 3269 3108 ridendum
3291 3048 3561 3116 omnibus,
3586 3047 3674 3117 qui
3692 3046 3980 3102 civitatem

671 3144 962 3211 conclave,
1007 3144 1201 3203 librum
1234 3146 1375 3203 hunc
1394 3149 1615 3214 evolve,
1646 3147 1975 3225 Paulumque
2002 3153 2263 3211 adhibens
2370 3146 2632 3211 incolunt,
2666 3146 2947 3216 propinat,
2976 3154 3037 3197 ut
3084 3157 3185 3197 me
3210 3141 3288 3197 ιιιί
3341 3139 3661 3196 calamitatis
3713 3151 3981 3214 umquam

672 3239 1119 3303 interventorem,
1145 3253 1209 3293 ac
1232 3238 1325 3293 tibi
1356 3238 1472 3295 huic
1493 3240 1656 3296 verba
1682 3240 1990 3313 frequenter
2010 3246 2262 3311 occinens
2370 3250 2475 3296 tua:
2513 3240 2861 3295 miseratione
2911 3244 3246 3292 moveantur.
3287 3233 3415 3302 Quis
3444 3231 3587 3287 enim
3630 3228 3981 3293 animabitur,

671 3326 941 3382 ﬂammam
970 3331 1265 3398 exstingne.

2368 3332 2542 3403 inquit
2570 3374 2586 3398 ,
2612 3332 2919 3386 incantatur:
2941 3346 2975 3385 ι
2998 3337 3228 3398 serpente
3255 3341 3511 3399 peremo,
3553 3333 3601 3378 et
3624 3320 3853 3377 omnibus
3885 3319 3985 3391 qui

746 3415 896 3471 Nihil
920 3419 1117 3486 turpius
1146 3420 1250 3473 viro
1276 3429 1635 3477 scortante.-—
1658 3422 1748 3479 Sic
1775 3423 1867 3481 liet
1894 3434 1953 3481 ut
1979 3437 2033 3482 et
2060 3428 2265 3498 gratior
2369 3422 2785 3495 appropinquant
2807 3421 2977 3476 bestiis
3009 3413 3200 3490 (Eccli.
3234 3416 3317 3474 l2.
3350 3416 3484 3489 15)?
3514 3416 3782 3472 Pratereo
3800 3413 3988 3484 jactu-

672 3507 767 3563 tibi
790 3524 1001 3563 rursum
1026 3507 1200 3563 futura
1221 3511 1295 3565 sit
1315 3527 1468 3576 uxor,
1496 3527 1617 3567 cum
1644 3515 1794 3569 nulla
1818 3516 2081 3587 cupiditas
2110 3528 2255 3574 tuam
2371 3529 2487 3570 ram
2516 3513 2887 3586 pecuniarum,
2916 3523 2971 3568 et
2999 3510 3339 3583 quotidianas
3364 3507 3718 3579 suspiciones,
3748 3506 3985 3576 fastum,

671 3612 796 3667 erga
827 3598 971 3652 illam
1018 3598 1439 3657 benevolentiam
1482 3603 1808 3660 labefactct:
1842 3622 2016 3678 neque
2058 3618 2262 3666 tantum
2369 3602 3152 3677 arrogantiam,contumelias,
3180 3602 3379 3673 quibus
3397 3600 3594 3656 stultos
3636 3606 3827 3654 vexant
3849 3613 3986 3653 me-

670 3689 874 3759 gratior
916 3692 1017 3744 erit
1046 3707 1199 3759 uxor,
1229 3694 1321 3747 sed
1370 3703 1425 3747 tu
1452 3711 1663 3767 quoque
1691 3697 1965 3755 honestior
2006 3717 2069 3756 ac
2096 3718 2263 3759 venu-
2372 3700 2618 3763 retrices,
2650 3714 2771 3769 quae
2814 3696 2985 3753 multo
3012 3705 3138 3751 sunt
3167 3694 3469 3758 acerbiora,
3501 3707 3661 3763 quam
3687 3693 3734 3747 si
3776 3690 3989 3747 millies

672 3781 807 3834 stior
831 3795 951 3852 esse
976 3781 1259 3839 videberis.
1289 3784 1431 3840 Nihil
1476 3789 1616 3842 enim
1643 3799 1726 3844 est
1744 3830 1760 3855 ,
1788 3791 1938 3846 mihil
1966 3796 2121 3863 p'ane
2149 3804 2265 3849 tur-
2373 3791 2533 3846 fuerit
2559 3804 2705 3844 mors
2732 3787 3059 3859 oppetenda.
3094 3788 3268 3857 Atque
3297 3800 3519 3841 uxorem
3558 3783 3772 3855 quidem
3800 3797 3990 3854 saepe-

674 3869 793 3939 pius
843 3870 1079 3935 homine,
1129 3874 1222 3942 qui
1271 3886 1545 3932 contracto
1591 3882 1931 3936 matrimonio
1976 3894 2263 3941 scortator.
2375 3897 2620 3945 numero,
2649 3896 2718 3937 ne
2743 3881 2788 3935 si
2814 3881 3033 3936 verbum
3054 3879 3271 3950 quidem
3289 3878 3573 3934 molestum
3600 3875 3993 3942 dixerit,ferre

674 3961 791 4017 Non
819 3965 959 4018 enim
983 3980 1161 4019 coram
1193 3982 1383 4024 socero
1409 3978 1634 4037 tantum,
1664 3984 1719 4028 et
1757 3976 1967 4043 amicis,
2000 3986 2056 4032 et
2071 3979 2265 4046 obviis,
2374 3982 2549 4043 potes,
2582 3988 2647 4029 ac
2676 3973 3015 4029 meretricem
3046 3974 3209 4028 etiam
3235 3972 3405 4042 alapis
3431 3981 3483 4026 te
3510 3969 3806 4026 cadentem
3835 3969 3989 4025 ado-

673 4053 769 4109 sed
798 4056 956 4110 etiam
988 4072 1169 4112 coram
1198 4060 1368 4115 servis
1399 4063 1528 4133 ipsis
1552 4066 1839 4122 erubescit.
1881 4067 2066 4137 Neque
2095 4072 2266 4128 solum
2375 4080 2482 4120 ras.
2532 4062 2647 4120 Non
2676 4072 2729 4118 te
2759 4063 2940 4134 pudet,
2992 4078 3092 4119 nec
3131 4062 3431 4127 erubescis,
3477 4076 3577 4117 nec
3605 4070 3760 4134 optas
3787 4070 3840 4115 ut
3879 4062 3991 4117 tibi

674 4154 758 4199 est
785 4150 886 4201 hoc
922 4148 1141 4215 malum,
1171 4150 1265 4205 sed
1296 4153 1480 4220 etiam,
1518 4156 1660 4225 quod
1691 4158 1856 4226 ipsius
1884 4160 2075 4216 domus
2110 4178 2267 4232 aspe-
2374 4158 2613 4215 dehiscat
2637 4158 2818 4213 terra?
2842 4157 2941 4226 Qui
2965 4157 3167 4227 poteris
3188 4156 3257 4212 ad
3272 4156 3556 4214 ecclesiam
3584 4157 3789 4221 venire,
3813 4164 3993 4225 atque

675 4245 793 4289 ctus
840 4236 1177 4307 injucundior
1208 4242 1309 4297 erit
1332 4284 1346 4307 ,
1379 4258 1535 4321 quam
1564 4249 1796 4316 carceris
1840 4250 2097 4319 cujusvis,
2146 4270 2267 4310 cum
2376 4252 2430 4306 in
2455 4253 2642 4309 caelum
2680 4266 2870 4315 manus
2910 4250 3241 4308 extendere?
3268 4265 3377 4321 quo
3426 4248 3641 4305 tandem
3668 4262 3762 4304 ore
3806 4247 3993 4302 Deum

676 4328 906 4384 amicam
936 4337 1061 4385 ante
1091 4332 1273 4387 oculos
1320 4337 1544 4402 positam
1602 4338 1828 4408 habeat,
1877 4358 1942 4397 ac
1969 4346 2269 4403 meretricis
2376 4343 2697 4413 invocabis,‘
2725 4359 2836 4416 quo
2876 4345 3216 4400 meretricem
3256 4343 3528 4399 osculatus
3579 4340 3679 4397 es?
3718 4339 3830 4395 Non
3880 4348 3992 4407 tu,

676 4434 890 4489 θεωρεῖ
912 4421 1195 4492 imasincm
1218 4435 1397 4483 meme
1423 4428 1634 4483 νεηθιῖ
2376 4451 2579 4508 quaeso,
2610 4437 2787 4503 times,
2818 4452 2922 4493 nec
2947 4435 3336 4509 perhorrescis,
3369 4449 3437 4490 ne
3462 4433 3678 4505 quando
3704 4441 3845 4488 tuum
3877 4447 3990 4487 ca-

753 4511 907 4567 5-Vi3
929 4520 985 4566 ιιι
1006 4515 1169 4583 ρτοδε
1197 4516 1515 4589 intelligere,
1533 4529 1788 4594 quantum
1817 4524 1887 4578 sit
1905 4523 2006 4581 hoc
2027 4527 2224 4585 malum
2247 4530 2272 4584 τ
2378 4539 2475 4600 put
2496 4530 2780 4603 impudens
2799 4529 2867 4584 de
2887 4529 3022 4585 ctelo
3040 4528 3319 4599 delapsum
3339 4526 3541 4582 fulmen
3559 4525 3997 4589 exuratmuatno

677 4600 862 4671 Cogita
907 4605 1116 4673 qualem
1142 4605 1339 4663 ducant
1372 4611 1555 4677 vitam,
1579 4613 1667 4681 qui
1694 4627 1819 4667 suas
1859 4630 2053 4671 uxores
2080 4613 2271 4689 suspe-
2378 4622 2458 4676 vis
2504 4600 2726 4679 uxorem
2774 4627 2943 4684 tuam,
2992 4634 3153 4689 quam
3200 4618 3373 4674 amcis
3429 4617 3662 4685 injuria,
3714 4617 3873 4680 celes,
3931 4623 3999 4671 at

679 4701 793 4748 etas
818 4692 1037 4759 habent,
1065 4710 1173 4767 quo
1200 4708 1352 4766 pacm
1378 4698 1679 4769 injucunda:
1723 4704 1827 4762 illis
1853 4707 1963 4765 sint
1998 4722 2159 4776 escae,
2184 4706 2274 4765 in-
2379 4713 2681 4769 iusomnem
2710 4713 2859 4767 illum
2892 4712 3107 4767 oculqu
3137 4724 3424 4782 numquam
3464 4708 3664 4765 celabis
3692 4726 3706 4763 :
3736 4706 3995 4779 quando-

680 4784 895 4855 jucundi
947 4797 1123 4857 potus.
1179 4788 1403 4845 Vencuis
1448 4808 1631 4848 mensa
1674 4796 1882 4857 videtur
1925 4811 2167 4870 scatere,
2219 4815 2273 4861 et
2378 4808 2593 4879 quidem
2624 4807 2869 4862 adultero
2894 4805 2993 4871 illi,
3024 4805 3115 4875 qui
3136 4804 3371 4869 dicebat,
3404 4801 3646 4857 Tangere
3664 4800 3994 4855 circumdant

686 4886 959 4971 ιιιξιίιυξιη
1002 4880 1226 4933 exilium
1277 4880 1496 4936 domum
1526 4883 1733 4955 fugiunt
1775 4890 1935 4951 malis
1977 4891 2275 4953 innumeris
2380 4917 2483 4968 me,
2512 4899 2815 4971 «parietes,
2840 4896 2963 4963 quid
2990 4913 3161 4952 vereor
3188 4888 3997 4967 (Eccli.23.26)lcontradixit

684 4967 1091 5063 redundantem.
1124 4970 1239 5027 Non
1272 4972 1377 5029 illis
1404 4990 1645 5043 somnus,
1674 4995 1779 5037 non
1803 4997 1905 5036 uox
1932 4993 2015 5039 est
2040 4986 2270 5055 placida,
2379 4967 2603 5063 sapiens
2620 4991 2709 5048 ille
2731 4990 2809 5047 sic
2836 4989 3061 5045 dicens:
3094 4987 3245 5045 Oculi
3271 4984 3481 5043 Domini
3498 4986 3685 5040 millies
3710 4982 3994 5040 lucidiora

685 5075 790 5156 non
818 5061 1107 5116 amicorum
1133 5077 1471 5135 cangressus,
1500 5083 1604 5124 non
1633 5069 1731 5139 ipsi
1754 5073 1886 5131 radii
1907 5076 2110 5136 solares
2135 5097 2148 5134 :
2178 5080 2274 5139 sed
2378 5061 2495 5146 sunt
2520 5087 2645 5154 sole,
2674 5085 2998 5156 impicicntea
3030 5098 3185 5152 opera
3205 5081 3465 5137 hostium:
3487 5076 3597 5151 (Ib.
3624 5092 3671 5132 υ.
3699 5076 3815 5149 28).
3841 5074 3993 5132 Pro-

682 5155 748 5249 Ilt
778 5154 893 5224 ἰρσο
920 5156 1121 5215 lumine
1148 5172 1206 5213 se
1226 5158 1424 5216 oll'endi
1453 5170 1656 5230 putant,
1683 5180 1789 5221 non
1824 5176 1930 5223 tum
1957 5170 2131 5226 solum
2148 5188 2272 5228 cum
2383 5189 2499 5249 pter
2520 5177 2637 5234 haec
2661 5154 2839 5239 omuia
2864 5175 3115 5238 nimirum
3135 5173 3346 5230 dicebat
3372 5171 3598 5229 Paulus:
3627 5167 3995 5238 Unusquisque

683 5246 947 5303 adulterio
978 5251 1137 5319 pollui
1165 5269 1382 5310 uxorem
1423 5258 1671 5325 viderint,
1720 5262 1813 5316 sed
1850 5264 2010 5320 etiam
2065 5282 2187 5325 cum
2218 5270 2271 5325 in
2380 5246 2527 5325 suam
2543 5287 2755 5327 amorem
2775 5269 2983 5336 habeat,
3003 5277 3049 5322 et
3075 5281 3385 5342 urwqatequs
3406 5265 3568 5320 virum
3587 5279 3735 5318 suum
3761 5259 3951 5316 hbeat
3969 5274 3994 5319 :

684 5343 1125 5413 qualemcumque
1166 5350 1522 5414 suspicionem
1570 5354 1711 5411 illius
1772 5357 1943 5429 culpa:
2008 5365 2270 5422 venerint.
2383 5364 2533 5419 uxori
2566 5366 2659 5418 vir
2702 5363 2929 5425 debitam
2976 5360 3366 5421 beneuolmtiotn
3402 5358 3621 5424 reddat;
3665 5354 3890 5410 similiter
3944 5363 3996 5410 st

688 5432 829 5527 idem
860 5435 1103 5493 accidere
1150 5449 1203 5494 et
1234 5444 1381 5497 uxori
1414 5452 1560 5515 puta,
1611 5464 1731 5503 cum
1762 5467 1788 5504 a
1837 5454 2074 5523 quolibet
2105 5458 2156 5513 id
2182 5474 2275 5514 au-

2383 5473 2515 5511 uxor
2532 5458 2645 5511 sire
2663 5456 2741 5527 (l.
2772 5456 2891 5511 Cor.
2916 5455 2969 5509 7.
2992 5453 3047 5507 2.
3075 5453 3151 5524 ὅ).
3186 5451 3290 5509 Mel
3319 5450 3534 5515 diuidat
3561 5467 3593 5506 α
3623 5447 3770 5505 labiis
3797 5446 3993 5502 malie-

932 5528 1014 5583 Vel
1041 5529 1389 5628 etiamfuerit
1430 5539 1695 5628 suspicata
1715 5583 1731 5607 ,
1763 5552 1814 5598 te
1854 5544 2065 5602 mulieri
2095 5564 2274 5606 merc-
2383 5548 2456 5604 ris
2480 5525 2773 5612 metricis,
2800 5563 2915 5621 qua
2949 5547 3018 5601 ad
3044 5554 3240 5619 uulgus
3286 5546 3580 5617 inpinguet.
3597 5546 3768 5614 [dum
3816 5549 3943 5596 ειη
3972 5556 3994 5596 -'

691 5620 1066 5718 trici-teipsum
1113 5623 1403 5718 addixisse.
1456 5627 1579 5687 "33c
1622 5634 1760 5702 apud
1816 5645 1869 5690 te
1899 5640 2138 5711 cogimus
2168 5658 2274 5699 non
2385 5652 2559 5714 postea
2606 5657 2719 5700 vero
2746 5620 2859 5707 eam
2898 5638 3204 5697 anm‘iorem
3249 5637 3369 5709 [δυο
3408 5636 3657 5703 ίιιυαιὶαι.
3700 5644 3749 5700 ει
3774 5643 3989 5698 ⁸³⁵⁸⁸⁸9⁸

688 5703 945 5766 adulteria
998 5722 1202 5775 tantum
1234 5716 1380 5793 fuge,
1422 5724 1517 5780 sed
1544 5725 1702 5784 etiam
1724 5703 2095 5803 suspiciones:
2130 5737 2272 5809 quod
2385 5703 2549 5809 inagis
2590 5734 2763 5807 gladio
2789 5703 3001 5809 ancipiti
3037 5703 3323 5807 (Frons.
3354 5732 3410 5790 3.
3440 5731 3537 5804 ι).
3566 5728 3841 5789 Venenum
3880 5727 3990 5783 ba-
