4228 6298
458 408 563 465 Si?

460 522 551 577 bet
575 521 821 575 osculum
844 515 1164 582 meretricis,
1201 530 1465 573 venenum
1492 515 1668 572 latens
1694 525 1749 573 et
1786 516 2071 571 abscondi-

459 623 594 668 tnm.
625 611 736 667 Cur
777 612 941 682 igitur
966 608 1324 665 damnandam
1352 609 1691 680 persequeris
1719 608 2068 679 voluptatem,

458 721 578 777 qua
603 707 825 763 exitium
847 706 1005 776 parit,
1025 720 1144 773 quae
1166 702 1377 774 plagam
1402 701 1564 758 infert
1585 701 2063 766 immedicabilem,

458 809 580 850 cum
609 796 866 852 obiectari
923 796 1116 865 lmssis,
1144 804 1200 850 et
1249 794 1456 849 nullum
1503 794 1703 848 malum
1752 792 2069 848 incurrere?

460 886 593 943 Cum
623 889 793 944 libera
821 897 874 943 et
924 888 1147 943 honesta
1178 886 1406 943 muliere
1434 888 1592 942 simul
1619 886 1861 955 voluptas
1903 895 1987 941 est
2013 894 2070 942 et

460 982 741 1045 securitas,
782 988 838 1036 et
859 981 1146 1037 delectatio
1181 990 1235 1035 et
1284 980 1477 1047 honor,
1509 988 1563 1036 et
1590 991 1815 1035 ornatus
1848 988 1903 1034 et
1929 979 2067 1033 bona

459 1073 790 1129 conscientia
828 1090 842 1126 :
896 1073 1002 1128 illic
1045 1082 1225 1128 autem
1261 1073 1527 1128 acerbitas
1580 1072 1769 1138 multa,
1812 1072 2067 1125 damnum

460 1166 706 1230 multum,
750 1167 1020 1221 awusatio
1074 1175 1355 1235 perpetua.
1406 1164 1679 1233 Quamvis
1711 1163 1858 1218 enim
1886 1163 2068 1217 nullus

460 1257 735 1313 hominum
768 1258 991 1324 viderit,
1025 1272 1313 1326 numquam
1345 1262 1523 1311 tamen
1551 1270 1807 1311 accusare
1837 1264 1891 1310 te
1919 1255 2067 1309 desi-

444 1358 550 1423 net
573 1348 900 1404 conscientia
922 1366 935 1405 :
955 1348 1047 1402 sed
1076 1362 1414 1417 quocumque
1435 1347 1764 1417 perrexeris,
1797 1355 1848 1401 te
1875 1360 2066 1415 seque-

458 1447 545 1493 tur
568 1454 850 1504 accusans,
882 1448 937 1494 et
967 1454 1156 1509 magna
1183 1454 1317 1493 voce
1341 1447 1392 1492 te
1433 1451 1761 1508 persequens
1789 1445 2069 1491 accusator

459 1531 579 1584 iste.
608 1530 791 1600 itaque
816 1530 858 1583 si
902 1530 1020 1598 quis
1058 1530 1386 1597 voluptatem
1432 1536 1671 1583 sectetur
1691 1569 1705 1591 ,
1734 1528 1780 1581 is
1807 1541 2065 1596 congres-

456 1634 573 1674 sum
600 1636 719 1675 cum
748 1621 1115 1675 meretricibus
1147 1620 1308 1691 fugiat
1345 1619 1597 1673 maxime.
1633 1618 1773 1672 Nihil
1806 1618 1947 1673 enim
1977 1618 2065 1671 illa

455 1711 847 1766 Consuetudine
889 1711 1251 1781 injucundius,
1284 1710 1417 1764 nihil
1448 1710 1541 1764 illo
1575 1724 1863 1779 congressu
1894 1709 2065 1763 mole-

454 1804 612 1868 stius,
641 1802 774 1857 nihil
809 1801 1047 1855 moribus
1077 1803 1286 1856 illarum
1328 1800 1625 1855 sceleStius.
1662 1800 1844 1853 (Servus
1889 1800 2067 1851 amici-

454 1897 558 1959 tite,
602 1906 648 1950 et
697 1896 868 1966 pullus
912 1896 1193 1967 gratiarum
1222 1904 1426 1948 tuarum
1476 1892 1833 1963 confabuletur
1863 1902 2064 1944 tecum:

452 1989 568 2057 fons
598 2004 745 2057 agat:
773 1998 875 2041 tua:
894 1988 957 2041 sit
989 1988 1075 2041 tibi
1105 1989 1221 2058 fons
1258 1984 1441 2053 (Prov.
1472 1985 1525 2041 5.
1558 1986 1642 2039 l9.
1673 1993 1719 2036 et
1752 1984 1819 2038 15
1842 1982 1881 2051 ).
1926 1982 2061 2036 Cum

451 2080 521 2135 sit
548 2080 638 2134 tibi
667 2079 787 2135 fons
817 2095 981 2148 purus
1004 2120 1020 2145 ,
1049 2093 1146 2134 cur
1170 2078 1236 2133 ad
1272 2079 1445 2133 lacum
1475 2078 1583 2130 luto
1612 2078 1827 2147 plcnntu
1868 2076 2059 2138 curris.

448 2174 751 2240 gehennam
774 2171 1007 2224 olentem
1030 2179 1083 2224 et
1099 2170 1416 2240 supplicium
1444 2168 1712 2222 inell‘abile
1730 2165 1753 2218 ?
1769 2181 1873 2235 qua
1895 2180 2063 2220 excu-

448 2264 680 2324 satione.
711 2279 812 2333 qua
850 2265 1006 2318 venia
1034 2262 1225 2333 dignus
1249 2262 1450 2332 puteris
1486 2260 1691 2316 videri?
1718 2260 1772 2313 Si
1799 2259 1941 2313 enim
1971 2258 2061 2328 qui

449 2362 574 2407 ante
602 2362 934 2410 contractum
967 2353 1361 2408 matrimonium
1389 2361 1711 2417 scortantnr,
1732 2366 1917 2421 poenas
1940 2364 2062 2404 sus-

450 2444 641 2509 tinent,
672 2456 724 2501 et
754 2446 1018 2517 supplicio
1046 2446 1371 2516 plectuntur,
1403 2447 1541 2499 sicut
1573 2446 1661 2499 ille
1707 2445 1795 2515 qtti
1823 2441 2057 2496 sordidis

1688 402 1777 461 DE
1818 404 2115 461 unum
2152 382 2455 464 strenu.
2502 406 2567 464 ll.

3682 407 3787 465 2l8

2176 526 2292 572 erat
2318 515 2652 572 vestimentis
2694 515 2931 582 indutus,
2966 514 3138 570 multo
3169 516 3339 586 magis
3366 514 3458 586 qui
3511 516 3790 571 matrimo-

2179 608 2272 664 nio
2308 618 2603 663 contracto.
2647 608 2849 679 Duplex
2898 609 3043 663 enim
3086 607 3211 663 inde
3250 622 3313 662 ac
3343 608 3538 680 triplex
3584 611 3790 665 crimen

2178 702 2373 769 oritur,
2428 711 2537 756 tum
2569 702 2690 773 quia
2738 717 2869 763 eum,
2891 700 3100 757 deliciis
3130 700 3437 758 fruerentur
3464 743 3481 769 ,
3532 702 3600 756 ad
3631 702 3794 758 lasci-

2176 792 2318 845 viam
2348 792 2493 847 illam
2522 790 2889 861 prosilierunt,
2911 801 3022 845 tum
3053 792 3177 860 quia
3208 806 3313 846 non
3343 792 3505 846 modo
3532 793 3792 848 scortatio

2179 899 2265 939 res
2293 883 2404 946 illa,
2429 883 2524 939 sed
2552 884 2715 938 etiam
2746 882 3071 939 adulterium
3101 893 3374 950 censetur,
3398 884 3542 954 quod
3572 893 3791 952 peccato

2175 977 2367 1049 quovis
2389 986 2473 1033 est
2492 979 2725 1047 gravius.
2752 978 2879 1033 Hmc
2909 978 3069 1047 igitur
3098 986 3153 1032 et
3186 978 3343 1033 nobis
3368 987 3423 1034 et
3473 977 3791 1035 mulieribus

2178 1070 2450 1126 inculcare
2478 1087 2584 1125 non
2611 1070 2923 1127 desinamus
2947 1087 2960 1125 :
2990 1086 3150 1140 quam
3177 1071 3338 1125 etiam
3364 1071 3433 1125 ob
3458 1086 3674 1127 causam
3704 1071 3791 1128 his

2177 1161 2355 1217 verbis
2384 1163 2683 1217 orationem
2726 1161 3045 1217 concludam
3081 1179 3094 1215 :
3132 1160 3358 1231 Propter
3401 1164 3789 1234 fornicationem

2176 1253 2520 1322 unusquisque
2553 1269 2697 1305 suam
2740 1268 2950 1305 uxorem
2981 1252 3195 1319 habeat,
3224 1262 3271 1306 et
3297 1267 3608 1321 aurigamque
3640 1270 3787 1307 suum

2176 1345 2337 1397 virum
2365 1344 2563 1398 habeat.
2601 1344 2763 1399 Uﬁtri
2800 1345 2882 1411 uir
2903 1345 3122 1397 debitam
3151 1344 3547 1398 benevolentiam
3574 1345 3787 1407 reddat;

2176 1452 2306 1489 uxor
2335 1436 2566 1489 similiter
2592 1438 2717 1488 viro.
2747 1434 2937 1489 Mulier
2964 1436 3043 1488 sui
3073 1436 3303 1503 corporis
3357 1445 3654 1489 ootestatem
3683 1452 3786 1490 non

2175 1526 2343 1591 liabet,
2375 1527 2462 1579 sed
2490 1528 2583 1579 vir.
2616 1525 2867 1581 Similiter
2891 1538 3061 1580 autem
3087 1536 3132 1580 et
3160 1533 3235 1581 vir
3271 1528 3350 1580 sui
3389 1529 3615 1596 corporis
3642 1537 3785 1599 pole-

2174 1626 2352 1670 statcm
2405 1634 2505 1670 non
2535 1618 2682 1670 liabet
2714 1659 2727 1680 ,
2778 1619 2866 1671 sed
2910 1619 3185 1681 mulier”.
3228 1617 3348 1673 Cor.
3395 1619 3446 1671 7.
3476 1618 3614 1688 2-4).
3662 1618 3790 1673 llmc

2174 1712 2335 1765 verba
2363 1711 2604 1765 studiose
2651 1712 2909 1766 memoria
2960 1720 3231 1776 tenentes,
3280 1718 3336 1765 et
3366 1711 3416 1764 in
3463 1709 3604 1778 foro,
3648 1713 3784 1765 etin

2172 1802 2379 1856 a‘dibus
2404 1845 2416 1866 ,
2445 1814 2500 1856 et
2530 1803 2782 1867 interdiu,
2812 1814 2863 1857 et
2890 1804 3121 1873 vesperi,
3156 1812 3210 1858 et
3242 1804 3307 1857 ad
3358 1820 3622 1869 mensam,
3654 1815 3705 1857 et
3731 1803 3785 1858 in

2174 1893 2334 1956 lecto,
2386 1903 2438 1947 et
2491 1895 2690 1964 ubique
2739 1896 3001 1959 locorum,
3037 1912 3157 1949 cum
3192 1896 3291 1964 ipsi
3342 1911 3402 1950 ea
3436 1896 3782 1961 meditemur,

2174 1995 2285 2040 tum
2336 1988 2589 2042 mulieres
2622 1988 2776 2041 nobis
2822 1988 3003 2041 dicere
3034 1996 3191 2057 atque
3231 2002 3261 2040 a
3294 1988 3447 2041 nobis
3473 1988 3658 2041 audire
3684 1990 3785 2040 tio-

2172 2092 2408 2139 ceamtts,
2440 2086 2497 2130 ιιι
2524 2094 2645 2132 cum
2679 2079 2817 2132 hanc
2848 2079 3009 2132 vitam
3035 2088 3184 2133 caste
3222 2079 3638 2141 traduxerimus,
3670 2094 3776 2132 cu:-

2172 2168 2347 2222 lorum
2374 2170 2533 2222 etiam
2564 2185 2787 2238 regnum
2812 2184 3229 2239 consequamur,
3260 2171 3427 2239 gratia
3457 2180 3509 2224 et
3538 2171 3785 2239 benigni—

2172 2268 2280 2314 tate
2311 2260 2517 2314 Domini
2565 2262 2733 2315 nostri
2765 2260 2891 2315 .lesu
2936 2260 3174 2324 Christi,
3224 2277 3321 2331 per
3368 2277 3527 2329 quem
3573 2271 3775 2317 etcum

2169 2366 2276 2417 quo
2307 2350 2471 2416 Patri,
2520 2366 2623 2404 una
2652 2366 2774 2405 cum
2815 2350 3019 2420 Spiritu
3052 2334 3240 2405 sancto
3279 2351 3471 2421 gloria,
3500 2351 3552 2405 in
3584 2354 3779 2408 sa‘cula

2163 2442 2506 2497 smculorum.
2542 2445 2733 2497 Anien.

1613 2666 1723 2741 1N
1776 2671 2110 2741 ILLUM
2156 2670 2547 2756 LOCUM,

444 2816 691 2860 ιουειι
730 2816 1061 2862 νΔιιῐθΑτΛ
1106 2819 1221 2861 EST
1266 2796 1712 2871 ιερίρωκτο
1755 2818 2059 2860 τειινοιιε
2128 2818 2398 2859 νιιεκιτ
2442 2818 2549 2860 VIR
2596 2819 2749 2861 ειυς
2796 2820 2811 2858 2

2861 2818 2918 2861 st
2968 2820 3183 2863 Λυσι-ει
3246 2820 3629 2876 υοκωειυτ,
3678 2823 3777 2866 ιι·-

524 2919 691 2962 ΙΙΒΕΔ
736 2919 850 2963 EST
898 2918 1003 2963 CUI
1036 2918 1354 2963 νοιυειιῐτ
1398 2918 1677 2974 κυηιιε,
1723 2918 1988 2961 TANTUM
2034 2917 2047 2960 l

2157 2916 2415 2960 DOHINO.
2466 2917 2741 2961 BEATIOR
2787 2919 3007 2961 Αυτιζκ
3056 2920 3171 2963 EST
3213 2920 3267 2963 SI
3312 2921 3405 2965 BIC
3441 2922 3766 2966 κατεκλη-

526 2998 614 3077 (t.
648 2998 792 3062 Cor.
837 3000 900 3059 7.
948 2999 1048 3061 39.
1094 2997 1174 3059 to
1199 2999 1221 3079 )
1269 3006 1375 3079 (α).

1898 3150 2325 3208 “ﬁmi-0

516 3269 567 3321 l.
592 3264 773 3335 Nuper
801 3266 955 3321 nobis
996 3266 1184 3323 beatus
1217 3266 1415 3322 Paulus
1455 3267 1523 3322 de
1556 3266 1826 3338 eonjugio,
1862 3267 2049 3337 conju-

440 3357 622 3429 giique
647 3358 855 3426 juribus
891 3359 1061 3428 legem
1106 3359 1243 3421 tulit,
1272 3358 1567 3415 Corinthiis
1613 3360 1689 3414 sic
1715 3359 1958 3415 scribens
1985 3375 2047 3415 ac

439 3450 626 3506 dicens
655 3467 669 3503 :
702 3449 779 3503 De
805 3452 985 3520 quibus
1012 3460 1186 3504 autem
1220 3451 1495 3521 scripsistis
1524 3452 1651 3505 milii
1669 3492 1685 3517 ,
1718 3450 1917 3505 Bonum
1942 3466 2050 3505 esse

439 3542 633 3596 Itommi
690 3540 952 3597 mulierem
1026 3558 1126 3595 non
1169 3553 1375 3613 tangere
1438 3559 1457 3596 :
1498 3552 1703 3613 prapter
1754 3543 2049 3611 fornicatio-

424 3651 552 3688 nem
604 3644 795 3700 autem,
841 3651 986 3689 suam
1030 3636 1241 3706 quisque
1294 3652 1511 3689 uxorem
1564 3634 1765 3693 habeat.
1809 3645 1854 3689 et
1896 3652 2045 3689 suum

434 3740 646 3794 qucque
692 3724 857 3779 virum
923 3725 1102 3779 habent
1156 3726 1245 3797 (l.
1292 3725 1409 3780 Cor.
1451 3728 1503 3779 7.
1566 3728 1617 3780 1.
1682 3726 1781 3796 Ξ).
1841 3727 2045 3795 Eapro-

434 3826 553 3885 pter
605 3826 660 3871 et
708 3831 805 3871 uos
877 3826 1044 3871 totum
1099 3832 1404 3871 sermonem
1476 3818 1528 3871 itt
1595 3818 1695 3871 hoc
1750 3818 2041 3885 insumpsi-

432 3923 573 3965 tuus.
622 3909 800 3980 Itaque
848 3926 1069 3965 necesse
1094 3918 1177 3966 est
1207 3910 1365 3965 hodie
1407 3910 1475 3965 de
1505 3910 1692 3964 eodem
1724 3919 2041 3979 argumento

432 3999 629 4055 iterum
651 4000 927 4055 vobiscum
954 4000 1246 4066 disserere,
1286 4000 1721 4072 quandoquidem
1753 4002 1818 4055 de
1845 4002 2036 4056 eodem

427 4095 591 4150 etiam
622 4096 737 4162 ipse
768 4094 963 4160 Paulus
1003 4094 1159 4149 hodie
1190 4094 1425 4150 disserit.
1456 4094 1751 4149 Audit-istis
1801 4098 1942 4149 enim
1978 4096 2040 4149 il-

426 4179 536 4240 lum
563 4185 908 4248 clamantem,
938 4199 1003 4239 ac
1022 4185 1329 4241 dicentem:
1362 4185 1553 4240 Mulier
1581 4188 1800 4257 alligata
1828 4197 1899 4241 est
1937 4188 2037 4259 legi

422 4284 614 4347 quanto
659 4285 884 4345 tempore
920 4276 1099 4331 vixerit
1127 4277 1203 4330 vir
1231 4278 1371 4331 illius
1401 4293 1421 4331 :
1449 4278 1495 4331 si
1520 4288 1691 4332 autem
1735 4279 2030 4332 obdormie-

426 4368 495 4421 rit
525 4369 601 4422 uir
649 4368 807 4433 illius,
864 4368 1019 4423 libera
1058 4380 1131 4424 est
1174 4370 1255 4422 cui
1284 4370 1495 4423 voluerit
1525 4371 1725 4436 nubere,
1760 4378 1953 4425 tantum
1981 4371 2035 4425 in

424 4456 696 4514 Domitto':
733 4458 929 4514 beatior
966 4470 1133 4513 autem
1162 4469 1235 4515 est
1270 4460 1315 4515 si
1358 4461 1432 4514 sic
1460 4463 1719 4525 manserit,
1754 4464 2035 4517 secundum

420 4565 590 4602 meum
617 4549 886 4602 consilium
918 4565 937 4603 :
958 4551 1145 4618 opinor
1180 4560 1347 4606 autem
1396 4553 1533 4621 quod
1576 4561 1623 4605 et
1660 4568 1750 4623 ego
1778 4553 2032 4624 Spiritum

423 4636 525 4691 Dei
576 4638 807 4692 habeant.
867 4638 1053 4711 (Ibid.
1098 4654 1149 4693 υ.
1200 4640 1289 4695 59.
1319 4641 1388 4696 40
1419 4643 1457 4711 ).
1516 4641 1816 4713 Sequamur
1874 4644 2033 4715 igitur

422 4726 575 4781 illum
596 4736 648 4781 et
665 4726 841 4793 hodie,
864 4730 1003 4784 etde
1027 4732 1124 4785 hac
1140 4731 1515 4801 colloquamnr
1532 4735 1779 4787 materia:
1801 4750 2033 4805 sequen-

422 4828 509 4874 tes
533 4820 673 4873 enitn
698 4819 941 4885 Paulum,
977 4836 1073 4891 per
1091 4838 1213 4877 eum
1238 4833 1292 4877 et
1320 4821 1591 4877 Christum
1625 4825 1796 4893 ipsum
1835 4842 2027 4895 seque-

422 4928 567 4975 tnur,
599 4927 665 4968 oo
686 4912 827 4983 quod
868 4913 959 4969 ille
989 4921 1093 4968 non
1125 4916 1492 4984 semetipsum,
1526 4916 1617 4970 sed
1639 4915 1912 4972 Christum
1934 4934 2031 4987 per

421 5003 603 5057 omnia
630 5018 862 5073 sequens
910 5006 1143 5075 scripsit.
1202 5006 1492 5062 Enimvero
1547 5025 1652 5062 non
1682 5020 1765 5064 est
1794 5011 2028 5079 vulgaris

418 5109 534 5159 res,
566 5094 877 5165 conjugium
896 5095 1033 5152 bene
1059 5098 1409 5152 constitutum
1445 5116 1457 5149 :
1494 5100 1629 5153 sicut
1654 5101 1813 5155 etiam
1848 5104 1911 5155 iis
1936 5104 2023 5171 qui

2161 3270 2283 3325 cubi
2307 3269 2617 3334 obveniant,
2637 3273 3049 3330 consolatricem
3072 3290 3135 3329 ac
3152 3276 3511 3333 liberatrleem
3533 3280 3731 3348 reperit
3753 3297 3768 3345 ;

2156 3363 2246 3432 qui
2288 3372 2467 3418 autem
2497 3375 2699 3421 temere
2727 3377 2779 3421 et
2810 3368 3103 3438 vulgariter
3133 3369 3271 3425 hanc
3296 3387 3411 3426 rem
3438 3375 3762 3443 aggreditur,

2155 3454 2368 3509 etiamsi
2410 3456 2645 3510 multain
2679 3458 2795 3513 foro
2841 3470 2895 3513 et
2924 3460 3050 3514 alibi
3104 3463 3488 3532 tranquillitate
3520 3464 3762 3531 fruatur,

2157 3546 2432 3614 ingressus
2458 3548 2698 3610 domum,
2731 3551 2981 3620 scopulos
3012 3559 3067 3606 et
3097 3563 3278 3622 petras
3326 3554 3545 3610 videbit.
3579 3558 3761 3626 Itaque

2153 3638 2405 3707 quoniam
2436 3654 2541 3694 non
2573 3639 2643 3695 de
2671 3641 2834 3697 rebus
2885 3643 3189 3713 vulgaribus
3221 3645 3376 3701 nobis
3427 3656 3511 3701 est
3553 3650 3765 3716 pericu-

2153 3732 2284 3798 lum,
2312 3747 2491 3803 operte
2540 3736 2771 3804 pretium
2819 3734 2982 3791 fuerit
3028 3753 3151 3793 cum
3189 3738 3467 3809 diligentia
3498 3740 3656 3796 dictis
3685 3755 3766 3796 al—

2154 3824 2396 3887 tendere,
2426 3834 2481 3880 et
2506 3842 2726 3882 uxorem
2751 3828 3062 3894 ducturum,
3090 3832 3242 3899 juxta
3273 3831 3443 3898 Pauli,
3474 3832 3583 3887 imo
3609 3834 3757 3901 juxta

2150 3911 2345 3968 Christi
2370 3918 2517 3984 leges
2541 3932 2720 3987 agere.
2754 3918 2895 3973 Sane
2916 3921 3139 3987 scimus,
3170 3922 3309 3991 quod
3346 3925 3528 3979 multis
3560 3941 3756 3980 novum

2151 4019 2203 4063 et
2240 4010 2665 4078 inexSpectatum
2692 4012 2955 4067 videbitur
2971 4014 3115 4083 quod
3142 4015 3371 4069 dicimus
3397 4035 3409 4070 :
3440 4024 3493 4072 at
3518 4028 3760 4088 propter-

2148 4115 2210 4154 ea
2255 4116 2362 4155 non
2394 4103 2583 4163 silebo,
2614 4105 2707 4158 sed
2764 4107 2995 4176 pritnum
3058 4106 3229 4177 legem
3277 4108 3429 4162 vobis
3480 4111 3673 4181 legam.
3708 4123 3759 4165 ft

2146 4193 2269 4248 dein
2300 4194 2492 4265 legem,
2541 4213 2660 4266 qua:
2688 4198 2956 4253 contraria
2985 4198 3219 4266 videtur,
3268 4202 3477 4257 solvere
3508 4206 3751 4256 teni-tim.

2146 4284 2310 4356 Igitur
2338 4302 2585 4356 quamam
2625 4300 2707 4343 est
2738 4291 2818 4343 lex
2871 4290 2983 4355 illa,
3016 4306 3176 4361 quam
3229 4293 3384 4346 nobis
3432 4295 3626 4352 Paulus
3663 4309 3757 4366 po-

2142 4378 2275 4431 suit?
2307 4377 2515 4443 Mulier,
2546 4380 2733 4449 inquit,
2760 4380 2975 4452 alligata
3013 4392 3087 4435 est
3116 4382 3234 4454 legi.
3264 4384 3488 4453 Oportet
3511 4386 3670 4455 igitur
3699 4398 3753 4439 :tt

2145 4470 2367 4524 minime
2416 4480 2715 4540 separetur,
2760 4473 2971 4528 vivente
3016 4474 3153 4541 viro,
3177 4490 3349 4545 neque
3373 4476 3535 4531 alium
3566 4491 3755 4547 super—

2142 4561 2358 4617 inducat
2395 4564 2668 4629 maritum,
2698 4580 2873 4634 neque
2904 4566 3171 4621 secundas
3210 4568 3424 4637 nuptias
3471 4568 3649 4623 adeat.
3681 4569 3751 4624 Et

2140 4654 2262 4707 vide
2289 4662 2487 4723 quanta
2518 4670 2639 4709 cum
2671 4656 2944 4724 diligentia
2993 4657 3277 4713 verborum
3328 4675 3457 4713 usus
3503 4660 3572 4714 sit
3624 4676 3750 4728 pro-

2140 4745 2385 4813 prietate.
2412 4744 2527 4799 Non
2561 4748 2701 4801 enim
2732 4747 2886 4814 dixit,
2929 4748 3214 4803 Cobabitet
3246 4750 3362 4803 viro
3400 4750 3575 4820 quoad
3608 4753 3749 4807 vixe-

2142 4837 2207 4890 rit
2229 4855 2242 4896 ;
2268 4836 2382 4901 sed,
2414 4838 2601 4892 Mulier
2626 4841 2841 4911 alligata
2871 4851 2941 4894 est
2973 4844 3069 4912 legi
3094 4853 3283 4911 quanto
3312 4853 3536 4912 tempore
3571 4846 3750 4901 vixerit

2137 4928 2212 4982 vir
2242 4930 2382 4982 illius
2410 4947 2429 4983 :
2455 4941 2613 4999 atque
2654 4932 2791 4985 adeo
2845 4934 3053 4987 etiamsi
3098 4934 3335 4989 libellum
3376 4937 3582 5005 repudii
3632 4939 3747 5001 tlet,

2136 5021 2345 5074 etiamsi
2392 5022 2611 5076 domum
2664 5024 2947 5093 relinquat,
2993 5026 3203 5078 etiamsi
3235 5026 3301 5079 ad
3351 5029 3512 5081 alium
3568 5030 3743 5099 abeat,

2135 5114 2238 5184 legi
2270 5116 2523 5170 adstricta
2550 5116 2898 5187 adulteraqne
2926 5130 3027 5176 cst.

410 5182 532 5249 illo,
591 5202 694 5239 non
755 5196 811 5241 ut
863 5198 1093 5255 Oportet,
1151 5199 1375 5245 utuntur
1413 5232 1428 5257 ,
1472 5192 1878 5248 innumerorum
1913 5211 2025 5249 ma-

421 5278 597 5333 lorum
631 5280 687 5334 lit
726 5284 971 5337 materia.
1002 5283 1138 5339 Nam
1174 5286 1313 5341 sicut
1341 5285 1535 5341 mulier
1559 5287 1789 5357 adjutrix
1818 5300 1919 5354 est,
1953 5291 2022 5345 ita

420 5384 569 5441 saepe
589 5384 643 5426 et
669 5374 989 5430 insidiatrix.
1021 5377 1089 5431 Et
1114 5378 1249 5433 sicut
1279 5390 1462 5449 portus
1488 5389 1572 5435 est
1600 5381 1924 5452 conjugium,
1953 5384 2021 5438 ita

419 5468 478 5516 et
508 5477 648 5533 saepe
670 5464 998 5535 naufragium
1026 5469 1165 5537 parit
1198 5487 1211 5523 :
1237 5485 1341 5524 nou
1361 5458 1558 5525 natura
1587 5488 1703 5537 sua,
1732 5474 1823 5528 sed
1843 5474 2022 5528 animo

420 5568 632 5619 eorum,
662 5554 749 5625 qui
792 5556 881 5611 illo
918 5560 1056 5614 male
1104 5568 1344 5615 utuntur.
1378 5562 1587 5618 Etenim
1611 5564 1699 5633 qui
1727 5565 2020 5620 secundum

418 5658 689 5715 congruas
731 5646 876 5717 leges
929 5648 1055 5704 illud
1110 5652 1382 5719 observat,
1432 5654 1648 5708 domum
1701 5663 1755 5709 et
1798 5672 2019 5711 uxorem

421 5750 603 5803 suam,
656 5746 712 5793 ut
740 5740 999 5797 malorum
1032 5745 1268 5799 omnium
1293 5761 1411 5815 qure
1439 5748 1519 5801 vel
1572 5748 1624 5802 in
1650 5747 1787 5817 foro,
1812 5751 1896 5805 vel
1920 5751 2018 5807 ali-

485 5848 560 5909 (a)
581 5847 760 5901 Collata
784 5865 894 5901 cum
916 5861 1023 5905 Mss.
1049 5855 1341 5909 Colbertinis
1360 5858 1456 5910 970
1480 5865 1532 5911 et
1561 5859 1694 5913 1050.

2209 5206 2329 5259 Non
2359 5208 2472 5260 licet
2512 5208 2835 5276 repudiatam
2861 5211 3066 5265 ducere.
3108 5212 3266 5283 Leges
3306 5222 3526 5267 exterat:
3564 5216 3747 5271 divinat

2132 5298 2231 5369 legi
2252 5298 2452 5351 cedunt.
2476 5330 2545 5339 —
2572 5300 2799 5368 Quando
2822 5302 2979 5372 igitur
3008 5306 3092 5358 vir
3117 5305 3315 5374 ejicere
3344 5307 3455 5360 vult
3485 5324 3704 5366 uxorein
3725 5350 3739 5374 ,

2132 5401 2187 5444 et
2218 5407 2351 5446 uxor
2383 5393 2685 5462 relinquere
2711 5396 2881 5447 virum
2905 5436 2919 5459 ,
2947 5395 3104 5467 hujus
3156 5412 3363 5451 memor
3394 5400 3461 5452 sit
3502 5400 3655 5462 dicti,
3692 5410 3747 5454 et

2132 5485 2357 5539 Paulum
2392 5496 2539 5555 putet
2584 5502 2705 5543 esse
2759 5500 3117 5557 prmsentem,
3161 5500 3216 5544 et
3264 5494 3512 5561 persequi
3547 5508 3605 5547 se
3631 5494 3740 5545 cla-

2132 5578 2329 5633 mando
2378 5590 2433 5632 et
2478 5579 2707 5635 dicendo
2739 5598 2754 5635 :
2784 5580 2974 5635 Mulier
3020 5583 3265 5636 adstricta
3317 5594 3388 5637 est
3441 5585 3557 5656 legi.
3605 5584 3740 5639 Nam

2128 5671 2581 5742 quemadmodum
2613 5674 2753 5727 servi
2785 5673 3008 5743 fugitivi,
3039 5676 3246 5730 etiamsi
3267 5676 3484 5730 domum
3509 5676 3735 5731 herilem

2132 5764 2479 5834 relinquant,
2512 5772 2757 5819 catenam
2791 5777 2973 5819 secum
3005 5766 3227 5820 trahunt
3256 5785 3267 5817 :
3305 5767 3373 5820 ita
3404 5777 3455 5821 et
3488 5767 3740 5823 mulieres

2130 5855 2340 5914 etiamsi
2370 5873 2515 5913 viros
2542 5857 2880 5928 relinquant,
2918 5848 3089 5930 legem
3136 5847 3463 5929 liabetitpro
3506 5869 3733 5925 catena,
