4228 6298
227 390 319 446 ﬁl

215 510 361 566 laci.
393 508 450 562 2.
481 507 595 580 ιδῃ
622 517 677 563 et
702 523 822 562 cum
853 506 968 562 lucc
998 507 1254 574 dixisset,
1290 505 1460 573 Quare
1480 507 1787 574 dereliquisti
1807 548 1821 575 ,

220 605 323 669 ait,
371 619 582 657 uxorem
637 600 995 655 adolescentia:
1035 588 1138 655 iure
1182 597 1342 672 (Ibid.
1377 615 1425 655 υ.
1461 599 1594 673 ΗΠ
1643 611 1826 670 postea

225 705 287 748 ut
306 695 557 750 ostemlat
585 703 840 764 quantum
870 694 939 748 sit
963 693 1187 756 malum,
1216 703 1270 748 et
1291 708 1450 763 quam
1479 693 1729 763 indiguus
1759 695 1829 747 sit

225 787 377 840 niani
410 788 564 842 venia
593 787 638 839 is
659 786 748 856 qui
780 786 880 840 hoc
907 785 1054 850 let-it,
1087 786 1140 839 in
1168 785 1519 854 sequentibus
1541 787 1832 840 accusatio-

229 891 352 932 nem
377 862 568 944 auget,
596 878 674 929 sic
701 874 886 930 «licens
916 893 932 933 :
957 874 1026 928 Et
1065 875 1163 929 ista
1189 876 1328 929 socia
1353 886 1440 929 tua
1460 918 1474 941 ,
1498 885 1545 929 et
1579 892 1712 930 uxor
1737 893 1825 944 pa-

231 969 295 1021 cti
324 969 420 1030 tui,
450 977 497 1020 et
524 967 753 1035 reliquie
794 967 1004 1036 spiritus
1026 967 1136 1033 tui,
1161 976 1204 1019 et
1223 983 1326 1019 non
1353 968 1486 1020 alius
1515 967 1631 1038 fecit
1660 966 1826 1039 (Id.).

233 1057 366 1114 Vide
395 1067 592 1137 quanta
623 1061 844 1130 apponit
881 1059 994 1130 jura
1023 1075 1038 1123 ;
1065 1059 1295 1128 primum
1323 1069 1570 1125 aetatem,
1599 1059 1783 1114 dicens
1813 1077 1829 1118 :

235 1150 379 1206 Uxor
424 1151 777 1205 udolescentic
802 1163 938 1218 luat;
966 1150 1162 1206 deinde
1207 1153 1524 1207 societatem
1567 1153 1723 1218 vitm,
1752 1152 1835 1206 di-

236 1256 359 1296 cens
391 1260 406 1297 :
440 1241 506 1296 Et
546 1243 643 1296 ista
668 1244 806 1297 socia
836 1255 961 1308 tua;
986 1252 1169 1311 postea
1201 1243 1420 1298 modum
1451 1243 1790 1300 formationis
1814 1286 1827 1308 ,

232 1335 417 1388 dicens
467 1351 483 1389 :
523 1335 770 1405 Πείἱιμιὶτε
813 1337 1024 1404 spiritus
1070 1338 1164 1390 tui.
1216 1335 1355 1408 [Non
1392 1337 1536 1391 enim
1576 1337 1644 1392 de
1687 1346 1830 1394 terra

228 1427 457 1481 formata
484 1436 568 1481 est
594 1430 732 1482 sicut
755 1427 944 1491 Adam,
972 1429 1065 1482 sed
1089 1426 1375 1483 deformati
1407 1443 1438 1483 e
1464 1439 1604 1482 terra
1636 1428 1828 1496 latere,

227 1531 281 1571 et
312 1520 412 1573 hoc
441 1530 525 1572 est
549 1520 687 1588 quod
715 1519 863 1583 dicit,
885 1525 1266 1588 niaximum,
1292 1519 1354 1573 Et
1372 1520 1601 1589 reliquid:
1619 1520 1831 1592 spiritu:

227 1611 301 1662 ait
331 1609 456 1683 (a).]

300 1703 355 1757 5.
389 1703 469 1757 Ad
492 1700 608 1754 haec
631 1702 834 1765 omnia,
859 1700 1000 1770 quod
1032 1700 1282 1754 omnibus
1304 1701 1410 1755 illis
1438 1701 1612 1772 majus
1643 1701 1823 1765 fuerit,

226 1793 438 1847 accedit
463 1792 758 1846 extuditoris
787 1791 1039 1861 dignitas.
1072 1792 1183 1846 Hoc
1204 1795 1347 1845 enim
1375 1793 1640 1862 signilicat
1678 1794 1826 1857 illud,

230 1883 355 1937 Non
400 1885 535 1937 alius
562 1885 703 1954 fecit.
736 1883 850 1938 Non
902 1896 1056 1952 potes
1082 1926 1096 1950 ,
1121 1885 1324 1954 inquit,
1365 1885 1548 1938 dicere
1569 1928 1583 1950 ,
1612 1886 1752 1954 quod
1781 1895 1831 1939 te

224 1975 444 2044 quidem
494 1976 634 2030 Deus
685 1976 839 2042 fecit,
868 1976 1010 2030 illam
1045 1993 1175 2031 vero
1223 1993 1328 2030 non
1359 1977 1498 2032 Deus
1519 2019 1534 2041 ,
1565 1977 1660 2032 sed
1691 1978 1830 2031 alius

222 2068 442 2137 quidam
490 2068 583 2122 illo
614 2068 862 2132 inferior;
892 2070 984 2124 sed
1016 2085 1152 2123 unus
1183 2081 1238 2124 et
1282 2070 1420 2124 idem
1473 2081 1727 2142 utrosque
1774 2081 1830 2126 nt

220 2170 409 2214 essent
429 2160 682 2229 produxit
707 2178 719 2214 :
752 2169 806 2214 et
836 2161 902 2213 ita
937 2161 1186 2230 quamvis
1217 2162 1347 2214 nihil
1379 2163 1521 2215 aliud
1541 2205 1554 2227 ,
1588 2162 1690 2217 hoc
1715 2163 1825 2217 sal-

223 2264 333 2305 lem
365 2251 627 2306 reveritus
652 2295 665 2316 ,
690 2253 967 2305 caritatem
997 2268 1121 2321 erga
1157 2252 1301 2306 illam
1335 2253 1563 2307 custodi.
1597 2253 1730 2308 Nam
1781 2254 1828 2308 si

218 2359 368 2413 sa-pe
395 2350 496 2396 hoc
527 2345 696 2397 servis
724 2343 1056 2412 litigantibus
1100 2353 1296 2397 mutua:
1325 2343 1632 2398 dilectionis
1663 2359 1825 2399 causa

221 2435 342 2498 fuit,
375 2436 498 2505 quia
535 2436 691 2488 ambo
716 2437 803 2488 uni
827 2443 882 2489 et
905 2435 1076 2488 eidem
1107 2434 1327 2488 domino
1359 2437 1631 2490 serviunt:
1659 2437 1828 2488 nmlto

217 2529 392 2597 magis
421 2528 577 2579 nobis
625 2525 726 2580 hoc
769 2526 884 2579 lieri
928 2527 1214 2588 convenit,
1241 2526 1457 2596 quando
1497 2529 1744 2582 eumdem
1774 2537 1827 2581 et

214 2619 600 2682 conditorem,
645 2627 699 2671 et
755 2617 1003 2685 upilicem
1062 2618 1277 2687 utrique
1328 2617 1605 2673 habemus.
1633 2619 1824 2673 Vidisti

213 2708 490 2777 quomodo
516 2709 676 2761 etiam
712 2709 764 2761 in
797 2708 973 2762 Veteri
1022 2708 1170 2761 initia
1209 2717 1263 2762 et
1303 2710 1562 2784 proceuiia
1592 2709 1706 2764 fere
1732 2726 1823 2762 ae-

212 2801 460 2868 ceperint
491 2815 640 2853 nova:
667 2798 1018 2867 philosOphite
1051 2801 1512 2873 pra-cepta?_Nam
1545 2802 1630 2855 ubi
1657 2802 1825 2854 multo

213 2901 461 2959 tempore
486 2891 536 2942 in
573 2892 686 2960 lege
717 2890 913 2943 versati
933 2899 1132 2954 essent,
1161 2899 1215 2943 et
1243 2891 1307 2944 ad
1335 2891 1653 2960 perfectiora
1675 2909 1824 2945 num-

209 2983 338 3038 data
388 2984 618 3037 transire
645 2983 940 3048 deberent,
969 2981 1187 3050 jamque
1217 2994 1531 3052 properaret
1565 2984 1629 3036 ad
1663 2985 1821 3038 linem

210 3076 457 3142 ipsorum
487 3074 670 3144 politia
696 3114 711 3137 ,
740 3082 1046 3143 opportuno
1089 3080 1331 3141 tempore
1357 3072 1423 3126 ad
1450 3075 1714 3141 ejusmodi
1740 3090 1823 3126 sa.

211 3167 470 3236 pientiam
503 3167 627 3220 illos
658 3164 914 3236 prOpbeta
943 3163 1167 3227 inducit.
1194 3165 1483 3219 Pareamns
1515 3167 1670 3233 igitur
1697 3166 1822 3220 huic

208 3261 369 3313 bona:
401 3259 522 3328 legi,
549 3268 602 3311 et
628 3272 724 3310 nos
754 3257 824 3310 ab
851 3257 998 3311 omni
1026 3255 1344 3310 confusione
1374 3257 1686 3321 liberemus,
1724 3274 1818 3311 ne-

205 3367 314 3420 que
342 3363 554 3404 nostras
582 3350 882 3420 ejiciamus,
915 3365 1087 3418 neque
1108 3349 1175 3403 ab
1202 3348 1323 3404 aliis
1356 3351 1557 3419 ejeclas
1588 3352 1818 3420 recipia-

208 3462 354 3500 mus.
386 3445 517 3500 Nam
559 3461 662 3515 qua
712 3444 846 3498 faeie
891 3445 1063 3496 virum
1110 3443 1291 3495 uxoris
1331 3443 1597 3511 aspicies?
1627 3445 1819 3513 quibus

205 3540 381 3594 oeulis
408 3540 610 3592 amicos
651 3539 792 3592 illius
821 3546 875 3591 et
903 3537 1165 3590 famulos?
1197 3536 1326 3589 Nam
1359 3538 1402 3590 si
1437 3540 1480 3590 is
1500 3539 1587 3608 qui
1621 3541 1815 3593 mortui

203 3629 474 3698 eonjugis,
507 3626 662 3698 cujus
694 3643 915 3680 uxorem
935 3627 1160 3696 accepit,
1183 3629 1471 3698 imaginem
1498 3631 1816 3682 recumben-

204 3731 316 3775 tem
352 3720 577 3787 viderit,
612 3718 844 3773 alticitur
865 3719 1047 3789 aliquo
1089 3719 1249 3772 modo
1274 3761 1287 3784 ,
1319 3729 1368 3773 et
1409 3722 1640 3787 graviter
1671 3722 1772 3775 fert
1797 3765 1811 3786 ,

199 3826 267 3864 ac
301 3811 347 3863 si
376 3810 644 3864 viventem
676 3809 928 3862 maritum
953 3809 1130 3862 videat
1155 3809 1272 3878 ejus
1303 3827 1422 3879 quae
1463 3811 1563 3864 sibi
1596 3811 1811 3868 cohabi-

200 3909 315 3964 ιιι,
349 3900 562 3968 qualem
596 3900 756 3952 vitam
802 3899 1096 3967 aget?quo
1143 3910 1298 3967 pacto
1345 3901 1676 3969 ingredietur
1717 3905 1815 3954 do-

198 3991 390 4045 mum?
417 4006 524 4060 quo
545 3991 747 4056 animo,
781 3989 976 4060 quibus
994 3990 1165 4044 oculis
1185 3991 1386 4045 videbit
1412 3991 1558 4046 illius
1590 4009 1809 4048 uxorem

193 4098 355 4137 suam
373 4083 397 4136 ?

274 4176 522 4230 Adultera
552 4175 748 4228 nullius
782 4185 854 4228 est
880 4191 1029 4229 uxor.
1068 4204 1139 4214 —
1163 4174 1274 4229 lmo
1308 4191 1482 4245 neque
1512 4175 1673 4242 illius,
1711 4193 1808 4230 nc-

190 4286 302 4340 que
348 4283 498 4322 suam
537 4268 678 4338 juste
710 4269 830 4337 quis
883 4267 1042 4321 talem
1076 4269 1356 4336 appellet:
1389 4269 1631 4323 adultera
1663 4270 1806 4324 enim

193 4363 403 4416 nullius
430 4371 513 4414 est
542 4375 695 4414 uxor.
736 4360 945 4415 Felellit
987 4371 1138 4430 pacta
1167 4377 1286 4430 qtae
1315 4376 1434 4414 cum
1469 4363 1560 4414 illo
1588 4361 1805 4423 habuit.

187 4467 245 4511 et
277 4455 347 4508 ad
380 4465 431 4510 te
450 4438 573 4508 cum
606 4454 845 4508 honestis
885 4455 1093 4522 legibus
1122 4469 1226 4507 non
1257 4456 1422 4508 venit.
1466 4455 1687 4522 Quanta:
1714 4457 1808 4524 igi-

189 4557 281 4600 tur
306 4546 596 4600 dementiae
624 4544 804 4609 fuerit,
831 4561 942 4599 rem
974 4554 1050 4598 tot
1077 4546 1231 4598 malis
1260 4547 1472 4613 plenam
1505 4547 1555 4599 in
1587 4546 1804 4601 domqu

186 4635 491 4691 inducere?
517 4634 654 4688 Num
681 4645 764 4689 est
806 4634 1126 4689 feminarum
1153 4635 1410 4705 penuria?
1441 4637 1646 4704 Quare,
1682 4655 1803 4693 cum

183 4730 378 4782 "mlta:
405 4729 513 4781 sint
537 4770 553 4793 ,
578 4744 712 4798 quas
742 4728 867 4782 licet
889 4744 1017 4797 pura
1048 4728 1376 4783 conscientia
1406 4742 1458 4783 et
1485 4733 1800 4799 permitten-

184 4824 337 4876 tibus
367 4821 573 4891 legibus
605 4821 835 4886 ducere,
869 4823 932 4873 ad
964 4821 1262 4890 prohibitas
1285 4833 1583 4889 currentes,
1612 4824 1802 4880 domos

180 4914 575 4979 subvertimus,
609 4913 750 4968 bella
783 4913 961 4968 civilia
987 4915 1312 4979 excitamus,
1343 4928 1406 4968 ac
1435 4916 1672 4986 undique
1697 4919 1800 4971 ini-

180 5005 422 5060 micitias
453 5004 610 5058 nobis
635 5005 987 5060 conciliantes
1012 5047 1026 5070 ,
1062 5005 1357 5058 innumeris
1397 5010 1802 5063 accusatoribus

178 5116 276 5152 ora
311 5098 642 5166 aperientes,
669 5106 908 5150 nostram
936 5097 1098 5149 vitam
1137 5096 1549 5163 dedecoramus,
1579 5110 1632 5153 et
1658 5102 1798 5169 quod

177 5194 433 5244 omnium
463 5189 838 5258 gravissimum
867 5197 978 5252 est,
1012 5190 1324 5243 inevitabile
1372 5193 1691 5259 supplicium
1747 5197 1796 5246 iu

176 5285 268 5338 die
289 5282 483 5352 judicii
515 5282 670 5336 nobis
691 5280 1128 5335 accumulamus?
1153 5281 1290 5347 Quid
1319 5283 1461 5336 enim
1489 5283 1730 5338 dicemus
1750 5287 1795 5339 ci

173 5378 273 5449 qui
324 5377 395 5430 de
423 5375 580 5430 nobis
621 5374 962 5445 judicaturus
991 5383 1072 5428 est
1097 5417 1112 5439 ,
1141 5375 1357 5444 quando
1390 5377 1561 5445 legem
1596 5376 1646 5430 in
1681 5395 1793 5431 me-

175 5470 335 5522 dium
384 5466 586 5520 illatam
621 5466 810 5535 legerit
847 5466 1033 5519 dicens
1065 5483 1078 5519 :
1107 5466 1249 5519 Jnssi
1281 5469 1612 5537 repudiatam
1667 5485 1798 5522 uxo-

175 5576 296 5615 rem
331 5574 440 5612 non
483 5558 685 5612 ducere
708 5597 724 5622 ,
757 5557 945 5611 dit-eus
975 5559 1023 5610 id
1060 5559 1379 5612 adulterium
1425 5576 1546 5614 esse
1575 5561 1792 5633 (Matth.

175 5653 229 5706 5.
267 5651 390 5720 52).
434 5649 719 5716 Quomodo
760 5649 921 5718 igitur
971 5665 1134 5702 ausus
1179 5665 1238 5703 es
1267 5651 1330 5703 ad
1376 5651 1672 5721 prohibitas
1699 5670 1794 5707 uu-

239 5783 322 5845 (τι)
337 5790 446 5834 Haec
466 5796 578 5845 qua:
604 5781 1094 5830 unciniselauduutur
1113 5783 1162 5831 in
1179 5791 1341 5834 cra-co
1359 5799 1453 5833 non
1474 5791 1686 5844 exstant,
1702 5803 1795 5838 nec.

239 5797 446 5845 (amre
503 5797 578 5832 uze
604 5797 1094 5830 uucmiseiauuuutur
1113 5797 1162 5831 m
1179 5797 1341 5834 ora-co
1359 5799 1453 5833 non
1474 5797 1686 5844 exstant,
1702 5803 1791 5838 nec.

175 5848 382 5904 11111511..
403 5797 497 5895 sed
519 5850 770 5904 Interprcs
797 5858 1063 5904 anouymus
1091 5845 1137 5893 in
1167 5847 1436 5908 exemplari
1462 5861 1551 5897 suo
1576 5847 1791 5913 legerat.

1448 393 1537 449 DE
1565 392 1852 450 LIBELLO
1891 394 2186 453 REPUDII.
2225 397 2287 455 ll.

3445 404 3554 458 212

1944 512 2079 578 ptias
2105 511 2396 566 accedere?
2423 511 2558 579 Quid
2591 513 2831 568 dii-emus
2850 556 2862 579 ,
2899 515 3024 585 quid
3058 516 3543 587 respondebinmsl

1939 602 2237 673 Numquam
2267 605 2410 658 enim
2445 606 2552 661 illic
2597 607 2676 660 las
2722 619 2978 661 externas
3002 658 3004 660 ,
3028 609 3174 677 leges
3207 619 3504 678 pra-texere
3530 653 3546 673 .

1939 695 2035 750 sed
2065 698 2430 751 necessarium
2477 707 2559 750 est
2603 707 2844 752 tacentes
2883 712 2937 753 ct
2969 701 3162 770 ligatos
3194 701 3249 754 in
3287 701 3551 770 gehennae

1940 785 2114 854 ignem
2146 786 2356 841 immitti
2397 803 2520 841 cum
2552 788 2809 843 adulteris
2838 799 2892 844 et
2933 791 3170 844 alienum
3201 791 3553 876 1010⁸11010-

1940 878 2018 933 ria
2047 879 2441 942 al'licientibus;
2476 896 2598 935 nam
2627 891 2682 937 et
2721 883 2810 952 qui
2858 883 3125 938 dimiserit
3159 884 3366 953 ab.~que
3387 899 3549 939 causa

1939 971 2145 1042 stupri,
2196 979 2251 1026 et
2299 973 2390 1042 qui
2437 973 2664 1042 ejectam
2708 975 2924 1028 vivente
2964 977 3079 1028 viro
3123 975 3373 1040 duxerit,
3425 990 3549 1028 cum

1939 1061 2107 1132 ejecta
2161 1062 2251 1115 illa
2302 1063 2610 1134 punientur.
2659 1065 2883 1135 Pmpter
2932 1066 3074 1134 quod
3132 1080 3268 1126 oro.
3319 1067 3549 1120 obsecro

1938 1166 1994 1208 et
2047 1154 2327 1224 supplico,
2387 1173 2454 1210 ne
2503 1157 2601 1210 viri
2657 1159 2912 1212 mulieres
2941 1157 3396 1227 ejieiant,neque
3428 1173 3550 1219 mu-

1940 1246 2098 1301 lieres
2125 1247 2270 1312 viros
2308 1248 2645 1317 relinquant,
2686 1248 2781 1304 sed
2829 1250 3050 1303 audiant
3091 1249 3312 1303 Paulum
3365 1249 3554 1302 dicen—

1941 1346 2050 1390 tem
2085 1351 2100 1390 :
2128 1336 2320 1390 Mulier
2362 1340 2612 1393 adstricta
2657 1351 2726 1393 est
2758 1341 2878 1410 legi,
2907 1351 3099 1409 quanto
3127 1351 3350 1413 tempore
3374 1342 3553 1393 vixerit

1939 1429 2016 1482 vir
2059 1431 2190 1498 ejus.
2223 1430 2285 1484 Si
2307 1440 2475 1485 autem
2523 1432 2784 1487 dormierit
2827 1434 2925 1498 vir,
2955 1434 3115 1487 libera
3159 1435 3255 1486 erit
3303 1434 3385 1486 cui
3425 1436 3554 1486 11011-1

1940 1521 2160 1586 nubere,
2185 1531 2384 1576 tantum
2412 1524 2464 1577 in
2509 1524 2730 1579 Domino
2759 1527 2834 1596 (l.
2863 1527 2981 1580 Cor.
3038 1528 3087 1580 7.
3121 1527 3238 1598 59).

1989 1609 2159 1666 Genus
2180 1625 2251 1667 est
2271 1614 2511 1669 adulterii
2538 1618 2870 1687 conjngatum
2889 1634 3006 1670 cum
3034 1621 3212 1672 scortis
3236 1620 3454 1671 misceri.
3487 1617 3554 1669 In

1942 1701 2160 1757 Domino
2174 1705 2492 1776 nuberequid
2503 1707 2583 1760 sit.
2596 1737 2620 1747 -
2634 1708 2855 1775 Qualem
2870 1711 3014 1766 enim
3029 1711 3298 1764 habebunt
3317 1710 3552 1772 veniam,

1938 1796 2025 1860 qui
2046 1795 2210 1849 Paulo
2222 1797 2382 1851 etiam
2398 1801 2660 1854 secundas
2676 1803 3022 1870 permittente
3044 1804 3256 1873 nuptias
3282 1816 3399 1872 post
3419 1822 3558 1858 mor-

1938 1893 2044 1939 tem
2074 1888 2336 1958 conjugis,
2361 1899 2412 1943 et
2428 1899 2626 1944 tantam
2651 1894 2980 1948 concedente
3005 1898 3240 1966 copiam,
3265 1907 3390 1951 ante
3409 1913 3553 1950 tuor-

1939 1985 2042 2031 tem
2069 1977 2405 2031 audenttalia
2439 1981 2650 2036 facere?
2684 1985 2854 2050 Quam
2893 1997 3247 2054 assequentur
3285 1987 3555 2041 defensio—

1938 2084 2082 2135 nem,
2105 2071 2186 2123 vel
2208 2072 2279 2124 illi
2300 2073 2387 2141 qui
2411 2074 2708 2128 viventibus
2725 2077 2850 2128 viris
2869 2093 3063 2130 uxores
3076 2077 3365 2146 accipiunt,
3392 2080 3474 2132 vel
3499 2079 3553 2132 hi

1936 2160 2022 2228 qui
2038 2161 2102 2213 ad
2120 2163 2324 2230 publica
2345 2176 2518 2216 scorta
2542 2166 2840 2219 accedunt?
2858 2168 3071 2220 Etenim
3087 2179 3139 2221 et
3159 2169 3285 2222 illud
3309 2171 3554 2222 041111111-

1937 2251 2054 2304 terii
2084 2253 2224 2306 aliud
2243 2269 2434 2322 genus,
2464 2256 2661 2309 habere
2680 2257 2824 2310 domi
2852 2275 3096 2324 uxorem,
3121 2271 3173 2313 et
3206 2259 3335 2314 foris
3358 2263 3552 2315 seortis

1929 2341 2100 2411 jungi.
2159 2343 2292 2398 Nam
2347 2346 2799 2414 quemadmodum
2848 2348 3038 2402 mulier
3090 2349 3292 2403 habens
3335 2353 3548 2417 virum,

1933 2433 2140 2487 etiamsi
2175 2433 2373 2489 famulo
2423 2437 2506 2490 vel
2551 2437 2721 2490 libero
2766 2438 2997 2507 cuipiam
3030 2455 3257 2493 uxorem
3303 2457 3407 2498 non
3453 2442 3552 2495 ha-

1937 2523 2078 2577 benti
2107 2541 2166 2578 se
2193 2537 2448 2594 exponat,
2483 2528 2731 2582 adulterii
2765 2530 2972 2600 legibus
3005 2532 3310 2602 implicatur
3343 2552 3356 2585 :
3390 2534 3467 2586 sic
3494 2547 3553 2588 et

1933 2615 2014 2667 vir
2039 2616 2162 2668 licet
2209 2617 2276 2670 ad
2324 2619 2542 2688 vulgare
2568 2631 2826 2686 scortum,
2854 2624 2934 2676 vel
2962 2624 3027 2677 ad
3061 2626 3338 2678 mulierem
3365 2629 3548 2690 aliam,

1932 2707 2179 2772 quamvis
2219 2723 2324 2762 non
2356 2709 2645 2764 habentem
2695 2713 2889 2774 virum.
2926 2715 3043 2783 ipse
3091 2731 3311 2770 uxorem
3345 2716 3551 2771 habens

1930 2800 2220 2853 accesserit
2241 2843 2254 2868 ,
2285 2800 2533 2855 adulterii
2557 2818 2684 2857 reus
2717 2806 3043 2860 censebitur.
3076 2807 3360 2878 Fugiamus
3389 2808 3550 2878 igitur

1929 2900 1982 2943 et-
2003 2891 2141 2944 hunc
2169 2893 2415 2947 adulterii
2441 2895 2682 2949 tnodum.
2709 2898 2845 2962 Quid
2867 2901 3007 2951 enim
3030 2902 3326 2968 poterimus
3343 2902 3544 2957 dicere.

1929 2981 2053 3049 quid
2090 2983 2213 3036 item
2252 2996 2567 3052 νηηιθχριό.
2605 2988 2695 3057 qui
2745 2990 2865 3042 talia
2915 2992 3220 3045 audemus?
3250 3009 3408 3062 quam
3445 2995 3544 3048 ho-

1929 3084 2134 3125 nestam
2181 3077 2581 3132 evcusationem
2634 3079 3050 3136 adhibebimus?
3081 3083 3295 3138 Natura:
3341 3101 3545 3140 Concu-

1927 3164 2240 3234 piscentiam
2259 3168 2282 3219 ?
2303 3170 2405 3221 Sed
2433 3169 2814 3239 adestquidem
2838 3189 2988 3236 uxor,
3017 3192 3136 3244 quze
3157 3177 3310 3230 nobis
3333 3179 3542 3247 obtigit,

1928 3257 2028 3311 hac
2059 3273 2154 3312 nes
2185 3261 2535 3314 excusntionc
2569 3265 2807 3329 privans.
2848 3265 3054 3318 Idcirco
3088 3270 3288 3336 nuptiae
3320 3270 3544 3325 invectae

1925 3365 2068 3418 sunt,
2129 3365 2186 3408 ut
2239 3371 2305 3409 ne
2365 3359 2659 3421 seorteris;
2717 3359 2823 3411 imo
2863 3376 2966 3412 non
3012 3378 3149 3414 inter
3196 3364 3334 3428 sola,
3371 3366 3545 3418 sedet

1925 3447 2076 3498 multi
2096 3448 2203 3512 alii,
2223 3449 2590 3516 quieaunlem,
2614 3467 2771 3518 quam
2798 3467 2914 3514 nos,
2942 3453 3139 3507 habent
3161 3465 3427 3520 naturam,
3446 3459 3543 3512 hac

1925 3552 2023 3590 nos
2050 3539 2258 3606 privaut
2288 3543 2460 3591 venia.
2491 3540 2716 3607 Quando
2745 3546 2888 3595 enim
2916 3560 3212 3599 conservus
3236 3557 3376 3607 tuus.
3399 3549 3538 3602 idem

1926 3629 2127 3682 habens
2152 3645 2370 3699 corpus,
2402 3632 2759 3703 canitiemque
2787 3637 3300 3704 concupiscentiam,
3345 3643 3538 3695 eadetn

1924 3725 2244 3777 necessitate
2267 3724 2660 3792 exstimulatus,
2680 3727 2877 3780 nullam
2896 3729 3054 3783 aliam
3075 3731 3216 3784 videt
3233 3734 3532 3798 mulierem,

1921 3815 2012 3868 sed
2045 3827 2219 3870 manet
2253 3832 2346 3871 sua
2374 3818 2486 3870 sola
2520 3829 2828 3886 Contentus,
2862 3823 3072 3890 qualem
3106 3834 3158 3878 tu
3190 3826 3409 3881 habebis
3439 3845 3538 3882 ex-

1918 3909 2270 3972 cusationem,
2296 3911 2786 3978 concupiscentiam
2814 3920 3148 3983 [)I‘tL‘leXt'lls?
3179 3919 3244 3971 Et
3268 3922 3392 3989 quid
3413 3922 3536 3976 dico

1921 3999 2180 4053 habentes
2203 4017 2397 4055 uxores
2422 4005 2444 4055 ?
2473 4002 2658 4073 Cogita
2688 4006 2817 4058 mihi
2846 4022 2960 4072 eos,
2986 4011 3072 4077 qni
3107 4027 3320 4080 semper
3348 4016 3399 4066 in
3425 4017 3532 4066 vit--

1916 4091 2136 4160 gini:ate
2163 4093 2432 4159 vixerunt,
2474 4104 2527 4147 et
2554 4100 2880 4164 contemptis
2913 4102 3110 4169 nUpti.s
3143 4120 3387 4171 magnam
3423 4123 3533 4175 pra:

1916 4199 1975 4238 sc
2004 4186 2243 4239 tulerunt
2272 4188 2679 4240 continentiam.
2713 4190 2844 4241 (lum
2883 4192 3041 4259 igitur
3069 4195 3154 4246 alii
3199 4198 3400 4264 absque
3430 4215 3532 4251 nu-

1919 4277 2041 4344 ptiis
2089 4277 2428 4330 continentes
2481 4279 2621 4339 sint.
2655 4295 2814 4347 quam
2860 4290 2913 4333 tn
2964 4288 3268 4351 assequeris
3321 4286 3529 4341 veniam

1915 4374 2036 4436 post
2058 4370 2270 4436 nuptias
2292 4371 2574 4423 scortaus?
2599 4371 2723 4424 llzec
2749 4383 2799 4424 et
2826 4373 2924 4426 viri
2951 4386 2997 4427 et
3023 4367 3526 4446 umlieresaudiant,

1913 4471 1965 4510 et
1996 4460 2167 4513 vidme
2193 4471 2244 4514 et
2271 4472 2446 4529 nupta:
2480 4478 2492 4514 :
2521 4463 2770 4517 omnibus
2801 4467 2942 4519 enim
2978 4466 3170 4521 l’anhts
3196 4471 3442 4539 l0qnitur,
3475 4486 3531 4528 et

1915 4550 1995 4603 lex
2022 4551 2110 4604 illa
2138 4551 2322 4605 dicens
2351 4571 2362 4604 :
2402 4552 2592 4606 Mulier
2613 4555 2940 4611 adstrictacst
2969 4560 3069 4628 legi
3089 4575 3277 4629 quanta
3305 4576 3530 4633 (corpora

1913 4644 2087 4695 vixerit
2110 4645 2186 4695 uir
2232 4645 2374 4696 illius
2403 4661 2420 4697 :
2443 4648 2486 4698 si
2513 4657 2683 4699 autem
2710 4649 2991 4715 rlormierit,
3027 4652 3183 4704 libera
3208 4665 3282 4707 est
3308 4658 3388 4708 cui
3421 4659 3527 4712 vult

1912 4736 2116 4801 nubere,
2142 4746 2339 4788 tantum
2361 4738 2411 4788 in
2439 4736 2677 4791 Domino.
2705 4740 2772 4793 Et
2801 4740 3119 4797 habentibus
3145 4747 3305 4813 viros,
3335 4761 3389 4802 et
3418 4767 3526 4806 non

1912 4825 2252 4893 habentibus,
2283 4840 2332 4881 et
2360 4829 2552 4893 viduis,
2583 4840 2637 4883 ct
2667 4834 2909 4887 secundo
2940 4836 3268 4893 nubentibus
3307 4843 3521 4909 marito,

1908 4926 1961 4972 et
1987 4921 2237 4973 onmihus
2279 4921 2597 4990 simpliciter
2623 4939 2802 4978 sermo
2831 4927 2921 4981 ille
2944 4931 3087 4983 utilis
3117 4943 3217 4985 est.
3238 4933 3370 4988 Nam
3403 4952 3525 5007 qua:

1910 5009 2070 5063 habet
2102 5013 2297 5076 virum,
2334 5029 2438 5067 nou
2491 5015 2632 5069 volet
2673 5018 2892 5073 vivente
2934 5021 3024 5074 illo
3055 5039 3302 5093 qua-rere
3332 5029 3518 5094 alium,

1907 5101 2130 5155 audiens
2159 5119 2217 5156 se
2249 5105 2460 5159 vivente
2486 5109 2575 5160 illo
2606 5107 2918 5164 adstrictam
2948 5129 3069 5168 esse
3095 5131 3107 5179 ;
3133 5134 3252 5185 qua:
3287 5135 3415 5173 vero
3441 5132 3526 5177 est

1908 5192 2094 5255 libera,
2125 5195 2385 5263 siquidem
2418 5199 2649 5251 Volucrit
2691 5201 2929 5255 secundo
2985 5210 3210 5273 nubere,
3243 5226 3347 5264 non
3393 5213 3525 5266 sim-

1908 5285 2114 5353 pliciter
2146 5304 2318 5357 neque
2348 5299 2549 5345 temere
2579 5291 2680 5347 hoc
2700 5294 2844 5355 facit.
2866 5298 2960 5351 sed
2986 5316 3108 5354 cum
3140 5303 3367 5373 legibus,
3401 5325 3524 5376 qua:

1905 5387 2029 5431 sunt
2056 5394 2084 5431 a
2120 5379 2282 5433 l’anlo
2312 5383 2519 5449 posita}.
2559 5385 2693 5440 Dicit
2718 5389 2861 5442 enim
2893 5409 2904 5443 :
2954 5390 3139 5446 Libera
3194 5407 3267 5449 cst
3295 5400 3378 5451 cui
3419 5404 3521 5455 vult

1905 5471 2109 5534 nubere,
2142 5483 2336 5526 tantum
2367 5477 2420 5528 in
2462 5476 2682 5532 Domino
2717 5481 2734 5551 (
2764 5485 2809 5535 l.
2841 5482 2961 5537 Cor.
2997 5487 3046 5540 7.
3083 5489 3152 5542 59
3184 5498 3203 5560 )
3230 5508 3241 5542 :
3272 5491 3372 5547 hoc
3415 5506 3519 5563 est,

1902 5581 2023 5617 cum
2055 5567 2384 5621 continentia
2425 5579 2477 5622 ct
2503 5570 2801 5627 honestate.
2857 5575 2949 5629 Sin
2983 5581 3215 5635 voluerit
3262 5598 3383 5638 cum
3423 5586 3520 5641 de-

1904 5660 2082 5713 functo
2111 5675 2325 5715 seavare
2355 5662 2575 5729 foedera,
2621 5668 2803 5722 audiet
2832 5673 3096 5740 repositas
3134 5677 3231 5730 sibi
3264 5693 3518 5748 coronas,

1903 5751 2270 5821 majoremque
2312 5755 2641 5811 :tlat‘rilalettt
2676 5761 2871 5830 capiet.
2907 5763 3116 5820 Beutior
3141 5770 3394 5836 enimut,
3430 5774 3516 5827 tn-

1902 5845 2035 5911 qttit,
2065 5846 2107 5897 si
2133 5847 2202 5900 sic
2226 5851 2464 5902 nuntsm'it
2492 5850 2512 5920 ί
2546 5849 2679 5904 Ibid.
2719 5869 2763 5905 υ.
2806 5856 2869 5909 ill
2890 5857 2929 5923 ).
