4228 6298
687 382 794 437 225

758 499 812 554 4.
844 498 999 553 Pauli
1041 495 1307 568 sapientia.
1347 492 1513 548 Vidua
1539 493 1732 548 beatior
1779 495 1931 549 etiam
1965 494 2018 548 in
2048 495 2284 563 presenti

1469 381 1525 437 S.
1563 377 1841 439 JOANNIS
1876 378 2349 438 CllRYSOSTOMl
2391 378 2711 438 ARCIIIEP.
2753 379 3291 438 CONSTANTINOI’.

3896 385 4003 439 Ἧι

2403 502 2459 547 et
2487 493 2769 559 modestia,
2794 509 2857 550 ac
2890 494 3111 565 pietate,
3145 502 3201 549 ut
3230 493 3413 549 omnia
3444 493 3499 550 in
3533 495 3760 567 gloriam
3793 496 3885 552 Dei
3917 512 4000 550 Ceo

688 590 893 643 seculo.
923 588 1216 643 Fornieotio
1238 594 1417 656 'qsout
1463 585 1647 656 turpis.
1672 612 1742 626 —
1761 584 1923 641 Vides
1973 602 2084 656 quo
2131 596 2287 655 pacto
2394 581 2544 639 dant.
2570 585 2840 652 Quoniam
2859 586 3006 641 enim
3032 581 3231 655 sapitis
3248 585 3432 641 multa:
3455 588 3712 644 mulieres
3729 588 4007 659 prioribus

684 680 934 735 munibus
952 692 1133 733 sermo
1152 676 1241 732 ille
1266 677 1431 740 utilis,
1453 684 1509 731 et
1523 690 1584 731 se
1602 675 1669 730 ad
1689 676 1898 731 illarum
1921 676 2283 732 infirmitatem

684 770 937 843 demittit,
961 779 1015 824 et
1041 770 1169 824 istas
1192 768 1307 823 suis
1327 767 1572 824 laudibus
1594 782 1700 823 non
1726 766 2045 822 defraudat?
2070 767 2281 823 Etenim

682 862 825 929 quod
855 861 923 916 de
953 860 1150 930 nuptiis
1177 868 1233 915 et
1262 859 1563 930 virginitate
1603 857 1751 925 fecit,
1782 859 1885 913 hoc
1909 870 1963 914 et
1991 858 2058 913 de
2084 859 2279 929 priori-

685 952 784 1003 bus
809 961 865 1004 et
912 948 1161 1005 secundis
1218 950 1440 1019 nuptiis.
1491 948 1952 1015 Quemadmodum
2002 951 2146 1003 enim
2177 949 2282 1005 illic

684 1054 789 1092 non
810 1039 1036 1093 exclusit
1076 1037 1311 1108 nuptias,
1344 1047 1401 1093 ut
1427 1054 1496 1094 ne
1519 1049 1706 1109 gravet
1733 1038 2077 1105 infirmiores,
2107 1054 2281 1109 neque

682 1132 1055 1187 necessitatem
1083 1131 1353 1201 imposuit.
1398 1140 1456 1185 ut
1508 1147 1576 1185 ne
1605 1131 1850 1186 volentes
1896 1131 1948 1185 in
1980 1131 2281 1200 virginitate

680 1224 898 1292 degere,
922 1223 1207 1294 propositis
1220 1223 1434 1279 coronis
1455 1222 1747 1293 spoliaret:
1772 1223 1866 1277 sed
1892 1222 2281 1277 demonstravit

682 1313 897 1379 quidem
926 1315 1093 1370 bonas
1122 1328 1243 1370 esse
1268 1314 1499 1384 nuptias,
1522 1312 1814 1368 declaravit
1860 1321 2037 1368 autem
2087 1314 2277 1369 meliu-

685 1417 797 1456 rem
822 1418 945 1460 esse
972 1405 1328 1476 virginitatem
1355 1420 1374 1469 ;
1400 1406 1470 1458 ita
1500 1414 1553 1459 et
1574 1403 1660 1457 hic
1689 1418 1899 1473 quoque
1922 1404 2061 1459 alios
2081 1406 2278 1474 gradus

683 1494 833 1563 ponit
872 1494 1048 1563 nobis,
1101 1496 1361 1565 majorem
1388 1495 1593 1550 scilicet
1616 1505 1673 1549 et
1720 1495 2086 1549 sublimiorem
2109 1496 2279 1550 altero

683 1589 929 1653 alterum,
958 1602 1151 1658 nempe
1166 1586 1479 1643 viduitatem
1506 1606 1519 1642 :
1542 1588 1767 1641 alterum
1790 1602 1920 1643 vero
1945 1589 2274 1655 inferiorem,

687 1696 879 1750 nempe
933 1680 1199 1736 secundas
1236 1682 1448 1751 nuptias
1490 1699 1503 1734 :
1555 1690 1611 1736 et
1664 1679 1914 1736 fortiores
1966 1680 2183 1750 quidem
2214 1697 2276 1737 ac

681 1772 948 1829 transilire
961 1772 1208 1828 nolentes
1223 1771 1291 1825 ad
1305 1780 1576 1827 certamen
1591 1782 1852 1842 praeparat
1862 1782 1934 1837 ,et
1953 1770 2277 1828 infirmiores

678 1865 873 1919 cadere
912 1879 1018 1918 non
1051 1864 1326 1933 permittit.
1361 1864 1551 1918 Diceris
1579 1864 1719 1917 enim
1754 1880 1766 1919 :
1798 1862 2001 1917 Βιαιίον
2026 1867 2159 1918 enim
2204 1875 2277 1918 est

678 1953 721 2005 si
735 1953 806 2006 sic
821 1954 1057 2007 inuaserit
1072 1952 1148 2025 (Ι.
1170 1951 1288 2007 Cor.
1307 1953 1359 2007 7.
1385 1952 1497 2019 ιο),
1516 1961 1573 2006 ιιι
1591 1970 1658 2006 tte
1679 1964 1835 2022 putes
1857 1954 2140 2008 humanam
2156 1968 2277 2010 esse

680 2046 874 2113 legem,
902 2044 1145 2109 audiens,
1173 2040 1336 2098 Juxta
1360 2044 1827 2106 nteantconsiliant,
1845 2042 2027 2097 subdit
2048 2062 2060 2097 :
2080 2043 2279 2115 Opinor

677 2144 847 2189 autem
868 2136 1002 2205 quod
1031 2144 1079 2191 et
1120 2151 1212 2205 ego
1254 2134 1505 2207 Spiritum
1552 2132 1647 2187 Dei
1691 2135 1921 2188 habeant.
1952 2134 2068 2189 Non
2120 2136 2278 2206 igitur

679 2225 969 2281 humanum
1004 2225 1291 2281 consilium
1320 2234 1405 2281 est
1434 2225 1515 2281 vel
1559 2234 1906 2295 praeceptutti,
1949 2226 2043 2280 sed
2091 2228 2275 2297 gratia:

676 2317 909 2386 Spiritus
937 2316 1200 2371 sententia
1231 2331 1295 2371 ac
1319 2316 1497 2371 divina
1550 2316 1657 2370 lex.
1690 2314 1895 2381 Idcirco
1935 2331 2005 2371 ne
2029 2326 2275 2387 putemus

674 2422 797 2462 esse
820 2407 966 2462 Pauli
994 2408 1084 2477 qui
1112 2408 1227 2462 hanc
1246 2405 1397 2469 dicit,
1424 2406 1519 2461 sed
1548 2406 1780 2475 Spiritus
1806 2407 1997 2473 sancti,
2028 2408 2116 2477 qui
2140 2406 2277 2461 hanc

678 2498 835 2552 nobis
866 2497 1036 2567 legem
1082 2495 1286 2551 condit.
1339 2496 1493 2564 Quod
1536 2510 1665 2551 vero
1712 2496 1865 2564 dicit,
1918 2495 2135 2565 Opinor,
2168 2512 2274 2551 non

672 2587 828 2659 quasi
878 2588 1125 2644 nesciens
1150 2586 1298 2653 dicit,
1338 2587 1433 2642 sed
1473 2587 1715 2643 modeste
1742 2601 1910 2657 agens
1935 2596 1989 2643 et
2034 2588 2273 2657 scipsunt

675 2680 982 2733 bumilians.
1012 2678 1165 2745 Quod
1191 2688 1370 2733 autem
1399 2679 1603 2733 beatior
1631 2680 1722 2746 sit,
1753 2678 1889 2733 dixit
1916 2678 2151 2749 quidem.
2180 2680 2274 2736 scd

674 2786 781 2823 non
805 2768 1022 2839 adjecit,
1047 2767 1317 2839 quomodo
1343 2768 1569 2835 beatior,
1619 2769 1904 2825 sufﬁcienti
1934 2772 2274 2825 demonstra-

673 2862 819 2915 tione
836 2860 980 2926 data;
1008 2876 1201 2930 nempe
1215 2861 1350 2913 hanc
1373 2874 1429 2913 se
1448 2875 1476 2913 a
1496 2861 1695 2927 Spiritu
1721 2860 1910 2915 aferre
1929 2872 2271 2917 sententiam.

670 2955 824 3021 Quod
879 2954 928 3008 si
959 2953 1109 3008 voles
1135 2954 1295 3007 etiam
1340 2953 1635 3006 rationibus
1674 2954 1978 3023 exquirere,
2024 2970 2271 3026 magnam

670 3045 1188 3100 demonsntionum
1206 3043 1415 3112 copiam
1439 3043 1680 3099 invenies
1708 3064 1722 3096 :
1750 3054 1804 3098 et
1833 3045 2037 3099 videbis
2066 3045 2272 3101 beatio-

673 3150 789 3190 rem
816 3150 937 3190 esse
976 3132 1213 3199 viduam,
1266 3148 1371 3188 non
1412 3134 1585 3187 solum
1640 3135 1690 3187 in
1719 3134 1897 3189 futuro
1925 3136 2144 3201 sarculo,
2176 3136 2271 3192 sed

674 3229 838 3281 etiam
881 3228 932 3281 in
964 3236 1230 3297 praesente
1258 3227 1389 3280 vita.
1422 3225 1489 3287 Et
1533 3226 1675 3281 istud
1718 3228 1893 3298 ipsum
1920 3230 2150 3285 maxime
2177 3246 2273 3285 no-

675 3325 827 3370 verat
854 3315 1076 3385 Paulus,
1103 3316 1156 3370 id
1177 3316 1320 3386 quod
1342 3316 1411 3371 de
1434 3317 1725 3386 virginibus
1747 3317 2062 3374 insinuavit:
2074 3322 2272 3377 Admo-

675 3425 809 3463 neus
834 3409 978 3462 enim
1009 3420 1064 3463 et
1090 3410 1377 3463 consulens
1405 3409 1706 3478 eligendam
1738 3424 1860 3465 esse
1888 3412 2269 3483 virginitatem,
2292 3396 2305 3407 ’

676 3504 753 3555 sic
778 3499 988 3555 dicebat
1018 3515 1034 3554 ι
1063 3499 1259 3569 Opinor
1284 3500 1417 3569 quod
1438 3498 1624 3553 bonum
1645 3501 1708 3554 sit
1726 3502 1913 3555 homini
1936 3508 2006 3559 sic
2026 3520 2131 3557 esse
2146 3522 2270 3574 pro-

676 3606 784 3663 pter
798 3594 1068 3647 instantem
1087 3594 1424 3646 necessiﬁrtem
1444 3590 1605 3659 (Ibid.
1638 3608 1688 3647 υ.
1709 3592 1889 3664 36);et
1917 3597 2105 3649 iterum
2142 3614 2155 3650 :
2179 3595 2273 3650 Et-

682 3684 831 3735 iamsi
844 3684 1068 3753 nupserit
1084 3684 1246 3753 virgo,
1270 3700 1369 3736 non
1394 3685 1610 3753 peccavit
1630 3683 1788 3754 (Ibid.
1805 3702 1851 3737 υ.
1867 3687 1959 3755 ὅϋ)
1981 3704 1993 3740 :
2016 3686 2269 3756 virginem

678 3775 764 3828 hic
784 3774 970 3829 dicens
990 3788 1097 3829 non
1117 3790 1234 3829 eam
1257 3792 1377 3846 qua:
1395 3778 1734 3841 renuntiavit,
1754 3780 1846 3831 sed
1863 3794 1981 3833 eam
1997 3781 2271 3836 dumtaxat

678 3882 799 3935 qum
828 3866 1061 3920 nondum
1090 3868 1392 3937 conjugium
1432 3879 1648 3937 experta
1688 3880 1770 3925 est
1794 3912 1809 3936 ,
1841 3882 1893 3925 et
1922 3888 2027 3926 non
2078 3877 2269 3930 laetam

676 3957 962 4014 obnoxiam
982 3972 1250 4029 perpetuae
1280 3962 1593 4029 virginitatis
1623 3965 1998 4031 promissione.
2026 3965 2269 4021 Tribulu-

676 4055 862 4106 tione‘tn
905 4064 1072 4106 autem
1103 4055 1154 4106 in
1194 4069 1347 4106 carne
1387 4054 1637 4107 [iubebunt
1690 4056 1776 4125 qui
1828 4059 1953 4111 tales
1996 4060 2096 4111 sint
2125 4076 2143 4112 :
2180 4076 2271 4129 ego

675 4154 845 4199 autem
869 4143 1004 4197 vobis
1029 4160 1183 4215 parco
1211 4145 1230 4216 (
1258 4143 1395 4197 Ibid.
1426 4162 1472 4197 υ.
1497 4144 1647 4214 9.8.).
1696 4146 1810 4201 Uno
1830 4148 1969 4201 enim
2015 4159 2071 4203 et
2121 4150 2270 4205 brevi

680 4237 785 4290 hoc
814 4237 978 4289 verbo
1003 4236 1216 4305 reliquit
1239 4235 1460 4289 cordate
1484 4236 1736 4301 auditori,
1772 4248 1828 4291 ut
1854 4242 2029 4292 ontnia
2057 4242 2272 4313 colligat

674 4338 729 4380 et
756 4326 1043 4397 expendat,
1073 4326 1291 4379 dolores
1336 4337 1537 4396 patrtus,
1569 4329 1913 4383 educatioacs
1960 4347 2268 4399 puerorum,

676 4433 885 4482 curam,
905 4418 1258 4483 inﬁrmitates,
1279 4428 1477 4471 mortes
1500 4417 1919 4486 intempestivas,
1943 4422 2266 4489 inimicitias,

674 4512 1077 4573 contentiones,
1135 4510 1427 4563 innumeris
1459 4511 1662 4563 servire
1709 4512 1989 4566 sententiis
2021 4554 2036 4579 ,
2079 4514 2271 4572 alienis

675 4601 829 4653 malis
857 4599 1140 4653 obnoxiam
1174 4598 1307 4663 ﬁeri,
1342 4599 1649 4653 innumeras
1683 4602 1921 4655 tristitias
1952 4603 2003 4656 itt
2045 4619 2147 4659 una
2174 4623 2268 4662 sua

676 4692 853 4746 anima
886 4693 1142 4762 recipere.
1164 4693 1511 4745 Abontnibus
1542 4693 1645 4746 illis
1677 4695 1828 4748 malis
1851 4696 2123 4762 liberatur,
2152 4714 2269 4767 qua:

674 4785 1059 4838 continentiam
1106 4784 1454 4853 amplexatur,
1488 4793 1691 4840 etcum
1748 4788 2059 4843 liberatione
2112 4806 2141 4844 a
2194 4802 2268 4847 tot

677 4876 998 4944 injucundis,
1034 4876 1195 4929 etiam
1229 4876 1279 4929 iu
1322 4875 1495 4930 futura
1525 4879 1632 4931 vita
1681 4895 1927 4949 tnagnant
1976 4884 2265 4953 repositam

676 4967 835 5020 habet
860 4968 1184 5020 mercedem.
1221 4968 1344 5021 llaec
1375 4968 1532 5038 igitur
1557 4972 1735 5024 omnia
1770 4974 2023 5040 scientes,
2054 4976 2267 5031 studea-

675 5073 794 5110 mus
819 5056 1031 5125 quidem
1064 5057 1246 5125 primis
1259 5059 1461 5127 nuptiis
1490 5075 1609 5115 esse
1635 5066 1892 5118 ccutettti.
1923 5068 1975 5119 Si
2005 5078 2181 5122 autem
2216 5080 2269 5125 et

670 5148 738 5203 ad
768 5149 1028 5203 secundas
1048 5149 1401 5218 adspirantes,
1435 5154 1525 5205 liat
1553 5154 1653 5207 hoc
1681 5155 1892 5211 decenti
1922 5160 2078 5213 tuoth
2100 5170 2150 5215 et
2174 5163 2266 5216 ha-

672 5241 783 5295 bitu
831 5252 881 5295 et
936 5240 1228 5294 secundum
1260 5242 1468 5295 divinas
1518 5244 1683 5312 leges.
1728 5246 1951 5314 I’rottter
1992 5250 2092 5305 ltoc
2117 5255 2264 5308 enim

670 5334 803 5387 dixit
835 5351 847 5386 :
894 5333 1072 5385 Ltbem
1094 5346 1163 5385 est
1188 5335 1265 5386 cui
1295 5336 1399 5387 vult
1427 5337 1608 5389 nubere
1637 5349 1731 5391 :ct
1756 5341 1985 5394 subdidit
2008 5384 2021 5407 ,
2051 5342 2266 5399 Tantum

668 5432 718 5480 in
752 5427 965 5480 Domino
991 5426 1149 5496 (Ibid.
1181 5445 1228 5480 υ.
1253 5428 1321 5483 59
1348 5434 1366 5497 )
1398 5445 1410 5481 :
1445 5430 1599 5483 simul
1626 5441 1679 5485 et
1723 5432 1986 5489 licentiqu
2031 5438 2184 5505 dans,
2213 5450 2269 5495 et

671 5519 936 5573 licentiam
986 5521 1330 5584 coulirtnatts,
1384 5532 1436 5575 et
1482 5532 1797 5591 potestatem
1837 5530 2156 5596 concedens,
2214 5545 2267 5589 et

675 5609 919 5676 potestati
948 5607 1021 5663 illi
1044 5610 1277 5679 undique
1302 5612 1443 5681 leges
1470 5627 1533 5666 ac
1556 5615 1812 5669 terminos
1843 5634 2045 5687 ponens
2074 5640 2084 5673 :
2121 5624 2266 5678 vide-

677 5701 798 5753 licet
824 5715 889 5754 ne
919 5702 1146 5769 pollutos
1170 5712 1225 5757 et
1249 5714 1530 5774 corruptos
1558 5706 1699 5761 virus
1750 5710 1802 5761 in
1830 5710 2045 5766 domum
2100 5716 2263 5770 ἱιιιιό-

672 5790 1117 5856 ιιυςοειιιιιιιιιει·,ο-ι
1139 5805 1380 5865 stuprum
1403 5804 1692 5869 sectantes,
1718 5800 1811 5855 sed
1826 5817 1945 5857 rum
1962 5804 2261 5863 honestate.

2393 676 2519 729 viris
2546 674 2835 739 defunctis,
2878 676 3148 731 adulterio
3172 676 3320 745 prius
3345 677 3639 733 commisso
3667 679 3802 733 alios
3828 678 4001 732 intro-

2389 765 2679 831 duxerunt,
2711 774 2766 821 ct
2779 767 2912 821 alias
2932 767 3194 836 pessimas
3209 767 3323 823 vias
3344 769 3722 839 excogitarunt
3743 785 3759 822 :
3785 779 4001 838 propter

2393 856 2494 913 hoc
2513 858 2730 927 adjecit,
2746 856 2967 911 Tantam
2986 858 3036 910 in
3054 854 3301 925 Domino,
3315 866 3373 913 ut
3389 858 3518 913 nihil
3538 859 3727 915 borum
3746 860 4006 915 secundm

2393 948 2591 1020 nuptia:
2617 948 2887 1004 habeant:
2916 949 2995 1003 sic
3020 948 3164 1003 enim
3205 964 3236 1001 a
3286 948 3606 1005 criminibus
3644 949 3830 1005 libera
3879 964 4006 1004 esse

2395 1050 2665 1108 poterunt.
2716 1040 2988 1109 Optimum
3035 1040 3179 1094 enim
3228 1040 3468 1093 omnium
3502 1038 3643 1095 foret
3680 1048 4007 1111 exspectaro

2388 1130 2731 1198 defunctum,
2763 1143 2819 1189 et
2844 1147 3063 1187 servare
3094 1132 3242 1201 leges
3260 1146 3382 1186 cum
3410 1132 3506 1186 illo
3534 1132 3697 1187 initas
3723 1132 4007 1187 continen—

2396 1224 2633 1294 tiamque
2656 1226 2878 1294 eligere,
2908 1233 2965 1278 rt
3010 1238 3228 1278 manere
3261 1238 3383 1277 cum
3414 1222 3619 1278 relictis
3648 1224 3853 1293 pueris,
3886 1239 4006 1277 ma-

2384 1313 2562 1383 jorem
2614 1313 2707 1369 Dei
2738 1313 3170 1369 benevtilentiam
3219 1314 3297 1368 sic
3322 1313 3678 1370 conciliando.
3710 1314 3777 1369 Et
3820 1316 3866 1369 si
3894 1331 4003 1384 qua

2388 1404 2629 1460 secundo
2660 1404 2863 1459 nubere
2904 1406 3100 1458 marito
3129 1404 3294 1471 volet,
3319 1419 3442 1458 cum
3490 1404 3753 1460 modestia
3798 1420 3862 1460 ac
3900 1405 4004 1459 bo-

2388 1506 2615 1561 nestate,
2648 1506 2702 1550 et
2738 1495 3136 1551 decentissimis
3164 1495 3373 1565 legibus
3412 1495 3517 1550 hoc
3546 1494 3744 1561 faciat;
3776 1511 3900 1550 nam
3942 1506 4007 1551 et

2388 1589 2490 1643 hoc
2520 1586 2846 1657 permittitur
2872 1604 2883 1639 :
2922 1584 3206 1640 fornicatio
3232 1594 3410 1640 autem
3438 1586 3550 1640 sola
3574 1593 3632 1640 ct
3672 1584 4003 1641 adulterium

2385 1679 2754 1748 prohibentur.
2784 1677 2932 1733 Hanc
2966 1680 3124 1749 igitur
3151 1678 3415 1748 fugiamus
3444 1688 3503 1734 et
3530 1679 3791 1751 conjuges
3810 1691 3865 1735 et
3885 1695 4002 1735 cz-

2384 1772 2542 1839 lihes,
2570 1786 2637 1826 ne
2669 1770 3063 1826 dedecoremus
3093 1770 3257 1823 vitam
3282 1787 3331 1824 ιιι
3354 1780 3547 1837 stram,
3581 1787 3649 1827 ne
3680 1775 3841 1826 vitam
3868 1788 4001 1843 aga-

2385 1878 2502 1916 mus
2525 1861 2824 1925 ridiculam,
2848 1876 3022 1931 neque
3048 1860 3348 1929 polluatnus
3367 1876 3584 1933 corpus,
3606 1877 3780 1933 neque
3797 1863 4000 1917 malam

2383 1952 2771 2007 conscientiam
2804 1954 2857 2004 in
2904 1960 3138 2004 tuentem
3170 1950 3509 2005 inducamus.
3541 1952 3823 2019 Quomodo
3845 1955 3997 2007 enim

2384 2054 2505 2114 post
2532 2042 2976 2098 consuetudinem
3018 2056 3138 2096 cum
3164 2042 3358 2096 scortis
3401 2041 3455 2095 in
3478 2041 3765 2097 ecclesiam
3808 2043 4000 2097 venire

2382 2132 2632 2203 poteris?
2672 2131 2945 2204 quomodo
2988 2146 3181 2187 manus
3206 2171 3222 2196 ,
3260 2132 3453 2203 quibus
3497 2142 3735 2187 scortum
3778 2142 3996 2188 contre-

2378 2227 2556 2291 ctasti,
2579 2226 2633 2280 in
2655 2226 2844 2281 caelum
2866 2226 3158 2281 extendere
3182 2223 3440 2279 audebis?
3462 2224 3733 2294 quomodo
3755 2225 3995 2297 linguam

2380 2334 2615 2384 movere,
2666 2329 2722 2373 et
2744 2333 2839 2372 ore
2892 2317 2982 2371 illo
3010 2318 3282 2382 invocare,
3312 2330 3421 2382 quo
3449 2328 3689 2370 scortum
3715 2319 3998 2371 mculatus

2377 2426 2439 2467 es
2460 2412 2484 2465 2
2505 2412 2701 2483 quibus
2729 2412 2901 2465 oculis
2931 2411 3225 2466 intueberis
3274 2410 3479 2465 amicos
3509 2409 3894 2466 honestiores?
3925 2410 3997 2466 Et

2379 2503 2507 2574 quid
2536 2504 2657 2559 dico
2681 2504 2922 2559 amicos?
2955 2503 3179 2559 Etiamsi
3208 2504 3390 2557 nullus
3430 2504 3680 2558 conscius
3708 2506 3800 2571 sit,
3828 2513 3888 2557 tu
3914 2514 3997 2559 te-

2382 2594 2555 2665 ipsum
2595 2596 2805 2666 cogeris
2832 2597 3065 2651 maxime
3091 2596 3334 2650 omnium
3362 2595 3559 2651 rubore
3585 2610 3650 2651 ac
3672 2597 3995 2653 confusione

2381 2687 2722 2757 perfundere,
2745 2698 2800 2743 et
2816 2690 3049 2743 maxime
3069 2688 3308 2743 omnium
3347 2701 3547 2755 corpus
3591 2688 3872 2759 proprium
3898 2690 3993 2743 ab-

2379 2780 2624 2834 ominari.
2645 2778 2777 2833 Nam
2804 2782 2847 2834 si
2871 2778 2973 2834 hoc
2990 2797 3095 2833 non
3122 2790 3288 2846 esset,
3310 2795 3477 2850 quare
3502 2780 3571 2834 ad
3598 2780 3848 2835 balneum
3872 2792 3995 2851 post

2380 2882 2656 2939 peceatum
2689 2871 2816 2925 illud
2838 2872 3049 2926 curris?
3079 2871 3268 2926 Nonne
3288 2874 3409 2941 quia
3442 2873 3588 2926 omni
3612 2872 3729 2927 luto
3750 2874 3993 2928 immun-

2378 2962 2587 3016 diorem
2620 2964 2851 3031 teipsum
2892 2976 3013 3017 esse
3042 2961 3275 3017 censes?
3314 2966 3487 3030 Quam
3532 2964 3689 3033 igitur
3727 2966 3993 3034 majorem

2380 3052 2731 3107 immunditia:
2759 3062 2861 3106 tua:
2879 3052 3252 3123 probationem
3279 3055 3498 3124 quieris,
3530 3056 3610 3108 vel
3633 3071 3795 3125 quant
3820 3056 3993 3111 Deum

2379 3155 2663 3213 exspectas
2691 3146 3013 3199 sententiam
3051 3144 3324 3210 daturum,
3377 3147 3599 3215 quando
3627 3156 3683 3199 tu
3729 3146 3869 3216 ipse,
3902 3150 3995 3217 qui

2378 3234 2667 3305 deliquisti,
2698 3236 2859 3291 talem
2882 3237 2950 3291 de
2977 3238 3129 3291 factis
3153 3237 3258 3291 tuis
3284 3240 3607 3291 sententiam
3639 3248 3796 3292 tenes
3824 3239 3848 3293 ‘3

2452 3326 2697 3380 Balneum
2722 3328 2909 3383 anime
2925 3329 3337 3399 quols.—lgitur
3362 3331 3507 3399 quod
3532 3329 3842 3400 impurusse
3869 3346 3998 3386 esse

2377 3428 2619 3483 censent,
2677 3420 2834 3473 valde
2877 3419 3035 3473 laudo
3060 3429 3116 3474 et
3143 3420 3385 3491 approbo
3416 3438 3431 3487 ;
3460 3422 3604 3491 quod
3648 3434 3831 3477 autem
3882 3440 3996 3477 non

2379 3520 2584 3566 rectum
2602 3512 2915 3582 purificandi
2935 3514 3155 3568 modum
3192 3513 3445 3581 habeant,
3478 3516 3744 3585 improbo,
3777 3528 3833 3571 et
3855 3536 3991 3587 pro-

2378 3611 2559 3672 pterea
2586 3602 2939 3673 reprehendo.
2984 3604 3116 3659 Nam
3145 3606 3190 3660 si
3236 3607 3533 3677 corporalis
3580 3608 3789 3662 macula
3811 3622 3988 3676 esset,

2372 3696 2495 3765 jure
2508 3696 2820 3751 balneorum
2840 3696 3300 3767 puriﬁcationibus
3309 3715 3504 3771 wrpus
3525 3701 3697 3771 ipsqu
3714 3702 3995 3769 ablueres,

2376 3788 2609 3840 animam
2648 3798 2826 3841 autctn
2854 3804 2973 3841 cum
3000 3790 3360 3859 coinquinaris
3387 3801 3442 3845 et
3470 3791 3735 3861 impuram
3774 3792 3992 3855 feceris.

2379 3879 2536 3931 talem
2558 3893 2738 3946 qtttere
2755 3879 3325 3950 puriticationent,qu;c
3343 3882 3480 3935 illius
3500 3884 4000 3941 tuaculamabluete

2380 3972 2597 4039 poterit.
2628 3969 2781 4037 Quod
2810 3980 2991 4025 autem
3018 3982 3103 4026 est
3132 3972 3275 4027 illius
3303 3976 3528 4029 macula:
3561 3975 3856 4031 balneum?
3883 3979 3997 4033 Ca-

2382 4063 2474 4114 lidi
2526 4063 2880 4133 Iacrymarutn
2929 4064 3126 4131 fontes,
3157 4067 3388 4134 gemitus
3428 4082 3459 4120 e
3502 4068 3769 4136 prol’undo
3807 4070 4001 4123 cordis

2378 4154 2751 4220 ascendentes,
2778 4159 3120 4225 compunctio
3147 4167 3424 4227 perpetua,
3458 4174 3646 4229 preces
3690 4163 3993 4229 continuat,

2378 4246 2752 4318 eleetttosynte,
2798 4258 2854 4303 et
2898 4250 3262 4319 elecmosyna:
3316 4250 3498 4321 largat,
3547 4268 3655 4305 non
3684 4253 3820 4307 ultra
3871 4255 3999 4310 bare

2381 4352 2544 4407 opera
2591 4348 2879 4406 attentare,
2928 4340 3289 4396 Condetnnare
3337 4342 3483 4412 quod
3528 4341 3729 4399 factum
3760 4355 3866 4401 est.
3915 4346 3999 4403 Ita

2376 4432 2582 4502 peccati
2634 4442 2822 4487 natura
2851 4432 3108 4500 abluitur,
3148 4436 3226 4489 ita
3261 4446 3588 4507 expurgatur
3613 4438 3809 4493 anima:
3863 4456 3994 4495 nta-

2377 4522 2494 4575 cula
2525 4538 2540 4587 ;
2566 4534 2727 4592 atque
2778 4524 2920 4577 adeo
2950 4525 2995 4578 si
3027 4524 3142 4579 lucc
3173 4540 3278 4579 non
3328 4526 3636 4595 fecerimus,
3669 4530 3879 4583 etiamsi
3938 4534 3994 4585 in

2376 4627 2563 4667 omnes
2585 4614 2863 4669 ﬂuminum
2883 4616 3057 4671 fontes
3075 4616 3536 4686 descenderimus,
3561 4636 3735 4691 neque
3757 4638 3993 4691 parvam

2379 4704 2520 4757 illitis
2546 4710 2750 4773 peccati
2782 4715 2989 4775 partem
3034 4707 3308 4778 depellere
3336 4711 3651 4780 poterimus.
3697 4712 3993 4785 lmovquud

2378 4795 2593 4862 .uelius,
2638 4813 2703 4852 ne
2734 4807 3058 4854 attentctuus
3088 4800 3188 4855 hoc
3213 4801 3573 4859 abominabile
3599 4815 3895 4875 peccatum.
3933 4812 3996 4864 Si

2376 4888 2495 4955 quis
2521 4897 2699 4942 autem
2744 4890 3034 4960 aliquando
3071 4898 3443 4965 supplantattts
3475 4896 3653 4961 fuerit,
3703 4898 3815 4952 haec
3844 4904 3995 4953 sub-

2372 4979 2524 5046 jiciat
2556 4980 2815 5047 remedia,
2865 4985 3011 5052 prius
3033 4988 3348 5054 promittens
3387 5006 3492 5041 non
3526 4990 3659 5043 ultra
3688 5004 3745 5043 se
3774 4992 3822 5043 in
3856 4990 3991 5049 hinc

2376 5072 2771 5142 prolapsurutn.
2822 5075 2983 5130 Certe
3014 5079 3059 5132 si
3114 5091 3401 5147 peccantes
3443 5082 3998 5141 condemnaveritnns

2375 5166 2589 5234 quidem
2640 5183 2870 5237 ea,qttte
2906 5168 3015 5237 jatu
3049 5169 3295 5235 fecimus,
3329 5175 3519 5228 iterum
3568 5189 3744 5231 autem
3787 5180 3993 5234 eadem

2374 5268 2723 5324 attentemus,
2750 5260 2893 5313 nulla
2916 5263 3018 5315 erit
3046 5262 3433 5331 pttrilicatiouis
3457 5268 3676 5321 utilitas.
3708 5270 3802 5335 Qui
3829 5275 3993 5327 ettint

2376 5350 2630 5415 abluitur,
2660 5360 2716 5404 et
2740 5350 2930 5405 eodem
2961 5353 3071 5405 luto
3105 5355 3297 5409 iterum
3328 5357 3655 5427 inquinatur,
3685 5370 3738 5413 et
3762 5363 3847 5430 qui
3885 5362 3991 5417 de-

2376 5444 2591 5497 ntolitttr
2612 5444 2803 5498 iterum
2829 5462 2913 5516 qui
2938 5446 2970 5500 d
2989 5447 3293 5517 tudilicavit,
3320 5459 3377 5506 et
3403 5453 3492 5521 qui
3518 5452 3738 5507 aediﬁcat
3760 5454 3994 5515 iterum.

2376 5544 2432 5586 ιιι
2460 5533 2726 5600 destruat,
2759 5537 2889 5590 nihil
2922 5536 3066 5591 aliud
3110 5539 3236 5594 inde
3277 5541 3412 5596 lucri
3442 5542 3587 5609 facit,
3639 5561 3797 5615 quam
3834 5554 3993 5616 quod

2378 5624 2567 5678 frustra
2598 5626 2805 5682 laborat
2848 5636 3264 5685 etterumuosus
3291 5641 3393 5687 est.
3429 5636 3590 5704 Igitur
3609 5644 3666 5691 et
3690 5653 3788 5692 nos
3830 5654 3902 5693 ne
3940 5658 3993 5694 ιιι

2377 5732 2569 5773 vanum
2622 5726 2677 5773 et
2718 5719 2910 5774 frustra
2944 5722 3101 5775 vitam
3145 5724 3499 5792 insumamus,
3551 5727 3722 5797 priora
3764 5746 3991 5803 peccata

2378 5826 2755 5883 cxpureentus,
2786 5826 2839 5869 et
2869 5816 3008 5888 quod
3043 5818 3305 5890 reliquum
3319 5832 3402 5876 est
3424 5820 3543 5878 vitzc
3574 5824 3623 5877 in
3655 5824 3989 5882 continentia
