4228 6298
321 386 436 448 Ξὲὸ

329 513 390 557 et
433 501 719 555 honestate
769 498 1091 568 exterisque
1138 494 1425 551 virtutibus
1468 509 1715 567 agamus,
1769 501 1826 549 ut
1881 500 1938 547 et

330 600 501 654 Deum
530 589 937 647 misericordem
971 589 1231 646 habentes
1258 603 1481 659 regnum
1503 588 1760 644 caelorum
1787 598 1939 641 asse-

346 768 3565 793 m

1314 381 1591 454 QUALES
1629 381 1979 444 DUCENDIE
2017 385 2170 444 SINT
2210 387 2508 450 UXORES.
2550 389 2638 449 Ill.

3543 398 3651 458 226

2041 513 2290 568 quamur,
2343 502 2514 573 gratia
2562 512 2617 561 et
2660 502 2989 576 benignitate
3038 508 3247 566 Domini
3300 516 3469 571 nostri
3527 518 3655 577 lesu

2041 590 2262 658 Christi,
2282 595 2369 649 cui
2404 596 2475 651 sit
2500 595 2669 666 gloria
2696 596 2748 651 in
2786 598 2985 653 stecula
3008 601 3354 659 szeculortun.
3381 609 3577 665 Amen.

1579 882 1845 957 LAUS
1888 880 2333 1021 MAXIM]:

1323 1059 1405 1103 ετ
1447 1054 1690 1111 ουλιιῑε
1736 1053 2054 1098 noceam:
2097 1053 2240 1097 SINT
2284 1054 2533 1100 UXORES
2565 1040 2681 1121 (α).

400 1301 453 1355 Ι.
499 1297 762 1353 Maximus
790 1298 1137 1369 Chrysostoml
1175 1296 1372 1367 collega
1399 1294 1662 1350 laudatur.
1686 1319 1757 1333 --
1776 1288 1929 1358 Quod

324 1391 545 1464 quidem
568 1391 829 1461 proximae
849 1390 1094 1445 collecta:
1149 1390 1414 1443 interesse
1452 1384 1585 1440 mihi
1612 1396 1719 1438 non
1758 1380 1932 1435 conti-

321 1484 503 1554 gerit,
557 1480 912 1553 dolui:quod
951 1494 1081 1536 vero
1130 1479 1231 1550 ipsi
1282 1488 1393 1533 tum
1433 1476 1605 1547 magis
1652 1473 1928 1543 opiparam

322 1589 569 1630 mensam
597 1573 739 1629 nacti
760 1574 896 1638 sitis,
919 1572 1134 1643 gavisus
1164 1585 1305 1624 sum.
1340 1568 1489 1624 Meus
1518 1566 1664 1622 enim
1711 1564 1764 1619 in
1819 1572 1930 1617 tra-

323 1663 506 1720 hendo
523 1664 652 1733 jngo
670 1677 894 1734 compar
915 1704 931 1728 ,
955 1677 1129 1733 nuper
1148 1659 1421 1733 proscisso
1447 1656 1597 1712 sulco
1628 1655 1792 1711 ubere
1820 1652 1927 1707 lin-

321 1770 428 1826 gua
458 1754 884 1825 inspersitetiam
904 1753 1134 1819 semina,
1153 1750 1410 1821 omnique
1435 1749 1708 1818 diligentia
1722 1754 1929 1802 vestras

321 1848 559 1902 excoluit
578 1845 809 1900 animas.
845 1844 1067 1899 Vidistis
1096 1843 1291 1914 linguae
1323 1841 1607 1910 puritatem
1632 1879 1648 1904 ,
1703 1836 1928 1891 audistis

322 1940 467 1993 bene
493 1946 760 1992 tornatam
804 1936 1128 1999 orationem,
1156 1933 1339 1988 datum
1373 1940 1456 1986 est
1483 1929 1633 1984 vobis
1661 1942 1798 1998 aqua
1825 1926 1927 1980 frui

321 2032 553 2087 saliente
599 2031 653 2084 in
681 2030 842 2083 vitam
882 2036 1143 2082 aeternam
1172 2043 1185 2081 :
1215 2023 1422 2079 vidistis
1468 2022 1669 2077 fontem
1711 2028 1925 2075 scaten-

322 2134 435 2179 tem
468 2122 649 2177 ﬂuviis‘
669 2136 861 2175 aurum
892 2135 1084 2191 purum
1106 2116 1489 2174 deferentibus.
1521 2114 1722 2169 Ferunt
1748 2126 1930 2182 quem-

322 2214 451 2268 dam
481 2213 702 2268 fluvium
730 2211 846 2266 auri
874 2220 1119 2265 ramenta
1153 2207 1351 2265 inferre
1375 2206 1571 2261 accolis
1591 2246 1605 2259 .
1640 2219 1743 2259 non
1784 2201 1927 2272 quod

320 2306 442 2374 ejus
469 2319 607 2375 aqua
634 2312 878 2359 naturam
910 2300 1195 2356 auriferam
1219 2300 1430 2361 habeat,
1460 2296 1555 2351 sed
1583 2294 1709 2366 quia
1752 2292 1927 2348 fontes

320 2398 446 2465 ejus
466 2396 715 2450 oriuntur
745 2395 796 2449 in
830 2394 1101 2447 montibus
1124 2390 1411 2445 metallicis
1438 2405 1452 2441 :
1489 2402 1584 2458 per
1610 2400 1707 2441 eos
1738 2384 1927 2440 labens

324 2489 524 2542 fluvius
568 2499 869 2555 arenasque
898 2484 1118 2539 trahens
1165 2496 1356 2536 aureas
1375 2522 1390 2544 ,
1418 2479 1785 2535 accolentibus
1814 2478 1930 2533 tbe-

321 2592 520 2634 sauros
540 2576 716 2643 aﬂ'ert,
743 2577 884 2631 ultro
913 2575 1108 2629 oblatis
1147 2573 1365 2628 divitiis.
1412 2572 1581 2641 Hujus
1610 2569 1847 2625 ﬂuminis
1873 2570 1925 2623 in

324 2685 534 2725 morem
563 2683 735 2739 nuper
780 2668 867 2722 hic
896 2667 1150 2737 magister
1199 2663 1429 2719 labendo
1479 2677 1573 2732 per
1625 2662 1928 2731 Scripturas

323 2771 599 2830 tamquam
625 2766 836 2813 montes
860 2756 1176 2820 metallieos,
1207 2754 1400 2826 quovis
1425 2767 1558 2807 auro
1580 2753 1928 2821 pretiosiores

321 2852 625 2907 sententias
649 2849 829 2903 intulit
856 2848 1050 2903 vestris
1080 2846 1295 2902 animis.
1326 2845 1667 2915 Quapropter
1706 2842 1820 2897 seio
1849 2842 1928 2896 fo-

323 2956 387 2997 re
418 2950 475 2994 ut
498 2948 789 3009 apparatus
813 2946 996 2993 noster
1022 2937 1182 2992 hodie
1229 2936 1383 2990 vobis
1428 2934 1671 2990 videatur
1712 2933 1926 2988 exilior.

320 3030 428 3098 Qui
448 3031 591 3085 enim
619 3044 853 3100 paupere
874 3044 1061 3084 mensa
1092 3028 1348 3082 continue
1376 3026 1593 3092 fruitur,
1641 3025 1687 3078 si
1709 3024 1927 3093 quando

323 3122 469 3177 forte
492 3120 702 3175 fortuna
733 3120 786 3174 in
817 3118 1173 3189 cepiosiorem
1202 3117 1469 3180 inciderit,
1530 3131 1654 3169 mox
1684 3113 1751 3169 ad
1807 3129 1927 3183 pro-

325 3221 497 3284 priam
521 3227 774 3269 reversus
801 3221 950 3266 tanto
991 3211 1162 3281 magis
1203 3210 1367 3263 sentit
1392 3209 1507 3278 ejus
1539 3208 1792 3276 inapiam.
1830 3210 1927 3260 At-

325 3316 507 3359 tamen
572 3302 743 3358 nihilo
785 3302 1005 3372 segnius
1047 3301 1345 3354 orationem
1398 3297 1698 3368 aggrediar.
1748 3297 1929 3353 Nostis

322 3395 469 3448 enim
493 3409 523 3447 a
547 3393 712 3448 Paulo
730 3393 870 3447 docti
889 3384 1206 3457 etsaturari,
1235 3400 1290 3445 et
1312 3391 1538 3455 esurire,
1559 3400 1613 3443 et
1628 3388 1922 3453 abundare,

321 3495 383 3541 et
406 3501 584 3556 egere,
618 3483 803 3539 mirari
832 3485 1046 3549 divites,
1080 3498 1181 3538 nec
1204 3493 1378 3536 tamen
1400 3496 1663 3551 pauperes
1688 3490 1928 3536 eontem-

324 3593 457 3631 nere
480 3574 741 3647 (Philipp.
767 3576 821 3630 ι.
858 3574 967 3644 12).
996 3574 1061 3629 Ει
1080 3571 1535 3643 quemadmodum
1554 3572 1662 3625 vini
1685 3580 1928 3625 amantes

323 3678 382 3723 et
399 3676 672 3737 potatores
681 3666 1018 3722 delectantur
1033 3664 1248 3735 quidem
1269 3678 1556 3735 generoso,
1573 3663 1668 3717 sed
1690 3662 1928 3719 deterius

327 3776 434 3813 non
458 3758 777 3813 fastidiunt:
811 3757 889 3811 sic
930 3772 1024 3811 vos
1051 3772 1264 3827 quoque
1293 3756 1384 3825 qui
1437 3754 1695 3825 deperitis
1747 3753 1927 3808 divina

322 3849 561 3919 eloquia,
587 3850 876 3918 magistros
898 3847 1169 3902 doctiores
1215 3846 1488 3916 suscipitis
1510 3886 1524 3910 ,
1556 3846 1627 3898 ita
1659 3854 1838 3899 tamen
1872 3853 1928 3899 ut

324 3957 439 3994 non
468 3941 689 4007 vulgare
728 3938 966 3993 Studium
998 3936 1321 4007 impendatis
1351 3937 1510 3991 etiam
1543 3935 1925 3991 mediocribus.

322 4031 426 4100 Qui
449 4032 589 4085 enim
614 4031 742 4085 luxu
768 4030 1037 4089 difﬂuunt.
1063 4030 1146 4085 vel
1167 4030 1234 4083 ad
1279 4038 1647 4099 sumptuosam
1685 4044 1926 4083 mensam

327 4123 698 4177 nauseabundi
727 4122 1110 4177 discumbunt:
1145 4131 1331 4175 contra
1363 4120 1530 4175 sobrii
1552 4120 1642 4190 qui
1682 4119 1929 4174 esuriunt

322 4233 391 4271 ac
414 4216 605 4270 sitiunt
626 4215 911 4284 justitiam,
932 4216 1017 4268 vel
1040 4216 1107 4268 ad
1140 4229 1429 4283 pauperem
1462 4227 1702 4268 mensam
1735 4226 1925 4281 magna

323 4309 605 4363 alacritate
631 4315 939 4361 accurrunt.
974 4305 1127 4371 Quod
1159 4316 1339 4360 autem
1367 4305 1482 4359 hmc
1511 4319 1615 4357 non
1647 4304 1835 4373 loquar
1860 4303 1926 4357 ad

323 4402 575 4469 gratiam,
609 4401 878 4468 proximo,
910 4414 1073 4467 quem
1106 4413 1277 4467 nuper
1319 4397 1387 4451 ad
1438 4410 1534 4450 vos
1588 4396 1748 4449 habui
1807 4393 1881 4467 (ὁ)
1910 4437 1925 4459 ,

319 4506 583 4548 sermone
612 4490 744 4544 satis
758 4488 1025 4559 apparuit.
1054 4489 1188 4543 Cum
1222 4487 1365 4542 enim
1388 4486 1554 4542 multa
1584 4486 1748 4541 verba
1781 4484 1929 4539 face-

325 4597 511 4639 remus
532 4582 599 4636 de
620 4580 893 4650 conjugio,
916 4580 1173 4635 docentes
1216 4594 1425 4634 merum
1453 4594 1574 4633 esse
1606 4576 1926 4631 adulterium

323 4674 601 4729 dimittere
632 4687 854 4735 uxores,
897 4680 989 4725 aut
1015 4670 1265 4726 dimissas
1293 4671 1416 4724 vivo
1455 4671 1746 4724 etiamnum
1781 4671 1925 4737 prio-

325 4783 389 4823 re
439 4767 632 4821 marito
684 4766 924 4829 ducere,
965 4765 1431 4834 allegaremusque
1472 4764 1642 4832 legem
1689 4762 1759 4817 ab
1812 4762 1927 4831 ipso

323 4859 547 4915 Christo
578 4860 757 4923 latam,
780 4859 867 4912 ubi
892 4857 1090 4927 diserte
1114 4856 1323 4926 legitur,
1354 4855 1454 4922 Qui
1475 4856 1736 4908 dimissam
1762 4854 1923 4921 ducit,

326 4953 592 5007 committit
622 4950 949 5016 adulterium,
992 4961 1041 5003 et
1070 4951 1156 5019 qui
1198 4960 1381 5017 printer
1405 4949 1569 5017 stupri
1610 4964 1816 5002 causam
1842 4948 1923 4999 di-

326 5046 482 5097 mittit
502 5060 732 5105 uxorem,
750 5044 871 5105 facit
888 5059 998 5095 eam
1018 5042 1303 5093 adulteram
1328 5040 1407 5111 (Μ
1413 5044 1541 5094 atlh.
1556 5042 1609 5095 5.
1626 5039 1739 5108 52),
1759 5040 1929 5093 anim-

322 5139 535 5194 adverti
567 5138 763 5191 multos
801 5135 1038 5190 demisso
1084 5137 1258 5201 rapite
1302 5133 1512 5187 cmdere
1560 5134 1659 5186 sibi
1714 5135 1925 5200 faciem,

324 5246 392 5285 ac
425 5245 492 5284 ne
515 5228 717 5281 vultum
748 5227 965 5295 quidem
999 5241 1154 5295 posse
1194 5225 1441 5277 attollere
1473 5242 1483 5274 :
1516 5222 1582 5275 ad
1614 5225 1755 5291 quod
1806 5239 1927 5292 spe-

326 5320 599 5375 ctaculum
628 5317 850 5371 sublatis
874 5318 923 5369 in
955 5316 1145 5370 etelum
1179 5315 1369 5378 oculis,
1402 5313 1719 5367 Benedictus
1746 5354 1759 5376 ,
1792 5314 1923 5375 dixi,

332 5414 497 5477 Deus,
527 5410 669 5480 quod
689 5425 794 5461 ltult
828 5408 1051 5461 mortuis
1074 5406 1675 5469 inclumetnusauribus,
1696 5405 1789 5459 sed
1831 5422 1927 5458 nn-

393 5573 469 5632 (a)
500 5570 679 5619 collata
702 5574 944 5632 cumguss.
961 5564 1172 5632 Colliert.
1190 5567 1351 5632 970‘et
1376 5566 1511 5632 1050,
1532 5566 1577 5613 in
1594 5566 1772 5632 quibus
1784 5566 1929 5615 deest

326 5628 467 5690 ultu],
495 5643 614 5683 tuus
633 5629 850 5689 uae-imi,
876 5628 1083 5692 perinde
1106 5635 1255 5692 atque
1289 5630 1337 5676 in
1362 5630 1479 5692 tulit.
1507 5628 1644 5692 savil.
1674 5641 1685 5675 :
1712 5633 1926 5692 attamen

327 5689 1105 5756 geiniminnexistimoitidem
1132 5690 1321 5738 Monito.
1364 5690 1630 5738 Admodum
1667 5702 1816 5751 pauca
1852 5689 1928 5739 hic

325 5751 584 5807 occurrunt
609 5755 701 5805 lect
712 5756 874 5804 ionutn
897 5751 1189 5800 discrimina.

391 5820 465 5879 (lt)
500 5826 664 5882 Supra,
684 5814 856 5867 ttoatil.
874 5814 937 5865 de
963 5812 1131 5863 libello
1152 5812 1359 5875 repudii.

2039 1301 2151 1346 stra
2177 1295 2340 1349 verba
2367 1297 2717 1356 vehementer
2743 1308 2964 1373 tangant
2992 1304 3300 1365 auditorum
3327 1326 3559 1371 animos.

2145 1384 2541 1457 Justiﬁcationis
2601 1410 2723 1463 pars
2789 1404 3051 1466 peccatum
3117 1400 3384 1458 damnare.
3445 1406 3649 1463 Mature

2038 1478 2101 1530 de
2163 1481 2356 1550 nuptiis
2415 1483 2822 1541 deliberandum.
2878 1519 2948 1528 —
2998 1489 3184 1549 Satius
3229 1495 3450 1565 quidem
3502 1511 3649 1557 esset

2036 1572 2257 1628 omnino
2304 1588 2334 1627 a
2384 1578 2661 1646 peccando
2708 1580 3021 1647 abstinere,
3066 1577 3173 1640 non
3217 1602 3439 1656 parvum
3466 1598 3645 1647 tamen

2037 1664 2104 1717 ad
2132 1664 2361 1721 salutem
2385 1681 2716 1725 momentum
2744 1680 2848 1738 est,
2906 1676 3145 1745 agnitum
3178 1689 3459 1747 peccatum
3489 1682 3645 1737 dam-

2038 1773 2189 1823 nare,
2237 1768 2292 1814 et
2344 1762 2611 1832 castigare
2661 1763 2949 1834 diligenter
2991 1770 3412 1839 conscientiam,
3462 1782 3649 1845 utpote

2035 1864 2157 1903 eum
2210 1849 2312 1904 hoc
2350 1852 2526 1921 ipsum
2592 1854 2998 1923 justiﬁeationis
3038 1874 3161 1928 pars
3190 1861 3304 1927 sit,
3358 1871 3413 1917 et
3469 1864 3646 1936 impo-

2038 1950 2240 1995 sterum
2290 1957 2323 1998 a
2379 1945 2651 2013 peccando
2692 1958 2894 2004 arceat.
2950 1949 3086 2005 lline
3139 1962 3223 2008 est
3279 1955 3425 2025 quod
3485 1959 3646 2013 etiam

2038 2032 2237 2087 Paulus
2287 2049 2403 2102 eos,
2455 2037 2545 2107 qui
2592 2051 2947 2108 peccaverant
2976 2083 2993 2106 ,
3048 2045 3399 2103 contristatae
3459 2050 3647 2106 videns

2036 2122 2338 2191 gaudebat,
2371 2142 2477 2181 non
2519 2129 2589 2184 ob
2641 2144 2829 2186 eorum
2879 2134 3186 2200 tristitiam,
3228 2138 3325 2193 sed
3368 2142 3513 2210 quod
3554 2158 3647 2212 per

2037 2212 2177 2269 hanc
2222 2217 2562 2274 occasionem
2609 2224 2839 2278 correcti
2893 2237 3094 2280 essent.
3149 2227 3397 2299 Gaudeo,
3448 2231 3645 2303 inquit,

2035 2322 2136 2359 non
2163 2311 2301 2378 quod
2326 2312 2611 2366 contristati
2633 2314 2852 2384 fueritis,
2904 2319 2995 2373 sed
3033 2320 3171 2390 quod
3221 2324 3512 2379 contristati
3539 2329 3648 2383 sitia

2035 2397 2104 2449 ad
2133 2400 2479 2467 pmnitentiam
2504 2420 2524 2459 :
2554 2421 2673 2459 nam
2698 2407 2786 2474 qui
2811 2409 3090 2463 secundum
3120 2410 3286 2466 Deum
3330 2424 3403 2468 est
3452 2416 3602 2471 dolor
3628 2458 3645 2483 ,

2035 2488 2079 2540 is
2106 2491 2450 2556 paenitentiam
2480 2496 2549 2548 ad
2590 2498 2806 2551 salutem
2842 2516 2943 2553 non
2970 2499 3177 2555 dubiam
3206 2504 3344 2573 parit
3395 2504 3489 2575 (2.
3524 2507 3646 2562 Cor.

2036 2579 2089 2632 7.
2121 2580 2175 2635 9.
2213 2582 2323 2651 10).
2355 2583 2498 2654 Ergo
2521 2587 2636 2643 sive
2681 2591 2913 2658 propriis
2938 2633 2953 2655 ,
2996 2595 3113 2648 sive
3162 2595 3358 2651 alienis
3410 2600 3645 2668 peccatis

2037 2681 2163 2727 tunc
2195 2673 2522 2743 indoluistis,
2550 2678 2757 2749 ingenti
2790 2681 2947 2737 laude
2975 2685 3106 2738 estis
3151 2684 3478 2757 dignissimi.
3510 2688 3643 2746 Nam

2035 2765 2196 2832 etqni
2223 2781 2321 2833 pro
2336 2767 2531 2823 alienis
2551 2768 2721 2838 dolet,
2746 2774 3043 2841 apostolica
3065 2790 3175 2843 prae
3199 2790 3259 2832 se
3286 2777 3395 2833 fert
3414 2779 3644 2848 viscera,

2035 2863 2089 2907 et
2119 2856 2333 2910 beatum
2365 2858 2517 2914 illum
2550 2861 2811 2928 imitatur,
2840 2866 3139 2933 dicentem,
3172 2868 3300 2933 Qui:
3323 2871 3641 2939 inﬁrmatur,

2034 2956 2082 2997 et
2108 2963 2199 3017 ego
2226 2965 2326 3002 non
2351 2949 2630 3018 inﬁrmor?
2678 2955 2791 3021 quis
2816 2957 3240 3027 scandalizatur,
3296 2973 3346 3017 et
3397 2980 3490 3034 ego
3546 2982 3647 3021 non

2034 3040 2274 3112 uror(2.
2313 3042 2430 3098 Cor.
2478 3046 2565 3099 ll.
2597 3046 2731 3119 29)?
2780 3050 2847 3104 Et
2891 3051 2983 3119 qui
3030 3054 3262 3123 propriis
3311 3058 3596 3114 mordetur
3626 3098 3642 3127 ,

2034 3131 2268 3188 debitam
2296 3136 2589 3191 sceleribus
2611 3140 2723 3193 suis
2751 3156 2964 3209 prunam
2990 3144 3278 3213 exstinxit,
3305 3157 3359 3202 et
3387 3164 3483 3217 per
3503 3148 3645 3207 hunc

2034 3222 2277 3280 dolorem
2311 3228 2362 3281 in
2386 3228 2625 3283 futurum
2653 3246 2714 3286 se
2758 3233 3062 3289 cautiorem
3113 3237 3369 3293 reddidit.
3421 3240 3533 3297 Hac
3577 3243 3646 3297 de

2034 3329 2193 3370 causa
2218 3331 2318 3385 ego
2358 3334 2573 3389 quoque
2601 3336 2724 3377 cum
2753 3323 2991 3379 viderem
3020 3342 3115 3380 vos
3147 3328 3387 3386 demisso
3417 3334 3597 3403 capite
3624 3376 3641 3397 .

2034 3420 2421 3479 gementesque
2442 3422 2498 3467 et
2524 3414 2811 3470 tundentes
2834 3414 3050 3484 faciem,
3084 3420 3300 3488 gavisus
3352 3437 3471 3477 sum
3499 3427 3647 3495 cogi-

2038 3510 2159 3555 tans
2178 3514 2409 3572 quantus
2436 3505 2506 3557 sit
2536 3503 2741 3559 fruetus
2768 3508 2884 3575 ejus
2911 3510 3162 3564 tristitize.
3210 3512 3330 3578 Quo
3378 3513 3436 3566 tit
3487 3525 3547 3570 ut
3593 3526 3645 3571 et
3709 3544 3715 3551 -

2039 3593 2197 3650 hodie
2243 3596 2382 3651 ident
2414 3609 2791 3668 argumentum
2841 3610 3070 3659 tractare
3122 3602 3322 3671 libeat,
3378 3608 3645 3676 utquibur

2036 3685 2184 3739 cordi
2227 3695 2354 3741 sunt
2384 3689 2605 3765 nuptim,
2634 3700 2845 3744 mature
2866 3692 2932 3747 de
2960 3691 3063 3747 hoc
3088 3696 3304 3764 negotio
3325 3696 3627 3754 deliberent

2037 3777 2092 3832 Si
2120 3779 2263 3833 enim
2286 3779 2506 3835 domum
2532 3783 2766 3851 emptori
2789 3792 2879 3838 aut
2902 3786 3189 3856 mancipia,
3218 3787 3432 3844 curiose
3461 3793 3638 3846 consi-

2036 3868 2291 3922 deramus
2324 3879 2432 3924 tum
2453 3872 2786 3938 venditores,
2819 3885 2927 3928 tum
2959 3876 3172 3944 priores
3200 3875 3473 3945 dominos,
3500 3880 3641 3950 ipso-

2040 3976 2157 4013 rum
2199 3975 2414 4030 quoque
2456 3964 2724 4019 venalium
2773 3976 2879 4020 tam
2927 3968 3172 4037 corporis
3226 3968 3598 4028 habitudinem
3629 4015 3645 4041 ,

2036 4069 2195 4122 quam
2222 4054 2455 4109 indolem
2483 4056 2645 4112 animi
2670 4076 2682 4112 :
2718 4068 2921 4129 quanto
2952 4062 3121 4139 magis
3145 4062 3538 4133 dispiciendum
3565 4079 3649 4124 est

2035 4149 2103 4202 de
2132 4149 2306 4203 futura
2328 4150 2596 4220 conjuge?
2624 4153 2853 4207 Domum
2880 4154 3046 4221 enim,
3070 4148 3117 4208 Si
3140 4156 3331 4211 vitiosa
3353 4158 3460 4224 sit,
3518 4159 3646 4216 licet

2036 4239 2213 4294 denuo
2245 4240 2479 4296 vendere
2498 4282 2514 4306 ,
2544 4242 2686 4297 sicut
2715 4253 2769 4298 et
2799 4257 3014 4298 servum
3047 4260 3279 4315 nequam
3310 4258 3646 4317 compertum

2038 4336 2307 4390 venditori
2346 4338 2929 4394 restituerezuxorem
2979 4354 3108 4394 vero
3152 4340 3324 4395 semel
3370 4352 3646 4411 acceptam

2038 4441 2144 4481 non
2178 4428 2305 4481 item
2332 4426 2409 4482 fas
2435 4436 2517 4483 est
2537 4443 2567 4481 a
2597 4428 2792 4498 quibus
2812 4429 3087 4498 acceperis
3114 4429 3380 4486 reddere:
3412 4432 3510 4486 sed
3541 4448 3645 4489 ne-

2036 4532 2191 4572 cesse
2216 4527 2300 4572 est
2332 4518 2385 4572 in
2413 4528 2731 4588 perpetuum
2770 4533 2890 4593 eam
2927 4518 3071 4573 domi
3102 4518 3329 4588 habere,
3357 4522 3459 4578 nisi
3490 4524 3648 4579 mali!

2037 4625 2097 4663 ea
2132 4618 2190 4664 ut
2218 4610 2459 4679 improba
2486 4610 2658 4677 ejecta
2690 4623 2819 4667 reus
2843 4608 3094 4667 adulterii
3119 4611 3268 4680 juxta
3301 4612 3474 4683 legem
3501 4613 3647 4669 divi.

2038 4716 2161 4756 nam
2190 4702 2326 4756 fieri.
2360 4702 2586 4769 Quando
2630 4702 2794 4772 igitur
2816 4718 3038 4760 uxorem
3070 4702 3333 4760 ducturus
3380 4720 3441 4761 es
3472 4748 3488 4773 ,
3539 4722 3647 4763 non

2035 4795 2208 4849 solum
2231 4795 2387 4849 civile
2409 4794 2519 4864 jus,
2552 4810 2737 4849 verum
2767 4796 2929 4850 etiam
2956 4797 3385 4853 ecclesiasticum
3434 4800 3597 4871 legito
3630 4821 3643 4855 :

2038 4901 2160 4941 nam
2188 4886 2486 4941 secundum
2510 4887 2630 4952 hoe,
2650 4902 2759 4942 non
2788 4886 2940 4951 illud,
2960 4898 3200 4944 extrema
3221 4890 3311 4946 die
3321 4890 3645 4957 judicandus

2036 4994 2067 5032 a
2118 4979 2228 5033 Deo
2271 4993 2331 5032 es
2358 4994 2372 5031 :
2404 4986 2458 5032 et
2506 4978 2599 5031 illo
2625 4986 2939 5048 contempto
2969 4993 3348 5049 saepenumero
3400 4984 3645 5051 pecuniis

2039 5080 2242 5125 tantum
2275 5070 2641 5135 mulctaberis,
2673 5069 2775 5126 hoc
2805 5080 2983 5125 autem
3004 5072 3213 5126 calcato
3241 5073 3645 5147 inanimaisup—

2038 5161 2252 5231 pliciunt
2282 5161 2484 5215 incides
2513 5171 2566 5215 et
2589 5162 2761 5231 ignem
2791 5162 3311 5231 inexstinguibilcm.

2107 5254 2158 5307 2.
2204 5253 2282 5306 Tu
2312 5268 2435 5306 vero
2479 5268 2699 5306 uxorem
2743 5252 3001 5308 ducturus
3044 5254 3251 5309 externi
3280 5254 3417 5324 juris
3442 5257 3639 5323 ρει-ἰιοὶ

2037 5345 2318 5413 diligenter
2342 5344 2600 5408 consulis,
2635 5352 2687 5397 et
2731 5343 2851 5397 illos
2894 5343 3238 5413 frequentans
3268 5345 3501 5401 sollicite
3526 5347 3647 5403 dis-

2036 5437 2224 5504 quiris,
2252 5436 2375 5505 quid
2411 5440 2641 5489 I‘uturum
2675 5435 2762 5498 sit,
2798 5435 2840 5488 si
2888 5451 2948 5489 ea
2986 5435 3211 5490 decedat
3251 5435 3410 5490 nullis
3443 5438 3655 5493 relictis

2038 5528 2239 5592 liberis,
2260 5526 2384 5596 quid
2410 5528 2454 5581 si
2480 5528 2642 5580 tilium
2667 5527 2952 5595 relinquat,
2974 5526 3097 5596 quid
3122 5526 3248 5581 item
3270 5527 3314 5580 si
3338 5526 3444 5581 duo
3465 5538 3645 5583 tresve

2038 5621 2236 5677 fuerint
2268 5621 2582 5689 superstites
2605 5662 2618 5685 ,
2656 5631 2764 5673 tutu
2787 5620 3057 5691 quomodo
3086 5619 3209 5673 vivo
3237 5629 3387 5689 patre
3416 5633 3514 5674 suo
3544 5620 3642 5675 de-

2038 5713 2283 5767 functove
2308 5714 2469 5769 rebus
2499 5713 2609 5767 suis
2639 5726 2799 5766 usura
2831 5712 2931 5778 sit,
2965 5720 3220 5781 quantum
3244 5727 3307 5767 cx
3337 5711 3451 5779 ejus
3480 5711 3645 5780 patri-

2036 5804 2216 5858 monio
2254 5804 2465 5870 marito,
2501 5812 2757 5871 quantum
2803 5800 3057 5858 fratribus
3103 5801 3340 5858 mulieris
3382 5810 3639 5865 obvenire
