4228 6298
653 401 757 456 ιω

647 514 836 566 debeat
866 527 879 564 :
908 507 1121 579 quando
1149 508 1274 562 item
1303 508 1546 561 uniVersa
1577 505 1757 560 uxoris
1785 502 1922 558 bona
1953 500 2231 557 retinenda

645 603 772 666 sint,
800 611 870 655 ita
897 613 950 654 nt
974 597 1104 655 nihil
1137 614 1208 654 ex
1242 599 1320 652 eis
1354 597 1444 651 alii
1477 596 1881 652 concedendum
1905 594 1994 659 sit,
2025 595 2238 664 quando

645 706 829 749 eontra
860 694 1153 750 cedendum
1181 692 1426 745 omnibus
1455 707 1468 742 :
1493 690 1702 760 aliaque
1727 689 1918 744 similia
1951 697 2232 758 perconta-

647 791 721 843 ris
744 788 1024 849 curiosius,
1059 784 1233 840 modis
1257 786 1505 839 omnibus
1529 784 1965 854 circumspiciens
2005 799 2072 838 ne
2110 784 2236 852 quid

646 898 708 936 ex
736 882 912 935 uxoris
943 879 1094 934 bouis
1122 878 1187 932 ad
1215 889 1437 948 agnatos
1461 878 1630 948 ipsius
1659 880 1860 942 redeat,
1889 879 2154 947 quamvis,
2181 888 2239 931 ιιι

642 975 750 1042 jam
777 971 906 1034 dixi,
933 969 976 1024 si
997 969 1122 1038 quid
1146 979 1338 1038 preter
1363 971 1666 1038 opinionem
1685 968 1958 1034 acciderit,
1980 967 2234 1023 datmmm

645 1075 696 1118 te
740 1071 992 1130 sequatur
1032 1070 1237 1114 tantum
1282 1061 1660 1130 pecuniarum;
1699 1067 1933 1114 attamen
1976 1060 2110 1113 nihil
2142 1059 2236 1113 ho-

642 1171 760 1210 rum
788 1156 1106 1209 contemnis.
1140 1155 1220 1207 An
1251 1170 1356 1207 non
1382 1152 1669 1208 absurdum
1704 1150 1933 1218 videtur,
1963 1166 2084 1207 cum
2118 1159 2236 1204 tan-

648 1257 752 1300 tatu
802 1252 1060 1300 rationem
1107 1244 1396 1297 habeamus
1429 1243 1698 1313 pecunize,
1727 1242 1919 1296 anima:
1943 1242 2234 1312 periculum

641 1349 696 1391 et
739 1336 1059 1392 reddendam
1092 1335 1142 1389 in
1179 1334 1266 1388 illa
1305 1334 1391 1387 die
1430 1336 1690 1388 rationem
1718 1345 2082 1399 comeumere,
2109 1348 2231 1388 eum

645 1427 732 1482 hic
764 1427 1094 1496 potissimum
1125 1441 1251 1478 cura
1275 1423 1571 1476 adhibenda
1599 1425 1701 1476 sit?

716 1519 911 1572 Paulus
936 1518 1246 1570 matrimonii
1273 1518 1402 1587 leges
1433 1517 1730 1585 prtcscribit.
1769 1515 1966 1570 Uxores
1983 1518 2232 1584 quomoda

641 1613 931 1683 diligenda.
963 1641 1030 1650 -—
1059 1611 1182 1665 Ideo
1212 1625 1404 1664 uxores
1433 1611 1670 1664 ducturus
1700 1610 1901 1663 suadeo
1928 1620 1987 1664 ιιι
2022 1618 2233 1662 beatum

645 1705 861 1758 l‘aulum
886 1703 1110 1769 adeant,
1150 1714 1203 1758 et
1241 1702 1382 1772 leges
1411 1702 1548 1772 apud
1575 1717 1695 1755 eum
1726 1702 1792 1754 de
1821 1701 2070 1770 Conjngio
2096 1702 2232 1756 scri-

644 1804 760 1864 ptas
787 1794 1080 1863 perlegam,
1111 1793 1429 1862 cognitoque
1467 1794 1610 1862 prius
1635 1793 1776 1863 quod
1815 1793 1904 1846 ille
1939 1803 2116 1847 censet
2160 1796 2237 1846 t'a.

641 1890 911 1953 ciendum,
941 1889 985 1943 si
1015 1904 1148 1942 uxor
1175 1888 1444 1958 contingat
1474 1889 1735 1942 malitiosa
1764 1898 1853 1939 aut
1882 1888 2004 1939 vino
2032 1887 2230 1950 dedita,

641 1982 686 2034 si
713 1980 972 2034 maledica
997 1992 1088 2033 aut
1115 1979 1257 2034 fatua
1283 1980 1510 2034 similive
1535 1980 1764 2033 obnoxia
1800 1979 1926 2031 vitio
1950 2020 1963 2042 ,
1996 1989 2104 2031 tum
2136 1979 2232 2032 de-

641 2085 786 2122 mum
824 2069 894 2123 de
936 2071 1132 2140 nuptiis
1168 2069 1419 2138 cogitent.
1471 2069 1524 2122 Si
1577 2071 1718 2122 enim
1767 2069 1961 2123 videris
1990 2085 2112 2123 eum
2143 2070 2234 2122 tibi

641 2160 948 2228 permittere
975 2160 1024 2212 in
1051 2174 1157 2212 uno
1187 2160 1373 2227 quovis
1413 2159 1500 2212 tali
1538 2159 1663 2211 vitio
1704 2158 2096 2228 deprehensam
2137 2175 2233 2212 ex-

640 2251 841 2318 pellere
866 2251 1044 2316 domo,
1077 2261 1130 2303 et
1163 2250 1318 2302 aliam
1357 2265 1452 2318 pro
1489 2250 1573 2302 illa
1615 2250 1973 2315 introducere,
2004 2259 2060 2302 ιιι.
2083 2259 2231 2302 extra

641 2341 931 2410 periculum
962 2341 1282 2394 constitutus
1311 2340 1451 2394 bono
1476 2350 1591 2394 esto
1621 2342 1819 2394 :mimo.
1861 2340 2012 2408 Quod
2048 2342 2090 2392 si
2135 2339 2234 2391 hoc

641 2449 744 2487 non
773 2433 930 2495 sinat,
970 2434 1061 2486 sed
1104 2433 1287 2502 jiilieat
1328 2432 1697 2500 quodcumque
1728 2442 1920 2501 pra-ter
1951 2431 2226 2501 impudici-

641 2526 765 2578 tiam
818 2525 1000 2578 vitium
1059 2523 1342 2577 habentem
1392 2524 1644 2590 diligere,
1692 2524 1914 2575 ohlirnta
1973 2523 2228 2583 animum,

636 2617 787 2685 quasi
818 2617 1019 2670 laturus
1046 2615 1334 2683 quamlibet
1354 2615 1469 2680 ejus
1495 2614 1801 2681 nequitiam.
1835 2613 1925 2666 Sin
1954 2615 2053 2666 hoc
2073 2627 2232 2680 grave

638 2706 846 2759 videtur
869 2716 920 2758 et
953 2705 1308 2767 intolerabile,
1333 2720 1546 2757 omnem
1576 2720 1756 2756 curam
1790 2704 1981 2756 adhibe
2009 2713 2064 2755 ut
2087 2718 2231 2754 com-

637 2795 871 2861 modam,
903 2797 1069 2864 a-quis
1118 2795 1352 2847 moribus
1400 2793 1711 2862 prmditam,
1759 2804 1805 2846 et
1851 2793 2230 2860 obsequentem

638 2903 859 2942 uxorem
883 2887 1046 2941 ducas
1072 2927 1087 2951 ,
1121 2895 1299 2941 certus
1327 2886 1488 2954 quod,
1513 2888 1556 2940 si
1589 2887 1780 2938 malam
1811 2886 2044 2952 duxeris,
2070 2887 2232 2939 alter-

637 2990 815 3034 utrum
861 2979 1162 3033 necessario
1210 2978 1469 3047 sequitur,
1503 2987 1558 3030 ut
1602 2987 1688 3029 aut
1739 2975 1879 3030 feras
1924 2985 2228 3045 perpetuam

639 3071 960 3134 molestiam,
988 3080 1078 3124 aut
1115 3070 1159 3124 si
1208 3068 1310 3123 hoc
1352 3070 1509 3135 nolis,
1544 3068 1714 3138 ejecta
1747 3069 1830 3122 illa
1861 3084 1983 3123 reus
2015 3070 2111 3121 llas
2136 3068 2234 3123 ad.

639 3161 836 3216 ulterii.
885 3161 987 3229 Qui
1021 3161 1152 3214 enim
1187 3160 1321 3229 ejicit
1364 3176 1590 3224 uxorem,
1626 3161 1823 3230 inquit,
1852 3157 2039 3229 absque
2075 3176 2231 3214 causa

635 3254 1016 3321 fornicationis,
1045 3254 1166 3322 facit
1191 3269 1301 3306 eam
1327 3251 1610 3306 adulteram
1643 3268 1661 3306 :
1685 3261 1729 3306 et
1753 3254 1839 3321 qui
1868 3254 1940 3305 sic
1970 3253 2229 3307 dimissam

635 3345 796 3410 ducit,
817 3344 1082 3398 committit
1102 3343 1406 3396 adulterium
1436 3342 1644 3412 (.lIattIt.
1670 3343 1720 3394 5.
1742 3339 1854 3409 32).
1892 3343 2013 3396 llmc
2041 3343 2083 3395 si
2109 3352 2232 3398 ante

638 3437 850 3504 nuptias
887 3446 1031 3489 recte
1072 3433 1461 3503 diSpcxeriinus
1481 3474 1495 3496 ,
1533 3442 1588 3486 et
1619 3433 1764 3501 leges
1796 3433 1890 3486 has
1915 3435 2228 3502 cognoverio

639 3541 779 3592 mus,
807 3526 1050 3578 dabimus
1074 3539 1292 3593 operam
1331 3532 1387 3576 ut
1427 3524 1495 3575 ab
1536 3523 1685 3576 initio
1711 3531 1886 3590 aptam
1912 3533 1958 3576 ct
1992 3523 2229 3576 moribus

639 3617 834 3671 nostris
874 3613 1274 3668 convenientem
1320 3613 1573 3666 ducamus
1604 3628 1619 3665 :
1647 3628 1752 3682 quo
1798 3615 1934 3667 laeto
1973 3628 2080 3666 non
2130 3614 2231 3666 hoc

640 3714 842 3758 tantum
877 3705 1217 3765 lucrabimur,
1261 3703 1402 3771 quod
1448 3718 1564 3756 eam
1608 3719 1894 3771 numquam
1932 3704 2226 3770 ejiciemus,

636 3796 730 3849 sed
758 3810 950 3864 magno
976 3795 1133 3848 etiam
1163 3793 1355 3849 affectu
1385 3810 1502 3848 eam
1534 3794 1819 3863 diligemus
1839 3835 1854 3859 ,
1884 3793 2230 3862 quemadmo-

636 3887 762 3942 dum
791 3888 982 3941 l‘aulus
1009 3886 1266 3956 praecipit.
1292 3885 1424 3941 Cum
1452 3887 1594 3941 enim
1626 3887 1847 3941 di\isset
1873 3905 1883 3941 :
1917 3885 2020 3939 Viri
2046 3903 2229 3940 uxores

636 3979 850 4049 diligant
875 3976 1088 4047 (Ephes.
1123 3977 1176 4032 5.
1206 3979 1300 4048 ‘25)
1326 3997 1339 4031 :
1366 3994 1470 4032 non
1497 3977 1585 4032 hic
1609 3979 1871 4045 constitit,
1889 3979 1980 4033 sed
2012 3978 2227 4033 modum

637 4070 796 4122 etiam
824 4070 1020 4123 alueris
1053 4069 1352 4138 praelinivit.
1388 4068 1482 4140 [At
1502 4086 1660 4139 quem
1683 4069 1936 4125 tandem?
1973 4069 2076 4124 Viri
2109 4072 2228 4123 dili-

637 4163 736 4230 gite
766 4176 966 4214 times.
1015 4161 1110 4214 Die
1148 4161 1453 4228 quomodo?
1491 4177 1649 4231 quem
1679 4161 1806 4216 mihi
1833 4162 2083 4232 diligendi
2115 4179 2232 4217 Ino-

636 4255 763 4306 dum
789 4251 1123 4321 praescribis?
1147 4250 1246 4322 (0)]
1293 4253 1440 4306 Sicut
1478 4263 1524 4305 et
1559 4252 1789 4306 Christus
1826 4255 2003 4306 dilexit
2047 4252 2227 4307 Eccle-

637 4347 786 4397 siam.
838 4343 904 4397 Et
944 4342 1232 4413 quomodo,
1274 4358 1491 4412 qua'so,
1521 4342 1766 4397 Christus
1812 4344 2034 4398 dilexit?
2066 4344 2147 4399 Ita
2177 4356 2231 4400 ut

637 4437 956 4506 semetipsum
987 4451 1077 4502 pro
1117 4451 1181 4489 ea
1221 4436 1451 4488 traderet.
1506 4435 1683 4504 Itaque
1713 4436 1920 4490 etiamsi
1958 4437 2092 4490 tnori
2133 4451 2231 4506 pro

640 4544 805 4583 uxore
844 4537 1115 4595 oporteat,
1159 4541 1488 4595 nequaquam
1532 4527 1987 4597 tergiversaberis.
2020 4527 2152 4581 Nam
2183 4529 2226 4582 si

641 4620 898 4673 Dominus
926 4632 1132 4670 seruam
1165 4617 1233 4668 ita
1260 4615 1465 4680 dilexit,
1491 4625 1547 4668 ut
1573 4627 1742 4670 semet
1770 4634 1863 4685 pro
1885 4633 1944 4670 ea
1971 4618 2226 4683 traderet,

639 4709 805 4762 nmlto
831 4708 997 4775 magis
1022 4721 1335 4761 conservam
1366 4715 1578 4773 oportet
1606 4707 1684 4761 sic
1707 4705 1873 4776 diligi.
1913 4709 2018 4763 Sed
2045 4708 2228 4762 vidca-

640 4814 779 4864 mus,
813 4813 880 4851 ne
909 4797 1045 4853 forte
1073 4795 1408 4865 pulchritudo
1434 4810 1646 4865 sponsa:
1670 4806 1764 4850 aut
1792 4799 2040 4866 praeclara
2071 4799 2225 4854 indo-

643 4891 721 4943 les
743 4901 996 4956 sponsum
1026 4887 1321 4940 attraxerit.
1367 4885 1442 4940 Ne
1472 4887 1572 4940 hoc
1599 4885 1813 4957 quidem
1836 4887 2014 4942 dicere
2044 4904 2227 4957 possu-

642 4995 779 5033 mus.
813 4977 963 5044 Qnod
987 4977 1127 5030 enim
1153 4976 1409 5031 deformis
1436 4991 1499 5030 ac
1519 4976 1722 5047 impura
1756 4977 1934 5040 fuerit,
1963 4978 2083 5032 audi
2110 4995 2228 5047 qua:

639 5071 890 5140 deinceps
917 5080 1205 5139 sequantur
1272 5067 1402 5122 Nam
1441 5084 1561 5122 cum
1601 5069 1851 5136 dixisset,
1884 5068 2119 5124 Tradidit
2147 5089 2226 5125 se-

639 5163 804 5230 ipsstm
833 5177 924 5229 pro
953 5176 1031 5225 ea,
1063 5175 1184 5213 mox
1215 5158 1515 5227 subiunxit,
1545 5157 1613 5214 Ut
1636 5161 1972 5229 sancti/icoret
1995 5181 2106 5217 eam
2130 5180 2226 5232 pu-

639 5255 888 5320 riﬁcatam
929 5255 1127 5306 lauacro
1157 5267 1302 5320 aqua
1337 5251 1498 5319 (Ibid.
1530 5269 1576 5307 υ.
1607 5252 1679 5308 26
1786 5254 1920 5309 Cum
1945 5265 2120 5311 autem
2149 5255 2228 5309 di-

637 5343 711 5398 cit
738 5346 1056 5415 puri/iratam
1073 5386 1087 5406 ,
1124 5344 1354 5398 ostendit
1392 5344 1654 5414 impuram
1680 5353 1804 5400 ante
1831 5345 1994 5400 fuisse
2017 5356 2069 5401 et
2093 5363 2223 5400 cou-

642 5436 970 5496 taminatam,
1008 5435 1165 5503 idque
1194 5449 1297 5488 non
1330 5434 1531 5504 vulgari
1579 5435 1904 5504 itnpuritate,
1935 5437 2026 5490 sed
2074 5438 2226 5507 longe

641 5527 890 5591 maxima,
925 5537 979 5578 ut
1007 5545 1124 5594 qua:
1157 5525 1343 5582 nidore
1375 5543 1438 5581 ac
1460 5526 1606 5581 fumo
1634 5543 1931 5597 cruoreque
1959 5543 2080 5583 eum
2110 5532 2228 5585 aliis

645 5619 688 5672 id
734 5635 901 5687 genus
941 5621 1231 5675 innumeris
1263 5621 1514 5676 sordebat
1547 5621 1788 5676 maeulis.
1835 5623 2084 5677 Attamen
2123 5640 2224 5679 non

701 5757 772 5858 (0')
808 5763 931 5811 Ha‘t',
959 5768 1066 5865 qtllzt:
1093 5757 1280 5805 uncini~
1307 5754 1609 5816 clauduntur,
1631 5758 1678 5806 in
1703 5768 1864 5807 blaeso
1890 5771 1983 5808 twn
2011 5766 2222 5818 essunt,

701 5826 727 5865 τι
771 5825 994 5865 uterer-:3
1041 5825 1160 5865 νιιιι.

641 5826 727 5866 Sed
752 5825 994 5879 tutori-prus
1020 5825 1160 5871 Ινκιι.

1386 397 1448 452 3.
1485 392 1766 451 JOANNIS
1803 387 2272 450 CllliYSOSTOIlI
2313 387 2635 450 ARClllEP.
2675 393 3212 453 CONSTANTINOP.

3825 400 3930 454 222

2345 517 2623 560 aversatus
2644 516 2728 563 est
2755 507 2870 577 ejus
2893 508 3309 574 defunltitatetn,
3340 509 3436 565 sed
3461 511 3862 567 transtonnavit
3883 515 3938 567 in

2348 596 2622 653 meliorem
2663 597 2851 655 faciem
2892 601 3132 656 remissis
3159 604 3390 672 peccatis
3422 604 3679 673 pristinis.
3706 604 3860 662 Hunc
3883 619 3937 662 et

2348 696 2401 739 tu
2424 687 2650 743 imitare.
2682 689 2794 745 Etsi
2827 692 3110 761 plurimum
3149 697 3200 746 in
3246 704 3299 749 te
3335 710 3471 749 uxor
3509 699 3828 765 peccaverit,
3856 709 3943 755 to-

2348 787 2456 831 tum
2492 779 2541 834 ei
2583 781 2797 835 remitte
2823 791 2874 837 et
2900 784 3143 839 condona
3176 802 3191 839 :
3219 786 3265 840 si
3296 788 3434 842 male
3463 797 3723 842 moratam
3751 801 3944 844 tractus

2346 867 2540 936 fueris,
2571 871 2774 943 reﬁoge
2796 888 2915 929 eam
2942 874 3012 929 ad
3042 875 3331 933 bonitatem
3361 893 3425 933 ae
3451 879 3940 946 mansuetudinem,

2343 963 2482 1016 sicut
2507 973 2560 1017 et
2585 963 2831 1020 Christus
2857 967 3174 1023 Eeclesiam.
3207 969 3322 1024 Non
3347 971 3521 1025 solum
3542 971 3684 1025 enim
3709 973 3943 1026 immn-

2343 1053 2527 1106 ditiam
2548 1053 2664 1122 ejus
2684 1057 2954 1124 abstersit,
2979 1059 3074 1114 sed
3095 1061 3303 1114 senium
3327 1077 3538 1132 quoque
3555 1062 3756 1117 abrasit
3775 1073 3946 1117 exuto

2344 1144 2508 1199 veteri
2557 1147 2813 1215 homine,
2858 1149 2950 1219 qui
3002 1158 3146 1205 totus
3190 1153 3472 1209 constabat
3514 1169 3546 1209 e
3574 1155 3734 1210 vitiis.
3781 1155 3941 1222 Qum!

2341 1239 2502 1292 etiam
2547 1237 2743 1294 Paulus
2770 1240 3073 1298 subindicat
3099 1243 3183 1298 bis
3207 1243 3385 1298 verbis
3406 1287 3420 1306 ,
3454 1244 3521 1300 Ut
3551 1247 3802 1302 exhiberet
3824 1265 3942 1302 satis

2340 1329 2534 1398 sibiipsi
2553 1331 2826 1400 gloriosam
2852 1329 3154 1398 Ecclesium,
3176 1350 3276 1389 non
3297 1335 3556 1389 habentem
3576 1338 3828 1392 maculans
3849 1349 3944 1394 aut

2342 1437 2521 1492 rugam
2567 1418 2798 1495 (Ephes.
2827 1424 2885 1480 5.
2915 1424 3030 1495 27)
3063 1443 3078 1480 :
3107 1441 3214 1480 non
3258 1426 3402 1481 enim
3437 1427 3713 1498 pulchram
3762 1434 3941 1486 solum

2343 1513 2590 1576 reddidit.
2621 1515 2716 1570 sed
2735 1523 2790 1569 et
2803 1514 3078 1586 juvenem,
3100 1533 3206 1572 no
3227 1518 3377 1589 juxta
3403 1529 3646 1575 naturam
3669 1523 3938 1592 cci-poris.

2341 1604 2434 1657 sed
2459 1604 2608 1673 juxta
2636 1607 2922 1662 voluntatis
2948 1607 3336 1665 habitudinem.
3367 1611 3474 1667 Nec
3503 1611 3610 1668 hoc
3638 1615 3812 1667 solum
3843 1617 3943 1670 ad-

2343 1693 2622 1749 miratione
2662 1696 2880 1766 dignum
2910 1708 2988 1754 est
3011 1741 3026 1764 ,
3063 1701 3204 1770 quod
3235 1712 3423 1755 nactus
3447 1703 3769 1770 deliurmem,
3801 1708 3940 1760 mala

2342 1785 2475 1839 faeie
2502 1787 2801 1853 prmditam,
2832 1799 3039 1858 turpem
3068 1810 3128 1844 ac
3153 1794 3404 1856 vetulam,
3433 1809 3537 1847 non
3558 1807 3838 1849 aversatus
3857 1806 3944 1850 est

2343 1875 2501 1930 talem
2529 1896 2538 1929 :
2565 1877 2659 1931 sed
2685 1880 2824 1948 quod
2850 1882 3004 1934 morti
3033 1883 3264 1951 seipsum
3293 1882 3549 1953 ohjiciens
3579 1887 3794 1940 refinxit
3819 1904 3939 1941 eam

2343 1967 2393 2019 in
2421 1967 2870 2036 pulchritudinem
2900 1972 3268 2029 incredibilem
3293 1993 3307 2028 :
3331 1975 3425 2030 sed
3456 1978 3598 2047 quod
3625 1980 3786 2034 etiam
3819 1991 3942 2049 post

2343 2059 2455 2112 lucc
2471 2075 2614 2129 same
2630 2061 2953 2116 sordidatam
2966 2065 3177 2120 animad
3187 2077 3393 2122 vertens
3406 2078 3458 2122 et
3479 2071 3823 2140 maculatam,
3843 2089 3942 2128 nec

2340 2151 2482 2218 ejieit
2507 2167 2624 2204 eam
2653 2167 2684 2206 e
2711 2152 2948 2208 thalamo
2968 2196 2983 2220 ,
3017 2171 3114 2210 nec
3143 2157 3415 2226 abrumpit
3453 2175 3623 2214 nexus
3660 2162 3892 2233 conjugii
3920 2182 3938 2229 ;

2341 2241 2434 2294 sed
2461 2243 2660 2296 mavult
2689 2259 2806 2298 eam
2832 2261 3023 2302 curare
3047 2289 3060 2308 ,
3092 2257 3147 2302 et
3172 2249 3424 2303 remediis
3449 2252 3736 2320 corrigere.
3765 2256 3938 2321 Quam

2342 2331 2490 2386 multi
2519 2333 2682 2397 enim,
2712 2350 2914 2402 qua-so,
2945 2347 3065 2404 post
3103 2348 3377 2406 acceptam
3418 2339 3576 2394 ﬁdem
3625 2343 3676 2394 in
3722 2355 3938 2410 peccata

2341 2422 2533 2490 relapsi
2561 2429 2722 2478 sunt?
2751 2442 2847 2479 nec
2876 2436 3051 2480 tamen
3089 2444 3182 2482 eos
3219 2430 3288 2480 oh
3325 2429 3426 2484 hoc
3466 2431 3681 2485 fastidiit
3715 2453 3727 2486 2
3763 2438 3942 2503 qualis

2339 2515 2436 2568 fuit
2463 2516 2656 2585 illeqni
2682 2517 2820 2584 apud
2841 2517 3147 2573 Corinthios
3169 2531 3410 2589 stuprum
3425 2530 3789 2589 commiserat,
3810 2540 3936 2579 cum

2337 2616 2479 2660 esset
2521 2609 2818 2662 membrum
2862 2609 3150 2675 Ecclesi:t-;
3185 2615 3526 2668 nihilominus
3558 2634 3662 2669 non
3694 2621 3937 2672 cxci~um

2338 2707 2420 2750 est
2453 2697 2499 2750 id
2534 2699 2855 2761 meinhrum,
2888 2701 2983 2754 sed
3013 2703 3225 2756 sanitati
3259 2705 3546 2758 redditum.
3575 2707 3712 2774 Quin
3743 2719 3796 2762 et
3825 2708 3937 2764 Ga-

2340 2789 2564 2842 latarum
2615 2789 2850 2845 Ecelesia
2894 2792 3141 2846 universa
3185 2794 3390 2857 resiliit,
3421 2811 3472 2850 et
3507 2797 3556 2848 in
3597 2796 3932 2854 Judaismum

2338 2878 2481 2946 lapsa
2515 2889 2617 2942 est,
2641 2889 2876 2934 attamen
2913 2897 2979 2934 ne
3008 2882 3151 2936 illam
3179 2885 3396 2952 quidem
3425 2887 3637 2955 repulit,
3665 2891 3754 2941 scd
3782 2904 3938 2944 cura-

2337 2978 2442 3022 tam
2473 2968 2620 3023 Pauli
2647 2985 2807 3046 opera
2832 2970 2896 3025 ad
2923 2973 3198 3040 pristinam
3226 2975 3441 3030 reduxit
3465 2979 3933 3035 consuetudinem.

2334 3060 2795 3126 Quemadmodum
2839 3074 2893 3118 et
2937 3065 2986 3118 in
3039 3068 3237 3120 nostris
3267 3070 3586 3137 corp-ribus
3625 3072 3670 3124 si
3718 3075 3938 3128 morbus

2333 3152 2608 3218 acciderit,
2643 3168 2748 3208 non
2786 3156 3085 3209 membrum
3128 3157 3515 3223 abscindimns,
3558 3162 3652 3215 sed
3687 3164 3936 3219 morbum

2333 3242 2580 3314 pellimus
2609 3261 2623 3297 :
2655 3243 2732 3299 sic
2769 3255 2820 3300 et
2859 3261 2978 3299 eum
3025 3262 3191 3301 uxore
3237 3250 3500 3318 agendum
3539 3262 3642 3305 est.
3691 3253 3747 3306 Si
3790 3256 3934 3324 quod

2337 3333 2460 3386 insit
2498 3335 2544 3387 ei
2576 3335 2778 3392 vitium.
2811 3351 2878 3389 ne
2929 3339 3095 3404 ipsam
3140 3337 3341 3405 ejicias,
3374 3339 3469 3394 sed
3500 3341 3682 3395 vitium
3711 3345 3931 3413 ahigito.

2334 3425 2492 3494 Atqui
2523 3440 2656 3478 uxor
2674 3426 2890 3494 quidem
2913 3427 3184 3481 emendari
3211 3440 3406 3497 potest,
3431 3433 3731 3485 niemhrum
3754 3446 3936 3489 autem

2337 3517 2580 3571 nmtilum
2598 3533 2788 3572 curare
2807 3533 2951 3587 saepe
2970 3528 3053 3573 est
3074 3522 3435 3588 impossibile;
3467 3533 3521 3577 et
3547 3535 3724 3581 tamen
3747 3544 3935 3596 quam-

2335 3609 2413 3660 vis
2443 3610 2671 3663 sciamus
2716 3609 2767 3662 id
2813 3611 3102 3665 incurabile
3127 3655 3140 3675 ,
3185 3629 3252 3666 ne
3295 3616 3371 3669 sic
3413 3617 3626 3683 quidem
3668 3621 3932 3673 rescindi-

2336 3713 2454 3752 mus
2483 3716 2496 3750 :
2527 3700 2620 3752 sed
2648 3715 2768 3753 cum
2797 3701 2932 3755 alius
2965 3702 3159 3769 loripes
3184 3745 3196 3765 ,
3231 3705 3367 3756 alius
3392 3721 3455 3759 ex
3484 3722 3643 3761 crure
3684 3708 3934 3763 laborans

2334 3788 2616 3854 claudicet,
2647 3791 2782 3844 alius
2811 3807 3025 3844 manum
3056 3794 3259 3848 aridam
3287 3805 3342 3849 et
3367 3808 3665 3851 emortuam
3694 3801 3932 3854 circum-

2337 3878 2469 3932 ferat
2489 3921 2505 3945 ,
2533 3880 2668 3935 alius
2695 3881 2908 3937 oculum
2940 3884 3140 3937 lumine
3171 3888 3361 3940 orbant
3388 3928 3403 3952 ,
3442 3905 3601 3942 nemo
3631 3901 3810 3945 tamen
3839 3910 3933 3946 eo-

2336 3986 2453 4023 rmn
2497 3974 2708 4025 oculum
2757 3985 2845 4027 aut
2900 3990 3149 4042 manum,
3192 3987 3283 4032 aut
3326 3993 3450 4033 crus
3496 3981 3791 4051 pedemque
3819 3989 3934 4038 vult

2333 4061 2579 4116 amittere
2596 4079 2608 4113 :
2625 4072 2678 4117 et
2701 4065 2941 4133 quamvis
2963 4068 3069 4119 sint
3095 4068 3318 4134 inutilia,
3341 4072 3653 4139 est-terisque
3675 4074 3935 4129 membris

2333 4151 2570 4207 dedecus
2612 4154 2877 4221 aderant,
2926 4165 3101 4211 tamen
3144 4159 3326 4211 innato
3368 4161 3599 4228 quodam
3647 4162 3837 4216 allecto
3875 4177 3934 4217 ut

2336 4253 2539 4312 partem
2587 4244 2828 4316 ejusdem
2874 4249 3118 4316 corporis
3157 4265 3220 4303 ea
3260 4251 3656 4320 prosequimur.
3698 4255 3777 4306 An
3820 4271 3931 4309 non

2336 4337 2493 4406 igitur
2517 4337 2806 4392 absurdum
2836 4337 3013 4400 fuerit,
3045 4341 3132 4394 ubi
3166 4341 3311 4394 nulla
3337 4351 3582 4410 speratur
3611 4342 3808 4398 utilitas
3834 4359 3937 4400 aut

2334 4431 2596 4484 correctio
2617 4471 2632 4495 ,
2675 4439 2875 4484 tantam
2905 4431 3162 4487 adhibere
3190 4434 3648 4489 sollicitudinem:
3681 4438 3769 4491 uhi
3800 4453 3937 4490 rei-o

2337 4521 2472 4575 bona
2499 4537 2623 4590 spes
2645 4532 2888 4593 superest
2911 4534 2963 4578 et
2995 4523 3165 4578 facilis
3197 4526 3440 4589 mutatio,
3469 4526 3669 4581 nullam
3701 4529 3930 4584 medici-

2337 4628 2457 4665 nam
2490 4610 2705 4668 t‘acere?
2735 4614 2864 4667 Nam
2895 4616 3070 4670 innata
3099 4616 3222 4669 vitia
3247 4617 3408 4670 nullis
3427 4618 3624 4672 cedunt
3651 4620 3932 4685 remediis,

2336 4706 2578 4758 voluntas
2602 4715 2778 4760 autem
2805 4707 3088 4776 depravata
3124 4719 3297 4776 potest
3321 4710 3535 4778 corrigi.

2407 4798 2459 4852 5.
2488 4797 2640 4863 Quod
2662 4799 2707 4851 si
2735 4807 2878 4852 tuam
2900 4815 3119 4854 uxorem
3151 4811 3270 4869 pust
3291 4800 3524 4854 adhibita
3549 4803 3715 4856 multa
3747 4821 3932 4858 remi--

2332 4889 2419 4942 dia
2465 4903 2628 4958 neges
2668 4888 2983 4953 curabilem,
3021 4902 3072 4943 ut
3119 4906 3240 4958 qua:
3274 4891 3540 4945 obstinate
3584 4909 3761 4946 mores
3800 4911 3936 4947 suos

2335 4981 2597 5044 retineat,
2628 4994 2696 5035 ne
2728 4989 2836 5033 tum
2865 4980 3078 5049 quidem
3109 4980 3398 5050 alilegaoda
3426 4993 3507 5035 est
3537 5001 3548 5033 :
3581 4999 3755 5053 neque
3781 4987 3931 5037 enim

2336 5071 2632 5127 membrum
2684 5071 2977 5125 incurabile
3024 5071 3332 5126 recidimus.
3387 5073 3482 5127 Est
3519 5084 3700 5128 autem
3730 5084 3783 5128 et
3813 5076 3935 5129 hac

2337 5179 2458 5235 pars
2510 5165 2584 5218 tui
2623 5165 2865 5234 corporis
2897 5182 2913 5218 :
2945 5163 3144 5218 dictum
3192 5175 3276 5218 est
3322 5166 3462 5219 enim
3493 5182 3506 5218 :
3543 5164 3706 5218 Erunt
3736 5165 3838 5219 duo
3878 5169 3934 5220 iu

2333 5274 2483 5314 eam
2507 5277 2608 5314 una
2636 5259 2786 5334 (Gen.
2818 5261 2873 5314 2.
2900 5260 3018 5331 Si).
3054 5259 3119 5313 Et
3143 5259 3441 5314 membrum
3466 5260 3680 5328 quidem
3709 5276 3937 5317 curasse

2335 5351 2536 5404 nulloin
2578 5367 2757 5420 operas
2803 5353 3031 5421 pretium
3077 5352 3253 5415 luerit,
3282 5352 3326 5405 si
3352 5367 3420 5406 ex
3448 5352 3755 5408 inﬁrmitate
3785 5355 3936 5409 iusa-

2335 5442 2512 5496 nabile
2538 5452 2780 5508 maneat;
2813 5451 2998 5496 contra
3037 5442 3218 5497 uxoris
3244 5442 3374 5496 vitio
3411 5445 3454 5497 si
3506 5444 3770 5499 medearis
3793 5483 3810 5510 ,
3860 5443 3933 5499 li.

2333 5543 2418 5588 cet
2455 5532 2749 5587 insanabile
2787 5543 3017 5590 maneat.
3065 5548 3314 5603 magnum
3353 5535 3444 5588 tibi
3483 5536 3808 5603 propositum
3847 5548 3938 5590 est

2337 5625 2635 5694 praemium,
2662 5624 2704 5678 si
2744 5640 2860 5680 eam
2883 5625 3126 5681 docueris
3161 5635 3214 5679 et
3241 5625 3552 5680 institueris.
3580 5626 3938 5692 Quantnmvis

2334 5717 2476 5770 enim
2508 5722 2699 5769 hostra
2743 5718 2811 5770 sit
2857 5735 3030 5771 omms
3076 5718 3351 5787 disciplina
3395 5728 3448 5772 ct
3487 5718 3766 5784 institutio,
3799 5721 3934 5777 tole-

2339 5813 2507 5869 rantia
2558 5822 2734 5866 tamen
2788 5821 2873 5864 tua
2929 5811 3170 5867 mercede
3215 5812 3468 5866 duinitus
3512 5813 3773 5881 promissa
3826 5830 3938 5869 non
