4228 6298
333 359 456 415 ‘89

346 474 717 543 hustnhitur,
739 475 882 546 quod
911 485 1129 546 propter
1154 474 1245 531 Dei
1278 476 1523 531 timorem
1554 483 1760 529 tantum
1787 472 1955 527 mole.

344 574 574 621 stiarum
592 568 932 632 sustinueris,
948 576 1003 622 et
1026 583 1293 623 morosum
1316 566 1569 622 feminam
1589 581 1746 638 aequo
1771 572 1952 620 animo

347 658 559 724 tuleris,
590 669 646 714 et
673 660 973 715 membrum
1005 669 1151 716 tuum
1180 668 1491 716 constanter
1514 658 1821 729 pertuleris.
1855 658 1955 714 Est

346 752 496 806 enim
542 768 679 808 uxor
722 753 1023 808 membrum
1061 764 1302 809 nostrum
1342 752 1735 817 necessarium;
1766 763 1822 807 et
1851 751 1954 807 hoc

349 844 696 909 potissimum
723 845 937 900 nomine
965 845 1191 902 debetur
1214 846 1262 900 ei
1294 845 1683 901 benevolentia.
1713 843 1867 910 Quod
1898 854 1954 899 ct

347 932 551 988 Paulus
578 934 661 988 bis
689 934 865 990 verbis
892 937 1131 1007 praecipit
1150 955 1163 989 :
1185 935 1277 992 Sic
1306 936 1483 991 debent
1507 936 1601 990 tiri
1628 952 1748 989 suas
1770 950 1953 989 uxores

344 1025 565 1096 diligere
613 1029 742 1081 sicut
785 1030 994 1098 propria
1035 1044 1275 1098 corpora.
1322 1026 1489 1082 Nemo
1533 1028 1670 1083 enim
1716 1042 1952 1098 umquam

342 1133 495 1171 suam
514 1134 720 1172 carnem
746 1120 864 1173 odio
885 1120 1079 1188 habuit,
1102 1122 1190 1175 sed
1220 1122 1375 1175 nutrit
1404 1131 1451 1175 et
1479 1125 1614 1193 fovet
1640 1120 1805 1185 illaut,
1825 1121 1952 1174 sicut

345 1216 398 1261 et
439 1206 673 1262 Christus
704 1208 1018 1276 Ecclesium,
1053 1212 1294 1281 quoniam
1338 1212 1560 1265 membra
1592 1220 1768 1267 sumus
1806 1213 1951 1282 ejus-

343 1298 465 1353 dem
495 1301 743 1371 corporis,
768 1317 834 1355 ea:
855 1318 1007 1357 came
1029 1302 1143 1373 ejus
1178 1312 1227 1357 et
1255 1303 1452 1358 ossibus
1465 1295 1981 1373 ejus(Ep.5.28-50).

423 1395 659 1449 Ecclesia
688 1412 804 1450 cum
837 1394 943 1447 Eva
973 1393 1182 1447 collata.
1203 1421 1278 1431 —
1300 1389 1565 1462 [Magnum
1596 1387 1680 1440 hic
1707 1385 1954 1441 subindi-

348 1485 499 1538 cavit
533 1485 845 1557 mysgerium
867 1524 885 1548 ,
914 1482 1133 1544 dicens,
1164 1480 1248 1534 Ea:
1282 1480 1516 1533 carnibus
1554 1480 1663 1549 ejus
1691 1486 1737 1531 et
1762 1478 1968 1545 ossibus.

350 1578 465 1647 ejus
496 1574 622 1649 (α).]
658 1574 808 1631 Sicut
845 1576 988 1629 enim
1033 1575 1161 1634 Eva,
1199 1572 1389 1641 inquit,
1435 1586 1501 1624 ex
1550 1570 1718 1623 latere
1766 1568 1957 1623 Adami

354 1669 575 1740 prodiit,
609 1670 682 1723 ita
708 1678 763 1724 et
791 1684 890 1722 nos
920 1682 952 1722 e
977 1666 1175 1722 Christi
1205 1666 1392 1720 latere.
1424 1662 1535 1717 Hoc
1559 1662 1702 1716 enim
1730 1670 1840 1725 est,
1874 1659 1960 1715 Ea:

354 1778 513 1817 carne
536 1763 647 1833 ejus
668 1770 715 1816 et
739 1762 936 1816 ossibus
964 1762 1075 1830 ejus
1102 1758 1252 1832 (Gen.
1274 1758 1333 1814 2.
1355 1758 1471 1827 21).
1506 1757 1610 1811 Sed
1644 1756 1810 1811 Evam
1840 1756 1959 1824 qui-

352 1854 482 1911 dem
506 1869 539 1910 e
568 1855 735 1910 latere
765 1853 955 1907 Adami
985 1860 1296 1923 prognatam
1326 1851 1528 1905 scimus
1554 1863 1775 1912 omnes,
1804 1858 1858 1902 et
1881 1846 1964 1901 di—

354 1956 506 2003 certe
533 1945 636 2001 hoc
666 1947 719 2001 in
748 1945 1025 2016 Scriptura
1053 1945 1263 2016 legitur,
1285 1943 1427 2013 quod
1450 1941 1734 1997 immiserit
1762 1942 1813 1995 in
1836 1956 1958 1995 eum

354 2054 646 2109 soporem,
685 2048 742 2094 et
770 2050 1018 2108 exempta
1047 2053 1150 2092 una
1181 2053 1212 2092 e
1256 2040 1424 2092 costis
1463 2036 1580 2105 ejus
1617 2036 1962 2091 :ndilicavorit

358 2131 640 2186 mulierem
669 2149 683 2186 :
715 2130 858 2202 quod
885 2140 1063 2186 autem
1094 2129 1332 2185 Ecclesia
1362 2144 1393 2183 e
1423 2127 1618 2184 Christi
1649 2128 1815 2181 latere
1846 2136 1961 2180 orta

357 2223 453 2289 sit,
491 2222 756 2278 undensm
796 2222 1005 2277 discere
1054 2220 1370 2291 posSumus?
1416 2219 1527 2274 lloc
1568 2234 1781 2290 quoque
1821 2217 1967 2272 Scri-

360 2324 518 2384 ptura
567 2313 785 2370 indicat.
843 2314 1132 2384 Postquam
1180 2313 1325 2367 enim
1372 2312 1618 2366 Christus
1656 2312 1707 2363 in
1748 2325 1963 2363 crucem

360 2406 605 2461 sublatus
629 2415 679 2461 et
712 2404 903 2460 afﬁxus
927 2404 1254 2476 exspiravit,
1284 2403 1541 2457 Accedens
1580 2418 1710 2455 unus
1747 2400 1965 2454 militum

360 2499 581 2567 pupugit
606 2496 740 2550 latus
766 2497 925 2563 illius,
960 2507 1009 2550 et
1037 2496 1158 2551 exiit
1187 2495 1306 2549 inde
1323 2496 1533 2566 sanguis
1555 2504 1600 2547 et
1621 2510 1753 2564 aqua
1783 2492 1963 2561 (Jama.

364 2588 454 2645 i9.
486 2589 582 2660 3i)
616 2606 629 2642 :
661 2597 718 2643 et
745 2604 809 2644 ex
840 2589 927 2642 illa
953 2603 1091 2659 aqua
1114 2598 1169 2643 et
1196 2588 1455 2657 sanguine
1482 2596 1589 2640 tota
1620 2594 1832 2640 constat
1862 2585 1966 2638 Ec-

361 2682 550 2739 clesia.
581 2682 759 2738 Testis
787 2691 871 2737 est
901 2682 1015 2752 ipse
1040 2682 1227 2736 dicens
1254 2698 1268 2735 :
1295 2678 1415 2733 Nisi
1440 2680 1553 2757 qugs
1581 2688 1787 2732 renatus
1816 2677 1970 2748 fuerit

361 2790 427 2829 α
451 2789 586 2843 aqua
605 2781 652 2826 et
679 2774 885 2843 spiritu,
917 2789 1017 2826 non
1046 2782 1209 2843 potest
1236 2772 1447 2825 introire
1480 2771 1532 2823 in
1567 2786 1779 2840 regnum
1816 2769 1967 2821 cario-

360 2883 480 2920 rum
524 2867 543 2939 (
563 2867 719 2920 Joan.
754 2868 807 2922 3.
842 2866 919 2934 5)
950 2884 963 2919 :
996 2866 1311 2936 sanguinem
1340 2872 1518 2919 autem
1547 2862 1779 2932 appellat
1806 2861 1968 2931 spiri—

364 2968 499 3012 tum.
554 2957 620 3011 Et
666 2957 937 3011 nascimur
974 2956 1190 3026 quidem
1235 2971 1329 3025 per
1371 2969 1563 3025 aquan.
1612 2952 1969 3021 baptismatis,

363 3049 560 3103 alimur
587 3056 764 3103 autem
798 3064 893 3118 per
919 3048 1255 3117 sanguinem.
1302 3045 1466 3105 Vides
1504 3044 1776 3115 quomodo
1802 3043 1971 3096 simus

363 3158 433 3197 ex
462 3156 625 3196 carne
654 3140 792 3210 ejus,
825 3150 881 3195 et
908 3156 974 3196 ex
1001 3140 1213 3195 ossibus
1254 3138 1390 3209 ejus,
1434 3139 1561 3192 dum
1605 3153 1669 3191 ex
1712 3135 1972 3205 sanguine

366 3232 459 3286 illo
483 3241 539 3286 et
564 3246 699 3300 aqua
729 3239 839 3285 tum
869 3231 1139 3285 nascimur
1159 3271 1173 3293 ,
1204 3232 1315 3283 tum
1341 3227 1570 3282 alimur?
1618 3226 1686 3279 Et
1713 3224 1972 3295 quetnad-

367 3324 585 3380 modum
608 3323 815 3377 Adamo
831 3322 1135 3377 dormiente
1157 3320 1350 3375 mulier
1367 3328 1449 3374 est
1469 3320 1703 3381 condita,
1729 3318 1804 3371 sic
1826 3315 1966 3369 Chri-

365 3422 451 3470 sto
478 3424 692 3469 mortuo
718 3412 852 3468 facta
889 3424 971 3467 est
1007 3411 1244 3469 Ecclesia
1276 3426 1344 3467 ex
1380 3410 1496 3481 ejus
1524 3410 1715 3466 latere.
1756 3408 1866 3462 Nrc
1904 3408 1974 3460 oh

369 3506 483 3559 lucc
522 3512 725 3559 tantum
766 3504 995 3558 amanda
1034 3512 1119 3557 est
1154 3518 1312 3570 uxor,
1348 3500 1491 3572 quod
1531 3500 1833 3554 membrum
1873 3517 1971 3553 llu-

367 3606 537 3651 strnm
576 3605 689 3661 est,
736 3606 791 3650 et
834 3612 903 3649 ex
951 3594 1107 3649 nobis
1151 3593 1412 3663 originem
1463 3592 1668 3657 habuit,
1712 3589 1805 3645 sed
1852 3591 1973 3657 quia

369 3689 540 3759 legem
570 3689 731 3742 etiam
761 3703 927 3757 super
950 3687 1051 3742 hoc
1084 3687 1221 3741 Deus
1248 3687 1452 3752 statuit,
1488 3685 1566 3739 sic
1594 3684 1800 3747 dicens,
1840 3681 1975 3735 Pro-

371 3791 542 3848 pterea
568 3779 816 3846 relinquet
844 3778 994 3831 homo
1024 3786 1219 3849 patrem
1256 3793 1405 3831 suum
1441 3785 1488 3830 et
1516 3786 1726 3827 matrem
1748 3816 1763 3839 ,
1796 3784 1841 3827 et
1882 3774 1976 3826 ad-

368 3872 577 3925 haerebit
607 3872 754 3925 uxori
779 3886 919 3936 suae,
952 3880 999 3923 et
1029 3880 1175 3923 erunt
1203 3869 1306 3923 duo
1329 3870 1383 3922 in
1407 3885 1559 3921 carne
1590 3884 1689 3919 una
1719 3868 1737 3939 (
1761 3866 1888 3921 Gen.
1918 3867 1974 3919 2.

368 3961 483 4034 24).
509 3962 642 4016 Nam
663 3961 784 4017 ideo
801 3961 956 4015 nobis
978 3960 1114 4014 hanc
1146 3962 1313 4032 legem
1346 3959 1544 4015 Paulus
1566 3960 1781 4028 legit,ut
1803 3959 1976 4011 modis

368 4052 623 4107 onmihus
652 4066 751 4107 nos
775 4051 840 4106 ad
874 4052 1016 4106 hunc
1039 4066 1277 4106 amorem
1310 4051 1676 4120 compelleret.
1730 4050 1822 4104 llic
1846 4050 1975 4103 tnihi

368 4143 653 4198 considera
694 4142 1012 4211 sapientiam
1061 4142 1460 4210 apostolicam:
1500 4155 1606 4195 non
1653 4140 1796 4194 enim
1848 4140 1978 4193 solis

370 4235 568 4290 divinis
588 4244 679 4287 aut
704 4234 832 4289 solis
855 4233 1103 4288 humanis
1130 4233 1333 4303 legibus
1364 4248 1461 4288 nos
1492 4232 1692 4286 inducit
1712 4230 1779 4285 ad
1802 4247 1978 4285 aman-

371 4325 469 4381 das
498 4326 779 4394 coniuges,
808 4323 901 4379 sed
930 4324 1137 4378 mixtim
1167 4324 1407 4393 utrisque
1442 4343 1454 4377 :
1488 4334 1544 4377 ut
1574 4323 1831 4379 sublimes
1859 4324 1980 4391 qui-

372 4417 499 4472 dem
525 4417 625 4471 viri
649 4432 711 4469 ac
737 4414 1090 4486 philosophici
1114 4414 1283 4485 magis
1308 4423 1623 4470 moveantur
1648 4414 1976 4480 eazlestibus,

373 4508 619 4564 inlirmos
656 4518 838 4562 autent
883 4517 937 4563 et
979 4507 1210 4562 httmiles
1258 4507 1499 4561 naturale
1543 4507 1745 4560 amoris
1792 4506 1981 4559 incita-

374 4611 615 4657 mentum
643 4601 812 4671 magis
841 4612 1071 4656 moveat.
1122 4599 1247 4656 Ideo
1274 4602 1503 4670 primum
1532 4616 1559 4654 a
1586 4601 1783 4655 Christi
1816 4601 1981 4654 bene—

374 4692 511 4748 ﬁciis
538 4692 840 4748 doctrinam
872 4695 1008 4748 banc
1038 4694 1220 4762 incipit
1250 4694 1327 4747 sic
1354 4693 1537 4747 dicens
1558 4734 1573 4758 ,
1613 4691 1818 4762 Diligite
1853 4709 1981 4744 uxo-

374 4804 456 4840 res
484 4796 673 4840 vestras
693 4827 707 4848 ,
738 4786 869 4839 sicut
893 4798 939 4839 et
966 4787 1195 4841 Christus
1225 4788 1403 4841 dilexit
1428 4786 1714 4839 Ecclesium
1746 4787 1761 4856 (
1787 4786 1976 4855 [ip/res.

374 4881 430 4934 5.
486 4877 605 4947 25);
662 4879 856 4933 deinde
906 4896 1090 4933 rursus
1145 4880 1283 4933 illem
1329 4880 1437 4949 agit
1487 4878 1733 4932 buman's
1762 4878 1979 4930 rationi-

377 4968 478 5023 bus
513 4986 525 5021 :
560 4969 650 5023 Sic
676 4969 853 5023 debent
886 4970 979 5022 viri
1012 4987 1130 5023 suas
1156 4987 1340 5023 uxores
1378 4970 1607 5037 diligere,
1636 4978 1690 5021 ut
1718 4985 1811 5020 sua
1840 4970 1977 5037 ipso-

374 5076 492 5113 rum
513 5076 728 5129 corpora
759 5059 977 5129 (Ep/tes.
1006 5062 1059 5115 5.
1090 5059 1205 5129 28),
1250 5060 1444 5113 deinde
1484 5076 1693 5113 rursum
1733 5060 1797 5113 ad
1827 5059 1982 5113 Citri-

376 5162 521 5208 stum
555 5154 831 5206 revertitur
873 5172 884 5208 :
917 5153 1167 5219 Quoniam
1200 5152 1419 5205 membra
1458 5169 1635 5205 sumus
1672 5168 1733 5204 ea:
1770 5167 1983 5219 corpore

377 5248 512 5316 ejus,
541 5255 588 5298 et
611 5262 674 5297 ex
699 5261 849 5297 came
876 5247 1005 5313 ejus,
1030 5254 1077 5296 ct
1103 5262 1164 5298 ex
1190 5246 1299 5315 ejus
1322 5246 1517 5297 ossibus
1544 5242 1653 5311 (Ib.
1688 5259 1734 5296 υ.
1760 5243 1873 5311 50);
1918 5259 1981 5297 ac

378 5352 593 5392 rursum
636 5337 699 5391 ad
742 5336 1001 5390 lnnnanas
1036 5337 1268 5390 rationes
1300 5337 1467 5399 redit,
1505 5335 1780 5403 PrOpterca
1824 5336 1979 5387 rclm-

377 5438 497 5496 quet
530 5429 679 5481 homo
704 5437 897 5499 putrem
934 5444 1078 5480 suum
1120 5438 1163 5481 et
1200 5437 1431 5493 matrem,
1461 5437 1509 5480 et
1533 5426 1805 5479 udlta'rebit
1834 5426 1979 5478 uxori

381 5534 490 5573 sua:
516 5516 625 5589 (Ib.
653 5534 698 5571 ν.
729 5519 843 5586 51);
877 5520 1115 5586 [uitaque
1144 5519 1241 5571 hac
1270 5521 1382 5589 lego
1412 5538 1422 5572 :
1451 5518 1768 5587 Mysterium,
1791 5518 1975 5586 inquit,

374 5611 466 5660 huc
503 5628 743 5680 magnum
772 5625 845 5665 est
883 5612 1067 5679 (Ibid.
1126 5635 1171 5674 r.
1205 5621 1319 5693 52).

438 5719 508 5797 (τι)
548 5727 795 5797 ῃςςςιφιτε
823 5725 1005 5771 uncinis
1031 5726 1337 5789 clauduntur,
1363 5744 1455 5779 non
1481 5738 1591 5781 sunt
1618 5734 1665 5783 in
1690 5743 1977 5797 (triumscu

376 5782 440 5830 Ita
464 5781 587 5844 legit
614 5788 875 5847 luterprcs.

1324 360 1600 432 QUALES
1641 356 1994 415 DUCENDE
2034 358 2187 416 SINT
2228 362 2523 423 UXORES.
2569 367 2655 421 lll.

3560 363 3667 423 250

2135 467 2443 525 Parentibus
2470 472 2792 542 praeferenda
2820 488 2968 526 uxor.
2998 502 3065 512 ——
3094 472 3376 542 Quomodo
3414 494 3667 550 magnum

2062 569 2171 625 est,
2201 560 2289 616 dic
2327 562 2457 616 mihi
2485 563 2508 616 'l
2547 562 2700 628 Quod
2733 563 2879 633 virgo
2904 576 3175 619 asscrvata
3206 568 3353 621 omni
3384 579 3629 639 tempore
3653 613 3669 637 ,

2062 666 2324 721 sponsum
2369 670 2662 725 numquam
2707 667 2834 711 ante
2862 657 3032 711 visum
3065 674 3188 713 mox
3218 675 3247 713 a
3276 660 3444 730 prima
3474 662 3564 720 die
3590 664 3671 721 sic

2063 742 2367 808 desiderat,
2394 754 2449 800 et
2476 757 2621 799 amat
2649 757 2921 819 tamquam
2952 764 3149 819 corpus
3192 751 3466 820 proprium
3499 772 3513 807 :
3544 770 3668 809 rur—

2066 850 2184 888 sum
2217 835 2300 890 vir
2320 851 2480 905 quam
2504 853 2795 909 numquam
2824 839 2989 907 vidit,
3025 857 3317 912 numquam
3362 846 3673 916 alloqnutns

2064 935 2181 991 est,
2231 942 2353 981 mox
2393 943 2424 982 a
2468 930 2639 999 prima
2681 929 2769 985 die
2801 929 3017 1000 prmfert
3044 935 3256 990 caeteris
3279 938 3569 1003 omnibus,
3617 950 3673 995 et

2063 1018 2250 1072 amicis
2277 1030 2331 1074 et
2363 1020 2713 1079 latitiliaribus
2734 1063 2748 1087 ,
2783 1021 3015 1093 denique
3045 1024 3177 1095 ipsis
3204 1028 3533 1095 parentibus.
3565 1028 3671 1083 Pa-

2066 1118 2247 1165 rentes
2276 1110 2438 1177 item,
2470 1111 2519 1191 si
2543 1127 2639 1181 per
2668 1114 2825 1168 aliam
2858 1130 3074 1170 causam
3101 1116 3374 1174 auferatur
3394 1122 3476 1175 eis
3504 1135 3671 1189 pet-u-

2065 1201 2183 1265 nia,
2212 1201 2460 1257 dolenter
2488 1192 2667 1259 ferunt
2690 1247 2705 1271 ,
2754 1217 2809 1261 et
2837 1207 2889 1261 in
2910 1208 3001 1278 jus
3029 1208 3248 1264 trahunt
3273 1227 3397 1266 eum
3425 1212 3514 1282 qui
3541 1212 3669 1269 abs-

2067 1293 2185 1351 tulit
2218 1311 2232 1349 :
2265 1293 2466 1348 homini
2507 1305 2687 1352 autem
2741 1313 2887 1368 saepe
2942 1315 3233 1370 numquam
3285 1312 3412 1358 ante
3463 1304 3578 1360 viso
3618 1314 3675 1359 et

2066 1383 2248 1453 ignoto
2273 1385 2436 1439 etiam
2466 1386 2648 1442 dotem
2696 1403 2798 1442 una
2830 1397 2959 1442 cum
2986 1390 3092 1445 lilia
3121 1392 3443 1450 luculentam
3474 1396 3527 1449 in
3554 1412 3673 1451 ma-

2066 1492 2168 1532 nus
2194 1475 2343 1531 dant.
2398 1476 2561 1549 quue
2607 1479 2835 1535 libenter
2879 1480 3106 1548 iaciunt,
3149 1498 3325 1554 neque
3370 1499 3430 1541 se
3474 1486 3677 1543 damno

2064 1566 2207 1623 afﬁci
2235 1569 2578 1636 existimant;
2611 1570 2704 1625 scd
2739 1572 2982 1628 videntes
3010 1574 3204 1631 abduci
3226 1576 3395 1632 ﬁliam
3419 1592 3525 1633 non
3557 1596 3674 1641 me-

2069 1660 2344 1715 minerunt
2383 1664 2823 1732 consuetudinis,
2854 1681 2961 1721 non
2984 1666 3197 1734 dolent,
3232 1684 3337 1723 non
3369 1682 3673 1742 anguntur,

2068 1753 2163 1808 sed
2208 1756 2406 1824 gratias
2433 1768 2595 1826 agunt
2626 1758 2844 1827 insuper
2867 1800 2881 1823 ,
2916 1770 2971 1813 et
3000 1776 3112 1815 rem
3162 1762 3454 1830 optabilem
3487 1773 3679 1833 putant

2070 1845 2231 1900 ﬁliam
2260 1864 2291 1901 c
2320 1848 2482 1901 domo
2503 1864 2622 1903 eum
2653 1851 2819 1905 multa
2850 1853 3042 1907 abduci
3077 1855 3321 1923 pecunia.
3365 1855 3490 1911 llmc
3520 1858 3679 1928 igitur

2068 1938 2247 1991 omnia
2298 1940 2493 1994 Paulus
2534 1941 2913 2009 considerans,
2960 1944 3102 2013 quod
3135 1945 3447 2014 parentibus
3476 1950 3678 2003 relictis

2068 2029 2229 2081 ambo
2253 2029 2353 2083 sibi
2387 2032 2585 2083 mutuis
2610 2031 2904 2101 junguntur
2923 2034 3176 2101 nexibus,
3206 2051 3510 2107 novumque
3541 2054 3678 2093 con-

2072 2120 2296 2174 sortium
2328 2121 2587 2190 majorem
2610 2126 2830 2193 antiqua
2852 2128 3245 2183 consuetudine
3276 2129 3383 2183 vim
3406 2131 3637 2201 accipiat
3662 2150 3676 2187 :

2071 2213 2621 2285 animadvertensque
2649 2233 2753 2270 non
2780 2232 2900 2271 esse
2928 2218 3031 2273 hoc
3053 2219 3346 2275 humanum
3378 2224 3673 2292 negotium,

2069 2306 2165 2359 sed
2210 2306 2468 2361 divinitus
2512 2323 2727 2363 amores
2773 2310 2907 2365 tales
2960 2312 3159 2376 inseri,
3195 2322 3251 2368 ut
3275 2324 3456 2384 nupta:
3488 2317 3599 2386 pari
3626 2330 3681 2373 et

2071 2396 2395 2452 tradentium
2425 2409 2478 2452 et
2521 2400 2898 2469 accipientium
2932 2417 3051 2458 cum
3085 2402 3267 2459 laatitia
3297 2404 3578 2465 elocentur
3600 2416 3684 2462 at.

2069 2502 2176 2556 que
2226 2497 2609 2555 assumantur,
2658 2490 2992 2561 Mysterium,
3050 2496 3255 2564 lnquit,
3304 2500 3401 2549 hoc
3442 2515 3681 2570 magnum

2071 2588 2166 2632 est.
2198 2578 2267 2633 Et
2292 2581 2432 2635 sicut
2470 2598 2662 2637 recens
2703 2592 2859 2638 natus
2891 2583 3186 2641 infantulus
3211 2587 3469 2656 adspectu
3499 2591 3679 2644 statim

2072 2678 2327 2737 parentes
2352 2674 2614 2741 agnoscit,
2650 2672 2959 2744 priusquam
3002 2677 3137 2729 sciat
3181 2692 3342 2731 voces
3375 2678 3539 2734 edere
3569 2698 3582 2733 :
3614 2682 3682 2737 ita

2071 2775 2205 2814 sane
2231 2770 2286 2815 et
2307 2776 2536 2830 sponsus
2562 2779 2623 2817 ac
2653 2779 2874 2833 sponsa,
2898 2767 3111 2821 nemine
3134 2778 3437 2839 sequestro,
3470 2774 3686 2829 nemine

2073 2849 2353 2908 hortatore
2374 2894 2388 2918 ,
2420 2855 2593 2923 primo
2622 2855 2801 2909 statim
2851 2855 3111 2926 adspectu
3162 2861 3517 2918 conciliantur
3543 2865 3683 2920 invi-

2071 2960 2214 2999 cem.
2260 2947 2315 3000 ld
2346 2962 2469 3003 cum
2496 2951 2549 3001 in
2602 2948 2819 3003 Christo
2867 2950 3033 3004 etiam
3079 2952 3583 3029 animadvertisset,
3632 2968 3687 3013 et

2074 3040 2376 3108 praesertim
2415 3040 2466 3094 in
2498 3041 2734 3096 Ecclesia
2753 3083 2768 3107 ,
2799 3058 2905 3096 non
2937 3042 3054 3098 sine
3080 3054 3302 3115 stupore
3328 3048 3559 3117 quodam
3582 3050 3682 3105 ad—

2074 3131 2299 3185 miratus
2348 3139 2452 3184 est.
2510 3130 2793 3197 Quomodo
2842 3133 3001 3201 igitur
3028 3134 3077 3188 in
3106 3134 3324 3191 Christo
3354 3148 3410 3193 et
3439 3138 3682 3196 Ecclesia

2074 3223 2214 3277 idem
2245 3222 2509 3294 contigit?
2528 3225 2673 3278 Sicut
2696 3240 2925 3294 sponsus
2945 3226 3133 3281 relicto
3161 3239 3309 3297 patre
3333 3229 3401 3284 ad
3428 3245 3683 3300 sponsam

2078 3323 2359 3385 properat,
2392 3315 2462 3368 ita
2493 3326 2547 3369 et
2578 3315 2823 3371 Christus
2855 3317 3042 3371 relicto
3075 3326 3297 3387 paterno
3328 3321 3463 3375 solio
3484 3364 3499 3387 ,
3542 3325 3688 3377 venit

2074 3407 2142 3461 ad
2187 3422 2442 3476 sponsam
2473 3423 2487 3460 :
2519 3423 2624 3462 non
2670 3424 2770 3464 nos
2813 3410 3056 3464 evocavit
3091 3410 3157 3464 ad
3185 3427 3412 3482 supera,
3445 3414 3539 3469 sed
3571 3414 3686 3484 ipso

2075 3500 2214 3553 ultro
2243 3499 2309 3554 ad
2359 3512 2459 3555 nos
2486 3500 2721 3555 advenit.
2770 3502 2903 3556 Cum
2946 3512 3124 3557 autem
3158 3505 3447 3559 adventura
3496 3507 3686 3573 audis,

2077 3605 2183 3665 nop
2237 3588 2646 3659 migratiOnem,
2701 3592 2795 3646 sed
2846 3596 3348 3665 attemperationem
3396 3597 3681 3669 intelligo:

2076 3696 2202 3735 nam
2244 3682 2405 3736 etiam
2458 3697 2579 3736 cum
2620 3684 2895 3737 nobiscum
2929 3694 3106 3751 esset,
3160 3700 3283 3739 cum
3338 3686 3497 3743 Patre
3545 3700 3683 3745 erat.

2074 3774 2415 3845 Quapropter
2452 3776 2661 3845 inquit:
2695 3776 2999 3848 Mysterium
3040 3780 3134 3833 hoc
3160 3793 3233 3834 est
3273 3798 3535 3853 magnum.
3568 3784 3683 3839 Ma-

2074 3881 2239 3935 gnum
2282 3882 2413 3921 sane
2452 3868 2613 3921 etiam
2648 3868 2787 3938 apud
2816 3870 3095 3934 homines;
3128 3871 3221 3926 sed
3264 3888 3385 3927 cum
3430 3874 3587 3930 video
3631 3876 3686 3932 in

2074 3957 2345 4011 Christum
2372 3974 2585 4028 quoque
2604 3969 2657 4014 et
2686 3960 2983 4016 Ecclesium
3012 3962 3150 4017 idem
3180 3976 3489 4035 competere
3509 4010 3524 4034 ,
3572 3978 3684 4023 tum

2075 4056 2221 4101 certe
2248 4050 2506 4104 miraculo
2539 4038 2837 4106 reireddor
2867 4054 3142 4109 attonitus.
3180 4057 3540 4122 Quamobrem
3559 4076 3703 4119 cum.

2074 4137 2333 4204 dixisset,
2368 4139 2672 4211 Mysterimn
2698 4144 2792 4197 hoc
2839 4156 3076 4216 magnum
3106 4157 3214 4212 est,
3256 4148 3487 4219 subjecit
3512 4167 3635 4205 mox
3673 4173 3683 4205 :

2081 4229 2193 4301 Ego
2217 4243 2385 4287 autem
2412 4236 2526 4288 dico
2544 4236 2598 4289 in
2619 4235 2822 4291 Christo
2849 4240 2967 4293 etin
2993 4239 3225 4295 Ecclesia
3247 4241 3465 4313 (Ephes.
3485 4246 3538 4299 5.
3570 4246 3685 4317 52).

2078 4325 2261 4396 Itaque
2290 4343 2413 4382 cum
2437 4331 2576 4383 scias
2605 4341 2865 4400 quantum
2888 4332 2958 4385 sit
2986 4334 3036 4386 in
3063 4334 3315 4404 conjugio
3341 4339 3683 4408 mysterium,

2075 4426 2131 4472 et
2150 4419 2335 4488 quanti
2360 4420 2525 4489 ﬁgura
2548 4421 2770 4491 negotii,
2800 4437 2907 4476 non
2941 4432 3146 4478 temere
3173 4424 3242 4480 de
3268 4427 3372 4480 hoc
3406 4426 3645 4483 delibera
3667 4471 3681 4492 ,

2078 4524 2250 4581 neque
2271 4514 2528 4568 ducturus
2546 4529 2821 4585 sponsam,
2843 4516 3191 4583 pecuniarum
3209 4518 3575 4574 accessionem
3599 4538 3684 4576 re-

2077 4608 2245 4676 spice.
2278 4605 2393 4659 Non
2426 4605 2568 4659 enim
2598 4606 2922 4672 negotiatio,
2950 4606 3042 4661 sed
3074 4608 3193 4661 vita:
3237 4608 3468 4665 societas
3493 4613 3687 4682 conju-

2076 4702 2221 4771 gium
2250 4698 2667 4755 existimandum
2700 4710 2801 4753 est,

2151 4794 2206 4848 4.
2242 4792 2433 4846 Mulier
2458 4801 2627 4845 creata
2658 4801 2712 4844 ut
2740 4792 3019 4847 aua‘ilietnr
3045 4792 3171 4846 uiro.
3212 4824 3284 4835 —
3322 4794 3516 4850 Multos
3539 4800 3685 4855 enim

2081 4885 2263 4941 audivi
2291 4884 2571 4953 dicentes,
2610 4883 2699 4939 llle
2726 4883 3031 4954 opulentior
3084 4894 3204 4954 post
3250 4889 3465 4956 nuptias
3520 4890 3690 4945 lactus

2083 4987 2201 5044 est,
2230 4994 2353 5033 cum
2385 4978 2572 5033 fuisset
2604 4993 2806 5047 pauper
2834 4990 3026 5039 antea;
3059 4993 3199 5031 lllll‘tC
3229 4980 3388 5032 ducta
3418 4998 3583 5035 uxore
3609 4986 3687 5037 di-

2080 5074 2186 5125 vite
2217 5079 2273 5125 et
2316 5072 2431 5140 ipse
2476 5072 2584 5140 agit
2634 5071 2686 5123 in
2719 5070 2949 5124 deliciis.
2981 5069 3119 5134 Quid
3148 5071 3258 5134 ais,
3296 5071 3435 5127 bone
3464 5075 3592 5128 vir?
3622 5092 3691 5132 ex

2082 5178 2249 5217 uxore
2277 5163 2471 5216 lucrari
2502 5161 2651 5231 cupis
2674 5204 2687 5228 ,
2719 5170 2774 5215 et
2812 5177 2916 5215 non
2966 5161 3241 5217 erubescis
3270 5163 3293 5215 ?
3326 5178 3429 5217 non
3464 5180 3573 5234 pra:
3602 5183 3693 5235 pu-

2080 5256 2212 5309 dore
2238 5256 2338 5308 sub
2365 5263 2561 5309 terram
2594 5263 2644 5309 te
2673 5254 2825 5307 abdis
2860 5254 3045 5307 talium
3086 5254 3355 5308 lucrorum
3387 5266 3649 5324 appetens
3676 5259 3697 5312 ?

2083 5346 2320 5400 hmccine
2350 5354 2475 5397 sunt
2496 5345 2656 5398 verba
2680 5346 2775 5397 viri
2801 5344 2823 5395 ?
2855 5344 3091 5398 Mulieris
3119 5360 3281 5397 unum
3311 5354 3395 5399 est
3415 5346 3651 5401 ofﬁciunt
3679 5392 3693 5415 ,

2082 5450 2139 5492 ut
2166 5448 2313 5508 parta
2337 5437 2623 5504 custodiat,
2657 5446 2717 5491 ut
2740 5446 3024 5491 conservet
3055 5436 3256 5491 reditus
3278 5477 3292 5501 ,
3320 5446 3371 5489 et
3402 5448 3554 5492 curet
3574 5456 3690 5495 rem

2082 5532 2430 5584 domesticam
2461 5550 2472 5583 ;
2506 5546 2626 5583 nam
2668 5528 2871 5583 idcirco
2898 5545 3015 5582 eam
3045 5529 3183 5583 Deus
3214 5528 3389 5593 dedit,
3424 5539 3481 5584 ut
3510 5531 3609 5586 hac
3639 5550 3689 5587 tu

2081 5640 2135 5675 re
2161 5622 2517 5677 etinczetcris
2549 5620 2704 5675 nobis
2731 5621 2801 5674 sit
2826 5620 3043 5673 auxilio.
3090 5621 3351 5686 Quoniam
3396 5621 3539 5676 enim
3586 5623 3691 5677 vita

2083 5719 2113 5769 ιι
2136 5734 2193 5771 re
2229 5725 2406 5771 nostra
2440 5734 2470 5772 e
2502 5716 2706 5771 duobus
2739 5724 2983 5779 constat,
3016 5734 3042 5767 ι)
3071 5716 3227 5769 rebus
3265 5714 3483 5784 privatis
3515 5716 3565 5759 L'l
3587 5720 3689 5775 νυ·
