4228 6298
593 294 686 349 251

600 412 779 475 laticis,
807 425 959 466 suam
989 409 1197 478 utrique
1227 414 1431 477 partem
1463 405 1601 458 Deus
1628 402 1902 469 attribuit,
1949 400 2180 457 femineo

598 500 814 569 quidem
842 500 1026 572 generi
1051 512 1234 557 curam
1260 496 1335 550 rei
1355 493 1665 549 domestic-t3
1684 534 1701 555 .
1723 492 1850 548 viris
1874 502 2051 547 autem
2083 506 2181 545 ne-

596 592 742 659 gotia
790 590 999 660 publica
1019 630 1034 654 ,
1063 585 1292 641 forensia
1313 626 1330 650 ,
1348 583 1548 653 judicia
1574 582 1839 638 senatoria
1856 623 1872 649 ,
1897 580 2142 636 militaria
2161 621 2180 645 ,

598 696 791 741 cii-tera
817 684 1043 751 denique
1064 680 1261 733 omnia.
1290 678 1403 732 Non
1426 684 1601 747 potest
1624 676 1815 731 mulier
1838 674 2044 729 hastam
2074 682 2185 728 tor-

599 790 768 844 qnerc
791 781 883 825 aut
904 770 1127 840 jaculari
1151 768 1443 839 spiculum;
1466 767 1558 822 sed
1585 768 1759 822 colum
1788 772 1963 835 potest
1998 779 2183 813 suime-

602 882 681 930 re,
703 873 757 919 et
786 864 943 918 telam
968 872 1168 927 texere,
1198 858 1255 915 et
1282 872 1473 915 cetera
1496 859 1705 929 negotia
1724 857 2014 913 domestica
2032 856 2181 912 obire

598 954 829 1027 egregie.
858 953 973 1008 Non
1004 960 1179 1023 potest
1204 952 1255 1007 in
1285 960 1471 1005 senatu
1501 950 1817 1005 sententiam
1845 949 2055 1012 dicere;
2085 947 2179 1001 sed

600 1058 773 1118 potest
801 1047 867 1102 de
897 1061 955 1101 re
996 1045 1235 1099 f:uoiliari
1280 1044 1420 1098 ferre
1442 1042 1795 1106 sententiam,
1818 1049 1874 1096 et
1896 1056 2039 1109 saepe
2068 1056 2181 1095 me-

599 1141 700 1193 lius
724 1154 883 1208 quam
914 1137 1133 1191 maritus
1172 1135 1445 1204 prospexit
1484 1134 1645 1189 rebus
1690 1132 2017 1187 domesticis.
2064 1132 2178 1188 Non

600 1239 777 1300 potest
804 1230 1177 1285 administrare
1206 1226 1442 1297 publica;
1476 1226 1569 1281 sed
1600 1225 1818 1294 pulchre
1844 1235 2017 1294 potest
2045 1225 2181 1280 edu-

598 1338 723 1378 care
764 1320 990 1383 liberos,
1035 1333 1154 1389 qua:
1179 1316 1393 1386 quidem
1437 1317 1698 1386 prmcipua
1741 1326 1825 1371 est
1864 1318 2177 1387 possessio:

599 1421 771 1481 potest
798 1409 1105 1464 ancillarum
1134 1406 1411 1463 malefacta
1436 1407 1866 1477 deprehendere,
1899 1419 1952 1462 et
1982 1409 2033 1461 in
2061 1408 2181 1462 offl—

594 1504 681 1557 cio
722 1502 995 1557 continere
1044 1499 1331 1565 familiam,
1386 1499 1517 1553 alias
1560 1504 1872 1554 securitates
1925 1500 2179 1554 exhibere

596 1593 786 1647 sumito
813 1592 1069 1659 illumque
1096 1590 1321 1645 liberare
1347 1589 1724 1653 sollicitudine,
1744 1590 1871 1645 dum
1901 1590 2011 1658 ipsa
2034 1591 2178 1645 dumi

593 1694 744 1739 curat
770 1699 983 1752 penum,
1014 1680 1322 1746 laniﬁcium,
1350 1681 1579 1734 culinam
1602 1722 1615 1743 ,
1645 1680 1894 1735 decorem
1928 1682 2175 1746 vestium,

597 1791 897 1846 ca-teraque
946 1791 1116 1845 neque
1164 1774 1356 1829 decora
1413 1774 1668 1839 maribus,
1702 1789 1871 1843 neque
1897 1772 2102 1839 facilia,
2134 1775 2180 1828 si

593 1868 694 1922 sibi
739 1868 823 1919 illa
850 1880 1108 1933 usurpare
1138 1864 1417 1918 volttrriut.
1451 1864 1539 1916 Est
1564 1864 1705 1919 enim
1746 1874 1800 1918 et
1852 1865 1952 1918 hoc
1987 1865 2180 1917 divina:

597 1957 973 2027 providentiae,
1020 1953 1159 2024 quod
1204 1955 1247 2007 is
1275 1954 1442 2023 quiin
1489 1954 1779 2022 majoribus
1830 1954 2056 2025 negotiis
2099 1965 2180 2009 est

597 2049 741 2102 utilis
760 2088 776 2110 ,
810 2047 860 2101 in
888 2044 1180 2100 minoribus
1224 2043 1487 2111 reperitur
1508 2042 1767 2109 deterior,
1796 2054 1850 2097 ut
1882 2044 2177 2099 necessaria

594 2140 665 2193 sit
693 2138 971 2192 mulierum
1000 2150 1183 2205 opera.
1206 2132 1261 2189 Si
1289 2135 1433 2189 enim
1460 2135 1511 2188 in
1542 2137 1778 2204 utrisque
1802 2136 1881 2188 vir
1905 2134 2181 2205 pmc'le-

596 2242 679 2285 ret
698 2272 713 2294 ,
749 2228 901 2283 facile
924 2235 1357 2282 contemneretur
1375 2240 1543 2294 genus
1570 2224 1855 2279 femineum
1886 2243 1898 2276 :
1924 2239 2108 2280 contra
2136 2226 2178 2278 si

596 2322 649 2374 in
682 2317 1133 2388 pra‘stantioribus
1165 2314 1335 2382 major
1362 2323 1505 2367 esset
1536 2329 1660 2367 usus
1706 2314 2016 2381 mulierum,
2065 2314 2172 2384 ple‘

598 2427 680 2463 nrt:
706 2418 887 2464 essent
917 2406 1213 2461 insolentia.
1265 2404 1620 2472 Quamobrem
1649 2421 1754 2458 non
1792 2406 2060 2459 commisit
2086 2407 2175 2459 uni

597 2508 852 2569 utraque,
885 2514 950 2550 ne
980 2495 1198 2548 alterius
1223 2494 1434 2563 generis
1460 2494 1695 2548 deterior
1746 2496 1900 2551 ﬁeret
1942 2497 2180 2551 conditio

595 2602 652 2645 ut
678 2588 1056 2658 superVacanei
1093 2605 1106 2638 :
1140 2602 1237 2640 nec
1282 2597 1456 2639 tamen
1486 2601 1553 2640 ex
1591 2602 1742 2655 inquo
1768 2586 2038 2641 distribuit
2062 2588 2181 2640 offi-

594 2682 675 2734 cia
696 2720 711 2745 ,
746 2697 813 2734 ue
860 2680 995 2731 inter
1025 2686 1261 2744 aequatos
1299 2674 1501 2730 honore
1531 2678 1765 2730 oriretur
1791 2677 1855 2729 de
1886 2678 2181 2745 priuetpatu

597 2769 896 2833 contentio,
918 2766 1177 2821 uxoribus
1195 2781 1301 2818 non
1328 2766 1663 2835 dignantibus
1682 2766 1811 2818 viris
1838 2766 2181 2836 przrrogativa

600 2860 795 2915 cedere
848 2876 860 2911 :
912 2856 1004 2909 sed
1036 2870 1139 2923 quo
1163 2865 1215 2907 et
1261 2854 1559 2908 Concordiae
1591 2864 1643 2906 et
1684 2856 2184 2923 decuroprosp.cr-

596 2961 710 3017 ret,
740 2951 808 3005 ita
832 2948 1020 3003 ordine
1038 2959 1161 2999 suas
1181 2945 1371 3012 cuique
1391 2937 1865 2997 sexuifunctiones
1880 2944 2177 3009 distribuit,

597 3054 653 3097 ut
698 3040 881 3094 utilior
922 3052 983 3091 ac
1023 3034 1190 3105 magis
1226 3037 1528 3093 necessaria
1556 3048 1677 3103 pars
1703 3034 1821 3089 viro
1843 3035 2140 3105 obtingeret
2164 3075 2183 3103 ,

596 3134 769 3187 minor
807 3136 987 3185 autem
1020 3132 1074 3181 et
1110 3123 1602 3188 lnferiorfeminm;
1631 3134 1685 3179 et
1709 3126 1795 3179 ille
1814 3126 2027 3195 quidem
2059 3143 2187 3195 pro-

596 3235 711 3294 pter
743 3221 1069 3293 praecipuum
1098 3217 1177 3269 sui
1206 3230 1361 3269 usum
1385 3218 1537 3269 lieret
1557 3214 1903 3281 honorabilis,
1929 3217 2043 3271 haec
2062 3232 2186 3270 vero

596 3326 812 3386 propter
844 3313 1027 3366 viliora
1050 3308 1340 3363 ministeria
1364 3317 1547 3362 contra
1576 3308 1855 3380 conjugem
1881 3326 1984 3362 non
2015 3312 2187 3364 insur-

594 3414 763 3476 geret.

666 3496 794 3551 Sola
838 3495 991 3548 uinus
1028 3502 1076 3545 et
1115 3507 1311 3544 morum
1349 3490 1567 3558 probitas
1620 3490 1671 3541 in
1702 3506 1859 3543 uxore
1888 3493 2177 3559 querenda.

600 3588 785 3643 Uxoris
800 3585 967 3639 divitis
984 3581 1519 3638 incommoda.—-—ﬂ:rc
1542 3581 1699 3651 igitur
1726 3598 1909 3636 omnes
1922 3600 2040 3637 eum
2054 3585 2188 3637 scia-

596 3695 735 3744 mus,
766 3693 929 3731 unum
966 3686 1168 3729 tantum
1185 3686 1508 3743 quieramus,
1528 3687 1719 3741 nempe
1738 3674 1983 3726 virtutem
2001 3676 2183 3741 animi,

595 3783 647 3825 irt
676 3785 880 3824 morum
902 3766 1167 3837 egregiam
1190 3763 1333 3817 ind..l
1355 3780 1441 3825 -m,
1465 3772 1521 3815 ut
1539 3778 1665 3831 pace
1685 3764 1941 3829 fruamur,
1965 3775 2018 3817 et
2039 3766 2186 3820 oblc-

598 3872 805 3915 ctemur
830 3856 1113 3911 concordia
1142 3863 1495 3922 perpetuaque
1523 3854 1904 3908 benevolentia.
1925 3856 2022 3921 Qui
2046 3860 2186 3911 enim

596 3953 817 4005 divitem
837 3949 987 4003 duxit
1012 3962 1231 4000 uxorem
1254 3986 1267 4011 ,
1295 3945 1565 4000 dominam
1595 3950 1760 4016 magis
1788 3950 1889 4004 sibi
1915 3951 2183 4018 qumsixit,

597 4058 753 4112 quam
784 4042 1085 4109 conjuge-ni.
1113 4037 1244 4090 Cum
1263 4038 1403 4089 enim
1421 4037 1688 4105 etabsque
1710 4037 1810 4093 hoc
1834 4042 2083 4095 mulieres
2106 4042 2188 4095 in-

600 4133 758 4202 genio
785 4132 1014 4200 superbo
1036 4130 1135 4182 sint
1158 4128 1483 4195 honorisque
1511 4129 1721 4195 cupido.
1753 4128 1797 4181 si
1824 4145 1953 4197 opes
1978 4145 2189 4199 quoque

605 4224 958 4284 accesserint,
998 4218 1267 4290 quomodo
1296 4227 1454 4272 erunt
1485 4219 1689 4272 maritis
1720 4220 2065 4274 tolerabiles?
2090 4221 2189 4289 Qui

604 4323 782 4367 autem
825 4310 1083 4379 aqualem
1122 4307 1311 4371 duxit,
1340 4315 1432 4361 aut
1462 4307 1651 4375 opibus
1678 4307 1777 4361 sibi
1807 4310 2096 4378 imparem,
2128 4311 2192 4364 iis

603 4402 919 4472 adjutrieem
960 4399 1108 4452 duxit
1144 4406 1201 4452 et
1242 4398 1439 4451 sociam
1461 4439 1475 4460 ,
1519 4408 1573 4453 et
1598 4402 1774 4454 omnia
1804 4400 1940 4454 bona
1969 4403 2079 4457 suis
2111 4403 2195 4456 in-

603 4498 757 4549 duxit
800 4481 1022 4547 (edibus.
1078 4488 1192 4559 Ipsa
1244 4490 1385 4543 enim
1437 4492 1762 4559 paupertatis
1804 4496 2097 4550 necessitas
2141 4497 2189 4551 ei

610 4585 890 4656 persttudcl
911 4625 926 4648 ,
961 4596 1013 4636 ut
1044 4582 1291 4635 maritum
1318 4581 1459 4636 eolat
1490 4582 1659 4636 modis
1685 4584 1931 4639 omnibus
1952 4626 1966 4651 ,
1995 4585 2193 4641 cedens

608 4679 682 4732 illi
730 4685 784 4731 et
827 4678 1126 4743 obsequens
1170 4688 1263 4741 per
1301 4674 1479 4727 omnia
1523 4690 1535 4726 :
1574 4673 1755 4743 sicque
1794 4679 2148 4732 contentionis
2175 4720 2190 4745 ,

608 4774 769 4833 i-ixr,
819 4766 1145 4829 insolentias,
1190 4764 1634 4818 contumeliarum
1678 4766 1897 4819 materia
1946 4769 2188 4823 tollitur:

611 4862 754 4929 pacis
780 4868 955 4911 autem
980 4898 995 4921 ,
1022 4856 1342 4921 coiicordiin,
1368 4856 1668 4911 dilectionis
1687 4872 2084 4927 consensusque
2106 4879 2192 4914 ac-

604 4952 747 5007 cedit
799 4948 1083 5003 vinculum.
1134 4947 1243 5001 Pax
1305 4948 1460 5015 igitur
1502 4958 1555 5000 et
1594 4947 1825 5017 jucunda
1865 4953 2193 5006 consuetudo

605 5040 892 5112 qtta'renda
937 5048 1043 5102 est,
1094 5053 1197 5091 non
1238 5038 1478 5105 pecunia.
1512 5036 1567 5089 In
1594 5038 1695 5092 hoc
1721 5039 1914 5092 factum
1944 5048 2028 5094 est
2055 5057 2187 5095 c0n-

604 5135 800 5203 juginm
824 5174 838 5197 ,
870 5148 971 5186 non
1002 5140 1057 5183 ut
1086 5130 1214 5183 rixis
1240 5130 1393 5199 plena
1426 5131 1495 5183 sit
1520 5130 1707 5183 donius
1730 5141 1782 5185 et
1804 5132 1941 5185 belli
1962 5175 1976 5197 ,
2005 5149 2107 5186 non
2136 5143 2191 5188 ut

604 5227 723 5279 lites
768 5224 941 5277 adsint
983 5232 1037 5276 et
1081 5223 1385 5284 contentio,
1430 5235 1535 5273 non
1580 5231 1633 5274 ut
1664 5224 1860 5279 mutuis
1889 5222 2192 5279 laboremus

600 5316 856 5373 dissidiis.
881 5323 933 5368 et
958 5313 1034 5367 sic
1068 5308 1304 5366 vivamus
1337 5322 1393 5365 ut
1424 5312 1544 5365 vita:
1575 5312 1765 5365 taedeat
1800 5331 1810 5364 :
1846 5314 1936 5367 sed
1964 5326 2021 5381 ut
2048 5316 2190 5369 frna-

604 5425 724 5461 nmr
748 5407 1038 5477 adjutorio,
1064 5415 1117 5459 ct
1160 5415 1365 5471 portum
1396 5404 1717 5469 habeamus,
1744 5404 2003 5473 refugium
2039 5418 2196 5478 atque

601 5501 849 5551 solatium
874 5538 887 5561 ,
918 5514 1021 5565 quo
1051 5496 1216 5550 levius
1248 5495 1479 5549 feiainus
1510 5479 1843 5549 incom‘lnoda
1870 5536 1885 5561 ,
1921 5508 2081 5566 utque
2108 5499 2193 5566 ju-

599 5589 788 5642 cundia
833 5588 1013 5641 uxoris
1054 5601 1353 5640 recreemur
1382 5585 1675 5655 colloquiis.
1706 5586 1844 5651 Quot
1870 5588 2057 5641 divites
2087 5587 2181 5641 ιΙιι‹

598 5692 702 5738 ιιιδ
742 5681 1003 5751 opulentis
1051 5676 1330 5744 uxoribus,
1368 5691 1425 5731 i'e
1455 5687 1604 5731 aucta
1636 5676 1943 5733 CXCldCl‘tllll
1973 5694 2001 5731 ξι
2035 5678 2179 5733 volu-

1302 292 1361 349 S.
1400 288 1677 347 ιυΑΝΝιδ
1711 285 2188 346 (ιιιιιγδοετοιιι
2226 286 2545 344 ABCﬂlEl’.
2585 285 3116 345 CONSTANTINOI‘.

2289 409 2437 471 ptate
2468 401 2772 457 concordia:
2791 444 2806 467 ,
2840 418 2908 457 ne
2938 417 3122 457 mensa
3152 402 3364 471 quidem
3398 413 3615 461 vacante
3642 422 3672 457 a
3702 411 3875 475 quoti-

2286 490 2460 545 dianis
2484 491 2673 561 pugnis
2689 500 2743 546 et
2764 492 3239 547 contentionibus?
3264 504 3394 565 quot
3413 510 3680 564 pauperes
3703 497 3877 551 ductis

2290 580 2453 635 etiam
2480 583 2884 651 pauperioribus
2910 584 3092 637 vivunt
3118 584 3171 638 in
3191 599 3352 657 pace,
3376 594 3433 640 et
3451 586 3739 641 admodum
3769 589 3877 643 heti

2285 672 2453 727 solem
2500 670 2641 726 hunc
2680 673 2979 743 aspiciunt;
3011 674 3203 730 divites
3230 686 3416 731 contra
3443 677 3692 733 omnibus
3715 678 3875 733 afflu-

2284 770 2440 816 entes
2462 760 2671 816 deliciis
2690 802 2704 822 ,
2738 773 2960 833 propter
2984 778 3181 819 uxores
3205 765 3366 820 vitam
3396 780 3618 821 exesam
3646 766 3841 825 habent
3860 810 3877 832 .

2284 862 2340 909 et
2377 863 2604 909 mortem
2650 854 2785 909 votis
2822 856 3126 925 expetunt?
3166 856 3304 913 adeo
3346 859 3491 914 nulla
3516 869 3600 915 est
3626 861 3882 930 pecunia-

2284 962 2404 1002 rum
2443 948 2671 1012 utilitas,
2711 947 2812 1003 nisi
2851 947 2903 1003 iu
2946 951 3139 1003 bonam
3180 950 3413 1006 animam
3461 951 3766 1008 inciderint.
3810 952 3882 1007 Et

2282 1036 2409 1108 quid
2435 1052 2572 1109 opus
2598 1049 2683 1093 est
2706 1037 2776 1094 de
2796 1054 2927 1109 pace
2953 1039 3096 1112 loqui
3122 1050 3177 1096 et
3203 1042 3488 1097 concordia
3510 1085 3526 1110 ,
3554 1044 3770 1114 quando
3794 1045 3880 1099 di-

2284 1129 2473 1183 tiorem
2516 1128 2735 1184 duxisse
2773 1144 3169 1201 nonnumquam
3214 1130 3284 1186 ad
3332 1133 3585 1203 pecunias
3612 1135 3883 1203 parandas

2283 1217 2382 1273 fuit
2406 1218 2737 1275 obstaculum
2754 1220 2779 1272 τ
2806 1219 2891 1275 Fit
2909 1222 3052 1276 enim
3082 1221 3347 1277 interdum
3370 1233 3429 1277 nt
3446 1224 3538 1294 qui
3561 1208 3728 1278 totani
3749 1225 3882 1279 sub—

2282 1311 2534 1367 stantiam
2566 1311 2617 1365 in
2643 1312 2953 1369 accessione
2976 1312 3118 1368 dotis
3144 1316 3346 1370 uxoria:
3373 1304 3885 1386 contribuitfpanlo

2283 1412 2404 1473 post
2444 1403 2515 1458 ob
2561 1404 2903 1458 immaturum
2946 1404 3193 1475 conjugis
3236 1404 3439 1460 obitum
3484 1414 3649 1461 totam
3695 1407 3879 1462 dotem

2260 1509 2570 1559 numerare
2611 1503 2835 1565 cogatur
2857 1494 3107 1551 affinibus
3137 1513 3152 1549 :
3182 1506 3238 1552 et
3260 1496 3710 1567 quemade
3739 1514 3879 1553 nau-

2282 1587 2411 1657 fragi
2450 1596 2670 1640 enatant
2706 1586 2851 1641 nudo
2887 1602 3113 1657 corpore
3136 1628 3152 1653 ,
3191 1588 3262 1642 ita
3290 1595 3348 1644 et
3375 1588 3464 1643 hic
3494 1598 3615 1660 post
3639 1598 3720 1644 tot
3740 1605 3876 1645 con-

2285 1679 2550 1731 tentiones
2567 1719 2582 1743 ,
2618 1679 2760 1732 rixas
2780 1719 2797 1743 ,
2832 1678 2952 1734 lites
2981 1688 3036 1734 et
3059 1679 3279 1749 injurias
3303 1677 3446 1752 aigre
3474 1691 3687 1737 tueatur
3715 1683 3881 1738 liber-

2284 1779 2444 1824 tatem
2484 1770 2744 1838 corporis.
2794 1769 2854 1824 Et
2881 1770 3021 1825 sicut
3048 1771 3377 1828 insatiabiles
3407 1775 3763 1844 negotiatores
3791 1791 3881 1830 re—

2285 1860 2422 1928 pleta
2467 1861 2585 1913 navi
2630 1860 2922 1916 innumeris
2963 1862 3222 1927 sarcinis,
3261 1873 3315 1917 et
3349 1864 3617 1935 congestis
3643 1864 3885 1935 pluribus

2284 1968 2441 2021 quam
2490 1952 2711 2021 perferri
2752 1953 2957 2021 possint
2996 1954 3280 2019 oneribus,
3312 1968 3491 2009 merso
3520 1955 3735 2025 navigio
3761 1971 3887 2025 per-

2284 2045 2415 2097 dunt
2460 2043 2637 2097 omnia
2670 2058 2686 2095 :
2719 2043 2789 2096 ita
2831 2052 2887 2097 et
2914 2044 3001 2110 qui
3031 2058 3338 2115 przegraves
3364 2043 3558 2114 opibus
3586 2056 3888 2115 sequuntur

2284 2133 2495 2201 nuptias
2517 2175 2532 2199 ,
2562 2133 2688 2188 dum
2717 2134 2975 2203 majorem
2999 2150 3095 2204 per
3117 2134 3422 2204 eonjugium
3454 2134 3672 2205 adipisci
3697 2150 3758 2190 se
3786 2151 3886 2206 pu-

2286 2234 2395 2277 tant
2426 2224 2807 2290 substantiam,
2847 2225 3098 2279 amittunt
3135 2235 3188 2281 et
3228 2240 3345 2279 eam
3369 2262 3389 2290 ,
3425 2240 3544 2294 quas
3577 2225 3725 2295 prius
3755 2224 3889 2295 ipsis

2285 2316 2453 2369 fuerat
2478 2332 2491 2377 ;
2520 2316 2658 2369 sicut
2689 2317 2830 2369 enim
2857 2316 2964 2370 illic
2989 2317 3146 2370 unius
3172 2316 3367 2371 ductus
3392 2316 3593 2385 impetu
3615 2318 3768 2371 navis
3785 2333 3885 2386 op-

2287 2406 2531 2473 primitur
2561 2423 2574 2459 :
2608 2406 2687 2461 sic
2707 2415 2761 2461 et
2780 2404 2867 2461 hic
2890 2406 3171 2461 immatura
3197 2420 3344 2461 mors
3366 2406 3607 2477 conjugis
3632 2422 3890 2477 superve-

2285 2497 2438 2551 niens
2453 2513 2576 2552 cum
2604 2514 2770 2553 uxore
2793 2500 2953 2554 etiam
2985 2516 3097 2554 rem
3126 2515 3341 2555 onmem
3369 2502 3551 2572 eripit.

2357 2587 2411 2641 5.
2464 2586 2590 2643 llaec
2630 2587 2792 2656 igitur
2814 2591 2991 2643 omnia
3016 2592 3315 2660 cogitantes
3346 2606 3453 2646 non
3481 2593 3736 2662 pecunias
3759 2608 3889 2664 spe-

2286 2685 2492 2731 ctemus
2514 2716 2530 2743 ,
2558 2678 2653 2731 sed
2673 2680 2989 2748 probitatem
3014 2721 3028 2745 ,
3051 2679 3385 2735 honestatem
3407 2722 3422 2745 ,
3446 2690 3499 2736 et
3520 2682 3885 2751 prudentiam.

2282 2768 2478 2822 Mulier
2523 2768 2667 2823 enim
2713 2768 2969 2835 cordata,
3021 2772 3278 2840 probata,
3321 2773 3564 2828 modesta
3590 2815 3605 2838 ,
3647 2775 3718 2829 sit
3762 2776 3890 2830 licet

2288 2874 2489 2930 pauper
2506 2901 2523 2926 ,
2552 2869 2920 2930 paupertatem
2942 2862 3278 2931 commodius
3299 2862 3433 2919 feret
3456 2880 3616 2935 quam
3637 2865 3889 2920 divitias:

2286 2950 2425 3003 sicut
2465 2961 2650 3005 contra
2694 2966 2909 3021 morosa
2936 2992 2955 3017 ,
2994 2953 3361 3018 contentiosa,
3401 2963 3457 3008 et
3490 2954 3890 3025 intemperans.

2288 3041 2493 3094 etiamsi
2528 3042 2767 3111 ingentes
2795 3040 3078 3095 thesauros
3100 3043 3154 3097 in
3175 3043 3379 3098 rudibus
3408 3042 3678 3108 inveniat,
3702 3048 3896 3115 quavis

2291 3131 2520 3198 procella
2542 3132 2699 3186 citius
2726 3147 2818 3186 eos
2845 3131 3099 3201 dissipat,
3126 3132 3481 3204 maritumque
3498 3146 3552 3189 et
3576 3145 3896 3205 paupertate

2290 3232 2340 3275 et
2373 3222 2665 3275 innumeris
2692 3222 2913 3275 involvit
2928 3222 3337 3278 calamitatibus.
3360 3223 3475 3279 Non
3499 3226 3657 3295 igitur
3676 3224 3909 3281 divitias.

2291 3327 2629 3385 quaeramus,
2666 3311 2761 3367 sed
2801 3329 2919 3383 qua:
2964 3324 3258 3383 praesentes
3299 3313 3580 3372 facultates
3614 3317 3896 3388 dispenset

2289 3404 2592 3458 commode.

2362 3492 2466 3546 Cur
2504 3496 2787 3549 institutum
2831 3498 2984 3568 fuerit
3022 3498 3336 3569 conjugiuut.
3385 3485 3703 3568 Exemplum
3728 3500 3895 3554 Abra-

2292 3577 2430 3631 liami
2459 3578 2568 3644 ﬁlio
2593 3596 2685 3634 suo
2720 3596 2929 3633 uxorem
2954 3583 3245 3651 quaerentis.
3278 3611 3349 3621 —
3375 3584 3513 3639 Ante
3538 3584 3717 3637 omnia
3744 3584 3894 3639 disce

2292 3687 2536 3741 quaenam
2566 3671 2725 3727 fuerit
2745 3689 2903 3728 causa
2932 3674 3187 3745 conjugii,
3210 3683 3263 3728 et
3284 3676 3632 3745 quamobrem
3662 3676 3713 3730 in
3740 3692 3893 3730 com-

2293 3780 2506 3819 munem
2540 3765 2698 3819 vitam
2729 3764 3088 3821 introductum
3110 3767 3198 3834 sit,
3223 3782 3322 3822 nec
3342 3768 3626 3837 quidquam
3648 3770 3898 3838 requiras

2292 3857 2544 3926 amplius.
2588 3856 2718 3921 Quae
2757 3857 2913 3926 igitur
2951 3856 3048 3911 fuit
3074 3873 3235 3911 causa
3263 3859 3493 3927 conjugii
3516 3900 3531 3924 ,
3555 3870 3608 3913 et
3635 3874 3732 3913 cur
3758 3859 3890 3916 illud

2292 3944 2476 3999 datum
2516 3955 2597 3998 est
2638 3945 2937 4000 divinitus?
2963 3946 3099 4001 Audi
3132 3947 3351 4002 Paulum
3380 3950 3677 4014 dicentem,
3714 3949 3793 4002 Ad
3817 3950 3895 4002 ui-

2292 4037 2473 4089 laudas
2514 4046 2679 4088 autem
2718 4038 3044 4091 scut-lationes
3071 4039 3279 4108 quisque
3311 4055 3457 4092 suam
3481 4056 3689 4092 uxorem
3711 4038 3895 4093 [iubeat

2299 4129 2375 4195 (l.
2406 4125 2522 4180 Cor.
2559 4127 2613 4181 7.
2641 4126 2717 4197 2).
2766 4128 2880 4183 Non
2924 4128 3096 4193 dixit,
3146 4128 3210 4183 Ut
3237 4129 3465 4185 evitetur
3493 4138 3806 4198 paupertas,
3835 4140 3897 4185 et.

2298 4228 2551 4286 parentur
2586 4218 2788 4273 divitiae
2834 4236 2849 4274 :
2892 4220 2987 4275 sed
3018 4220 3183 4289 quid?
3206 4219 3276 4275 Ut
3303 4221 3683 4275 scortationem
3714 4220 3889 4277 evite-

2298 4322 2446 4370 mus,
2495 4319 2551 4361 ut
2596 4310 2939 4364 moderemur
2983 4310 3470 4380 concupiscentiam
3496 4351 3513 4377 ,
3564 4319 3621 4365 ut
3651 4313 3893 4367 vivamus

2299 4399 2508 4465 sobrie,
2558 4412 2614 4453 ut
2655 4401 2763 4455 Deo
2804 4403 3108 4471 placeamus
3146 4403 3383 4458 contenti
3424 4418 3590 4458 uxore
3629 4404 3842 4475 propria
3872 4424 3889 4459 :

2301 4489 2401 4545 hoc
2448 4490 2603 4545 nobis
2646 4492 2799 4547 affert
2845 4494 3185 4564 conjugium,
3238 4494 3323 4548 bic
3368 4494 3486 4564 ejus
3526 4494 3762 4561 fructus,
3789 4496 3893 4550 hoc

2302 4582 2425 4637 inde
2451 4584 2653 4636 lucrum
2683 4593 2784 4637 est.
2813 4583 2953 4637 Cave
2983 4584 3141 4654 igitur
3167 4584 3379 4639 omissis
3406 4586 3700 4654 potioribus
3718 4596 3894 4641 secte-

2302 4672 2376 4725 ris
2404 4688 2521 4743 qua:
2552 4674 2776 4728 minoris
2798 4683 2925 4727 sunt
2955 4674 3110 4743 pretii
3136 4693 3149 4726 :
3183 4690 3332 4729 mens
3363 4677 3505 4729 enim
3533 4678 3710 4731 sobria
3736 4676 3892 4746 longe

2304 4747 2519 4832 pia-stat
2544 4763 2765 4819 divitiis.
2797 4764 2908 4819 lloc
2934 4766 3075 4820 enim
3109 4781 3271 4820 unum
3298 4767 3349 4819 in
3374 4766 3622 4837 conjugio
3646 4777 3893 4838 spectan-

2299 4856 2422 4908 dum
2450 4867 2532 4910 est
2559 4858 2788 4911 niaxime
2812 4899 2826 4921 ,
2858 4868 2913 4912 ut
2942 4868 3217 4928 peccatum
3250 4858 3562 4927 effugiamus
3580 4898 3597 4924 ,
3620 4871 3673 4913 tit
3692 4860 3893 4913 immur-

2300 4964 2393 5002 nes
2436 4948 2603 5003 simus
2644 4965 2673 5002 a
2717 4950 3132 5004 scortatiouibus
3178 4967 3191 5003 :
3230 4951 3279 5003 in
3315 4952 3412 5003 hoc
3436 4949 3739 5019 qua-renda:
3764 4961 3895 5003 sunt

2254 5104 2264 5119 λ
2302 5039 2497 5108 ιιιιριίω
2521 5079 2536 5105 ,
2567 5048 2622 5092 ιιι
2650 5040 2717 5093 ad
2750 5044 2909 5094 vitam
2937 5040 3126 5111 pudice
3146 5040 3441 5111 degendam
3470 5055 3571 5094 nos
3598 5040 3848 5110 adjuvent
3879 5062 3889 5092 :

2300 5130 2441 5198 quod
2470 5131 2539 5183 ita
2566 5130 2781 5184 deruunt
2813 5131 3047 5186 futurutn
3074 5142 3155 5185 est
3178 5173 3194 5197 ,
3222 5132 3266 5184 si
3296 5132 3414 5185 talis
3433 5147 3628 5201 sponsa
3657 5132 3895 5202 contige-

2302 5222 2398 5285 rit,
2430 5237 2548 5288 qua:
2574 5220 2638 5275 ad
2670 5222 2735 5291 pi.
2756 5230 2946 5285 tatem,
2981 5212 3045 5273 ad
3074 5224 3478 5291 temperantiam
3501 5233 3552 5275 et
3573 5222 3892 5291 probitatem

2301 5327 2398 5364 nos
2429 5326 2672 5381 magnam
2705 5313 2907 5382 redigat
2969 5311 3220 5380 Corporis
3249 5312 3390 5367 enim
3425 5313 3764 5382 pulchritudo
3788 5314 3892 5367 nisi

2300 5401 2636 5467 conjunctam
2682 5403 2874 5457 habeat
2910 5404 3157 5457 virtutem
3202 5404 3397 5469 animi,
3431 5404 3627 5473 poterit
3674 5403 3895 5473 quidem

2305 5495 2552 5548 maritum
2599 5511 2767 5563 usque
2805 5496 2870 5548 ad
2899 5495 3085 5550 decem
3111 5504 3201 5549 aut
3232 5494 3444 5565 viginti,
3474 5495 3754 5563 trigintavc
3776 5493 3899 5547 dies

2300 5601 2527 5653 capere.
2585 5586 2675 5639 sed
2722 5587 2965 5641 emndem
3017 5589 3122 5641 vim
3170 5603 3276 5642 non
3317 5587 3576 5642 obtinebit
3628 5588 3901 5655 ulterius,

2299 5678 2439 5747 quod
2485 5678 2805 5734 incentivum
2855 5681 2979 5735 illud
3026 5684 3223 5737 amoris
3270 5690 3521 5738 vanescat
3549 5679 3758 5737 detesta
3784 5694 3903 5734 tuav
