4228 6298
225 370 335 428 253

225 486 334 541 litia
364 498 381 549 ;
409 487 466 536 at
491 492 614 551 qua:
643 474 804 530 animi
837 468 1040 541 pollent
1066 463 1464 538 pulchritudine
1485 502 1501 526 ,
1525 475 1632 531 quo
1658 457 1825 551 magis

231 573 492 645 temporis
513 549 791 642 processu
840 561 1250 636 generositatem
1297 570 1447 609 suam
1488 549 1786 622 approbant
1808 589 1824 612 ,

230 641 384 722 tanto
419 641 621 718 acriori
653 658 864 714 flamma
895 660 1057 709 urunt
1086 650 1401 705 maritorum
1451 657 1686 715 pectora.
1718 641 1828 694 lloc

229 765 389 826 pacto
419 753 509 810 ubi
541 749 741 807 fervida
783 754 837 802 et
867 757 1119 815 germana
1165 738 1461 794 innascitur
1505 733 1830 790 benevolen-

228 849 324 911 tia,
357 860 519 901 omne
542 840 712 911 stupri
742 853 912 910 genus
936 833 1166 895 exsulat,
1193 840 1248 885 et
1273 831 1352 886 sic
1376 826 1575 883 amanti
1605 839 1825 879 uxorem

228 952 301 993 ne
343 937 398 992 in
443 941 681 990 mentem
712 928 924 999 quidem
954 924 1097 978 venit
1123 921 1370 991 voluptas
1411 918 1511 972 nisi
1558 911 1828 986 legitima,

234 1024 544 1082 itnmanenti
575 1021 847 1078 amoribus
878 1015 1141 1087 propriis,
1184 1022 1237 1067 et
1269 1027 1363 1081 per
1393 1007 1696 1078 pudicitiam
1737 1019 1826 1058 ea-

231 1119 401 1185 ptanti
446 1115 685 1170 favorem
716 1110 946 1168 ctelcstis
987 1106 1220 1162 numinis
1244 1146 1258 1170 ,
1292 1103 1443 1173 cujus
1486 1099 1737 1170 auSpiciis
1776 1107 1833 1152 et

233 1208 608 1264 benevolentia
638 1207 780 1260 inter
802 1202 1059 1271 conjuges
1088 1199 1156 1253 sit
1185 1205 1463 1267 perpetua,
1500 1203 1554 1246 et
1573 1192 1697 1262 ejus
1729 1206 1832 1259 ope

228 1302 638 1355 administretur
665 1312 750 1351 res
778 1292 1096 1348 domestica.
1121 1290 1213 1345 Sic
1240 1302 1439 1342 uxores
1479 1285 1579 1339 sibi
1624 1297 1835 1352 quau-c-

229 1395 355 1448 bant
404 1391 563 1463 prisci
599 1389 671 1443 illi
697 1389 894 1441 virtute
925 1383 1133 1439 nobiles
1155 1424 1167 1447 ,
1201 1379 1515 1451 prmclaram
1557 1374 1719 1429 animi
1754 1375 1831 1427 irt-

230 1485 412 1538 tlolem
454 1483 507 1534 in
552 1480 630 1534 eis
671 1486 1013 1547 spectantes,
1067 1489 1171 1527 non
1219 1469 1561 1540 pecuniarum
1599 1466 1829 1532 capiam,

229 1574 376 1642 quod
412 1573 480 1626 ita
510 1586 631 1626 esse
665 1578 723 1623 ut
750 1567 858 1623 dixi
892 1580 998 1619 uno
1027 1562 1274 1631 exemplo
1302 1560 1642 1615 indicabitur.
1671 1559 1831 1610 Abra-

232 1667 419 1718 liamus
434 1663 550 1732 jam
577 1661 744 1715 senior
775 1666 1118 1728 provecteeque
1143 1654 1306 1708 (etatis
1332 1652 1460 1704 dixit
1486 1665 1626 1703 seruo
1651 1647 1835 1717 majori

229 1758 417 1809 domus
440 1770 567 1819 sum,
591 1753 676 1823 qui
698 1759 911 1821 prtBerat
933 1749 1042 1818 ejus
1063 1746 1293 1800 omnibus
1320 1741 1664 1815 facultatibus,
1697 1739 1836 1793 Pone

231 1861 443 1899 manum
491 1855 629 1897 tuam
665 1841 832 1896 subter
873 1843 1041 1909 femur
1085 1853 1286 1896 meum,
1315 1846 1368 1887 ut
1396 1834 1627 1900 adiurem
1670 1843 1716 1885 te
1747 1848 1838 1899 per

236 1936 516 1988 Dominum
540 1931 705 1986 Deum
727 1931 838 1985 τιειί
867 1938 913 1983 et
945 1939 1092 1980 terra:
1112 1967 1126 1991 ,
1163 1935 1214 1978 ut
1247 1942 1346 1978 non
1377 1924 1600 1991 accipias
1629 1937 1836 1974 uxorem

239 2029 351 2098 ﬁlia
392 2043 503 2080 meo
543 2024 694 2078 Isaac
738 2026 799 2076 de
828 2022 1034 2089 ﬁliabus
1061 2019 1470 2072 Chananworum
1495 2058 1508 2079 ,
1541 2017 1673 2067 inter
1715 2029 1838 2083 quos

235 2119 430 2182 habito,
453 2118 541 2171 sed
560 2117 627 2168 ad
649 2126 828 2167 terram
847 2128 1010 2165 meam
1028 2110 1111 2163 ubi
1128 2118 1274 2162 natus
1291 2125 1421 2168 sum,
1438 2116 1482 2160 et
1497 2105 1565 2158 ad
1579 2107 1839 2175 cognatio-

235 2227 350 2262 nem
380 2224 543 2260 meant
564 2205 924 2276 proﬁciscaris,
946 2211 990 2256 et
1018 2202 1134 2253 inde
1155 2216 1362 2253 uxorem
1380 2198 1487 2265 [ilio
1513 2213 1622 2249 meo
1658 2193 1840 2261 capias

237 2304 256 2367 (
285 2300 415 2354 Gen.
440 2299 534 2352 24.
570 2297 666 2351 1-4
689 2296 731 2366 ).
763 2294 950 2349 Viden'
975 2293 1101 2362 justi
1135 2291 1291 2359 hujus
1321 2289 1609 2352 virtutem,
1642 2295 1840 2355 quanta

234 2405 366 2444 cura
417 2388 615 2457 nuptiis
661 2385 1029 2455 proSpexerit‘!
1057 2382 1172 2436 Non
1203 2382 1344 2436 enim
1379 2379 1618 2433 adhibuit
1650 2377 1840 2447 perdu-

235 2480 436 2534 ctrices
469 2476 815 2532 mulierculas
839 2517 851 2538 ,
880 2485 936 2528 ttt
967 2491 1106 2527 mtnc
1139 2472 1223 2535 lit,
1257 2485 1431 2540 neque
1454 2469 1724 2538 pronubas
1750 2477 1841 2520 aut

238 2591 372 2627 anus
405 2573 671 2646 garrulas,
703 2569 798 2629 sed
836 2568 1042 2624 fitn'tulo
1073 2581 1170 2625 suo
1201 2565 1473 2619 commisit
1525 2562 1626 2616 hoc
1673 2575 1838 2630 nego-

238 2677 372 2726 tium
400 2692 413 2727 :
440 2670 581 2742 quod
609 2686 782 2740 ipsum
808 2683 1061 2738 magnum
1096 2665 1309 2734 pietatis
1337 2656 1654 2733 patriarcha:
1684 2673 1844 2730 argu-

236 2774 480 2817 mentum
513 2772 591 2816 est
615 2804 628 2824 ,
660 2760 800 2830 quod
846 2769 950 2813 tam
1000 2758 1136 2811 bene
1170 2756 1398 2809 instituit
1443 2754 1697 2807 famulum
1725 2792 1738 2813 ,
1786 2760 1842 2805 ιιι

234 2859 434 2925 dignus
461 2857 634 2918 fieret,
658 2853 744 2908 cui
766 2852 1078 2908 crederetur
1103 2850 1209 2904 tale
1237 2837 1612 2903 miniSterium.
1643 2845 1842 2898 Deinde

236 2949 520 3003 mulierem
559 2947 749 3016 qturrit
783 2961 887 2998 non
923 2946 1212 2997 formosam
1246 2950 1337 2993 aut
1367 2940 1606 3002 divitem,
1633 2937 1723 2990 sed
1751 2952 1843 3005 ge-

237 3041 451 3096 nerosis
496 3039 736 3092 moribus
769 3036 1042 3105 prteditam
1078 3053 1089 3085 :
1123 3045 1177 3087 et
1209 3033 1308 3086 bac
1347 3033 1412 3086 de
1456 3045 1615 3083 causa
1665 3029 1840 3081 homi-

238 3148 363 3186 ncm
411 3131 562 3199 jubet
608 3139 715 3182 tam
763 3127 1106 3195 longinquam
1153 3121 1635 3190 peregrinationem
1674 3119 1844 3172 susci-

240 3237 390 3292 pere.
422 3219 572 3274 Nuuc
593 3217 961 3286 contemplare
987 3225 1042 3270 et
1067 3213 1245 3267 famuli
1277 3223 1508 3265 mentem
1536 3211 1803 3279 egregiam
1827 3226 1838 3260 :

237 3327 350 3366 non
379 3312 524 3366 enim
565 3309 736 3362 dixit:
769 3307 905 3373 Quid
951 3305 1055 3359 hoc
1087 3305 1159 3359 rei
1193 3305 1315 3356 est?
1350 3311 1425 3354 tot
1455 3311 1580 3354 sunt
1621 3300 1841 3368 pmpin-

239 3419 365 3473 qtue
408 3412 631 3473 gentes,
686 3410 761 3452 tot
806 3400 856 3452 in
899 3398 976 3451 eis
1016 3397 1134 3449 fili-.e
1167 3394 1422 3448 nobilium
1453 3401 1507 3446 et
1537 3391 1840 3454 illustrium,

239 3493 511 3560 simulque
539 3491 909 3561 praedivitum;
940 3497 993 3540 et
1023 3501 1076 3539 tu
1110 3501 1197 3540 me
1231 3484 1396 3537 mittis
1429 3484 1479 3536 in
1511 3491 1707 3536 terram
1739 3491 1843 3534 tam

243 3588 404 3652 longe
433 3582 696 3645 dissilui",
731 3580 795 3633 ad
822 3582 1033 3648 ignotos
1063 3577 1308 3630 homines
1336 3595 1346 3628 :
1372 3590 1529 3644 quem
1565 3574 1670 3628 illic
1693 3589 1842 3626 com-

245 3672 494 3744 pellabo?
531 3671 649 3740 (ιιιὶι,
700 3685 784 3724 me
835 3667 1130 3738 agnoscet?
1170 3665 1296 3736 quid
1349 3665 1390 3718 si
1447 3664 1665 3717 insidias
1716 3661 1845 3716 mihi

244 3765 503 3821 struant?
531 3763 657 3832 quid
686 3761 729 3816 si
756 3767 1017 3815 conentur
1060 3756 1344 3826 decipere?
1385 3755 1515 3808 nihil
1562 3754 1702 3807 enim
1747 3753 1845 3805 ho-

246 3860 390 3927 Spitc
417 3858 586 3925 magis
628 3855 840 3923 injuriis
871 3852 1193 3920 expositum.
1225 3849 1366 3902 Nihil
1402 3848 1507 3902 tale
1551 3847 1684 3900 dixit
1713 3863 1725 3899 :
1753 3846 1847 3900 sed

249 3950 427 4003 missis
451 3947 645 4000 talibus
665 3942 1098 4014 cogitationibus,
1125 3939 1265 4010 quod
1279 3932 1519 3994 'maxime
1541 3946 1847 4006 suspectum

246 4055 372 4093 esse
396 4046 625 4108 poterat,
658 4036 957 4104 suSpicatus
989 4042 1091 4099 est,
1122 4033 1238 4086 sine
1267 4030 1692 4085 contradictione
1718 4030 1849 4083 obe-

247 4132 442 4192 diens,
497 4127 803 4182 necessaria
859 4137 1038 4178 tamen
1100 4126 1517 4192 interrogatione
1570 4121 1850 4175 declarans

247 4237 403 4277 suam
451 4219 806 4287 prudentiam.
835 4217 974 4282 Quid
1015 4217 1174 4285 igitur
1211 4222 1293 4268 est
1332 4213 1472 4282 quod
1508 4211 1852 4280 interrogavit

249 4310 569 4365 dominum?
597 4309 659 4364 Si
700 4308 919 4362 noluerit
940 4347 954 4372 ,
985 4307 1154 4374 inquit
1175 4347 1188 4369 ,
1218 4305 1400 4359 mulier
1426 4305 1594 4356 venire
1620 4319 1813 4355 mecura
1834 4343 1849 4365 ,

251 4405 503 4474 numquid
542 4404 780 4456 reducere
816 4401 970 4454 debeo
1009 4401 1176 4468 ﬁlium
1215 4407 1357 4451 tuum
1403 4397 1471 4449 ad
1511 4397 1763 4466 regionem
1793 4410 1856 4448 ex

250 4511 354 4565 qua
383 4509 611 4564 egressus
637 4509 689 4546 es
719 4490 870 4560 (Gen.
896 4491 984 4544 24.
1019 4489 1123 4560 5)?
1155 4488 1449 4558 Respondit
1480 4485 1852 4540 Ahrahamus:

253 4586 389 4640 (Iove
431 4584 697 4654 nequando
739 4583 951 4636 reducas
995 4582 1157 4648 ﬁlium
1199 4596 1364 4633 meum
1409 4578 1550 4632 illuc.
1604 4577 1856 4630 Dominus

255 4679 399 4732 Dens
426 4677 538 4731 caeli
569 4687 614 4729 et
645 4685 811 4738 terrae,
841 4675 926 4744 qui
950 4673 1067 4726 tulit
1096 4688 1174 4725 me
1203 4673 1266 4724 de
1297 4671 1448 4724 domo
1480 4669 1638 4738 patris
1664 4668 1780 4731 mei,
1812 4676 1856 4719 et

255 4771 324 4822 tle
353 4779 487 4821 terra
517 4765 794 4819 nativitatis
825 4780 968 4825 mete,
998 4764 1082 4831 qui
1111 4764 1350 4831 loquutus
1378 4770 1448 4814 est
1479 4760 1604 4812 mihi
1634 4769 1679 4811 et
1701 4760 1856 4828 jura-

257 4861 329 4913 rit
349 4900 364 4923 ,
398 4858 569 4910 dicens
588 4900 601 4919 ,
633 4855 746 4909 Tibi
775 4855 905 4908 dabo
936 4865 1120 4906 (errant
1151 4854 1280 4905 hanc
1317 4864 1361 4905 et
1389 4853 1566 4904 semini
1596 4861 1681 4903 tuo
1702 4890 1714 4913 ,
1750 4853 1859 4918 ipse

260 4950 426 5002 mittet
447 4948 683 5019 angelum
703 4962 852 5000 suum
878 4962 1050 4998 coram
1077 4958 1143 5008 te,
1167 4945 1254 5013 qui
1279 4943 1372 4995 iter
1398 4953 1539 4995 tuum
1562 4959 1860 5012 prosperum

262 5040 419 5111 faciet
445 5036 550 5106 (Ib.
583 5053 631 5089 υ.
661 5036 714 5092 6.
747 5036 828 5106 7).
861 5034 1048 5090 Viden’
1077 5034 1174 5088 viri
1209 5033 1410 5087 fidem?
1438 5031 1554 5086 Non
1585 5031 1863 5086 advocavit

262 5133 506 5193 amicos,
543 5139 636 5182 aut
672 5138 967 5198 cognatos,
1016 5142 1120 5181 non
1160 5126 1321 5180 alium
1366 5139 1723 5195 quemquam,
1768 5122 1859 5177 sed

266 5220 437 5274 Deum
481 5219 720 5290 adjunxit
760 5219 809 5273 ei
853 5229 1192 5287 sequestrum
1236 5225 1292 5271 et
1337 5219 1586 5270 comitem
1617 5234 1632 5272 :
1663 5224 1717 5270 ct
1758 5230 1864 5285 quo

264 5310 437 5376 magis
465 5311 702 5362 sninmm
733 5308 953 5362 adderet
975 5307 1195 5372 famulo,
1227 5323 1330 5360 non
1361 5306 1674 5377 simpliciter
1695 5306 1860 5360 dixit:

269 5399 521 5454 Dominus
551 5399 690 5454 Deus
720 5401 829 5455 caeli
858 5409 902 5454 et
933 5410 1079 5452 terra:
1102 5414 1119 5450 :
1144 5398 1236 5452 sed
1267 5399 1562 5467 subiunxit.
1595 5397 1694 5464 Qui
1723 5414 1863 5452 sum-

267 5493 368 5561 psit
398 5508 474 5544 me
500 5492 690 5545 edomo
713 5494 872 5560 patris
904 5493 1016 5544 mei.
1042 5489 1364 5554 Recordare,
1383 5491 1573 5558 inquit,
1598 5489 1868 5557 quomodo

270 5592 474 5636 tantam
505 5583 989 5651 peregrinationem
1014 5583 1366 5650 suscepimus,
1388 5581 1658 5650 quomodo
1681 5582 1868 5634 relicto

269 5675 390 5727 solo
420 5674 594 5743 patrio
623 5674 884 5742 majorem
913 5673 1050 5743 apud
1089 5685 1303 5728 exteros
1327 5672 1633 5726 felicitatem
1661 5671 1868 5724 inveni-

271 5783 392 5822 mas
423 5786 433 5822 :
466 5767 738 5838 quomodo
784 5783 901 5838 qum
951 5766 1296 5839 impossibilia
1347 5765 1684 5832 videbantur,
1734 5764 1868 5817 facta

1275 345 1553 417 QUALES
1594 339 1943 400 DUCENDE
1982 339 2135 396 SINT
2177 337 2476 396 UXORES.
2519 337 2607 395 Ill.

3435 343 3542 398 ’ἐτι-1

1936 464 2058 508 sunt
2082 452 2512 524 possiltilia.,Nec
2537 451 2640 508 hoc
2666 451 2841 507 solum
2871 453 2927 508 in
2948 462 3184 511 mentem
3205 454 3255 510 ei
3282 471 3544 513 revocans

1935 544 2089 611 dixit,
2139 543 2241 611 Qui
2274 544 2488 614 sumpsit
2514 560 2594 598 nte
2631 559 2661 596 e
2702 543 2853 598 domo
2888 545 3050 615 patris
3079 547 3211 614 mei,
3239 547 3334 603 sed
3377 550 3542 603 etiam

1934 635 2077 705 quod
2118 634 2416 690 debitorem
2465 635 2632 690 Deum
2677 635 2891 691 habeat.
2936 634 3204 708 Obligavit
3245 653 3307 693 se
3350 640 3546 704 nobis.

1937 727 2141 798 inquit;
2176 726 2289 799 ipse
2322 725 2590 795 pollicitus
2616 735 2697 780 est
2731 735 2928 782 terram
2960 728 3098 782 hanc
3128 729 3260 784 mihi
3292 744 3353 786 se
3380 730 3543 785 datu-

1938 835 2054 874 rum
2084 831 2138 875 et
2169 834 2294 875 meo
2343 820 2558 875 semini.
2590 820 2932 891 Quapropter
2959 824 3172 878 etiamsi
3204 839 3302 879 nos
3344 825 3546 897 indigni

1938 912 2127 976 simus,
2160 920 2307 966 certe
2339 926 2407 964 ne
2442 911 2728 980 promissio
2757 912 2847 966 flat
2873 912 3042 979 irrita,
3077 915 3233 970 nobis
3257 916 3459 981 aderit,
3492 929 3546 974 et

1938 1013 2131 1058 cuncta
2176 1018 2296 1073 qua:
2336 1003 2731 1060 destinavimus
2779 1005 2970 1061 reddet
3011 1006 3215 1074 facilia,
3243 1019 3296 1064 et
3321 1011 3386 1064 ad
3412 1011 3546 1065 ell‘e-

1938 1102 2120 1159 ctum,
2168 1095 2380 1164 qualem
2434 1103 2718 1165 optamus,
2767 1097 3040 1167 perducet.
3075 1099 3167 1154 llis
3204 1101 3361 1154 dictis
3403 1102 3549 1158 misit

1939 1183 2219 1238 famulum.

2024 1273 2235 1329 Famuli
2287 1275 2507 1330 Abralue
2567 1277 2818 1332 laudatio.
2894 1278 3238 1350 Hospitalitas
3300 1283 3546 1337 bonorum

1938 1386 2111 1422 causa.
2136 1400 2208 1410 —
2235 1371 2330 1426 llle
2360 1372 2445 1425 ιιὺί
2481 1375 2726 1442 pervenit
2763 1375 2921 1440 illuc,
2961 1392 3067 1430 non
3097 1377 3226 1431 adiit
3267 1377 3435 1432 ullum
3480 1394 3547 1432 ex

1939 1460 2166 1523 civibus,
2197 1477 2303 1515 non
2331 1463 2638 1532 alloquutus
2660 1476 2738 1518 est
2771 1465 3038 1532 homines,
3067 1484 3172 1521 non
3199 1469 3547 1539 compellavit

1943 1551 2191 1606 mulieres
2225 1571 2237 1606 :
2267 1552 2362 1606 sed
2396 1553 2519 1607 vide
2549 1570 2706 1622 quam
2739 1556 2875 1610 bona
2907 1558 3032 1622 fide,
3066 1575 3223 1628 quem
3261 1572 3550 1631 acceperat

1941 1652 2314 1710 sequestrum,
2360 1645 2613 1708 retinuit,
2650 1658 2844 1712 przeter
2882 1665 3004 1701 eum
3042 1650 3331 1718 appellavit
3373 1652 3548 1705 nemi-

1944 1749 2098 1798 nem;
2133 1741 2187 1786 et
2217 1744 2363 1788 stans
2393 1738 2588 1796 oravit,
2618 1736 2683 1788 Et
2714 1740 2805 1803 ait,
2831 1737 3042 1793 Domine
3069 1740 3208 1794 Deus
3237 1742 3431 1796 domini
3453 1745 3551 1796 mei

1945 1825 2225 1876 Abraltami
2253 1866 2266 1884 .
2299 1827 2367 1878 sis
2398 1827 2523 1878 mihi
2551 1827 2702 1880 ltodie
2741 1846 2963 1897 prazseus
2993 1848 3052 1883 ac
3095 1834 3343 1901 propitius
3377 1832 3397 1904 (
3419 1833 3546 1888 Gen.

1943 1914 2032 1967 9.4.
2071 1916 2157 1982 l9.)
2191 1933 2203 1967 :
2236 1931 2336 1968 nec
2363 1916 2537 1978 dixit,
2588 1918 2811 1972 lunniue
2860 1920 2998 1973 Deus
3040 1937 3191 1986 meus
3218 1941 3230 1974 :
3256 1923 3351 1976 sed
3381 1924 3551 1994 quid?

1948 2004 2164 2058 Domine
2193 2005 2329 2059 Deus
2355 2007 2547 2059 domini
2575 2009 2668 2059 mei
2697 2009 2990 2062 Abralmmi.
3029 2010 3250 2066 Etiamsi
3281 2028 3381 2082 ego
3406 2013 3553 2083 abje—

1945 2106 2063 2150 ctus
2091 2097 2212 2161 sint,
2248 2098 2438 2167 inquit,
2471 2109 2519 2152 et
2559 2098 2774 2152 lutmilis
2801 2143 2815 2166 ,
2846 2113 2992 2155 cet'te
3023 2102 3211 2156 lterum
3245 2121 3422 2157 meum
3456 2121 3554 2174 pro

1947 2203 2032 2240 me
2081 2188 2290 2256 allego:
2325 2204 2429 2241 non
2475 2191 2618 2244 enim
2674 2191 2844 2253 mihi,
2894 2193 2987 2245 sed
3035 2193 3106 2245 illi
3155 2194 3554 2250 ministraturtts

1947 2280 2050 2333 huc
2081 2283 2198 2335 veni
2231 2298 2242 2332 :
2279 2282 2418 2335 illius
2454 2283 2614 2351 igitur
2647 2284 2858 2338 virtutis
2886 2297 3134 2354 respectu
3157 2296 3380 2343 conatus
3404 2305 3555 2344 meos

1947 2371 2157 2439 adjuva.

2019 2464 2070 2517 ti.
2107 2463 2308 2519 Deinde
2349 2480 2414 2518 ne
2457 2475 2612 2534 putes
2643 2482 2763 2519 cmn
2805 2475 3074 2537 tamquam
3113 2467 3353 2523 debitum
3396 2484 3556 2539 repe-

1949 2564 2083 2615 tere,
2118 2555 2238 2608 audi
2270 2572 2387 2623 qua:
2415 2567 2712 2625 sequuntur
2746 2575 2758 2609 :
2797 2557 2857 2610 Et
2890 2564 2973 2628 [ac
3000 2559 3401 2612 misericordiam
3439 2577 3556 2614 cum

1949 2646 2153 2697 domino
2183 2663 2289 2697 meo
2319 2646 2576 2700 Abraham
2601 2647 2618 2717 (
2639 2647 2767 2701 Gen.
2794 2648 2883 2702 24.
2912 2647 3030 2718 12).
3060 2649 3284 2703 Etiamsi
3327 2651 3555 2720 plurima

1946 2753 2253 2807 exstarent,
2288 2740 2486 2811 inquit,
2519 2748 2705 2792 nostra
2739 2741 2930 2794 merita
2953 2782 2967 2801 ,
2998 2758 3248 2812 rogamus
3290 2754 3467 2800 tamen
3501 2763 3555 2806 ut

1951 2847 2035 2889 tua
2068 2851 2165 2888 nos
2197 2850 2381 2890 serves
2407 2837 2598 2903 gratia,
2637 2847 2801 2890 totum
2836 2850 2889 2891 ut
2917 2836 3243 2896 beneficium
3276 2847 3554 2906 acceptum

1952 2928 2208 2991 ferentes,
2244 2943 2346 2980 non
2379 2935 2434 2980 ttt
2466 2927 2729 2980 debitum.
2759 2930 2819 2982 Et
2844 2931 2970 2999 qttid
3002 2934 3094 2986 tibi
3125 2937 3404 3001 pestulas?
3432 2932 3564 2985 Ecce

1950 3035 2041 3087 ego
2075 3029 2171 3078 sto,
2209 3020 2409 3085 inquit,
2437 3037 2594 3087 prope
2629 3023 2817 3089 fontem
2850 3038 3030 3088 aqum,
3065 3033 3110 3076 et
3140 3024 3265 3091 ﬁlia:
3302 3029 3559 3081 habitato-

1949 3128 2064 3164 rum
2092 3111 2305 3162 civitatis
2332 3111 2650 3180 egrediantur
2689 3112 2757 3163 ad
2799 3113 3131 3166 hauriendam
3159 3134 3365 3186 aquam.
3385 3117 3560 3186 Igitur

1952 3203 2120 3272 puella
2143 3205 2220 3254 cui
2252 3203 2427 3254 dixero
2454 3218 2471 3254 :
2496 3202 2672 3255 Pra'be
2694 3204 2928 3272 [syth-iam
2948 3216 3084 3258 tuam
3112 3217 3164 3258 ut
3187 3207 3374 3274 bibant,
3400 3219 3446 3261 et
3470 3212 3561 3262 illa

1949 3296 2284 3364 responderit,
2319 3295 2460 3359 Bibe,
2484 3295 2603 3362 quin
2625 3305 2671 3347 et
2694 3296 2897 3348 camelis
2919 3296 3017 3350 tuis
3039 3296 3169 3351 dabo
3195 3311 3369 3368 potum
3396 3316 3414 3352 :
3444 3301 3558 3369 ipsa

1950 3397 2021 3441 est
2048 3403 2196 3456 quant
2221 3387 2522 3457 pra'parasti
2549 3402 2688 3439 servo
2715 3398 2799 3439 tuo
2825 3385 2978 3440 Isaac
2997 3429 3012 3452 ,
3042 3398 3088 3441 et
3117 3407 3206 3458 per
3237 3391 3331 3443 hoc
3366 3407 3558 3461 cogno-

1951 3496 2108 3538 scam.
2129 3479 2264 3547 quod
2287 3481 2460 3548 feceris
2482 3478 2880 3531 misericordiam
2899 3495 3016 3532 cum
3034 3480 3153 3533 hero
3175 3498 3282 3534 meo
3304 3484 3560 3536 Abraham

1958 3571 2108 3642 (Ceu.
2131 3571 2218 3623 Eli.
2249 3572 2328 3625 l5.
2357 3569 2608 3638 ll).Vide
2626 3570 2940 3639 sapientiam
2959 3571 3334 3641 fantnli,quale
3351 3575 3561 3641 signum

1955 3671 2136 3732 ponat.
2161 3661 2275 3715 Non
2298 3661 2452 3724 dixit,
2474 3662 2527 3714 Si
2552 3677 2710 3730 quam
2737 3662 2920 3716 videro
2943 3663 3103 3717 mulis
3139 3676 3462 3733 carpentove
3481 3665 3563 3720 in-

1956 3755 2097 3820 vehi,
2121 3756 2597 3822 count-horumque
2629 3770 2818 3822 agmen
2850 3763 2969 3822 post
2998 3769 3056 3808 se
3086 3754 3297 3808 trahere
3317 3795 3333 3822 ,
3367 3765 3421 3810 et
3464 3773 3566 3810 uno

1956 3864 2223 3902 luerosum
2258 3847 2593 3908 famulitium,
2624 3846 2850 3914 puellam
2881 3855 3038 3899 aetate
3060 3861 3121 3899 ac
3145 3846 3313 3900 forma
3347 3847 3560 3915 florida,

1956 3956 2072 3995 eatn
2095 3941 2402 4010 prtrparasti
2419 3950 2508 3994 tuo
2527 3938 2860 4001 fatnulo;sed
2879 3938 3038 4008 quid?
3057 3939 3148 3991 Cui
3163 3940 3342 3993 dixero
3362 3939 3569 3995 :Pra'be

1957 4034 2195 4104 hydriam
2221 4043 2378 4096 tuam,
2413 4043 2463 4084 ut
2491 4033 2675 4083 bibam.
2707 4030 2846 4095 Quid
2871 4032 3001 4098 agis,
3037 4031 3175 4086 bone
3203 4033 3322 4085 vir?
3347 4033 3568 4087 Adeone

1957 4125 2114 4177 vilem
2146 4122 2278 4175 ltcro
2309 4133 2396 4174 ttto
2427 4125 2622 4190 qua-ris
2655 4122 2935 4190 conjugem
2960 4163 2974 4187 ,
3020 4133 3270 4190 aquatum
3314 4125 3566 4187 missam,

1959 4224 2013 4267 ct
2040 4229 2159 4282 qum
2188 4224 2241 4265 te
2270 4213 2466 4281 alloqui
2502 4212 2707 4280 potest?
2737 4213 2933 4276 litium,
2969 4214 3172 4280 inquit;
3197 4214 3393 4266 missus
3423 4216 3572 4271 enim

1959 4319 2076 4357 sunt
2105 4319 2210 4356 non
2240 4303 2580 4370 pecuniosam
2609 4312 2698 4352 aut
2729 4300 2958 4355 ttobilcm
2983 4342 2997 4367 ,
3028 4302 3120 4355 sed
3150 4303 3388 4357 moribus
3422 4305 3572 4374 inge-

1961 4394 2082 4448 nuis
2128 4393 2400 4461 praeditam
2447 4408 2709 4459 quarrere.
2766 4391 2941 4446 Multa:
2984 4408 3126 4462 smpe
3171 4410 3236 4448 ex
3283 4395 3400 4449 istis
3448 4411 3571 4465 qua:

1961 4495 2212 4553 aquatum
2245 4485 2524 4536 tnittuntur
2549 4526 2563 4548 ,
2619 4485 2666 4537 in
2709 4484 2940 4539 Solidum
2971 4486 3220 4540 virtutem
3254 4487 3569 4556 possident:

1963 4577 2082 4628 alite
2111 4584 2293 4628 contra
2330 4575 2380 4626 in
2415 4574 2709 4644 magniﬁcis
2737 4573 3046 4628 desidentes
3074 4576 3299 4644 aedibus,
3331 4578 3568 4646 ignavis-

1966 4668 2117 4718 sima:
2142 4675 2263 4717 sunt
2291 4675 2344 4717 et
2370 4664 2697 4718 deterrimae.
2727 4665 2792 4718 Et
2816 4666 2903 4734 qui
2936 4667 3042 4720 scis
3068 4666 3205 4720 hanc
3228 4683 3350 4722 esse
3378 4672 3574 4726 virtute

1971 4754 2285 4825 pra‘ditam?
2316 4755 2356 4808 Ε
2383 4755 2536 4823 signo
2558 4797 2571 4819 ,
2607 4755 2775 4823 inquit
2803 4797 2815 4817 ,
2844 4757 2985 4824 quod
3019 4757 3146 4810 dixi.
3179 4757 3246 4810 Et
3285 4760 3444 4828 quale
3470 4759 3576 4818 hoc

1969 4849 2176 4899 virtutis
2209 4848 2415 4915 signum
2448 4847 2565 4899 est?
2614 4845 2974 4900 lndubitatum
3016 4859 3070 4902 ct
3115 4851 3429 4905 maximum.
3477 4853 3573 4908 Est

1968 4941 2108 4992 enim
2143 4938 2524 5008 hospitalitatis
2564 4940 2772 5007 signum
2805 4941 3187 4995 certissimum.
3235 4943 3325 4997 Sic
3369 4945 3571 5014 igitur,

1969 5032 2069 5085 etsi
2103 5046 2207 5084 non
2240 5029 2442 5084 cisdcm
2475 5029 2652 5082 verbis
2673 5071 2687 5095 ,
2721 5029 2990 5100 loquitur:
3019 5031 3164 5084 Illam
3198 5049 3380 5101 quarm
3412 5037 3576 5105 virgi-

1973 5139 2132 5188 nem,
2175 5131 2428 5190 quajtam
2474 5120 2754 5189 hospitalis
2781 5129 2901 5184 est,
2943 5130 3000 5175 ιιι
3046 5122 3286 5187 nullum,
3319 5135 3579 5193 quantum

1975 5221 2169 5282 potest,
2205 5223 2416 5267 recuset
2445 5213 2824 5266 ministerium.
2860 5211 3025 5280 idque
3055 5229 3160 5266 non
3195 5223 3400 5270 temere
3428 5232 3580 5285 qua:-

1975 5306 2062 5362 rit.
2095 5303 2187 5357 sed
2217 5304 2338 5373 quia
2367 5304 2418 5357 in
2450 5303 2528 5357 eis
2560 5302 2734 5356 fuerat
2755 5302 3013 5357 educatus
3037 5303 3275 5371 uadibus,
3307 5304 3582 5376 inquibus

1977 5398 2208 5451 maxime
2261 5396 2536 5450 colebatur
2589 5395 2924 5465 hospitalitas
2955 5414 2966 5448 :
2995 5405 3120 5452 ante
3165 5399 3343 5451 omnia
3402 5414 3583 5455 tnorcs

1977 5491 2168 5559 (put-rit
2194 5489 2443 5542 berorum
2466 5503 2684 5542 suorum
2711 5488 2950 5541 moribus
2971 5489 3301 5556 consimiles,
3326 5489 3585 5544 ducturus

1978 5597 2229 5650 sponsam
2266 5581 2316 5633 in
2348 5581 2490 5634 mdes
2517 5590 2763 5651 patentes
2793 5580 3116 5650 hospitibus.
3157 5581 3245 5634 Sic
3287 5596 3414 5650 ergo
3442 5581 3587 5652 cogi-

1983 5672 2127 5724 tabat
2160 5688 2171 5723 :
2202 5687 2268 5723 ne
2299 5686 2400 5738 qua
2442 5673 2553 5722 rixa
2583 5670 2785 5723 oriatur
2818 5670 2956 5722 inter
2985 5670 3152 5740 ipsam
3181 5679 3235 5726 et
3259 5671 3579 5739 conjugcm,

1979 5764 2105 5818 dum
2140 5762 2364 5817 maritus
2386 5775 2480 5815 sua
2513 5760 2740 5831 benigne
2767 5763 3147 5828 communicat,
3178 5761 3229 5815 in
3256 5761 3358 5816 hoc
3377 5774 3406 5813 a
3431 5769 3582 5830 patre
