4228 6298
219 386 327 444 253

216 503 325 558 lilia
354 515 371 565 ς
400 503 457 552 at
480 507 602 566 qua:
630 489 794 546 animi
827 483 1030 556 pollent
1055 476 1454 552 pulchritudine
1475 516 1490 540 ,
1515 488 1622 544 quo
1648 469 1815 566 magis

223 562 781 662 temporis-processu
829 575 1240 650 generositatem
1287 583 1437 623 suam
1478 562 1775 635 approbant
1798 601 1814 624 ,

223 653 374 738 tanto
409 653 611 735 acriori
641 674 854 729 ﬂamma
884 674 1047 724 urunt
1076 665 1391 720 maritorum
1441 671 1676 728 peetora.
1709 653 1818 707 lloc

221 782 378 842 pacto
409 770 500 825 ubi
531 764 731 823 fervida
773 770 828 817 et
857 771 1110 830 germana
1155 752 1452 808 innascitur
1496 745 1820 803 benevolen-

221 839 314 927 tia.
346 876 510 917 omne
533 855 703 926 stupri
733 867 902 926 genus
926 848 1156 910 exsulat,
1183 854 1238 900 et
1264 845 1343 899 sic
1366 839 1565 897 amanti
1595 852 1816 892 uxorem

221 925 311 1009 net
334 953 388 1008 in
434 925 672 1006 mentem
702 943 915 1015 quidem
945 939 1088 993 venit
1113 936 1360 1005 voluptas
1401 932 1502 986 nisi
1548 925 1818 998 legitima,

226 1039 534 1099 iinmanenti
565 1036 838 1092 amoribus
869 1029 1098 1102 propriis
1117 1069 1132 1093 ,
1175 1036 1227 1082 et
1260 1041 1354 1096 per
1384 1021 1687 1092 pudicitiam
1728 1031 1816 1070 ea-

225 1134 392 1201 ptanti
438 1131 676 1186 favorem
707 1125 937 1183 caelestis
979 1121 1211 1176 numinis
1236 1160 1249 1185 ,
1283 1116 1434 1186 cujus
1477 1112 1728 1183 auSpiciis
1767 1119 1824 1165 et

226 1224 599 1281 benevolentia
629 1222 770 1275 inter
793 1216 1050 1286 conjuges
1079 1213 1147 1268 sit
1176 1219 1454 1281 perpetua,
1492 1216 1544 1259 et
1574 1205 1689 1275 ejus
1719 1219 1823 1272 ope

222 1319 630 1371 administretur
655 1327 742 1367 res
770 1307 1088 1363 domestica.
1113 1304 1205 1359 Sic
1233 1315 1431 1356 uxores
1471 1298 1570 1352 sibi
1615 1310 1826 1366 quaarc-

223 1411 346 1464 haut
394 1406 554 1479 prisci
590 1404 661 1459 illi
689 1404 886 1456 virtute
916 1397 1125 1453 nobiles
1147 1439 1160 1461 ,
1193 1393 1507 1465 pricclaram
1549 1387 1710 1442 animi
1745 1388 1823 1440 in-

223 1501 402 1554 dolem
446 1499 498 1550 in
544 1496 623 1550 eis
663 1500 1005 1563 spectantes,
1059 1503 1163 1541 non
1211 1483 1553 1554 pecuniarum
1591 1479 1822 1546 c0piam,

222 1590 367 1658 quod
402 1589 472 1642 ita
502 1601 623 1642 esse
657 1593 716 1638 ut
742 1583 851 1638 dixi
885 1595 990 1634 uno
1020 1576 1266 1645 exemplo
1295 1573 1633 1629 indicabitur.
1663 1572 1824 1622 Abra-

223 1683 410 1734 hamus
426 1680 542 1748 jam
568 1677 737 1731 senior
768 1681 1111 1743 provectwque
1136 1668 1299 1721 aztatis
1325 1665 1453 1717 dixit
1479 1678 1619 1717 seruo
1644 1659 1828 1729 majori

222 1774 409 1825 domus
432 1786 559 1835 sum,
583 1769 668 1838 qui
691 1774 904 1836 prteemt
926 1764 1034 1832 ejus
1056 1759 1286 1814 omnibus
1314 1753 1657 1828 facultatibus,
1690 1752 1830 1805 Pone

225 1878 435 1915 manum
483 1870 622 1912 tuam
658 1856 826 1910 subter
867 1858 1034 1925 femur
1077 1867 1279 1911 meum,
1308 1859 1362 1900 ut
1389 1848 1620 1914 adinrem
1663 1855 1709 1897 te
1740 1861 1831 1912 per

230 1952 509 2005 Dominum
533 1947 699 2001 Deum
720 1946 832 2000 ccli
861 1953 907 1998 et
939 1954 1085 1996 terrae
1105 1981 1120 2005 ,
1156 1949 1208 1992 ut
1240 1956 1339 1992 non
1371 1937 1593 2006 accipias
1622 1950 1830 1988 uxorem

233 2045 342 2113 filio
384 2059 496 2096 meo
537 2040 687 2094 Isaac
731 2041 793 2092 de
823 2037 1027 2104 filiabus
1055 2034 1463 2087 Chanauworum
1489 2071 1503 2092 ,
1534 2030 1666 2081 inter
1708 2042 1831 2095 quos

229 2136 424 2198 habito,
446 2133 535 2187 sed
553 2132 621 2184 ad
642 2141 823 2183 terram
841 2143 1004 2180 meam
1022 2125 1105 2177 ubi
1121 2132 1268 2176 natus
1284 2138 1415 2181 sum,
1432 2129 1476 2173 et
1491 2119 1559 2171 ad
1573 2119 1832 2187 cognatio-

229 2243 342 2279 nem
372 2240 536 2276 meam
558 2220 918 2291 proficiscaris,
940 2227 984 2271 et
1011 2216 1128 2268 inde
1148 2229 1356 2267 uxorem
1374 2212 1481 2278 [ilio
1507 2227 1616 2262 meo
1652 2206 1833 2274 capias

231 2320 250 2384 (
276 2317 408 2370 Gen.
434 2315 528 2368 24.
565 2313 661 2366 1-4
685 2312 726 2382 ).
757 2309 944 2364 Viden‘
969 2307 1095 2377 justi
1128 2305 1285 2373 hujus
1315 2303 1603 2365 virtutem,
1636 2308 1834 2368 quanta

228 2421 359 2461 cura
410 2404 609 2473 nuptiis
656 2400 1024 2471 proSpexerit’!
1050 2397 1166 2450 Non
1198 2396 1340 2449 enim
1373 2393 1612 2446 adhibuit
1644 2389 1834 2459 perdu-

229 2496 431 2551 ctrices
465 2491 844 2553 mulierculas,
875 2500 930 2543 ut
961 2505 1100 2541 nunc
1132 2486 1218 2549 fit,
1251 2499 1426 2554 neque
1449 2481 1719 2551 pronubas
1745 2489 1835 2532 aut

232 2607 364 2644 anus
399 2589 666 2662 garrulas,
697 2585 792 2644 sed
831 2583 1037 2639 [amulo
1067 2595 1165 2640 suo
1195 2578 1468 2633 commisit
1521 2575 1622 2629 hoc
1668 2588 1832 2642 nego-

233 2693 366 2743 tium
395 2708 407 2744 :
435 2685 576 2758 quod
605 2701 777 2755 ipsum
802 2697 1055 2753 magnum
1091 2680 1304 2748 pictatis
1332 2670 1650 2747 ρτιιιητιτειιω
1679 2685 1838 2742 argu-

234 2791 476 2834 un-ntum
508 2787 586 2832 est
610 2819 623 2840 ,
655 2775 795 2846 quod
841 2784 946 2828 tam
995 2773 1132 2825 bene
1165 2771 1394 2824 instituit
1438 2767 1692 2820 famulum
1721 2805 1734 2825 ,
1781 2773 1838 2818 ut

233 2875 429 2941 dignus
456 2873 630 2933 fieret,
654 2868 740 2923 cui
762 2867 1073 2923 crederetur
1099 2864 1204 2917 tale
1233 2860 1608 2916 ministerium.
1638 2857 1838 2911 Deinde

235 2966 516 3020 mulierem
554 2962 745 3032 qua-rit
778 2975 882 3012 non
918 2960 1209 3011 fornmsam
1242 2963 1333 3007 aut
1363 2954 1601 3015 divitem,
1628 2949 1719 3002 sed
1748 2965 1840 3017 ge-

235 3057 446 3112 nerosis
493 3055 733 3108 moribus
766 3051 1038 3120 praeditam
1074 3067 1085 3100 :
1119 3059 1172 3102 et
1204 3046 1304 3100 hac
1343 3046 1408 3099 de
1453 3058 1611 3096 causa
1661 3042 1837 3094 homi-

237 3164 359 3203 nem
407 3147 558 3215 jubet
604 3154 712 3198 tam
760 3142 1103 3210 longinquam
1149 3134 1632 3204 peregrinationem
1671 3131 1840 3184 susci-

239 3253 386 3308 pere.
417 3235 569 3290 Nunc
589 3232 958 3301 contemplare
983 3239 1039 3284 et
1062 3228 1242 3281 famuli
1275 3237 1505 3278 mentem
1533 3223 1835 3292 egregiam:

238 3343 346 3382 non
375 3327 521 3382 enim
561 3324 694 3379 dixit
721 3341 734 3376 :
765 3322 902 3388 Quid
947 3320 1051 3373 hoc
1085 3319 1156 3373 rei
1190 3319 1312 3370 est?
1347 3324 1422 3368 tot
1452 3323 1578 3367 sunt
1619 3312 1838 3381 pr0pin-

239 3435 360 3490 qua:
405 3427 628 3488 gentes,
684 3425 759 3468 tot
803 3415 854 3466 in
896 3413 973 3466 eis
1013 3411 1132 3464 lilia)
1164 3408 1419 3462 nobilium
1450 3415 1504 3459 et
1534 3404 1837 3466 illustrium,

240 3510 508 3577 simulque
537 3506 906 3576 priedivitum;
937 3513 991 3555 et
1020 3515 1073 3553 tu
1108 3516 1195 3554 mc
1229 3498 1393 3551 mittis
1427 3498 1477 3549 in
1509 3504 1704 3549 terratn
1737 3503 1841 3546 tam

245 3604 401 3669 longe
430 3599 694 3660 diss-itam,
729 3595 793 3649 ad
819 3597 1031 3664 ignotos
1060 3590 1306 3644 homines
1333 3609 1344 3642 :
1370 3603 1527 3657 quem
1563 3586 1668 3640 illic
1691 3601 1840 3639 com-

246 3688 492 3761 pellabo?
529 3687 647 3756 qui:
699 3701 783 3739 me
833 3681 1127 3753 agnoscet?
1168 3679 1293 3750 quid
1347 3678 1388 3732 si
1445 3677 1663 3730 insidias
1714 3674 1843 3729 mihi

245 3781 501 3837 struant?
530 3778 656 3848 quid
684 3777 727 3831 si
754 3782 1015 3830 conentur
1058 3770 1342 3840 decipere?
1383 3769 1512 3822 nihil
1561 3767 1702 3820 enim
1746 3767 1844 3818 ho-

247 3876 388 3944 Spilc
415 3873 585 3940 magis
627 3869 840 3938 injuriis
869 3866 1192 3935 expositum.
1223 3863 1365 3917 Nihil
1400 3862 1506 3914 tale
1549 3860 1683 3913 dixit
1711 3876 1724 3912 :
1752 3858 1846 3912 sed

250 3967 426 4019 missis
450 3963 644 4016 talibus
664 3957 1097 4029 cogitationibus,
1123 3953 1264 4024 quod
1279 3946 1518 4007 maxime
1540 3959 1846 4019 suspectum

248 4072 370 4110 esse.
395 4062 624 4124 poterat,
657 4051 956 4119 suSpiealus
987 4056 1090 4114 est,
1121 4047 1237 4100 sine
1265 4044 1691 4098 contradictione
1717 4042 1848 4095 ohe-

249 4148 441 4209 dieus,
498 4143 801 4198 necessaria
859 4152 1036 4193 tamen
1099 4139 1516 4206 interrogatione
1569 4134 1849 4188 declarans

249 4253 403 4293 suam
451 4235 806 4303 prudentiam.
835 4231 972 4298 Quid
1014 4231 1173 4300 igitur
1211 4237 1293 4282 est
1331 4227 1471 4296 quod
1507 4224 1850 4293 interrogavit

252 4327 570 4382 dominum?
597 4324 659 4380 Si
699 4323 954 4387 noluerit,
985 4321 1187 4389 inquit,
1218 4319 1400 4373 mulier
1426 4319 1594 4370 uenire
1619 4332 1813 4368 mecum
1835 4356 1849 4377 ,

254 4420 504 4490 numquid
543 4419 780 4472 reducere
816 4416 971 4468 debeo
1009 4416 1176 4482 filium
1215 4422 1356 4465 tuum
1404 4411 1471 4462 ad
1510 4409 1763 4480 regionem
1793 4422 1855 4460 ex

253 4529 354 4581 qua
383 4525 612 4580 egressus
637 4525 690 4561 es
719 4505 870 4575 (Gen.
897 4506 985 4558 24.
1019 4503 1124 4574 5)?
1155 4502 1449 4571 Respondit
1479 4498 1852 4554 Ahrahamus:

256 4603 388 4656 Cave
432 4599 697 4670 nequando
741 4598 952 4651 reducas
995 4597 1158 4663 ﬁlium
1200 4610 1364 4647 meum
1409 4592 1550 4645 illuc.
1604 4589 1856 4643 Dominus

258 4695 399 4748 Deus
427 4693 539 4746 coeli
571 4702 615 4744 et
646 4701 812 4753 terrae,
842 4689 927 4759 qui
951 4688 1068 4740 tulit
1096 4702 1175 4740 me
1204 4687 1267 4738 de
1297 4685 1448 4737 domo
1480 4682 1639 4752 patris
1664 4681 1781 4744 mei,
1813 4689 1857 4732 et

259 4788 323 4838 de
352 4796 489 4838 terra
519 4781 794 4834 nativitatis
827 4794 969 4840 mete,
999 4778 1083 4846 qui
1112 4778 1351 4845 loquutus
1379 4783 1448 4827 est
1480 4773 1604 4825 mihi
1635 4781 1680 4824 et
1702 4772 1858 4840 jura—

262 4877 365 4940 rit,
399 4875 602 4934 dicens,
635 4870 748 4924 Tibi
777 4871 906 4923 dabo
937 4880 1121 4920 terram
1151 4868 1281 4919 hanc
1318 4877 1362 4918 et
1391 4866 1568 4918 semini
1597 4875 1682 4916 tuo
1703 4903 1716 4925 ,
1751 4865 1860 4931 ipse

264 4968 426 5018 mittet
448 4964 685 5035 angelum
705 4977 854 5015 suum
880 4977 1052 5013 coram
1079 4973 1144 5022 te,
1169 4959 1255 5028 qui
1280 4957 1373 5009 iter
1399 4966 1539 5009 tuum
1563 4971 1862 5025 prosperum

267 5057 420 5127 faciet
447 5052 552 5122 (Ib.
585 5068 632 5104 υ.
663 5052 716 5108 6.
750 5051 830 5121 7).
863 5048 1050 5104 Viden’
1079 5049 1176 5103 viri
1211 5047 1412 5101 fidem?
1440 5045 1555 5100 Non
1586 5044 1865 5098 advocavit

267 5150 508 5209 amicos,
546 5155 638 5198 aut
674 5154 969 5213 cognatos,
1018 5157 1122 5195 non
1162 5141 1323 5194 alium
1367 5153 1725 5208 quemquam,
1770 5135 1861 5190 sed

270 5237 439 5292 Deum
484 5235 723 5305 adjunxit
763 5234 812 5288 ei
855 5244 1194 5302 sequestrum
1239 5239 1294 5285 ct
1339 5233 1634 5285 comitem:
1666 5237 1719 5282 ct
1760 5243 1867 5297 quo

270 5327 440 5394 magis
468 5327 705 5378 animum
736 5323 956 5378 addc-ret
978 5321 1197 5388 famulo,
1229 5337 1332 5375 non
1362 5320 1676 5390 simpliciter
1697 5319 1862 5373 dixit:

275 5416 524 5470 Dominus
555 5415 693 5470 Deus
723 5416 832 5470 caeli
861 5424 905 5468 et
936 5425 1081 5467 terra:
1104 5428 1122 5465 :
1146 5413 1238 5467 scd
1269 5413 1565 5480 subjnuxit.
1597 5411 1696 5477 Qui
1725 5426 1867 5464 sum~

273 5509 370 5578 psit
401 5525 479 5560 me
503 5507 693 5560 edomo
717 5510 875 5577 patris
907 5507 1020 5558 mei.
1045 5503 1366 5567 Recordare,
1386 5504 1576 5572 inquit,
1601 5502 1872 5571 quomodo

277 5609 478 5652 tantam
510 5598 992 5667 peregrinationem
1017 5598 1369 5666 suscepimus,
1391 5594 1662 5663 quomodo
1684 5594 1871 5646 relicto

275 5691 394 5743 solo
425 5689 598 5759 patrio
627 5690 886 5758 majorem
917 5688 1053 5758 apud
1092 5699 1306 5742 exteros
1331 5686 1637 5740 felicitatem
1665 5683 1871 5737 inveni-

278 5799 396 5838 mus
428 5802 438 5837 :
472 5783 741 5854 quomodo
787 5798 906 5853 qua:
954 5781 1299 5854 impossibilia
1351 5779 1687 5844 videbantur,
1737 5777 1872 5830 facta

1265 358 1542 430 QUALES
1583 351 1932 412 DUCENDE
1971 351 2124 408 SINT
2166 348 2464 408 UXORES.
2507 348 2597 406 Ill.

3425 352 3532 406 951

1926 476 2046 520 sunt
2072 463 2502 536 possibilia..Nec
2526 462 2629 518 hoc
2656 461 2830 518 Solum
2860 463 2917 518 in
2938 471 3173 520 mentem
3195 464 3245 520 ei
3271 480 3533 521 revocans

1925 556 2079 623 dixit,
2129 555 2230 623 Qui
2264 555 2477 625 sumpsit
2504 570 2584 608 me
2621 569 2651 606 ε
2692 553 2843 608 domo
2879 555 3041 624 patris
3068 556 3200 623 mei,
3229 556 3324 612 sed
3367 559 3531 612 etiam

1924 647 2068 718 quod
2108 646 2406 702 debitorem
2455 646 2622 701 Deum
2667 645 2882 701 habeat.
2927 644 3194 717 Obligavit
3235 663 3296 702 se
3340 649 3536 713 nobis,

1928 738 2132 809 inquit;
2166 738 2280 810 ipse
2312 737 2579 806 pollicitus
2606 746 2687 791 est
2721 746 2918 792 terram
2951 738 3089 792 hanc
3119 738 3251 792 mihi
3282 753 3342 794 se
3371 739 3532 793 datu-

1929 847 2044 886 rum
2075 842 2129 887 et
2161 846 2285 886 meo
2335 831 2549 886 semini.
2580 831 2922 902 Quapmpter
2949 833 3161 888 etiamsi
3194 848 3293 888 nos
3335 833 3537 904 indigni

1929 924 2118 988 simus,
2151 930 2298 978 certe
2330 936 2398 976 ne
2433 921 2719 991 promissio
2748 923 2838 976 fiat
2863 922 3033 989 irrita,
3068 924 3224 979 nobis
3247 925 3449 990 aderit,
3482 937 3537 982 et

1929 1025 2122 1070 cuncta
2167 1030 2286 1084 qua:
2327 1014 2722 1070 destinavimus
2770 1016 2961 1071 reddet
3001 1016 3206 1083 facilia,
3234 1026 3287 1073 et
3312 1019 3377 1072 ad
3403 1019 3536 1074 effe-

1930 1115 2112 1171 ctum,
2159 1106 2372 1175 qualem
2425 1114 2709 1176 optamus,
2758 1107 3032 1177 perducet.
3067 1108 3158 1162 llis
3195 1110 3352 1164 dictis
3395 1111 3540 1166 misit

1931 1196 2211 1249 famulum.

2017 1286 2227 1340 Famuli
2279 1286 2499 1340 Abrahtz
2559 1289 2809 1341 laudatio.
2885 1288 3229 1360 Hospitalilas
3292 1291 3537 1345 bonorum

1931 1398 2103 1434 causa.
2129 1412 2200 1422 —
2227 1382 2322 1437 Ille
2351 1383 2437 1436 tibi
2473 1386 2718 1452 pervenit
2755 1385 2913 1451 illuc,
2953 1401 3060 1439 non
3089 1386 3218 1440 adiit
3259 1386 3426 1440 ullum
3472 1402 3539 1440 ex

1931 1472 2158 1534 civibus,
2189 1488 2295 1526 non
2323 1473 2630 1543 alloquutus
2652 1487 2730 1528 est
2763 1475 3030 1541 homines,
3058 1493 3164 1530 non
3191 1478 3540 1547 compellavit

1935 1563 2184 1617 mulieres
2217 1581 2230 1617 :
2259 1563 2354 1617 sed
2388 1564 2512 1617 vide
2541 1581 2699 1632 quam
2731 1567 2868 1620 bona
2900 1567 3025 1631 fide,
3058 1584 3215 1637 quem
3253 1580 3543 1640 acceperat

1934 1664 2307 1722 sequestrum,
2353 1655 2606 1718 retinnit,
2642 1667 2837 1723 pneter
2875 1674 2997 1710 cum
3034 1659 3324 1727 appellavit
3366 1660 3540 1713 nemi-

1937 1761 2091 1810 nem;
2126 1753 2179 1798 et
2210 1755 2356 1799 stans
2387 1749 2581 1807 oravit,
2612 1746 2676 1798 Et
2708 1750 2798 1813 ait,
2825 1747 3035 1802 Domine
3061 1749 3200 1803 Deus
3230 1751 3424 1804 domini
3446 1753 3544 1804 mei

1937 1837 2218 1888 Abrahami
2246 1877 2259 1895 .
2292 1838 2360 1889 sis
2391 1838 2516 1889 mihi
2544 1837 2696 1890 hodie
2735 1856 2956 1907 prwsens
2986 1858 3045 1893 ac
3087 1843 3336 1911 propitius
3370 1841 3538 1912 (Cen.

1936 1926 2026 1979 ‘24.
2064 1927 2151 1994 12)
2186 1944 2196 1979 :
2230 1942 2330 1979 nec
2357 1927 2492 1980 dixit
2518 1969 2530 1990 ,
2582 1928 2804 1981 Domine
2853 1930 2990 1982 Deus
3033 1946 3184 1995 meus
3211 1950 3222 1983 ;
3249 1932 3344 1985 sed
3374 1933 3544 2002 quid?

1942 2016 2157 2070 Domine
2187 2016 2322 2070 Deus
2349 2018 2541 2070 domini
2569 2019 2661 2069 mei
2691 2019 2984 2071 Abrahnmi.
3023 2019 3243 2074 Etiamsi
3274 2036 3374 2090 ego
3399 2021 3547 2091 abje-

1939 2118 2057 2162 ctus
2085 2109 2206 2172 sim,
2242 2109 2431 2178 inquit,
2465 2120 2513 2163 et
2553 2108 2768 2162 humilis
2795 2152 2809 2176 ,
2840 2121 2986 2165 certe
3017 2112 3205 2165 herum
3239 2129 3416 2166 meum
3449 2129 3547 2182 pro

1941 2215 2026 2251 Ine
2075 2200 2284 2267 allego:
2319 2216 2423 2252 non
2470 2202 2613 2254 enim
2669 2201 2837 2263 mihi,
2888 2202 2981 2254 sed
3028 2202 3100 2254 illi
3149 2202 3547 2258 ministraturus

1941 2292 2044 2345 huc
2075 2294 2191 2346 veni
2225 2310 2236 2344 :
2274 2293 2413 2346 illius
2449 2293 2608 2362 igitur
2641 2294 2852 2348 virtutis
2881 2307 3128 2364 respectu
3151 2305 3375 2351 conatus
3399 2313 3549 2352 meos

1943 2383 2152 2451 adjuva.

2014 2476 2064 2529 ti.
2101 2475 2303 2530 Deinde
2344 2491 2408 2529 ne
2453 2486 2607 2545 putes
2638 2492 2758 2530 eum
2799 2485 3068 2546 tamquam
3107 2477 3348 2531 debitum
3391 2493 3551 2547 repe-

1944 2576 2078 2627 tere,
2113 2567 2233 2619 audi
2265 2583 2382 2634 (pne
2410 2578 2706 2636 sequuntur
2741 2585 2753 2619 :
2791 2567 2852 2620 Et
2885 2573 2968 2637 fac
2995 2569 3396 2621 misericordiam
3434 2585 3551 2621 cum

1944 2658 2148 2709 domino
2178 2674 2284 2709 mro
2316 2657 2572 2710 Abraham
2596 2657 2613 2728 (
2634 2657 2763 2711 Gen.
2789 2658 2878 2711 24.
2908 2657 3025 2726 12).
3056 2657 3279 2712 Etiamsi
3323 2659 3550 2728 plurima

1941 2765 2249 2819 exstarent,
2283 2750 2482 2822 inquit,
2515 2759 2702 2803 nostra
2735 2751 2925 2804 merita
2949 2791 2962 2811 ,
2994 2767 3244 2821 rogamus
3285 2762 3462 2808 tamen
3496 2771 3551 2814 ut

1947 2859 2031 2901 tua
2063 2862 2161 2900 nos
2192 2862 2376 2901 serves
2403 2847 2594 2914 gratia,
2632 2857 2796 2900 totum
2831 2860 2884 2901 ut
2912 2846 3238 2905 beneficium
3272 2856 3549 2915 acceptum

1949 2939 2204 3002 ferentes,
2240 2955 2343 2991 non
2375 2947 2430 2990 tit
2462 2938 2724 2992 debitum.
2755 2940 2815 2992 Et
2840 2941 2966 3008 quid
2998 2943 3091 2996 tibi
3121 2945 3400 3010 postulas?
3428 2940 3560 2993 Ecce

1946 3047 2038 3099 ego
2071 3041 2167 3089 sto,
2205 3031 2406 3097 inquit,
2433 3047 2590 3098 prOpc
2625 3033 2813 3099 fontem
2846 3048 3026 3098 aqum,
3061 3043 3106 3085 et
3136 3033 3261 3101 ﬁlia:
3298 3037 3555 3089 habitato-

1946 3140 2060 3176 rum
2088 3123 2301 3174 ciritatis
2328 3122 2646 3190 egrediantur
2686 3123 2754 3173 ad
2795 3123 3127 3176 hauriendam
3156 3143 3361 3194 aquam.
3381 3125 3556 3195 Igitur

1949 3215 2117 3284 puella
2140 3216 2216 3265 cui
2249 3215 2424 3266 dixero
2451 3229 2468 3265 .·
2493 3212 2669 3265 Pra'be
2691 3214 2925 3283 hydriam
2944 3226 3081 3268 tuam
3109 3226 3160 3267 ut
3184 3217 3371 3283 bibam,
3397 3227 3443 3269 ct
3466 3220 3558 3270 illa

1947 3307 2281 3376 responderit,
2316 3306 2457 3370 Bibe,
2481 3306 2601 3374 quin
2623 3315 2668 3358 et
2691 3306 2894 3358 camelis
2916 3306 3014 3360 tuis
3035 3305 3166 3360 dabo
3193 3319 3366 3377 potum
3393 3325 3410 3361 .·
3441 3309 3556 3377 ipsa

1947 3409 2018 3452 est
2045 3416 2193 3468 quant
2219 3398 2519 3468 pra'parasti
2546 3412 2686 3449 servo
2713 3408 2796 3449 tuo
2823 3395 2975 3450 Isaac
2995 3439 3009 3461 ,
3039 3408 3085 3450 et
3115 3417 3202 3468 per
3233 3400 3328 3452 hoc
3363 3415 3556 3470 cogno-

1949 3508 2106 3552 scam,
2126 3491 2261 3558 qnod
2284 3490 2457 3560 feceris
2480 3489 2877 3541 misericordiam
2896 3506 3014 3542 cum
3031 3489 3151 3543 hero
3173 3507 3280 3542 meo
3301 3492 3558 3544 Abraham

1956 3582 2105 3654 (Ceu.
2129 3583 2216 3635 :24.
2247 3583 2326 3636 l3.
2354 3579 2605 3650 lli).Vide
2624 3580 2937 3649 sapientiam
2958 3580 3160 3644 famuli,
3176 3584 3332 3650 quale
3350 3583 3558 3650 signum

1953 3683 2134 3744 ponat.
2159 3673 2272 3726 Non
2296 3672 2450 3735 dixit,
2472 3674 2525 3725 Si
2551 3687 2708 3740 quam
2735 3672 2918 3726 videro
2941 3673 3101 3726 mulis
3137 3684 3459 3741 carpentove
3480 3674 3561 3728 in-

1955 3768 2095 3831 vehi,
2120 3768 2596 3833 eunucliornmque
2628 3780 2816 3833 agmen
2848 3773 2967 3832 post
2996 3778 3054 3818 se
3084 3763 3295 3818 trahere
3315 3804 3331 3831 ,
3366 3773 3420 3818 et
3462 3781 3564 3818 nuo

1955 3876 2222 3914 lucrosum
2257 3858 2591 3917 famulitium,
2622 3857 2849 3925 puellam
2881 3864 3036 3908 mtatc
3059 3870 3120 3908 ac
3143 3855 3312 3909 forma
3345 3856 3558 3923 florida,

1955 3968 2071 4007 eam
2093 3952 2401 4021 prirparasti
2418 3961 2508 4004 tuo
2526 3949 2752 4011 famulo;
2767 3948 2858 4001 sed
2878 3947 3036 4018 quid?
3055 3947 3147 4001 Cui
3163 3949 3341 4001 dixero
3361 3947 3567 4004 .°Prwbe

1956 4046 2194 4116 Itydrium
2220 4055 2377 4108 tuam,
2411 4054 2462 4095 ut
2490 4043 2674 4094 bibunt.
2705 4040 2844 4105 Quid
2871 4042 3001 4109 agis,
3036 4040 3174 4095 boue
3202 4043 3321 4094 vir‘t
3347 4042 3566 4096 Adeone

1956 4137 2114 4189 vilem
2146 4134 2277 4187 hero
2309 4144 2396 4186 tuo
2426 4135 2622 4201 quieris
2654 4132 2935 4200 eonjugem
2959 4173 2974 4197 ,
3019 4143 3270 4200 aquatum
3313 4133 3565 4195 missam,

1959 4236 2013 4279 et
2040 4241 2158 4294 qum
2188 4235 2240 4277 te
2269 4224 2466 4291 alloqui
2502 4223 2707 4290 potest?
2737 4223 2933 4286 Etiam,
2969 4223 3170 4290 inquit:
3197 4223 3392 4275 missus
3422 4224 3571 4279 enim

1959 4331 2076 4369 sum
2105 4330 2210 4367 non
2239 4314 2580 4382 pecuniosam
2609 4322 2699 4363 aut
2729 4310 2958 4365 ttubilcnt
2982 4351 2997 4376 ,
3028 4311 3120 4365 sed
3149 4312 3388 4365 moribus
3422 4313 3571 4382 inge-

1962 4407 2081 4460 nuis
2128 4405 2401 4472 pricditam
2448 4419 2709 4470 quarrere.
2766 4402 2942 4456 Multa:
2983 4418 3126 4470 smpe
3171 4418 3235 4457 ex
3283 4404 3399 4456 istis
3448 4419 3571 4473 qua:

1961 4507 2212 4566 aquatum
2245 4497 2524 4547 mittuntur
2549 4537 2563 4558 ,
2619 4496 2667 4546 in
2709 4494 2940 4548 solidum
2971 4496 3222 4548 virtutem
3254 4496 3529 4564 possident
3556 4516 3568 4549 :

1964 4589 2082 4640 alia:
2112 4595 2293 4639 contra
2331 4587 2381 4637 in
2416 4583 2710 4655 magnificis
2738 4583 3046 4638 desidentes
3074 4585 3299 4651 aedibus,
3330 4587 3569 4654 ignavis-

1967 4680 2118 4730 sima:
2143 4686 2265 4728 sunt
2292 4686 2345 4728 et
2371 4675 2698 4729 deterritum.
2728 4676 2793 4728 Et
2817 4675 2903 4744 qui
2937 4675 3043 4729 scis
3068 4675 3205 4729 hanc
3229 4691 3350 4730 esse
3379 4679 3574 4733 virtute

1972 4765 2286 4837 prmditam?
2318 4766 2357 4819 Ε
2385 4766 2537 4834 signo
2559 4808 2572 4830 ,
2608 4764 2777 4833 inquit
2804 4806 2815 4826 ,
2845 4766 2986 4834 quod
3019 4765 3146 4818 dixi.
3180 4765 3247 4819 lit
3286 4768 3443 4836 quale
3470 4767 3576 4825 hoc

1971 4860 2178 4912 virtutis
2210 4860 2416 4926 signum
2449 4858 2566 4910 est?
2615 4855 2975 4910 lndubitatum
3017 4867 3072 4912 et
3116 4859 3429 4912 maximum.
3477 4861 3573 4917 Est

1970 4954 2110 5005 enim
2144 4949 2526 5020 hospitalitatis
2565 4950 2774 5018 signum
2807 4950 3188 5004 certissimum.
3237 4952 3326 5005 Sic
3369 4953 3572 5022 igitur,

1971 5044 2071 5098 etsi
2105 5058 2209 5095 non
2242 5041 2444 5095 eisdem
2477 5039 2653 5094 verbis
2675 5082 2689 5106 ,
2721 5039 2992 5110 loquitur:
3021 5040 3166 5094 lllam
3200 5058 3381 5110 quiem
3413 5044 3577 5114 virgi-

1975 5152 2134 5200 nem,
2177 5143 2430 5202 quzetam
2476 5131 2756 5200 hospitalis
2783 5139 2903 5194 est,
2945 5140 3002 5184 nt
3048 5132 3288 5196 nullum,
3320 5142 3580 5202 quantum

1977 5234 2171 5294 potest,
2207 5234 2418 5279 recuset
2448 5223 2826 5276 ministerium.
2862 5221 3027 5291 quue
3058 5238 3162 5275 non
3197 5233 3402 5278 temere
3430 5240 3582 5294 qua:-

1978 5318 2066 5376 rit,
2097 5315 2190 5369 sed
2219 5315 2340 5385 quia
2369 5315 2420 5368 in
2453 5314 2530 5368 cis
2563 5313 2736 5366 fuerat
2757 5313 3016 5367 educatus
3041 5313 3277 5380 aidibus,
3310 5313 3584 5384 inquibus

1981 5410 2211 5463 maxime
2264 5407 2538 5461 colebatur
2592 5406 2928 5475 hospitalitas
2958 5424 2969 5459 :
2998 5416 3124 5462 ante
3169 5407 3346 5460 omnia
3405 5423 3585 5462 mores

1981 5503 2171 5572 (put-rit
2197 5500 2446 5553 herorum
2469 5514 2687 5552 suorum
2715 5499 2954 5551 moribus
2974 5499 3305 5565 consimiles,
3329 5498 3588 5553 ducturus

1982 5609 2233 5663 sponsam
2269 5592 2319 5644 in
2351 5591 2493 5645 :rdcs
2520 5600 2767 5661 patentes
2797 5590 3119 5659 hospitibus.
3160 5589 3248 5644 Sic
3291 5605 3417 5660 ergo
3445 5589 3590 5660 cogi-

1987 5684 2131 5737 tabat
2164 5700 2174 5734 :
2206 5698 2271 5735 ne
2302 5697 2402 5749 qua
2445 5683 2557 5734 rixa
2587 5681 2788 5734 oriatur
2822 5681 2959 5733 inter
2988 5679 3155 5749 ipsam
3185 5689 3239 5735 et
3263 5681 3582 5748 conjugcm,

1983 5776 2109 5830 dum
2144 5774 2368 5829 maritus
2390 5785 2484 5825 sua
2516 5771 2743 5842 benigne
2771 5772 3151 5838 communicat,
3182 5770 3233 5825 in
3260 5770 3363 5826 hoc
3382 5783 3410 5823 a
3433 5777 3586 5839 patre
