4228 6298
718 306 827 362 εδδ

716 440 824 479 non
853 420 1087 495 degener
1110 462 1126 486 ,
1154 431 1210 477 et
1238 421 1475 492 hospites
1503 421 1643 477 ultro
1667 422 1928 488 Invitatis;
1971 431 2084 479 nec
2110 430 2296 476 contra

714 530 827 585 prre
857 515 1014 571 illmia
1042 512 1366 582 pareimonia
1393 512 1444 568 id
1471 521 1637 580 vetat,
1664 522 1720 570 et
1748 530 1856 573 non
1880 515 2123 579 sustinet,
2158 524 2214 567 ut
2241 513 2301 568 fit

716 611 768 663 in
799 607 1066 677 plerisque
1092 604 1370 668 domibus;
1410 605 1522 674 jam
1567 621 1709 663 nunc
1736 606 1964 677 experiri
1992 606 2112 661 volo
2139 622 2299 678 quam

714 697 991 769 hospitalis
1048 698 1118 752 sit
1159 714 1176 756 :
1213 696 1643 767 quandoquidem
1701 695 2042 765 ltospitalitati
2082 712 2297 753 omnem

711 798 946 845 nostram
999 787 1304 843 felicitatem
1359 786 1641 842 debemus.
1696 787 1798 842 Per
1852 786 1988 842 hanc
2040 802 2297 856 sponsum

710 880 881 949 ipsum
911 877 1075 933 herus
1109 886 1472 946 consequutus
1500 889 1582 932 est
1604 920 1620 943 ,
1665 893 1762 948 per
1791 878 1927 931 hanc
1956 887 2103 947 pater
2129 878 2299 934 factus

708 978 826 1035 est,
858 969 1079 1023 vitulum
1109 970 1394 1036 mactavit,
1440 980 1495 1023 et
1522 969 1728 1038 accepit
1770 968 2027 1033 filiolum,
2071 968 2295 1025 farinam

708 1060 1077 1124 fermentavit,
1108 1068 1163 1113 et
1189 1066 1385 1129 quanta
1412 1058 1685 1113 stellarum
1716 1066 1800 1113 cst
1821 1098 1835 1121 ,
1872 1068 2072 1114 tantam
2117 1061 2299 1115 multi-

706 1149 940 1204 tudinem
972 1157 1223 1220 nepotutu
1266 1149 1316 1204 ei
1353 1150 1491 1203 Deus
1517 1156 1599 1202 est
1631 1147 1919 1217 pollicitus.
1950 1148 2175 1215 Quando
2200 1152 2297 1221 igi-

704 1253 792 1298 tur
816 1241 941 1297 hinc
967 1242 1146 1297 outuia
1172 1240 1311 1296 bona
1339 1240 1661 1295 induxerunt
1683 1239 1735 1294 in
1758 1249 1997 1296 nostram
2017 1241 2291 1309 familiam,

705 1333 841 1387 hanc
876 1333 1126 1387 virtutem
1168 1332 1384 1401 requiro
1424 1339 1551 1385 ante
1588 1330 1788 1384 omnia.
1839 1330 1954 1386 Non
2001 1332 2104 1388 hoc
2149 1332 2293 1389 enim

699 1422 1137 1487 consideremus,
1185 1420 1325 1489 quod
1365 1420 1527 1475 homo
1554 1435 1747 1490 aquam
1780 1421 2166 1491 postulaverit,
2198 1422 2291 1478 sed

699 1512 843 1581 quod
882 1511 1167 1566 admodum
1198 1510 1476 1581 hospitalis
1505 1512 1574 1565 sit
1602 1511 1763 1565 animi
1787 1553 1801 1575 ,
1837 1526 1941 1565 non
1964 1512 2137 1565 solum
2162 1511 2292 1568 dare

697 1602 838 1674 quod
865 1603 1093 1673 petitur,
1129 1602 1223 1657 sed
1255 1602 1394 1657 ultro
1426 1601 1620 1657 oﬂerre
1653 1602 1899 1671 amplius.
1950 1600 2019 1655 Et
2059 1604 2243 1657 accidit
2264 1643 2281 1667 ,

700 1694 904 1763 inquit,
950 1702 1002 1746 ut
1030 1694 1323 1763 priusquam
1352 1692 1395 1746 is
1421 1693 1573 1760 ﬁnem
1599 1692 1838 1758 loquendi
1864 1691 2078 1761 faceret,
2111 1694 2287 1763 prodi-

695 1792 770 1835 ret
810 1780 1033 1837 Rebecca
1074 1798 1139 1835 ea:
1182 1781 1371 1852 oppido
1408 1781 1428 1851 (
1450 1778 1578 1835 Gen.
1609 1780 1697 1834 ει.
1730 1780 1861 1849 f5).
1904 1780 2288 1850 Pmphetarum

696 1874 825 1929 illud
850 1873 935 1928 hic
965 1874 1237 1941 impletum
1258 1881 1341 1926 est
1364 1890 1377 1926 :
1402 1870 1582 1925 Adhuc
1608 1873 1840 1939 loquente
1865 1881 1911 1925 te
1937 1871 2123 1937 dicant,
2159 1872 2291 1927 Ecce

650 1980 655 1985 ·
695 1966 876 2020 adsim
921 1962 1075 2033 (fles.
1115 1962 1206 2018 58.
1256 1960 1334 2035 9).
1382 1960 1543 2017 Tales
1591 1973 1714 2016 sunt
1762 1964 2023 2017 honorum
2068 1979 2285 2033 preces:

699 2067 825 2111 ante
853 2054 1012 2109 finem
1035 2067 1224 2108 earum
1250 2052 1490 2107 sentiunt
1515 2053 1768 2106 annuisse
1786 2052 1951 2106 Deum
1977 2054 2284 2123 pmpitium.

697 2151 834 2220 Ergo
864 2158 917 2203 tu
961 2162 1169 2220 quoque
1206 2162 1428 2201 uxorem
1472 2145 1731 2199 ducturus
1773 2160 1877 2198 non
1918 2144 2192 2215 confugias
2218 2146 2286 2200 ad

694 2240 957 2305 homines,
987 2248 1077 2293 aut
1092 2237 1156 2292 ad
1182 2236 1433 2291 mulieres
1448 2244 1710 2305 quaestum
1733 2233 1992 2290 facientes
2013 2252 2077 2291 ex
2098 2237 2286 2292 alienis

693 2330 1030 2394 infortuniis,
1082 2337 1138 2383 et
1185 2327 1318 2383 nihil
1364 2327 1506 2383 aliud
1545 2336 1849 2397 quaerentes
1875 2341 2033 2396 quam
2066 2338 2120 2381 ut
2156 2328 2285 2398 ipsa

692 2436 869 2491 operae
914 2419 1215 2475 mercedem
1262 2419 1630 2490 capiant:sed
1671 2420 1737 2473 ad
1783 2419 1948 2473 Deum
1991 2417 2277 2489 confugite.

692 2510 807 2565 Non
836 2510 1139 2581 gravabitur
1180 2524 1302 2565 esse
1343 2519 1465 2565 tuus
1508 2509 1799 2579 pronubas.
1842 2507 2014 2578 Ipsius
2041 2517 2124 2563 est
2153 2524 2283 2581 pro-

690 2604 912 2658 missio:
939 2602 1160 2670 Quas-ite
1199 2618 1411 2672 regnum
1447 2601 1707 2665 calorum,
1746 2609 1794 2653 et
1820 2600 1928 2653 [nec
1952 2600 2121 2653 omnia
2144 2602 2283 2672 adjt'.

688 2694 881 2747 cientur
903 2692 1038 2746 soln‘s
1064 2689 1269 2762 (unus
1302 2690 1356 2744 6.
1378 2691 1489 2760 33).
1515 2689 1592 2745 Ne
1615 2688 1787 2754 dicas,
1814 2688 2083 2759 quomodo
2111 2690 2275 2744 Deum

687 2783 872 2837 videre
922 2780 1177 2852 possunt?
1221 2781 1311 2850 qui
1355 2794 1569 2850 possum
1613 2777 1811 2833 habere
1849 2793 1969 2832 cum
2012 2793 2079 2832 eo
2105 2778 2277 2834 collo-

687 2872 869 2943 quium
894 2913 911 2938 ,
951 2882 1007 2927 et
1046 2872 1375 2940 interrogare
1403 2869 1685 2924 cominus?
1716 2869 1946 2924 lnlidelis
1977 2870 2091 2925 lucc
2118 2872 2277 2926 verba

686 2971 811 3017 sunt
854 2963 1069 3015 anitum.
1100 2960 1285 3016 Potest
1309 2959 1452 3015 enim
1482 2959 1621 3014 Deus
1650 2970 1704 3015 et
1746 2960 1943 3030 absque
1967 2975 2096 3015 voce
2119 2962 2277 3031 quid-

684 3054 810 3125 quid
833 3055 945 3109 vult
963 3070 995 3108 e
1019 3054 1247 3124 vestigio
1265 3051 1557 3108 conﬁcere:
1574 3051 1711 3123 quod
1738 3051 1826 3108 hic
1843 3068 2055 3123 quoque
2080 3053 2277 3108 factum

686 3154 789 3199 est.
821 3144 950 3199 Nam
977 3154 1032 3199 et
1056 3144 1157 3199 iste
1185 3158 1284 3199 nec
1314 3158 1502 3197 Vocem
1529 3143 1688 3197 ullam
1716 3142 1945 3209 audivit,
1986 3160 2086 3198 nec
2115 3146 2275 3198 visio-

684 3252 809 3290 nem
840 3236 987 3300 vidit,
1016 3234 1110 3290 sed
1134 3234 1199 3288 ad
1225 3234 1422 3289 fontem
1445 3241 1593 3288 stans
1612 3248 1675 3289 ac
1696 3245 1960 3305 precatus,
1992 3237 2273 3291 confestim

684 3325 795 3381 voti
826 3340 1049 3394 compos
1078 3324 1247 3377 factus
1274 3332 1377 3377 est.
1406 3324 1639 3388 Accidit,
1670 3324 1861 3393 inquit,
1892 3333 1946 3377 ut
1981 3326 2270 3395 priusquam

686 3417 838 3483 ﬁnem
868 3413 1105 3485 loquendi
1140 3413 1346 3483 faceret,
1380 3413 1603 3468 Rebecca
1643 3416 1865 3483 prodiret
1890 3426 2089 3487 gestam
2109 3435 2270 3487 aqua-

682 3508 782 3561 lem
802 3508 855 3560 in
877 3506 1119 3569 humeris,
1144 3505 1254 3574 [ilia
1278 3502 1540 3557 Batltuelis
1559 3522 1587 3558 e
1610 3504 1810 3559 Melcha
1839 3509 2103 3577 progeniti,
2132 3509 2271 3579 uirgo

682 3599 830 3652 mlde
864 3599 1107 3667 formosa,
1148 3597 1286 3667 virgo
1325 3608 1370 3650 et
1408 3598 1514 3651 viro
1552 3598 1809 3669 incognita
1880 3598 2031 3670 (Gen.
2056 3601 2145 3655 24.
2182 3602 2266 3656 15.

684 3688 796 3759 16).
826 3687 962 3756 Quid
1004 3686 1130 3741 mihi
1173 3702 1357 3741 narras
1386 3687 1830 3756 pulchritudinem
1872 3692 2156 3759 corporis?
2204 3692 2269 3746 Ut

681 3780 858 3833 discas
884 3778 1141 3847 insignem
1169 3778 1283 3855 ejus
1311 3779 1639 3847 pudicitiam,
1674 3791 1731 3833 ιιι
1751 3780 1923 3835 discas
1950 3783 2111 3836 animi
2146 3785 2265 3851 pul-

680 3867 1062 3923 chritudinem.
1093 3866 1440 3936 SuSpicienda
1481 3884 1709 3938 namque
1742 3884 1829 3924 res
1843 3884 1936 3925 est
1969 3873 2077 3939 ipsa
2112 3875 2268 3943 pudi-

679 3958 803 4012 citia
828 3999 844 4021 ,
883 3956 979 4013 sed
1026 3958 1195 4026 magis
1220 3956 1379 4012 etiam
1413 3958 1457 4010 si
1486 3958 1770 4027 conjuncta
1811 3961 1881 4012 sit
1906 3975 2028 4014 cum
2058 3964 2267 4032 egregia

687 4051 885 4120 specie.
937 4049 1070 4105 Hinc
1110 4058 1192 4103 est
1230 4047 1371 4118 quod
1410 4049 1478 4102 de
1520 4048 1717 4117 Joserh
1765 4050 1917 4104 nobts
1963 4063 2269 4108 narraturus

684 4143 906 4212 ejusque
936 4141 1284 4210 temperantia
1308 4182 1323 4205 ,
1377 4140 1631 4209 praefatus
1666 4150 1748 4193 est
1791 4140 1859 4193 dc
1901 4142 2041 4195 illius
2077 4144 2267 4197 eximia

683 4232 1072 4303 pulchritudine
1092 4231 1352 4299 corporis,
1376 4232 1559 4284 dicens
1588 4230 1879 4284 formosum
1902 4230 2086 4297 fuisse,
2111 4246 2265 4301 aspe-

682 4336 877 4396 ctuque
905 4333 1108 4396 gratum
1140 4334 1195 4379 et
1236 4322 1286 4376 in
1337 4322 1453 4392 ipso
1479 4322 1609 4376 ﬂore
1638 4322 2075 4391 pulchritudinis,
2108 4335 2267 4392 atque

683 4422 751 4472 ita
792 4420 1005 4474 demum
1046 4417 1318 4487 subiunxit
1346 4418 1411 4469 de
1432 4416 1643 4485 juvenis
1669 4418 2038 4485 temperantia,
2067 4416 2266 4472 docens

682 4513 820 4580 quod
858 4512 1041 4566 forma:
1079 4511 1272 4566 decore
1308 4526 1411 4564 non
1458 4512 1525 4564 sit
1566 4526 1693 4564 usus
1718 4511 1781 4565 ad
1813 4511 2082 4567 lasciviam
2110 4513 2260 4582 (Cm.

682 4605 769 4658 59.
814 4602 892 4673 6).
928 4601 1343 4671 Haudquaquam
1386 4602 1528 4655 enim
1558 4601 1896 4669 pulchritudo
1926 4603 2263 4658 scortatinnis

682 4708 841 4748 causa
876 4706 1086 4759 semper
1115 4700 1227 4757 est,
1261 4692 1395 4744 sicut
1440 4704 1538 4744 nec
1563 4688 1873 4745 deformitas
1900 4694 2259 4747 continentiae.

681 4783 857 4838 Multa:
874 4783 1014 4837 enim
1033 4781 1267 4836 illustres
1287 4781 1475 4851 insigni
1494 4782 1673 4851 specie
1689 4784 1928 4851 corporis
1948 4783 2262 4839 illustriores

680 4877 832 4931 facta:
878 4886 996 4929 sunt
1043 4890 1136 4942 per
1180 4874 1482 4942 pudicitiam
1519 4891 1530 4924 :
1563 4872 1681 4927 alia:
1731 4874 1863 4927 lacie
1914 4886 2094 4944 turpes
2146 4888 2241 4931 tura

683 4970 884 5035 piorem
947 4965 1175 5017 animam
1235 4964 1431 5031 stupris
1483 4963 1891 5017 sordidaverunt
1949 4966 2258 5020 innumeris.

683 5056 973 5123 litrobique
1001 5068 1156 5107 causa
1189 5063 1272 5107 est
1314 5052 1642 5120 prepositum
1688 5053 1884 5118 animi,
1932 5071 2035 5108 non
2074 5066 2257 5109 natura

677 5149 936 5216 corporis.

747 5241 797 5291 7.
815 5237 916 5292 Cur
938 5237 1013 5293 bis
1042 5237 1257 5307 appellet
1280 5235 1517 5305 virginem
1533 5234 1825 5288 Rebeccam.
1845 5266 1914 5275 —
1930 5237 2035 5291 Nec
2061 5249 2259 5294 temere

674 5346 791 5381 eam
828 5328 905 5381 bis
933 5327 1163 5395 appellat
1209 5326 1488 5393 virginem.
1531 5325 1663 5378 Cum
1697 5325 1838 5379 enim
1864 5325 1971 5393 jam
2002 5326 2254 5393 dixisset,

687 5418 838 5488 Virgo
875 5425 980 5470 erat
1003 5458 1016 5481 ,
1069 5416 1337 5484 subjunxil
1366 5434 1377 5467 :
1412 5414 1563 5484 Virgo
1595 5425 1699 5467 erat
1724 5458 1735 5478 ,
1779 5427 1823 5468 ct
1851 5418 1956 5469 viro
1983 5418 2253 5487 ittmgnita.

674 5509 933 5577 Quoniam
977 5509 1117 5561 enim
1160 5508 1335 5559 mulce
1376 5507 1607 5574 virgines
1653 5521 1848 5573 corpus
1896 5508 2255 5576 incorruptum

674 5612 981 5661 servantes,
1031 5598 1258 5651 animum
1309 5597 1502 5650 habent
1558 5597 1763 5665 plenam
1819 5598 2251 5666 intemperantia,

671 5700 915 5768 tutisque
952 5689 1160 5744 turbam
1197 5697 1490 5742 amatormn
1523 5688 1821 5756 attrahunt,
1866 5701 1917 5744 et
1958 5690 2256 5747 inescantes

1467 304 1523 361 ε.
1562 303 1841 362 JO.\NN|S
1874 304 2350 365 οιιιιγδοετοιιι
2391 308 2710 371 ARCIIIEP.
2749 313 3285 374 CONSTANTINOP.

3900 333 4005 388 286

2414 426 2600 482 oculos
2619 428 2874 498 juvcuum
2904 432 2959 488 lu
2990 433 3212 490 insidias
3246 449 3342 493 eos
3369 439 3606 506 trahunt,
3635 453 3799 512 atque
3823 447 3891 502 ad
3917 450 4002 502 ba-

2410 518 2587 571 ratbra
2634 518 2942 590 pelliciunt,
2995 524 3289 582 ostendens
3330 527 3506 586 loses
3546 532 3691 604 quod
3740 539 3857 593 luce
3900 554 4001 594 non

2409 608 2549 696 talis,
2578 609 2675 666 sed
2702 620 2809 666 tam
2836 614 3018 670 animo
3045 632 3207 686 quam
3227 633 3454 690 corpore
3476 638 3625 695 virgo
3644 623 3828 696 fuerit,
3849 627 4007 693 dixit,

2418 695 2572 770 Virgo
2598 713 2726 767 erat,
2759 714 2806 756 et
2835 704 2943 758 viro
2975 706 3252 778 incognita.
3287 709 3521 767 Tametsi
3554 715 3747 771 multas
3776 695 4005 774 habelett

2408 792 2719 848 llCCllSlOﬂeS
2739 835 2755 859 ,
2807 810 2904 864 per
2930 812 3063 866 quas
3092 814 3121 852 a
3150 802 3277 855 viris
3301 818 3752 875 cognosceretur:
3775 812 4002 880 primum

2405 884 2649 951 corporis
2690 886 3173 955 pulchritudinem;
3208 890 3406 947 deinde
3438 898 3655 951 modum
3686 901 4003 967 ministerii.

2404 989 2512 1041 quo
2542 973 2782 1045 perfungi
2812 986 2895 1031 est
2913 978 3092 1034 solita.
3125 979 3179 1035 Si
3207 982 3351 1036 enim
3375 982 3426 1037 in
3451 983 3687 1041 thalamo
3710 990 4006 1046 desedisset

2404 1073 2696 1132 perpetuo,
2728 1067 2866 1121 sicut
2896 1069 3065 1124 nostri
3097 1071 3355 1142 temporis
3382 1074 3614 1145 virgines
3633 1120 3649 1145 ,
3695 1096 3793 1136 nec
3825 1080 4000 1137 forum

2403 1155 2657 1220 adiisset,
2705 1172 2804 1212 nec
2836 1159 3036 1213 exisset
3083 1169 3357 1229 paternam
3398 1164 3654 1233 domum,
3683 1171 3827 1225 nulla
3859 1184 4004 1227 esset

2404 1243 2553 1309 laus,
2594 1245 2641 1299 si
2666 1245 2939 1302 diceretur
2978 1249 3095 1304 viro
3135 1251 3421 1324 incognita.
3451 1254 3588 1312 Cum
3616 1268 3794 1315 autem
3818 1262 4006 1317 videas

2402 1347 2521 1393 eam
2554 1332 2726 1389 forum
2767 1347 2983 1405 petere,
3009 1341 3356 1413 quotidieque
3381 1345 3501 1415 cogi
3524 1358 3775 1419 aquatum
3808 1351 3890 1406 ire
3915 1366 4004 1406 se-

2402 1421 2535 1487 mel,
2567 1422 2648 1478 bis
2672 1433 2766 1505 aut
2790 1429 3017 1497 saepius,
3051 1439 3212 1501 atque
3251 1432 3322 1487 ita
3366 1450 3587 1492 manere
3613 1439 3730 1495 viro
3757 1440 4005 1513 incogni-

2400 1520 2544 1581 tam,
2592 1530 2655 1569 ea
2682 1500 2814 1571 vero
2843 1518 2959 1574 laus
2998 1529 3082 1575 est
3110 1500 3218 1577 non
3250 1525 3491 1581 minima.
3522 1526 3656 1583 Cum
3688 1533 3835 1587 enim
3868 1500 4005 1588 tion-

2398 1617 2686 1673 uumquam
2714 1608 2951 1674 accidat,
2998 1620 3054 1665 ut
3097 1627 3222 1667 raro
3258 1613 3430 1671 forum
3462 1628 3649 1687 petens
3678 1622 3850 1693 virgo,
3900 1638 4001 1680 nec

2396 1692 2630 1751 formosa
2657 1740 2671 1763 ,
2704 1708 2759 1753 et
2784 1702 3034 1756 comitata
3064 1704 3275 1761 ancillis
3299 1708 3521 1779 aliquot,
3551 1692 4001 1771 amittatmorn

2397 1785 2681 1853 puritatem
2710 1792 2763 1844 in
2792 1790 3054 1859 ejusmodi
3073 1797 3477 1866 evagationibus
3503 1802 3653 1858 :hac
3670 1819 3791 1875 qua:
3814 1808 3999 1877 quoti-

2394 1876 2484 1931 die
2513 1878 2626 1933 sola
2655 1882 2830 1949 prodit
2852 1898 2883 1937 c
2905 1887 3141 1953 paternis
3164 1888 3391 1958 aedibus,
3417 1892 3577 1965 idque
3602 1910 3709 1950 non
3737 1898 3789 1953 in
3818 1876 3995 1955 forum

2397 1976 2625 2037 tantum,
2658 1973 2751 2025 sed
2780 1983 3029 2043 aquatum
3061 1976 3127 2031 ad
3160 1978 3383 2045 fontem,
3413 1999 3522 2053 quo
3550 1994 3604 2039 et
3631 1987 3768 2049 alios
3796 1991 3999 2044 mutuis

2396 2062 2685 2116 convenire
2733 2074 2815 2117 est
2860 2081 3114 2129 necesse,
3162 2084 3229 2123 an
3272 2088 3375 2125 non
3409 2089 3597 2143 magna
3640 2077 3996 2136 admiratione

2393 2148 2550 2218 digna
2579 2152 2699 2205 Cal?
2726 2155 2923 2225 quippe
2942 2157 3096 2226 cujus
3120 2161 3364 2228 probitati
3389 2180 3562 2234 neque
3582 2169 3756 2221 crebri
3778 2184 3810 2224 e
3828 2171 3993 2226 domo

2390 2240 2588 2305 exitus,
2615 2256 2788 2311 neque
2815 2247 3025 2316 egregia
3053 2248 3230 2303 vultus
3258 2251 3452 2319 forma,
3484 2272 3656 2326 neque
3684 2258 3995 2329 frequentes

2386 2329 2645 2400 juvenem
2677 2349 2956 2403 occursus,
2982 2354 3157 2409 neque
3181 2343 3327 2398 aliud
3353 2346 3667 2418 quidquam,
3698 2350 3994 2409 detrimen-

2392 2432 2502 2478 tum
2545 2425 2707 2479 ullum
2750 2427 2983 2497 afferat,
3025 2429 3151 2486 dum
3198 2444 3303 2491 tam
3348 2441 3529 2494 animo
3575 2456 3733 2511 quam
3768 2459 3993 2517 corpore

2389 2528 2569 2572 servat
2595 2519 2901 2589 pudicitiam
2934 2523 3262 2594 diligentius,
3291 2544 3452 2599 quam
3480 2546 3599 2601 qua:
3630 2550 3926 2607 numquam
3953 2554 3988 2593 e

2386 2624 2647 2678 εῑηωοεο
2684 2626 2743 2665 se
2770 2612 3042 2681 meernnt
3067 2658 3081 2681 ,
3114 2619 3270 2686 plane
3298 2620 3419 2675 talis
3442 2624 3654 2692 qualem
3682 2624 3879 2683 Paulus
3906 2644 3991 2685 re-

2388 2701 2553 2769 quirit
2579 2700 2761 2756 dicens
2780 2743 2796 2768 ,
2835 2702 2904 2757 Ut
2931 2707 2995 2760 sit
3037 2720 3214 2762 sancta
3243 2726 3457 2780 corpore
3481 2724 3528 2767 et
3554 2717 3738 2786 spirits
3764 2717 3841 2789 (l.
3864 2719 3983 2775 Cor.

2386 2790 2437 2843 7.
2465 2792 2598 2855 3i)?
2626 2790 2752 2846 Cum
2781 2795 2937 2864 igitur
2962 2798 3030 2849 ad
3068 2802 3257 2869 fontem
3282 2800 3639 2871 descendisset,
3662 2808 3879 2879 jamque
3905 2827 3983 2863 re-

2388 2883 2523 2952 pleta
2551 2883 2734 2953 hydria
2758 2897 3106 2953 reeerteretur,
3131 2908 3401 2948 occurrens
3426 2896 3473 2949 ei
3496 2913 3670 2954 seruus
3688 2901 3794 2954 ait:
3809 2900 3986 2957 Press

2383 2974 2508 3026 mihi
2536 2975 2824 3041 pauxillum
2860 2988 3007 3047 potus
3041 2980 3104 3033 de
3147 2992 3234 3035 tua
3272 2984 3476 3055 hydria.
3520 2986 3648 3052 Qua!
3689 2992 3981 3062 respondit,

2384 3060 2509 3115 Bibe
2537 3105 2551 3125 ,
2604 3062 2839 3130 domine;
2890 3070 3213 3141 celeriterque
3256 3075 3491 3144 deposuit
3543 3060 3782 3148 Itym-iant
3833 3100 3985 3153 supter

2381 3153 2554 3205 ulnam
2598 3170 2741 3207 suam
2766 3198 2779 3218 ,
2834 3167 2881 3210 et
2932 3163 3148 3228 praebuit
3200 3164 3247 3217 ei
3296 3164 3457 3219 donec
3503 3167 3751 3225 desineret
3796 3172 3981 3229 bibere.

2381 3242 2603 3314 Moxque
2630 3245 2701 3295 ait
2718 3285 2733 3310 ,
2766 3246 2936 3301 Etiam
2969 3252 3176 3305 camelis
3208 3254 3307 3307 teis
3337 3255 3593 3323 hauriam,
3621 3260 3783 3316 donec
3811 3279 3982 3318 om

2379 3333 2567 3393 btbtmt.
2602 3340 2971 3408 Festinansque
2994 3341 3155 3408 e/fusa
3185 3361 3318 3416 aqua
3340 3347 3391 3400 in
3419 3351 3617 3403 alueum
3646 3354 3783 3409 unde
3808 3366 3982 3424 potum

2376 3442 2646 3499 sumerent,
2676 3434 2895 3488 accurrit
2926 3434 2995 3487 ad
3022 3446 3262 3504 puteum,
3301 3449 3356 3491 ut
3404 3440 3630 3497 hauriret
3663 3461 3852 3515 equam
3894 3465 3981 3503 ca-

2381 3524 2524 3576 melis
2550 3526 2781 3579 omnibus
2809 3523 2959 3593 (Cen.
2991 3525 3077 3581 Ἡ.
3107 3527 3313 3599 16-20).

2442 3612 2489 3666 Η
2496 3617 2775 3685 ospitnlitas
2796 3626 2840 3668 rt
2863 3618 3105 3670 modestia
3124 3618 3380 3676 Rebecca.
3411 3622 3528 3678 Non
3547 3641 3613 3680 ea:
3625 3639 3834 3698 sumptu
3848 3632 3978 3686 csti-

2374 3706 2563 3757 manda
2618 3707 2958 3774 hospitalitas.
2984 3737 3057 3747 —-
3098 3707 3281 3779 Magna
3329 3711 3665 3784 hospitalitas
3707 3717 3922 3777 femina!
3952 3765 3970 3790 ,

2378 3810 2565 3864 magna
2609 3796 2867 3850 modestia
2890 3839 2905 3861 ,
2935 3806 2991 3851 ut
3029 3812 3091 3853 ex
3121 3799 3285 3868 ipsius
3312 3810 3418 3857 tam
3450 3804 3607 3861 dictis
3631 3825 3791 3880 quam
3821 3810 3975 3869 factis

2375 3896 2450 3937 est
2497 3888 2866 3954 conspicuum.
2895 3887 3079 3943 Viden‘
3108 3892 3378 3960 quomodo
3419 3911 3517 3951 uec
3558 3899 3838 3957 modestia:
3878 3903 3975 3959 ho-

2374 3977 2635 4043 spitalitas
2688 3978 2897 4041 obfuit,
2950 3996 3050 4035 nec
3101 3982 3447 4053 hospitalitati
3494 3990 3791 4047 modestia?
3818 3994 3970 4062 Quod

2372 4066 2512 4119 enim
2543 4083 2646 4120 non
2679 4070 2824 4136 prior
2860 4072 3125 4136 occurrit,
3161 4088 3259 4128 nec
3288 4076 3577 4144 appellavit
3616 4082 3788 4136 virum
3811 4126 3828 4151 ,
3872 4086 3972 4141 hoc

2375 4151 2471 4207 fnit
2493 4155 2768 4211 modestiae
2803 4176 2813 4209 :
2845 4174 3054 4214 rursum
3082 4161 3223 4231 quod
3251 4163 3317 4218 ad
3350 4168 3611 4235 postulata
3634 4187 3740 4227 non
3770 4176 3966 4241 renuit,

2375 4260 2546 4312 neque
2570 4249 2780 4314 negavit
2804 4264 2861 4303 se
2892 4248 3148 4305 facturam
3168 4292 3184 4317 ,
3218 4252 3321 4308 hoc
3346 4271 3554 4327 magna
3589 4260 3969 4332 hospitalitatis

2371 4352 2434 4390 ac
2462 4337 2802 4413 humanitatis
2832 4343 2932 4397 fuit
2956 4343 3210 4399 officium.
3242 4345 3313 4402 Ut
3341 4349 3485 4404 enim
3512 4352 3857 4423 impudenter
3884 4360 3963 4415 fe—

2371 4429 2565 4492 cisset,
2596 4431 2638 4482 si
2685 4432 2829 4499 pt'ior
2873 4436 3228 4503 occurrisset,
3258 4447 3311 4493 et
3338 4439 3481 4493 ultro
3515 4446 3838 4513 appellasset
3870 4450 3967 4504 ho-

2372 4517 2571 4571 minem
2602 4535 2617 4572 :
2652 4520 2720 4573 ita
2754 4519 3100 4577 inhumanum
3129 4537 3245 4580 erat
3274 4536 3327 4582 et
3359 4530 3662 4598 barbarum,
3695 4538 3738 4589 si
3772 4554 3964 4609 rogan-

2371 4608 2437 4658 tis
2473 4609 2631 4662 vi-rba
2676 4612 2975 4675 repulisset.
3016 4613 3165 4669 Nunc
3203 4633 3330 4672 vero
3368 4633 3612 4676 neutrum
3659 4626 3783 4681 fecit
3821 4608 3967 4687 {nec

2371 4698 2644 4752 modestia:
2668 4701 2846 4754 studio
2870 4704 3216 4772 hospitalitati
3243 4707 3430 4775 defuit,
3457 4728 3556 4768 nec
3588 4715 3968 4788 hospitalitatis

2368 4802 2490 4840 cura
2527 4789 2736 4843 laudem
2770 4794 3102 4847 verecundia:
3148 4797 3251 4851 sibi
3294 4800 3485 4856 minuit
3507 4844 3521 4863 .
3556 4807 3651 4860 sed
3685 4817 3965 4880 utramque

2368 4880 2615 4931 virtutem
2654 4882 2911 4950 integram
2952 4883 3217 4950 obtinuit,
3242 4889 3570 4948 declarando
3596 4911 3747 4952 suam
3779 4905 3966 4956 mode.

2368 4972 2521 5022 stiam
2548 5011 2561 5033 ,
2590 4970 2712 5024 dntn
2749 4975 2923 5041 rogari
2950 4986 3221 5041 οιςιιεριειι
3249 4995 3263 5042 ;
3295 4982 3480 5036 miram
3514 5000 3644 5039 vero
3676 4990 3961 5059 hospitali-

2369 5071 2560 5123 tatem,
2595 5062 2719 5116 dum
2766 5075 2948 5134 rogata
2995 5067 3111 5121 sine
3160 5085 3307 5124 mora
3363 5073 3693 5146 obsequitur.
3748 5082 3960 5137 Etenim

2365 5167 2587 5205 snnntiac
2619 5154 2995 5222 hospitalitatis
3035 5158 3130 5211 fuit
3151 5201 3163 5222 ,
3199 5176 3303 5214 non
3336 5164 3495 5219 modo
3520 5183 3641 5235 qua:
3668 5173 3959 5238 postulavit

2365 5241 2576 5297 dedisse
2600 5284 2615 5309 ,
2655 5244 2748 5299 sed
2798 5246 2956 5298 etiam
2990 5249 3266 5318 plusquam
3300 5254 3389 5307 ille
3434 5257 3585 5325 petiit
3624 5261 3956 5319 exhibuisse.

2366 5333 2472 5387 Nec
2517 5335 2677 5389 refert
2728 5338 2867 5405 quod
2933 5355 3069 5409 aqua
3115 5352 3231 5395 erat
3278 5360 3399 5411 quae
3445 5346 3771 5407 offerebatur
3805 5376 3818 5410 :
3850 5365 3959 5409 tum

2365 5425 2506 5475 enim
2560 5424 2693 5479 hanc
2733 5427 2899 5480 solam
2932 5428 3135 5486 habuit.
3167 5431 3471 5499 lIOSpitales
3510 5449 3687 5493 autem
3732 5457 3839 5498 nou
3886 5462 3953 5498 ea

2365 5524 2576 5580 sumptu
2604 5516 2855 5570 censendi
2887 5530 3007 5571 sunt
3036 5560 3051 5582 ,
3094 5521 3185 5573 sed
3226 5538 3291 5577 ex
3339 5522 3705 5592 facultatibus;
3747 5536 3959 5601 quando

2368 5607 2503 5659 heus
2524 5622 2644 5659 eum
2686 5610 2845 5662 etiam
2886 5611 3063 5665 laudat
3090 5655 3102 5674 ,
3135 5616 3223 5683 qui
3252 5616 3395 5671 dedit
3441 5618 3643 5689 frigidae
3670 5627 3950 5693 poculum.

2365 5706 2412 5747 et
2446 5711 2562 5748 eam
2582 5740 2595 5763 ,
2628 5713 2744 5766 qua:
2771 5699 2904 5752 duos
2930 5716 3099 5757 azreos
3146 5708 3377 5762 minutos
3403 5708 3630 5779 obtulit,
3659 5716 3731 5769 ait
3767 5726 3947 5772 contu-
