4228 6298
183 387 280 443 937

185 503 302 557 tisse
329 504 456 572 plus
485 503 757 570 omnibus,
786 500 910 572 quia
945 509 1112 556 totum
1142 498 1285 568 quod
1319 496 1502 551 habuit
1527 494 1777 564 conjece-

186 601 260 647 rat
289 590 506 664 (latus.
532 593 621 648 to.
650 593 755 660 ης
784 591 910 646 Luc.
936 591 1028 646 2t.
1050 591 1196 660 2-4).
1221 588 1311 644 Sic
1335 598 1390 644 et
1424 588 1520 642 ista
1570 584 1654 639 his
1679 585 1776 639 bo-

187 697 308 738 num
349 683 501 738 illum
539 685 712 739 virum
753 683 965 752 excepit
1011 681 1202 744 xeniis,
1245 694 1365 749 qua:
1403 678 1514 732 sola
1560 685 1670 730 tum
1710 673 1776 727 ad

188 789 396 829 manum
443 774 689 829 aderant.
727 772 838 828 Nec
877 783 1081 827 temere
1108 769 1347 826 additum
1377 777 1458 824 est
1483 808 1497 829 ,
1529 765 1669 836 quod
1703 764 1776 818 le-

186 863 385 919 stinans
406 853 672 928 cucurrit,
702 873 756 918 et
784 862 1000 928 similia,
1029 861 1124 917 sed
1155 871 1214 917 ut
1243 859 1508 930 intelligas
1533 873 1650 913 eam
1677 855 1782 910 ala-

187 956 345 1011 criter
371 957 566 1012 fecisse
591 956 768 1010 onmia
791 997 804 1017 ,
835 970 940 1010 non
970 969 1114 1024 argre
1157 968 1220 1007 ac
1245 952 1536 1023 gravatim,
1569 963 1667 1004 nec
1694 948 1778 1002 itt-

189 1047 344 1101 vitam
385 1059 440 1102 et
489 1057 693 1102 coacta:
732 1047 982 1102 similem.
1014 1045 1082 1100 Et
1125 1058 1194 1100 ne
1244 1044 1298 1099 id
1347 1057 1569 1113 parvum
1597 1049 1776 1112 putes.

190 1153 330 1208 serpe
357 1138 592 1208 aliquem
623 1146 1034 1208 prtrtereuntem
1063 1134 1389 1207 rogavimus,
1418 1142 1478 1189 ut
1509 1131 1781 1202 paulisper

188 1228 404 1299 gradum
441 1230 694 1292 sisteret,
720 1228 1112 1296 summissaque
1145 1242 1240 1282 sua
1278 1225 1392 1281 lace
1423 1235 1659 1280 nostram
1690 1237 1782 1279 ac-

189 1323 456 1387 ceudcrrt,
483 1332 576 1376 aut
597 1337 627 1377 a
653 1322 927 1392 bajulante
946 1336 1136 1392 aquam
1159 1320 1410 1391 petiimus
1429 1327 1487 1372 ut
1511 1318 1779 1374 modicum

193 1412 308 1466 inde
333 1412 518 1468 bibere
549 1411 736 1468 liceret
768 1430 780 1466 :
812 1427 910 1467 nec
938 1412 989 1467 id
1020 1411 1197 1469 facere
1221 1410 1506 1475 sustinuit,
1536 1407 1630 1464 sed
1663 1407 1783 1463 tulit

192 1504 447 1571 graviter:
471 1503 590 1559 haec
616 1513 795 1558 autem
822 1518 930 1558 non
961 1503 1122 1559 modo
1151 1502 1417 1556 summisit
1435 1501 1485 1554 ei
1512 1499 1778 1572 hydriam,

191 1595 278 1648 sed
297 1595 518 1650 camelis
532 1595 693 1650 etiam
712 1595 961 1650 omnibus
973 1610 1163 1664 aquam
1184 1593 1360 1647 hausit
1374 1591 1592 1654 affatim,
1616 1589 1780 1645 labori

195 1701 292 1741 non
324 1703 574 1755 parcens,
597 1697 652 1742 et
672 1702 771 1742 suo
796 1704 1022 1756 corpore
1049 1686 1391 1758 hospitalitati
1415 1685 1637 1740 comiter
1658 1685 1784 1738 sub-

191 1777 423 1831 serviens
459 1795 472 1830 :
508 1793 614 1831 non
641 1778 787 1833 enim
817 1777 1012 1832 factum
1043 1777 1145 1832 hoc
1174 1779 1378 1844 solum,
1409 1793 1592 1832 verum
1616 1777 1781 1832 etiam

191 1866 433 1930 alacritas
478 1868 729 1935 adjuncta
757 1869 1005 1923 virtutem
1036 1868 1224 1938 puella:
1262 1869 1496 1933 indicat;
1520 1884 1640 1938 qua:
1680 1869 1782 1922 ho-

192 1955 381 2010 minem
420 1957 660 2025 ignotum
708 1967 763 2013 et
793 1967 903 2013 tum
944 1961 1173 2029 primum
1209 1961 1380 2014 visum
1425 1968 1580 2015 vocat
1605 1959 1784 2014 domi-

193 2061 334 2099 num.
370 2047 426 2100 Et
470 2047 612 2102 sicut
641 2048 978 2103 Abrahamus
1019 2050 1187 2118 ipsius
1217 2065 1372 2105 socer
1399 2061 1784 2122 praetereuntes

192 2151 293 2190 non
321 2137 634 2209 interrogat,
668 2142 884 2210 quinam
919 2141 1027 2195 sint
1062 2152 1114 2196 et
1150 2142 1376 2211 cujates,
1408 2157 1582 2211 quove
1608 2142 1709 2197 iter
1731 2151 1786 2197 et

193 2227 325 2282 unde
365 2229 601 2295 faciant,
632 2232 726 2285 sed
776 2232 1098 2301 simpliciter
1137 2230 1484 2302 hospitalitati
1524 2233 1616 2287 dat
1649 2249 1783 2302 ope-
1817 2248 1822 2252 ‘

193 2334 300 2372 rant
329 2336 343 2372 :
370 2321 439 2373 ita
466 2331 522 2374 et
547 2321 661 2376 htec
684 2337 787 2376 non
816 2318 1137 2388 sciscitatur,
1156 2323 1275 2393 quis
1305 2338 1367 2378 es
1389 2333 1442 2377 et
1471 2324 1654 2378 unde?
1677 2339 1782 2394 qua

193 2407 257 2464 de
283 2425 442 2464 causa
487 2413 682 2468 venis?
724 2414 817 2468 sed
864 2415 1236 2483 hospitalitatis
1260 2431 1391 2486 opes
1419 2430 1782 2487 congregans,

195 2523 295 2562 non
319 2511 400 2564 est
417 2505 628 2565 curiosa
651 2513 986 2566 ceterorum.
1013 2507 1222 2567 Etenim
1251 2508 1528 2583 gemmarii
1557 2518 1607 2569 et
1632 2524 1788 2567 num-

196 2601 394 2656 mularii
438 2604 542 2657 hoc
581 2619 744 2657 unum
774 2613 1004 2672 curant,
1042 2614 1100 2659 ut
1143 2605 1347 2660 lucrum
1377 2605 1592 2674 capiant
1626 2621 1692 2661 ex
1722 2606 1786 2660 iis

195 2709 310 2748 cum
340 2696 534 2763 quibus
564 2697 901 2765 negetiautur
921 2738 936 2762 ,
976 2679 1160 2767 parum
1191 2698 1400 2752 solliciti
1435 2696 1622 2766 quales
1666 2706 1786 2749 tan-

196 2785 312 2838 dem
341 2785 418 2840 illi
447 2786 558 2840 sint
588 2804 600 2840 :
638 2787 714 2840 sic
742 2786 856 2842 hinc
883 2788 1056 2841 solum
1088 2788 1138 2841 id
1166 2788 1357 2857 quierit
1376 2829 1390 2854 ,
1424 2799 1479 2842 ut
1505 2788 1786 2856 hospitali-

199 2878 313 2930 tatis
358 2879 589 2931 fructum
619 2878 825 2947 capiat,
856 2888 1018 2948 utque
1047 2878 1274 2932 solidam
1306 2871 1434 2947 'ejus
1483 2879 1785 2934 mercedem

201 2968 472 3036 percipiat.
509 2969 656 3024 Bene
695 2969 899 3023 sciebat
940 2970 1203 3038 hospitem
1249 2970 1482 3031 maxime
1527 2983 1790 3024 verecun-

197 3059 316 3113 dum
337 3075 478 3124 esse,
510 3062 737 3131 ideoque
765 3076 1008 3130 magnam
1033 3062 1082 3117 ei
1105 3062 1412 3117 comitatem
1433 3062 1788 3116 exhibendam

196 3163 311 3204 esse
348 3160 400 3204 ct
431 3151 749 3205 modestiam
791 3168 897 3206 non
923 3154 1191 3206 curiosam
1225 3171 1237 3204 :
1269 3153 1410 3221 quod
1441 3154 1484 3206 si
1520 3151 1586 3206 de
1633 3154 1791 3206 rebus

199 3240 309 3308 ejus
363 3253 740 3310 percontemnr
804 3243 1129 3307 immodice,
1167 3244 1506 3313 tergiversari
1560 3259 1680 3298 cum
1737 3257 1792 3299 et

201 3333 451 3400 gravatim
481 3333 764 3388 accedere.
795 3333 1134 3404 Quapropter
1157 3349 1330 3404 neque
1358 3333 1475 3389 hmc
1498 3349 1558 3390 se
1593 3334 1661 3388 ita
1699 3351 1792 3404 ge-

203 3422 269 3477 rit
305 3438 427 3494 erga
467 3425 652 3491 illum,
681 3440 855 3496 neque
894 3426 1012 3494 ejus
1051 3441 1206 3480 socer
1231 3427 1500 3482 Abraham
1529 3443 1653 3497 erga
1695 3428 1793 3482 ho-

204 3515 391 3582 spites,
423 3533 491 3573 ne
525 3518 604 3572 sic
651 3519 988 3574 venationem
1030 3534 1182 3573 suam
1207 3519 1504 3575 absterreat
1531 3537 1543 3572 :
1576 3522 1669 3576 sed
1695 3537 1792 3575 cu-

206 3607 326 3662 ratis
367 3611 803 3677 przetereuntium
847 3612 1163 3681 corporibus
1217 3623 1272 3666 et
1318 3612 1648 3683 obsequutns
1693 3630 1793 3671 suo

204 3698 393 3764 animo,
425 3702 504 3755 sic
531 3715 627 3756 eos
653 3701 890 3756 dimittit.

271 3789 322 3843 8.
366 3790 478 3846 lloc
531 3803 687 3860 pacto
739 3794 901 3848 etiam
958 3795 1177 3866 angelos
1219 3797 1505 3866 aliquando
1547 3798 1790 3868 excepit,

205 3881 336 3936 circa
365 3899 498 3949 quos
529 3883 574 3938 si
599 3884 784 3940 luisset
807 3886 1070 3940 curiosior
1089 3928 1102 3950 ,
1127 3903 1231 3942 non
1256 3903 1442 3958 parum
1473 3889 1793 3942 decessisset

209 3975 430 4030 mercedi
457 3978 575 4043 ejus
597 3977 795 4032 debita:
817 3978 968 4050 (Gen.
996 3980 1108 4046 18).
1140 3981 1483 4036 Admiramur
1503 3983 1643 4036 enim
1670 3999 1792 4037 eum

210 4079 307 4118 non
333 4063 484 4136 quod‘
502 4070 778 4138 exceperit
805 4072 1025 4139 angelos
1047 4114 1060 4132 ,
1092 4073 1184 4126 sed
1225 4074 1365 4143 quod
1407 4076 1649 4130 nesciens
1675 4090 1797 4131 esse

209 4156 448 4222 angelos,
479 4161 776 4228 exceperit.
811 4159 919 4214 Nec
959 4163 1099 4215 enim
1144 4163 1442 4219 mirandum
1486 4165 1528 4218 si
1565 4166 1796 4234 prudens

206 4258 265 4296 ac
306 4246 480 4301 sciens
539 4257 819 4305 tractasset
861 4268 957 4307 eos
1000 4255 1260 4316 comiter,
1296 4273 1520 4324 quorum
1568 4257 1797 4328 dignitas

208 4339 541 4401 quantumvis
573 4339 805 4394 immane
851 4351 1034 4409 pectus
1062 4358 1124 4396 ac
1151 4360 1370 4398 saxeum
1393 4348 1460 4402 ad
1489 4347 1794 4402 lmmanita.

215 4437 312 4480 tem
337 4429 823 4502 benignitatemque
845 4445 1025 4503 posset
1050 4451 1241 4506 cogere
1273 4456 1285 4492 :
1314 4439 1406 4492 sed
1437 4438 1538 4494 hoc
1559 4451 1797 4495 meretur

212 4519 645 4587 admirationem,
679 4523 820 4594 quod
850 4526 1082 4580 viatores
1126 4529 1366 4596 vulgares
1400 4540 1544 4586 ratus
1592 4540 1795 4586 tantum

215 4606 425 4666 honoris
449 4614 528 4668 eis
553 4613 758 4669 habuit.
791 4615 934 4670 Talis
962 4628 1076 4670 erat
1106 4617 1219 4672 haec
1248 4636 1460 4690 quoque
1484 4639 1495 4672 :
1526 4624 1800 4678 nesciebat

216 4698 473 4757 hominem
507 4705 750 4774 quisnam
783 4715 946 4770 esset,
974 4718 1064 4761 aut
1091 4725 1310 4763 curnam
1340 4712 1594 4776 venisset,
1627 4712 1800 4782 neque

216 4793 344 4858 quod
372 4795 755 4850 conciliaturas
781 4808 925 4851 esset
954 4799 1120 4866 ipsius
1149 4801 1390 4870 nuptias,
1418 4803 1510 4855 sed
1541 4806 1796 4858 viatorem

217 4896 368 4937 unum
396 4885 628 4955 aliquem
662 4888 881 4955 putabat
923 4900 978 4943 et
1018 4889 1305 4958 hoSpitem.
1338 4891 1541 4946 idcirco
1589 4895 1802 4948 uberior

218 4989 259 5026 es
297 4977 668 5045 hospitalitatis
701 4994 906 5033 merces
933 4981 1189 5050 contingit
1213 5024 1226 5044 ,
1253 4983 1392 5051 quod
1423 4984 1594 5035 modis
1622 4989 1799 5038 omni-

219 5063 306 5118 bus
336 5084 568 5133 igneum.
605 5079 745 5121 tanta
777 5081 1098 5139 prosequuta
1127 5071 1195 5124 sit
1235 5073 1602 5127 benevolentia
1626 5117 1638 5138 ,
1683 5093 1801 5129 ser-

222 5167 331 5209 vata
373 5159 583 5213 interim
613 5171 667 5213 et
707 5161 987 5215 modestia.
1018 5161 1198 5231 Neque
1229 5166 1369 5217 enim
1403 5164 1602 5218 elTrena
1636 5175 1801 5220 teme-

221 5245 397 5314 ritate,
442 5265 619 5318 neque
664 5251 767 5304 vim
812 5251 1043 5306 aﬂ'erens
1092 5265 1181 5308 aut
1219 5255 1671 5310 stomachabunda
1701 5256 1802 5312 hoc

222 5335 433 5396 iaciebat
455 5382 470 5403 ,
497 5340 594 5397 sed
638 5357 758 5396 cunt
796 5342 993 5397 decoro
1035 5345 1104 5397 ita
1135 5353 1188 5396 ut
1219 5360 1314 5413 par
1343 5355 1478 5400 erat.
1521 5347 1629 5401 lloc
1662 5349 1800 5403 enim

224 5429 382 5498 ipsum
415 5432 590 5488 Moses
630 5435 924 5489 subindicat
979 5436 1060 5490 his
1105 5437 1280 5492 verbis
1307 5455 1318 5490 :
1352 5439 1450 5492 Ille
1480 5452 1647 5493 autem
1678 5459 1798 5494 con-

225 5521 550 5588 templabatur
585 5541 698 5578 eam
726 5526 906 5579 tacitus
926 5568 941 5588 ,
968 5527 1093 5580 scire
1117 5531 1286 5581 uolens
1317 5539 1484 5582 utrum
1509 5548 1804 5602 prosperum

225 5611 310 5664 iter
346 5630 488 5667 suum
537 5618 733 5683 fecisset
769 5615 1012 5672 Dominus
1048 5617 1212 5688 (Gen.
1244 5618 1333 5674 24.
1368 5620 1484 5689 2t).
1510 5621 1646 5690 Quid
1687 5637 1766 5678 ρει
1788 5665 1802 5687 ,

225 5701 659 5774 Contemplabatur
676 5725 784 5761 eam
799 5708 826 5761 .9
842 5709 906 5763 Et
927 5707 1186 5773 habitum,
1205 5720 1259 5764 et
1278 5710 1567 5776 incessum,
1586 5722 1640 5766 et
1660 5728 1807 5783 aspe-

227 5803 378 5860 ctum,
401 5809 455 5855 et
481 5799 665 5862 verba,
690 5799 866 5855 omnia
889 5799 1115 5870 denique
1137 5802 1420 5873 diligenter
1441 5805 1800 5869 examinabat,

1162 382 1432 452 QUAM-IS
1473 378 1816 437 llUCENDA‘.‘
1857 375 2009 433 SINT
2053 375 2347 435 UXORES.
2391 375 2479 432 Ill.

3375 374 3480 431 2'58

1887 505 1954 546 ex
2001 491 2244 560 corporis
2285 490 2526 559 gestibus
2577 487 2941 545 habitudinem
2994 490 3157 545 animi
3202 489 3478 563 colligens.

1886 581 1994 638 Nec
2021 582 2105 637 his
2143 592 2459 648 contentus,
2503 583 2730 636 alterum
2774 583 3202 652 experimentum
3238 583 3476 640 adhibet.

1885 677 2122 744 Accepto
2161 675 2304 730 enim
2350 675 2419 730 ab
2453 689 2513 729 ea
2555 685 2683 746 pottt
2732 689 2840 730 non
2870 675 3074 730 destitit
3098 717 3112 739 ,
3145 676 3238 731 sed
3292 691 3481 747 rogare

1887 765 2055 835 pergit
2079 781 2092 818 :
2121 763 2281 835 Cujus
2308 782 2360 821 es
2382 765 2492 834 ﬁlia
2510 807 2524 832 ,
2564 766 2736 822 indica
2765 766 2890 820 mihi
2917 781 2936 820 :
2962 774 3102 821 estne
3127 768 3180 820 in
3209 767 3361 821 doma
3388 783 3483 838 pa-

1885 857 1974 912 tris
1997 859 2070 910 tui
2093 855 2235 912 locus
2261 875 2360 927 quo
2391 858 2582 928 possim
2611 857 2858 912 divertere
2891 858 3045 929 (Gen.
3069 858 3160 914 24.
3186 857 3320 929 23)?
3343 857 3480 926 Quid

1885 948 1974 1003 illa
1999 949 2066 1004 ad
2097 949 2252 1004 iure?
2277 950 2546 1006 Patienter
2571 966 2634 1006 ac
2663 961 2942 1006 mansuete
2967 966 3124 1006 suum
3157 959 3360 1022 patrem
3398 953 3481 1007 in-

1883 1038 2050 1094 dicat.
2081 1040 2198 1096 Non
2229 1040 2363 1096 dixit
2393 1040 2789 1110 indignabunda
2817 1059 2831 1096 :
2864 1041 2942 1096 Tu
2979 1056 3106 1097 vero
3134 1042 3254 1112 quis
3286 1058 3346 1098 es
3373 1052 3482 1098 tam

1883 1135 2130 1189 curiosus
2171 1143 2512 1204 percontator
2554 1133 2716 1190 etiam
2754 1134 2823 1190 de
2865 1135 3065 1190 nostris
3092 1133 3336 1202 aedibus;
3387 1137 3480 1190 sed

1883 1223 2009 1294 quid
2031 1225 2054 1276 1’
2081 1223 2220 1278 Filia
2244 1240 2356 1278 sum
2383 1224 2642 1278 Bal/melis
2669 1225 2764 1295 ﬁlii
2800 1224 3035 1288 Melcltw,
3064 1232 3212 1298 quem
3251 1225 3483 1284 Nar/tori

1887 1315 2096 1386 peperit.
2140 1315 2417 1371 Palearum
2457 1333 2654 1388 quoque
2676 1326 2722 1371 et
2749 1319 2869 1389 faui
2897 1319 3036 1388 apud
3074 1334 3165 1373 nos
3191 1327 3263 1372 est
3305 1317 3482 1388 copia,

1885 1419 1931 1463 et
1975 1409 2118 1464 locus
2155 1409 2224 1462 ad
2266 1409 2614 1463 diuertendum
2647 1407 2772 1480 (Ib.
2803 1427 2853 1464 υ.
2896 1410 2988 1465 24.
3016 1409 3130 1481 25.).
3161 1409 3312 1464 Sicut
3361 1417 3486 1464 ante

1885 1516 2077 1572 aquam
2120 1501 2320 1570 petenti
2351 1501 2629 1571 plusquam
2659 1511 2903 1572 posceret
2939 1501 3130 1556 obtulit
3162 1519 3176 1556 :
3209 1517 3330 1555 nam
3359 1515 3481 1555 eum

1888 1595 1978 1649 ille
2005 1603 2188 1661 potum
2216 1594 2316 1648 sibi
2339 1595 2438 1649 soli
2471 1595 2731 1664 petiisset,
2763 1596 2923 1649 etiam
2949 1593 3166 1650 camelis
3195 1608 3255 1648 se
3287 1591 3483 1663 pra-bi-

1890 1697 2060 1742 turam
2093 1697 2175 1742 est
2214 1687 2452 1759 pollicita
2475 1729 2487 1751 ,
2515 1697 2572 1742 et
2600 1689 2779 1758 utique
2804 1688 3028 1758 prarbuit
3057 1705 3070 1742 :
3101 1688 3180 1742 sic
3204 1687 3364 1741 etiam
3398 1685 3486 1740 hic

1887 1778 2177 1848 requirenti
2202 1779 2569 1834 tantummodo
2588 1779 2959 1843 diversorium,
2987 1778 3203 1848 insuper
3225 1777 3293 1832 de
3321 1779 3486 1847 pali-is

1887 1885 1949 1924 ac
1977 1869 2122 1924 lieno
2159 1870 2451 1940 prospicit,
2485 1869 2659 1939 deque
2695 1871 2814 1923 aliis
2849 1870 3028 1924 multis
3049 1912 3063 1933 .
3093 1869 3336 1925 alliciens
3361 1884 3483 1924 eum

1889 1958 1970 2012 his
1997 1960 2269 2025 omnibus,
2299 1968 2352 2014 et
2389 1958 2608 2014 domum
2641 1958 2959 2029 pertrahens
2982 2001 2998 2025 ,
3028 1969 3083 2012 ιιι
3111 1959 3485 2029 hospitalitatis

1889 2049 2117 2105 fructum
2145 2061 2199 2106 et
2229 2051 2530 2107 mercedem
2559 2053 2750 2120 capiat.
2787 2051 2908 2106 Haec
2935 2060 3111 2107 autem
3153 2066 3258 2105 non
3289 2051 3482 2108 obiter.

1890 2157 2061 2212 nvque
2102 2143 2431 2213 negligenter
2453 2143 2751 2207 audiamus,
2784 2143 2878 2198 sed
2919 2143 3281 2212 nosmetipsos
3307 2144 3486 2197 consi-

1889 2231 2173 2297 derantes,
2203 2232 2270 2286 ad
2315 2232 2418 2287 hoc
2459 2234 2762 2304 exemplum
2805 2233 3146 2289 conferamus
3179 2252 3192 2288 :
3225 2235 3304 2290 sic
3341 2233 3483 2288 enim

1891 2325 2250 2394 intelligemus
2270 2327 2523 2382 virtutem
2551 2327 2708 2397 hujus
2731 2327 2963 2382 feminae.
2991 2326 3370 2397 Sarpenumero
3391 2341 3486 2380 no-

1891 2425 1974 2470 tos
2011 2415 2218 2484 aliquos
2258 2425 2312 2472 et
2341 2418 2672 2473 necessarios
2701 2418 3028 2488 excipientes
3055 2433 3196 2488 aegre
3223 2415 3446 2472 ferimus
3470 2457 3484 2479 ,

1889 2520 1942 2568 et
1965 2525 2271 2582 gravantur,
2301 2514 2344 2568 si
2378 2529 2542 2568 unum
2583 2523 2676 2568 aut
2713 2513 2942 2568 alterum
2988 2514 3129 2568 dietn
3171 2513 3487 2566 commorati

1891 2604 2092 2660 fuerint
2120 2622 2134 2670 ;
2169 2604 2284 2660 haec
2313 2614 2492 2661 autem
2519 2605 2758 2676 ignotum
2782 2614 2836 2660 et
2856 2605 3121 2673 hospitem
3155 2618 3343 2674 magna
3373 2603 3488 2656 ala-

1891 2700 2082 2754 critate
2111 2697 2328 2752 domum
2382 2697 2677 2768 pertraxit,
2727 2698 3027 2768 praesertim
3068 2709 3191 2749 cum
3235 2711 3343 2749 non
3390 2693 3490 2763 ipsi

1891 2791 1991 2844 soli
2018 2833 2031 2856 ,
2056 2790 2149 2846 sed
2183 2798 2260 2844 tot
2284 2788 2507 2844 camelis
2534 2788 2694 2843 etiam
2715 2787 2932 2842 oll‘erret
2959 2801 3142 2841 curam
3167 2785 3492 2855 et_ministe-

1893 2884 2052 2936 rium.
2080 2882 2367 2952 Postquam
2411 2889 2590 2937 autem
2647 2881 3005 2949 introgressus
3052 2889 3135 2932 est
3179 2877 3490 2946 hospitium,

1887 2974 1998 3042 jam
2022 2974 2188 3043 magis
2215 2972 2495 3027 considera
2524 2971 2664 3026 servi
2688 2970 3044 3040 prudentiam.
3070 2967 3325 3038 Apposita
3349 2967 3490 3022 enim

1894 3078 2076 3119 mensa
2097 3105 2112 3129 ,
2141 3065 2328 3134 inquit,
2360 3063 2483 3117 Non
2519 3063 2660 3130 prius
2688 3061 2854 3116 cibum
2887 3061 3086 3130 capiam
3120 3075 3272 3125 quam
3316 3059 3496 3127 loquar

1893 3157 2040 3211 verba
2062 3173 2174 3210 mea
2201 3156 2352 3223 (Gen.
2387 3155 2477 3209 ξι.
2504 3155 2618 3225 55).
2647 3153 2784 3208 Vide
2811 3168 2970 3224 quam
3004 3151 3228 3222 vigilans
3253 3150 3410 3206 fuerit
3441 3161 3494 3203 et
3571 3145 3576 3150 ’

1894 3248 2144 3302 sobrius?

1967 3338 2247 3391 Abra/tami
2271 3339 2511 3407 potentia.
2541 3335 2669 3391 Cum
2703 3347 2894 3406 quanta
2937 3335 3185 3406 sapientia
3226 3351 3258 3387 a
3299 3335 3496 3404 [amulo

1896 3429 2147 3483 laudetur.
2203 3427 2308 3482 Deo
2355 3428 2560 3496 auspice
2598 3443 2711 3493 qua
2755 3428 2886 3495 ﬁunt
2925 3427 3047 3481 bene
3089 3427 3383 3479 succedunt.
3423 3456 3494 3467 —-

1901 3519 2100 3575 Deinde
2132 3516 2411 3590 postquam
2444 3519 2760 3588 permissum
2787 3527 2871 3574 est
2894 3518 2943 3573 ei
2969 3514 3149 3573 dicere
3173 3560 3188 3584 ,
3217 3518 3491 3572 videamus

1897 3610 2165 3682 quomodo
2189 3612 2307 3665 illos
2329 3611 2634 3680 alloquitur.
2654 3609 2790 3663 Num
2815 3609 2914 3663 ista
2934 3609 3092 3663 verba
3117 3609 3183 3662 ad
3205 3624 3301 3664 eos
3324 3607 3492 3666 dixit:

1899 3702 2093 3756 llerum
2120 3716 2180 3756 se
2206 3701 2403 3756 habere
2431 3702 2689 3756 illustrem
2717 3709 2771 3756 et
2800 3700 3157 3770 Splendidum,
3177 3699 3494 3756 honoratum

1898 3794 1965 3848 ab
1990 3794 2260 3859 omnibus,
2287 3793 2458 3847 virum
2487 3808 2692 3862 magna:
2719 3793 3050 3847 auctoritatis
3075 3793 3214 3862 apud
3241 3794 3384 3849 cives
3406 3811 3494 3849 re-

1898 3885 2073 3956 gionis
2097 3926 2111 3946 ,
2145 3884 2196 3938 in
2223 3899 2325 3954 qua
2356 3895 2464 3937 tum
2495 3884 2752 3953 degeret?
2780 3883 3015 3938 Tametsi
3048 3895 3286 3953 poterat,
3320 3887 3364 3940 si
3399 3901 3494 3940 vo-

1904 3979 2129 4044 luisset,
2165 3978 2279 4032 lucc
2306 3992 2431 4031 vere
2455 3977 2636 4031 dicere
2663 3993 2676 4028 :
2711 3977 2908 4030 etenim
2935 3986 3201 4045 tamquam
3232 3992 3319 4031 res
3345 3978 3494 4033 cole-

1903 4073 2056 4123 batur
2083 4069 2150 4122 ab
2175 4068 2291 4138 ejus
2312 4051 2548 4123 nationis
2578 4067 2900 4121 hominibus.
2947 4069 3194 4123 Attamen
3233 4070 3362 4124 nihil
3396 4073 3496 4125 ho-

1903 4180 2015 4217 rum
2045 4164 2179 4217 dixit
2205 4205 2216 4226 ,
2251 4161 2344 4217 sed
2375 4163 2587 4216 omissis
2618 4162 2752 4227 istis,
2780 4178 2900 4231 qute
2931 4161 3071 4230 apud
3102 4162 3348 4217 homines
3371 4174 3499 4218 sunt

1903 4257 1953 4312 in
1981 4258 2169 4326 pretio,
2193 4271 2221 4309 a
2247 4257 2427 4310 divino
2455 4271 2574 4309 cum
2609 4256 2788 4310 favore
2812 4254 3154 4310 commendat
3179 4253 3264 4310 his
3286 4256 3497 4311 verbis:

1907 4346 2017 4419 Ego
2046 4347 2270 4401 Abralta:
2308 4364 2498 4402 servus.
2548 4347 2792 4400 Dominus
2840 4346 3092 4400 benedixit
3139 4347 3344 4401 domino
3389 4363 3501 4400 meo

1904 4439 2068 4504 valde,
2097 4438 2442 4506 exaltatusque
2471 4447 2559 4497 est,
2592 4447 2635 4492 et
2666 4438 2801 4491 dedit
2829 4438 2873 4490 ei
2903 4454 3016 4491 ores
3047 4445 3093 4490 et
3121 4439 3288 4501 bores,
3316 4453 3502 4507 argen-

1905 4541 2006 4582 tum
2031 4540 2075 4583 et
2105 4547 2283 4582 aurum
2318 4529 2477 4598 (Gen.
2507 4531 2595 4582 Ἡ.
2623 4529 2709 4582 54.
2742 4528 2810 4582 35
2909 4528 3125 4582 Divitias
3151 4527 3267 4597 ejus
3295 4543 3501 4582 memo-

1906 4631 2024 4682 rat,
2053 4635 2159 4675 non
2187 4631 2242 4672 ιιι
2271 4619 2579 4687 Opulentum
2607 4660 2621 4684 ,
2653 4618 2744 4674 sed
2787 4630 2842 4672 ut
2883 4619 3024 4686 pium
3057 4631 3174 4672 esse
3205 4618 3457 4671 ostendat
3483 4660 3495 4680 ,

1909 4713 2007 4764 hoc
2035 4711 2248 4764 nomine
2275 4709 2496 4765 laudans
2525 4709 2667 4779 quod
2698 4725 2726 4762 a
2776 4710 2881 4762 Deo
2911 4710 3023 4762 haec
3053 4709 3319 4778 acceperit
3345 4750 3360 4775 ,
3395 4726 3502 4763 non

1906 4803 2047 4870 quod
2078 4810 2339 4855 tantarum
2375 4816 2551 4854 rerum
2594 4800 2664 4854 sit
2703 4800 2976 4853 dominus.
3023 4800 3222 4855 Deinde
3269 4801 3504 4870 loquitur

1907 4895 1970 4946 de
1999 4909 2197 4960 sponso
2227 4911 2238 4942 :
2274 4891 2337 4944 Et
2361 4891 2552 4960 peperit
2593 4889 2754 4950 Sara,
2809 4908 2937 4942 uxor
2963 4892 3153 4944 domini
3186 4892 3313 4954 mei,
3342 4892 3505 4954 ﬁlium

1907 4986 2110 5037 domino
2139 5001 2245 5035 meo
2264 4986 2374 5052 jam
2403 4984 2510 5037 seni
2537 4981 2692 5052 (Gen.
2721 4983 2809 5035 24.
2841 4984 2954 5051 36).
2985 4983 3082 5038 llic,
3104 4995 3157 5038 et
3185 4997 3366 5051 partus
3397 4999 3506 5040 tuo-

1909 5079 2034 5131 dum
2063 5077 2383 5141 snbindicat,
2415 5077 2615 5131 docens
2641 5076 2780 5146 quod
2808 5085 2859 5128 et
2892 5086 3074 5142 partus
3096 5075 3142 5128 ei
3171 5076 3347 5128 divina
3381 5091 3509 5139 pro.-

1910 5169 2141 5222 vidt-ntia
2174 5181 2462 5221 concessus
2503 5169 2611 5234 sit,
2654 5182 2758 5220 non
2800 5176 3001 5219 natura:
3040 5165 3248 5219 ordine.
3280 5165 3417 5232 Ergo
3452 5173 3509 5218 tu

1911 5274 2120 5328 quoque
2151 5258 2262 5312 sive
2298 5273 2576 5326 sponsum,
2606 5259 2716 5309 sive
2744 5272 2990 5324 sponsam
3025 5271 3256 5326 quaeras,
3290 5255 3393 5309 hoc
3420 5256 3505 5308 in-

1911 5351 2060 5420 quire
2102 5358 2225 5403 ante
2273 5349 2448 5402 omnia
2477 5391 2491 5413 ,
2533 5349 2671 5404 sitne
2715 5349 2916 5401 amicus
2963 5347 3109 5410 Deo,
3171 5362 3236 5401 an
3283 5347 3508 5400 multaut

1913 5447 2123 5488 sursum
2157 5432 2396 5486 obtineat
2426 5431 2870 5485 benevolentiam.
2906 5430 2961 5485 Si
2994 5431 3132 5484 enim
3164 5429 3278 5483 hzec
3309 5429 3508 5492 adsint,

1913 5535 2300 5596 consequenter
2340 5536 2391 5577 et
2430 5525 2531 5579 alia
2564 5542 2574 5577 :
2606 5525 2687 5579 sin
2727 5537 2903 5577 autem
2943 5525 3149 5586 desint,
3182 5523 3390 5576 etiamsi
3423 5538 3512 5578 res

1917 5619 2185 5672 familiaris
2212 5618 2421 5673 abunde
2451 5623 2726 5686 suppetat,
2757 5616 2888 5670 nihil
2925 5616 3180 5683 proderit.
3214 5615 3420 5669 Deinde
3445 5632 3512 5670 ne

1915 5712 2092 5767 audiat
2115 5713 2182 5767 ab
2207 5712 2303 5772 eis,
2333 5710 2442 5766 Cur
2471 5712 2630 5780 igitur
2654 5709 2849 5763 nullam
2884 5708 3184 5774 indigenam
3210 5710 3261 5762 in
3288 5723 3508 5764 uxorem

1919 5808 2104 5877 accipit
2131 5807 2153 5859 ?
2188 5805 2449 5867 Adiurat'it
2482 5821 2558 5857 me.
2586 5841 2600 5860 .-
2629 5803 2795 5872 inquit
2822 5843 2836 5867 ,
2867 5802 3098 5854 dominus
3133 5819 3277 5857 metu
3305 5803 3510 5867 dicens,
