4228 6298
768 344 875 399 9νὸξὶ

769 461 885 516 Non
908 463 1124 534 accipies
1145 477 1349 516 nomn
1368 463 1475 529 ﬁlio
1499 479 1606 516 meo
1627 480 1690 518 ex
1707 465 1909 533 [ilicibus
1924 465 2351 534 Chananwornm,

762 558 849 608 sed
874 556 942 608 ad
966 555 1169 608 domum
1195 555 1352 621 patris
1376 571 1472 610 met
1503 557 1841 626 proﬁcisceris
1863 602 1878 622 ,
1911 569 1955 613 et
1981 561 2045 613 de
2077 561 2212 614 tribu
2243 580 2352 616 mea

757 646 974 712 accipies
1001 661 1206 698 uxorem
1236 644 1347 713 ﬁlio
1370 663 1480 700 meo
1509 648 1660 717 (Gen.
1680 648 1770 705 ⁸24.
1792 650 1879 705 57.
1912 650 2024 717 '58).
2047 651 2151 707 Sed
2171 669 2237 706 ne
2267 664 2349 706 to-

764 746 870 788 tam
912 735 1188 789 historiam
1233 736 1283 790 in
1330 737 1563 792 medium
1600 739 1882 796 afferentes
1923 742 2132 795 molesti
2164 743 2348 796 vidca-

756 840 893 884 mur.
927 824 990 878 ad
1015 824 1172 880 tinem
1206 835 1560 884 transeamus.
1585 827 1717 884 Cum
1739 829 1880 883 enim
1909 831 2196 895 retulisset,
2218 849 2349 901 quo-

756 920 916 971 modo
959 920 1023 973 ad
1065 922 1260 975 lnntem
1303 922 1564 976 adstiterit
1590 963 1603 980 ,
1650 922 1773 990 quid
1803 939 1833 976 a
1874 925 2043 993 puella
2084 926 2343 992 petierit,

753 1010 1022 1077 quomodo
1062 1011 1151 1066 illa
1193 1012 1310 1082 plus
1351 1029 1508 1081 quam
1541 1015 1762 1083 petitmn
1788 1023 1930 1069 esset
1957 1014 2184 1080 dederit,
2211 1031 2347 1086 quo-

757 1101 916 1156 tundo
946 1103 1086 1156 Deus‘
1114 1103 1375 1158 mediator
1403 1105 1577 1171 fuerit,
1606 1118 1836 1175 eumque
1859 1107 2038 1161 omnia
2065 1107 2348 1178 diligenter

757 1193 1074 1256 nuntiasset,
1106 1193 1369 1247 sermonis
1400 1192 1558 1250 linem
1592 1195 1732 1250 fecit.
1763 1195 1856 1251 [iis
1881 1197 2128 1251 omnibus
2153 1197 2347 1253 auditis

756 1283 827 1336 illi
877 1301 980 1338 non
1027 1287 1254 1355 amplius
1300 1285 1727 1358 dubitaverunt,
1779 1304 1950 1360 neque
1999 1289 2346 1360 neglexerunt

752 1388 888 1441 rem,
920 1377 1012 1430 scd
1053 1376 1201 1441 quasi
1229 1375 1485 1433 divinitus
1515 1379 1783 1446 inStincti,
1816 1382 1934 1436 siue
1961 1395 2107 1435 mora
2137 1378 2186 1436 ei
2219 1396 2342 1450 pro-

756 1467 1015 1522 miserunt
1053 1469 1236 1524 tiliam.
1280 1469 1794 1541 Respondentcsquc
1819 1471 2002 1526 L‘ahan
2032 1482 2081 1526 et
2125 1471 2344 1528 Bathuel

753 1557 999 1613 dixerunt
1031 1578 1045 1614 :
1082 1559 1385 1615 Mandatum
1423 1562 1518 1616 hoc
1555 1578 1808 1632 egressum
1849 1575 1919 1616 est
1963 1579 1996 1616 α
2033 1562 2143 1617 Deo
2171 1579 2190 1617 :
2218 1562 2345 1618 Ideo

755 1665 853 1702 non
888 1667 1154 1719 possumus
1195 1661 1296 1706 tua:
1340 1653 1665 1723 postulationi
1710 1655 2066 1708 contradicere.
2118 1652 2196 1708 En
2238 1654 2341 1709 Re-

753 1741 898 1792 becca
917 1781 932 1804 ,
962 1740 1082 1795 tolle
1102 1757 1212 1795 eam
1238 1751 1284 1796 et
1313 1759 1551 1812 propera,
1581 1754 1629 1798 et
1657 1745 1721 1800 sit
1750 1761 1881 1798 uxor
1905 1744 2097 1799 domini
2124 1746 2218 1812 tui,
2249 1747 2345 1802 sic-

752 1838 805 1879 ut
839 1829 1072 1897 loquutus
1097 1840 1169 1884 est
1215 1830 1461 1888 Dominus
1493 1831 1658 1904 (Gen.
1688 1835 1778 1889 24.
1809 1835 1897 1890 50.
1926 1835 1985 1891 5|
2011 1834 2050 1907 ).
2081 1837 2210 1905 Quis
2237 1854 2342 1890 non

750 1922 1190 1991 obstupescere”
1214 1925 1335 1996 quis
1358 1941 1462 1981 non
1490 1926 1869 1994 admiraretur,
1897 1938 2093 2000 quanta
2123 1929 2345 2001 impedi-

757 2023 932 2067 menta
965 2014 1112 2069 brevi
1142 2017 1400 2088 temporis
1421 2028 1695 2074 momento
1721 2021 1927 2076 sublata
1952 2021 2103 2076 sint?
2130 2022 2341 2078 Etenim

753 2105 836 2159 vel
862 2108 1002 2176 quod
1025 2107 1221 2179 hospes
1242 2121 1378 2176 erat,
1402 2111 1486 2166 vel
1512 2111 1653 2181 quod
1682 2127 1889 2177 servus,
1919 2113 1999 2169 vel
2027 2113 2168 2183 quod
2195 2115 2344 2185 igno-

756 2207 842 2250 tus
866 2238 881 2261 ,
910 2197 993 2252 vel
1023 2199 1163 2265 quod
1194 2200 1412 2271 longum
1439 2210 1585 2257 esset
1611 2201 1818 2258 itineris
1849 2203 2183 2259 intervallum
2209 2245 2224 2269 ,
2258 2206 2342 2261 vel

751 2287 892 2356 quod
923 2303 1023 2343 nec
1050 2304 1226 2357 socer,
1260 2307 1358 2346 nec
1389 2306 1618 2363 sponsus
1641 2333 1657 2359 ,
1698 2308 1871 2364 neque
1899 2294 2035 2349 alius
2057 2310 2125 2350 ex
2155 2311 2340 2350 eorum

753 2382 1072 2437 necessariis
1111 2393 1268 2438 notus
1309 2393 1425 2439 erat
1449 2427 1464 2451 ,
1494 2385 1682 2440 horum
1713 2386 2136 2458 unumquodque
2165 2403 2258 2457 per
2281 2403 2342 2446 se

749 2471 880 2525 satis
898 2483 1015 2526 erat
1036 2471 1423 2543 impedimenti,
1446 2478 1730 2546 quominus
1752 2477 1855 2532 hoc
1878 2477 2199 2532 connubium
2222 2493 2342 2534 suc-

752 2561 972 2616 cederet
1005 2580 1019 2614 ε
1051 2573 1285 2619 attamen
1313 2566 1429 2620 haec
1455 2568 1700 2622 universa
1732 2565 1907 2623 facilia
1935 2579 2059 2623 sunt
2089 2569 2295 2624 reddita
2320 2610 2336 2636 ,

749 2661 803 2703 et
834 2650 970 2707 haud
1002 2667 1156 2710 secus
1181 2671 1340 2726 quam
1371 2659 1416 2712 si
1447 2668 1606 2713 notus
1635 2669 1800 2724 esset,
1830 2659 2200 2733 habitaretque
2221 2677 2342 2732 pro-

753 2756 817 2808 pe
839 2783 854 2806 ,
883 2754 938 2797 et
967 2754 1129 2800 totam
1161 2756 1374 2803 aetatem
1404 2764 1526 2804 cum
1556 2751 1636 2805 eis
1664 2760 1906 2806 versatus
1934 2750 2122 2807 fuisset
2147 2796 2161 2820 ,
2189 2769 2338 2809 com-

751 2833 1011 2890 miserunt
1033 2849 1288 2906 sponsam
1311 2839 1428 2908 ejus
1457 2840 1577 2895 fidei
1596 2883 1611 2906 ,
1639 2841 1739 2896 hac
1767 2841 1836 2896 de
1863 2859 2044 2910 causa,
2074 2845 2215 2915 quod
2244 2861 2332 2900 an-

751 2925 900 2993 spice
932 2927 1042 2982 Deo
1071 2943 1158 2985 res
1187 2932 1460 3001 agebatur.
1487 2932 1631 2988 Sicut
1655 2933 1871 2999 enimsi
1903 2935 2029 3005 quid
2055 2951 2120 2990 eo
2149 2951 2336 3007 parum

748 3017 962 3073 favente
987 3020 1381 3092 aggrediamur,
1404 3025 1612 3080 etiamsi
1628 3026 1805 3081 omnia
1827 3031 1932 3081 sint
1957 3028 2108 3096 plana
2136 3036 2190 3084 et
2213 3027 2339 3084 faei-

753 3109 817 3163 lia
843 3153 857 3171 ,
894 3113 1173 3182 voragines
1199 3124 1253 3169 et
1279 3117 1522 3171 salebras
1545 3126 1601 3172 et
1629 3118 1935 3174 innumeras
1963 3119 2337 3176 frustrationes

747 3198 922 3254 obiter
945 3199 1267 3257 offendimus
1301 3221 1314 3256 :
1343 3204 1422 3259 sic
1449 3205 1634 3261 eodem
1663 3220 1924 3276 przesente
1949 3217 2002 3263 et
2032 3209 2336 3278 adiuvante,

744 3287 869 3342 licet
894 3290 1070 3344 omnia
1099 3307 1218 3362 qua:
1248 3293 1504 3349 habemus
1529 3309 1639 3365 prae
1669 3298 1910 3351 manibus
1929 3337 1947 3365 ,
1975 3297 2082 3352 sint
2109 3298 2337 3368 impedi-

745 3379 982 3443 tissima,
1019 3383 1171 3450 plana
1201 3383 1334 3439 fiunt
1359 3394 1414 3440 et
1451 3384 1648 3440 facilia.
1684 3387 1824 3442 Nihil
1866 3389 2024 3458 igitur
2054 3389 2138 3446 vel
2169 3391 2334 3446 facia-

749 3484 888 3532 mus,
917 3473 998 3526 vel
1027 3473 1298 3539 dicamus,
1331 3477 1430 3530 nisi
1460 3478 1703 3534 invocato
1729 3479 1976 3547 Numine,
2006 3490 2062 3536 ut
2094 3499 2179 3538 res
2203 3499 2338 3554 quas

749 3572 1038 3617 tractamus
1064 3567 1290 3635 dirigat,
1321 3580 1376 3622 ut
1402 3567 1493 3624 ille
1519 3567 1663 3624 fecit.

818 3652 871 3707 9.
912 3653 1064 3710 Nunc
1127 3658 1420 3722 videamus,
1473 3671 1752 3731 postquam
1798 3679 1916 3718 eam
1958 3667 2185 3733 accepit,
2229 3681 2336 3734 quo

747 3753 902 3811 pacto
937 3745 1161 3802 adornet
1195 3751 1423 3816 nuptias.
1467 3751 1602 3806 Num
1635 3754 1896 3824 cymbala,
1940 3755 2164 3820 fistulas,
2207 3759 2336 3811 cho-

747 3846 1191 3908 reas,.tympana,
1224 3841 1378 3895 tibias
1423 3858 1604 3898 secum
1642 3847 1818 3906 traxit,
1863 3846 2200 3916 reliquasque
2243 3862 2338 3914 ap-

750 3937 966 3994 paratus
991 3931 1238 3995 Species?
1265 3931 1400 3985 Nihil
1434 3933 1774 3996 horum,-sed
1804 3937 1889 3989 illa
1919 3938 2030 3990 sola
2063 3946 2334 4005 assumpta

747 4017 895 4083 abiit,
929 4019 1228 4076 deducente
1266 4033 1318 4075 ct
1357 4025 1644 4077 comitante
1690 4026 1900 4094 angelo,
1945 4043 2105 4096 quem
2153 4029 2334 4093 herus,

746 4108 873 4162 dum
929 4109 1180 4165 famulum
1222 4127 1252 4164 c
1283 4110 1445 4166 domo
1481 4114 1789 4177 dimitteret,
1835 4131 1937 4168 una
1987 4116 2121 4171 mitti
2172 4134 2199 4170 a
2230 4119 2338 4172 Deo

747 4204 967 4272 supplex
1021 4206 1416 4273 impetraverat.
1465 4208 1637 4275 Atque
1675 4207 1746 4261 ita
1791 4207 2086 4262 ducebatur
2138 4225 2335 4276 Sponsa

751 4293 912 4345 nullis
939 4293 1080 4346 tibiis
1108 4302 1162 4347 et
1186 4293 1399 4347 citharis
1425 4296 1808 4359 occinentibus,
1859 4298 1951 4351 sed
1983 4299 2277 4354 innumeris
2306 4317 2336 4355 a

751 4385 863 4438 Deo
888 4392 1250 4451 caputornata
1286 4384 1760 4450 benedictionibus,
1805 4391 1918 4443 vice
1959 4403 2172 4444 coronae
2215 4406 2337 4459 pre-

751 4466 984 4528 tinsinris
1013 4474 1201 4539 quovis
1228 4473 1547 4529 diademate.
1583 4476 1882 4532 Ducebatur
1903 4489 2080 4534 autem
2111 4497 2334 4537 nouau-

749 4566 876 4619 ratis
914 4569 1106 4618 amicta
1143 4567 1394 4632 vestibus,
1427 4569 1517 4621 δίει]
1559 4579 1743 4622 ornata
1785 4571 2067 4637 modestia,
2117 4575 2331 4644 pietate,

744 4655 1448 4726 hospitalitate,ca~tcrisque
1460 4658 1738 4714 virtutibus
1751 4660 2017 4715 omnibus.
2038 4663 2336 4720 Ducebatur

744 4762 854 4800 non
887 4731 936 4800 in
964 4759 1214 4817 carpento
1251 4759 1540 4813 camerato,
1562 4760 1650 4804 aut
1676 4761 1928 4822 apparatu
1952 4752 2131 4822 aliquo
2151 4757 2331 4824 simili,

747 4837 840 4891 sed
895 4839 1104 4891 camelo
1157 4838 1407 4891 insidens.
1457 4838 1586 4894 Nam
1636 4851 1827 4907 prteter
1867 4843 2091 4898 virtutes
2148 4847 2328 4914 animi,

750 4929 912 4981 etiam
942 4944 1164 4997 corpora
1208 4930 1467 4998 virginum
1500 4931 1626 4984 olim
1657 4931 1855 4998 optima
1882 4932 2099 4987 fuerunt
2129 4936 2331 4990 habitu-

748 5020 893 5072 dine.
926 5018 1040 5072 Nnn
1084 5020 1223 5072 enim
1275 5021 1352 5075 sic
1377 5021 1740 5075 educabantur
1780 5036 1806 5074 a
1837 5025 2114 5090 matribus,
2168 5036 2223 5080 nt
2266 5028 2323 5081 fit

751 5114 930 5178 hodie,
962 5116 1144 5167 crebra
1175 5113 1313 5168 inter
1342 5126 1609 5183 unguenta
1638 5123 1692 5169 et
1717 5115 1923 5181 balnea,
1959 5116 2134 5171 fucum
2167 5127 2221 5172 et
2255 5120 2330 5188 pi-

750 5212 985 5272 gmenta,
1018 5204 1070 5258 in
1098 5205 1344 5259 mollibus
1373 5207 1716 5272 indumentis,
1748 5209 1968 5276 aliisque
1999 5211 2332 5279 corruptela-

756 5313 872 5349 rum
918 5298 1088 5351 modis
1140 5298 1470 5364 innumeris,
1517 5298 1708 5368 quibus
1732 5299 1858 5352 fiant
1881 5300 2153 5370 plusquam
2177 5305 2334 5358 deret

755 5387 1032 5440 mollicuhc
1088 5406 1097 5437 :
1161 5389 1251 5441 sed
1307 5389 1478 5442 modis
1525 5389 1770 5442 otttnibus
1819 5388 1947 5442 dura
1993 5401 2102 5445 erat
2150 5407 2331 5447 earum

754 5479 1017 5532 educatio.
1070 5479 1425 5543 Quamobrem
1479 5490 1530 5533 et
1581 5481 1819 5548 ctu-poris
1869 5481 2040 5534 nativa
2074 5481 2334 5538 florebant

758 5567 1183 5638 pulchritudine.
1228 5570 1384 5623 nullis
1427 5571 1617 5639 adjntm
1655 5572 1890 5624 externis
1936 5571 2207 5628 lenociniis
2233 5617 2244 5639 ,
2282 5587 2332 5629 ct

757 5660 1061 5714 valetudine
1093 5679 1240 5728 atque
1275 5664 1408 5715 felici
1435 5681 1491 5715 zu:
1522 5664 1682 5714 fni-nm
1720 5665 2048 5724 irtmbantnr,
2084 5668 2221 5716 ttnl‘a
2255 5668 2331 5720 in-

744 5755 973 5808 J'c‘s‘atile
1011 5756 1132 5823 agi?
1167 5759 1283 5806 tuin:
1313 5774 1352 5812 ι,
1396 5757 1734 5824 ,ιΙιῘυεξῑιντ-ίιῖαιι
1783 5756 1922 5808 illiilli
1960 5755 2196 5810 mollitie.
2229 5759 2292 5811 LP

1483 348 1539 404 S.
1580 347 1858 406 JOANNIS
1894 349 2367 409 CIIRYSOSTOMI
2413 349 2730 409 ARCHIEP.
2769 347 3308 408 CONSTANTINUP.

3949 348 4053 403 2w

2461 469 2624 525 bores
2672 469 2816 524 enim
2843 477 2899 525 et
2927 482 3092 537 Opera
3119 507 3134 533 ,
3177 468 3370 538 quibus
3405 467 3798 522 exercebantur
3821 505 3837 529 ,
3872 466 4050 524 van'a,

2457 562 2769 629 ianguorem
2799 575 3012 615 onmem
3043 561 3336 628 pellebant,
3366 559 3530 614 robur
3553 568 3734 614 autem
3759 567 3815 611 et
3845 557 4054 610 sanita-

2459 662 2564 706 tem
2595 659 2760 705 tutam
2777 653 2858 706 eis
2883 651 3261 717 conciliabant,
3285 648 3690 720 rcddcbantque
3711 657 3862 703 tanto
3878 651 4049 719 magis

2457 745 2660 799 maritis
2679 753 2859 820 gratas
2889 754 2943 799 et
2971 744 3232 798 amabiles
3257 763 3270 799 :
3304 743 3382 799 sic
3407 745 3553 800 enim
3592 758 3696 797 non
3730 741 3909 796 solum
3933 755 4056 794 corb

2457 850 2610 906 pora,
2667 835 2765 890 sed
2796 845 2852 890 et
2900 834 3064 888 animi
3121 835 3172 888 in
3226 835 3415 889 melius
3461 833 3832 904 proficiebant.
3892 828 4056 885 νοω

2456 929 2614 997 igitur
2659 927 2868 981 camelo
2911 935 3196 997 postquam
3270 925 3337 978 ad
3400 925 3722 978 destinatam
3777 922 4056 992 regionem

2459 1017 2722 1088 pervenit,
2742 1017 2966 1072 sublatis
2990 1017 3173 1087 procul
3202 1017 3372 1070 oculis
3389 1016 3519 1071 vidit
3540 1015 3800 1079 lsaaeum,
3825 1029 4059 1083 musque

2451 1124 2480 1163 a
2511 1111 2719 1166 catttclo
2749 1109 2971 1167 desiliit.
3008 1109 3173 1165 Vides
3199 1109 3360 1164 robur
3384 1108 3409 1161 ?
3437 1107 3585 1162 vides
3611 1108 3810 1162 bonam
3840 1105 4055 1159 habitu-

2453 1201 2753 1258 dinem‘!A
2784 1201 2993 1257 camelo
3040 1201 3258 1257 desiliit.
3300 1199 3528 1254 Tantum
3575 1199 3648 1252 illi
3695 1198 3894 1251 virium
3956 1213 4053 1250 una

2450 1307 2573 1348 eum
2607 1293 2865 1348 modestia
2897 1301 3198 1364 supererat.
3227 1291 3293 1346 Et
3321 1291 3394 1344 ait
3423 1289 3488 1344 ad
3520 1304 3732 1343 servum
3766 1306 3780 1342 :
3810 1287 3942 1351 Quis
3983 1299 4054 1340 (st

2448 1383 2537 1438 ille
2583 1384 2733 1438 homo
2778 1384 2863 1454 qui
2905 1399 3202 1454 progressus
3239 1391 3315 1436 est
3359 1381 3414 1434 in
3449 1380 3732 1448 campum!
3766 1378 4050 1447 Respondit

2447 1489 2617 1530 servus
2645 1489 2666 1530 :
2692 1473 2816 1543 Ipse
2847 1484 2919 1528 est
2961 1473 3197 1527 dominus
3225 1489 3385 1527 meus.
3445 1470 3572 1524 Tum
3601 1471 3693 1523 illa
3722 1471 3898 1524 estiuo
3930 1468 4048 1538 pat-

2456 1566 2578 1620 liolo
2606 1576 2808 1632 sumpto
2836 1581 2888 1618 se
2923 1563 3157 1632 obnupsit
3175 1562 3327 1635 (Gen.
3353 1561 3446 1617 24.
3469 1561 3584 1630 65).
3609 1560 3850 1615 Observa
3875 1560 4050 1613 omnia

2450 1657 2630 1711 testari
2678 1656 2796 1726 ejus
2841 1655 3158 1710 modestiam
3177 1691 3196 1722 ,
3223 1669 3382 1724 quam
3422 1653 3626 1722 pudens
3653 1660 3768 1708 erat
3799 1666 3865 1707 ac
3895 1666 4050 1706 vere-

2447 1748 2641 1804 cunda.
2687 1747 2756 1803 Et
2811 1748 3005 1818 accepit
3050 1763 3162 1802 eam
3204 1763 3414 1802 uxorem
3471 1734 3645 1811 Isaac,
3689 1746 3967 1814 dilexitque
3999 1745 4052 1798 in

2448 1849 2642 1893 tantum
2694 1847 2751 1913 sit
2799 1837 2976 1893 leniret
3021 1839 3248 1893 dolorem
3273 1878 3289 1900 ,
3331 1839 3418 1906 qui
3465 1837 3544 1891 illi
3584 1853 3649 1891 es:
3676 1847 3840 1890 morte
3877 1835 4052 1891 Sarra

2454 1931 2633 1985 matris
2661 1931 2914 1984 acciderat
2951 1930 2970 2000 (
3001 1928 3132 1984 Gen.
3161 1928 3251 1983 24.
3275 1929 3342 1984 (i7
3362 1930 3400 1998 ).
3435 1927 3560 1983 llmc
3589 1943 3693 1982 non
3738 1939 3944 1983 temere
3971 1927 4051 1981 di-

2447 2033 2660 2088 cuntur,
2689 2022 2826 2094 quod
2869 2023 3113 2078 dilexerit
3142 2037 3263 2077 eam
3297 2062 3310 2086 ,
3343 2021 3592 2091 quodque
3639 2034 3739 2092 pro
3785 2019 4050 2075 solamine

2452 2115 2628 2169 luctus
2655 2113 2922 2176 habuerit,
2952 2112 3046 2167 sed
3078 2120 3136 2166 ut
3159 2111 3358 2176 discas,
3385 2111 3581 2179 quibus
3610 2109 3770 2164 rebus
3804 2108 3894 2162 illa
3927 2122 4044 2162 ma-

2447 2206 2607 2259 ritum
2656 2205 2712 2258 in
2749 2218 2990 2257 amorem
3037 2203 3119 2257 sui
3164 2200 3443 2270 pellexerit
3469 2241 3483 2264 ,
3514 2212 3648 2270 quas
3674 2198 3837 2253 domo
3866 2211 4050 2251 secum

2449 2294 2722 2349 attulerat.
2757 2292 2889 2359 Quis
2907 2292 3052 2347 enim
3083 2291 3245 2346 talem
3297 2305 3406 2344 non
3453 2289 3728 2344 adornaret
3748 2330 3762 2354 ,
3793 2297 3900 2342 tam
3930 2301 4050 2340 mo-

2447 2383 2657 2440 destam
2677 2424 2694 2451 ,
2726 2392 2833 2439 tam
2862 2382 3168 2442 honestam,
3194 2390 3301 2435 tam
3341 2379 3662 2450 hospitalem
3686 2421 3703 2445 ,
3733 2379 4046 2442 humanam,

2449 2486 2504 2531 et
2532 2476 2843 2543 amabilem,
2871 2474 3063 2530 fortem
3087 2474 3268 2528 animo
3291 2481 3348 2526 et
3372 2469 3600 2525 validam
3622 2470 3887 2539 corpore?
3917 2468 4045 2523 Hec

2447 2567 2564 2622 dixi
2586 2608 2602 2633 ,
2634 2577 2694 2622 ut
2724 2583 2830 2622 non
2871 2566 3097 2621 audiatis
3128 2573 3333 2619 tantum
3355 2605 3370 2628 ,
3401 2572 3493 2616 aut
3526 2563 3722 2617 auditis
3753 2561 4049 2632 applanda-

2447 2661 2515 2715 tis
2546 2702 2561 2725 ,
2593 2661 2690 2716 sed
2726 2669 2784 2714 ut
2808 2660 2968 2713 etiam
2990 2655 3340 2712 azmulemiui.
3375 2653 3444 2709 Et
3469 2663 3648 2724 patres
3675 2652 4046 2725 quidempro-

2450 2751 2742 2807 videntium
2786 2746 3109 2820 patriarcha:
3155 2746 3460 2812 imitamini,
3516 2761 3622 2816 qua
3682 2759 3809 2800 usus
3855 2754 3940 2798 est
3993 2745 4048 2799 in

2451 2844 2686 2913 paranda
2725 2857 2892 2898 uxore
2917 2839 3150 2912 simplici
3175 2881 3190 2905 ,
3227 2853 3337 2894 non
3365 2837 3622 2908 pecunias
3645 2852 3912 2906 quarens,
3935 2853 4048 2892 non

2443 2934 2786 3004 splendorem
2830 2933 3045 3003 generis
3066 2971 3082 2998 ,
3114 2947 3221 2985 non
3270 2928 3720 3000 pulchritudinem
3755 2931 4004 3000 corporis
4028 2972 4044 2996 ,

2444 3039 2550 3079 non
2582 3021 2728 3078 aliud
2759 3021 3048 3094 quidquam
3081 3027 3282 3092 praeter
3299 3019 3720 3090 generositatem
3744 3019 3932 3073 animi.

2517 3113 2786 3180 Quomodo
2816 3113 3105 3168 erudiendae
3131 3111 3258 3181 ﬁlia
3280 3129 3312 3165 a
3339 3109 3606 3165 ntatribus.
3637 3139 3710 3150 —
3728 3108 3839 3163 Vos
3863 3119 4046 3165 autem

2443 3216 2642 3262 matres
2671 3247 2686 3273 ,
2717 3205 2838 3261 date
2882 3219 3102 3274 operam
3147 3214 3202 3258 ut
3236 3201 3302 3258 ad
3351 3202 3495 3256 hunc
3533 3201 3750 3255 modum
3796 3200 4046 3258 educetis

2443 3307 2654 3353 vestras
2697 3296 2854 3351 tilias.
2905 3295 3074 3350 Porro
3115 3293 3299 3364 sponsi
3350 3292 3442 3362 qui
3505 3305 3599 3345 eas
3641 3290 3854 3344 ducturi
3892 3304 3998 3346 sun
4029 3331 4048 3356 .

2443 3390 2640 3444 ducant
2670 3404 2794 3444 eum
2822 3389 3104 3452 honestate
3143 3387 3302 3441 simili
3329 3428 3344 3449 ,
3369 3384 3794 3441 exterminantes
3823 3385 4000 3439 risum
4027 3426 4044 3449 ,

2441 3480 2670 3536 choreas
2694 3521 2709 3548 ,
2743 3479 3121 3550 turpiloquium
3148 3519 3163 3542 ,
3212 3476 3420 3533 fistulas
3445 3515 3462 3541 ,
3485 3474 3641 3531 tibias
3665 3514 3681 3538 ,
3713 3473 4049 3530 diabolicum

2443 3574 2590 3628 illum
2628 3581 2942 3642 apparatum
2979 3578 3034 3626 et
3073 3571 3280 3640 reliqua
3324 3567 3630 3639 hujusmodi
3655 3608 3670 3633 ,
3717 3582 4051 3638 semperque

2442 3666 2752 3721 invocantes
2787 3665 2952 3720 Deum
2979 3704 2994 3728 ,
3037 3671 3094 3716 ut
3145 3661 3412 3717 mediator
3455 3660 3597 3714 adsit
3639 3658 3910 3713 actionum
3946 3675 4051 3714 no-

2441 3765 2674 3809 strarum
2721 3753 2988 3808 omnium.
3041 3751 3098 3806 Si
3153 3752 3297 3806 enim
3352 3763 3440 3804 res
3485 3758 3695 3803 nostras
3737 3745 3841 3802 hoc
3884 3759 4048 3816 pacto

2441 3844 2887 3915 disposuerimus,
2915 3841 3119 3895 nullum
3147 3839 3438 3894 divortium
3465 3841 3586 3901 erit,
3614 3836 3761 3891 nulla
3788 3836 4046 3890 adulterii

2443 3935 2699 4002 suspicio,
2723 3940 2816 3986 aut
2843 3932 3057 3985 occasio
3088 3929 3390 4000 zelotypim,
3438 3943 3544 3982 non
3590 3928 3724 3988 rixa,
3759 3941 3867 3980 non
3910 3942 4048 3980 ron-

2444 4025 2633 4088 tentio,
2659 4023 2751 4077 sed
2777 4022 2938 4078 multa
2967 4021 3209 4075 fruemur
3231 4034 3394 4089 pace,
3416 4018 3686 4088 multaque
3723 4019 4044 4084 concordia,

2440 4127 2469 4164 a
2498 4114 2690 4182 quibus
2737 4126 2846 4166 non
2893 4111 3120 4166 aberunt
3167 4110 3392 4163 virtutes
3436 4119 3668 4162 emterze.
3709 4106 3862 4162 Sicut
3889 4109 4042 4162 enim

2443 4220 2609 4259 uxore
2643 4220 2672 4259 a
2720 4203 2912 4258 marito
2941 4201 3240 4257 dissidente
3286 4200 3418 4271 nihil
3462 4199 3576 4254 sani
3601 4207 3683 4253 est
3713 4200 3764 4253 in
3793 4199 4041 4266 sedibus,

2443 4295 2650 4349 etiamsi
2678 4295 2912 4364 alioquin
2943 4308 3032 4349 res
3075 4307 3261 4348 eorum
3310 4290 3548 4346 secundo
3576 4289 3820 4344 ferantur
3857 4288 3986 4347 ﬂatu
4019 4311 4036 4344 :

2444 4387 2514 4441 ita
2558 4387 2684 4440 dum
2731 4365 2834 4456 pax
2879 4382 3149 4440 constabit
3198 4393 3250 4436 et
3291 4380 3580 4437 concordia
3607 4422 3620 4442 ,
3655 4381 3786 4434 nihil
3809 4383 3911 4435 erit
3955 4381 4041 4436 in-

2442 4491 2626 4544 suave,
2655 4476 2864 4532 etiamsi
2907 4474 3147 4545 quotidie
3188 4481 3543 4541 tempestates
3586 4471 3833 4526 accidant
3863 4472 4038 4540 pluri-

2443 4585 2565 4624 mm.
2612 4570 2670 4624 Si
2718 4567 2821 4622 hoc
2869 4567 3030 4621 modo
3072 4565 3501 4621 conciliabuntur
3530 4566 3754 4634 nuptim,
3785 4565 4039 4633 perfacile

2443 4660 2736 4729 poterimus
2783 4659 2848 4712 ad
2879 4661 3130 4712 virtutem
3170 4657 3400 4711 educare
3464 4656 3687 4709 liberes.
3743 4656 3843 4711 Ubi
3889 4659 4036 4711 enim

2441 4759 2614 4805 mater
2638 4759 2743 4804 tam
2777 4749 3004 4803 honesta
3046 4746 3229 4809 fuerit,
3283 4760 3346 4800 ac
3397 4745 3578 4800 Subl‘ia
3603 4786 3617 4810 ,
3650 4747 3903 4815 omnique
3931 4748 4041 4800 vir-

2439 4854 2552 4899 tute
2594 4843 2834 4914 praedita,
2864 4840 3104 4911 profecto
3143 4839 3392 4894 maritum
3423 4838 3692 4892 desiderio
3731 4839 3814 4892 sui
3860 4840 4040 4908 capiet

2438 4949 2500 4988 ac
2526 4932 2829 4995 devinciet;
2858 4940 3016 4998 att-pte
3049 4933 3118 4984 ita
3151 4929 3368 4983 habebit
3410 4943 3533 4982 eum
3560 4927 3794 4982 alacrem
3824 4929 4037 4998 adjuto-

2438 5039 2549 5078 rem
2581 5024 2630 5076 in
2662 5022 2913 5076 curandis
2942 5030 3100 5089 atque
3126 5018 3465 5072 instituendis
3486 5017 3867 5071 communibus
3896 5019 4037 5073 libe-

2442 5117 2513 5170 ris
2541 5132 2555 5182 ;
2581 5113 2845 5182 simulque
2884 5113 3048 5166 Deum
3076 5111 3141 5164 ad
3189 5109 3620 5180 prospiciendum
3647 5110 3726 5163 eis
3753 5110 3992 5166 attrahet
4021 5131 4034 5164 :

2440 5223 2545 5277 quo
2573 5208 2844 5277 aspiranlc
2887 5215 2992 5257 tam
3022 5203 3262 5258 honesta!
3289 5202 3734 5257 administrationi
3778 5202 4040 5256 domestb

2440 5315 2539 5364 cm,
2565 5309 2616 5353 et
2642 5306 2934 5352 exercente
2982 5312 3269 5365 puerorum
3322 5295 3553 5360 animos,
3602 5295 3779 5346 onmia
3813 5295 4040 5362 posthac

2438 5390 2669 5460 jucunda
2701 5396 2859 5442 erunt
2889 5396 2943 5441 et
2977 5387 3166 5448 felicia,
3199 5385 3360 5440 rebus
3393 5395 3497 5438 tam
3529 5385 3668 5437 bene
3693 5387 4035 5453 compositis,

2440 5493 2493 5536 et
2535 5482 2598 5535 iis
2625 5481 2713 5551 qui
2739 5489 2972 5551 prmsuut
3013 5479 3090 5532 sic
3119 5478 3323 5532 all'cetis
3357 5495 3368 5531 :
3412 5478 3716 5547 poteritque
3745 5480 4035 5547 unusquis-

2442 5590 2540 5643 que
2569 5589 2670 5627 una
2711 5588 2831 5627 eum
2874 5588 2970 5626 sua
3017 5571 3197 5636 domo,
3241 5569 3488 5626 videlicet
3533 5585 3733 5628 uxore.
3769 5571 3954 5624 liberis
3975 5587 4039 5622 ac

2443 5664 2672 5730 t‘amulis,
2702 5673 2755 5717 et
2787 5672 3101 5733 praesentem
3142 5664 3302 5715 vitam
3347 5677 3533 5716 secure
3566 5676 3820 5730 peragere
3847 5704 3861 5718 .
3893 5675 3946 5714 et
3969 5663 4035 5716 ad

2444 5758 2696 5812 caélornm
2730 5772 2950 5826 regnum
2979 5756 3263 5826 pervenire
3289 5773 3301 5805 :
3331 5770 3446 5823 qua:
3476 5753 3626 5808 nobis
3660 5754 3909 5807 munibus
3939 5768 4037 5822 per
