4228 6298
222 375 320 433 2M

231 500 478 561 gratiam.
505 484 911 556 benignitatem,
941 490 993 534 et
1029 478 1448 533 misericordiam
1493 492 1643 531 suam
1694 488 1827 529 con-

227 581 391 637 cedat
414 578 679 635 Dominus
709 586 889 631 noster
909 573 1063 628 .lesus
1078 570 1347 634 Christus,
1366 584 1487 623 cum
1518 580 1625 635 quo
1644 564 1785 619 Patri
1811 603 1825 625 ,

234 663 503 739 simulque
526 667 749 737 Spiritui
779 662 988 718 vivifico
1018 671 1073 716 et
1096 668 1287 724 sancto
1304 657 1494 728 gloria.
1516 653 1834 725 imperium,

1042 368 1107 423 ΙΝ
1149 365 1402 423 υιυτωι
1441 361 1669 426 PAULI,
1712 358 1892 415 NOLO
1932 354 2062 411 VOS
2101 349 2473 417 lGNUliMlE,
2516 345 2665 404 E'fC.

3424 326 3530 380 ﬁt!

1928 470 1994 527 et
2038 472 2237 534 honor,
2263 480 2401 521 nunc
2426 473 2481 519 et
2510 475 2743 528 seraper,
2768 466 2821 513 et
2848 457 2899 511 in
2942 450 3136 510 sarcula
3164 437 3529 504 saeculorum.

1941 565 2133 619 Amen.

260 886 3502 938 mw.“

968 1232 1188 1295 Νοιο
1233 1230 1401 1293 VOS
1429 1227 1845 1292 IGNORARE
1865 1270 1881 1299 ,

1929 1222 2335 1295 FRATRES,
2379 1220 2638 1294 QUOD,
2684 1233 2819 1279 tt'rc.

255 1447 502 1501 habitam
536 1442 818 1499 [uiueret
848 1439 973 1495 inde
1004 1440 1197 1509 liquet,
1228 1439 1378 1508 quod
1413 1436 1557 1493 dicta
1593 1438 1666 1493 sit
1701 1447 1825 1507 post
1859 1435 2058 1492 festum
2090 1433 2267 1490 sancti
2305 1430 2598 1494 Barlaami,
2628 1427 2932 1484 Antiochiae
2964 1422 3231 1483 celebrari
3270 1424 3490 1479 solitum
3513 1454 3532 1483 ,

258 1570 320 1612 ut
356 1558 544 1613 videas
570 1556 626 1612 in
661 1554 864 1611 Monito
890 1553 958 1609 ad
994 1552 1286 1608 Homiliam
1314 1555 1368 1608 in
1404 1561 1655 1611 sanctum
1686 1551 2033 1607 Barlaamum
2070 1548 2231 1604 Tom.
2270 1550 2337 1603 ll.
2374 1545 2752 1620 Chrysostomi
2791 1558 2991 1614 scapus
3023 1549 3103 1597 est
3132 1540 3537 1603 demonstrare,

262 1689 353 1730 res
378 1675 433 1728 in
484 1673 655 1729 veteri
686 1672 826 1745 Lege
855 1681 1007 1727 actas
1036 1671 1343 1725 futurarum
1380 1686 1562 1725 rerum
1598 1669 2048 1740 praedictionibus
2080 1668 2241 1723 [idem
2276 1665 2455 1721 facere
2482 1682 2496 1718 :
2526 1676 2759 1732 esseque
2791 1660 2914 1714 illas
2950 1671 3136 1712 rerum
3187 1652 3313 1709 novi
3341 1650 3538 1706 Testa-

265 1788 433 1842 menti
458 1794 646 1857 typum
668 1796 724 1842 et
748 1786 1019 1841 umbram.
1054 1783 1412 1849 Marcionem,
1445 1782 1803 1838 Manichacum
1847 1792 1901 1836 ct
1941 1780 2169 1835 Paulum
2211 1776 2630 1834 Samosatenum
2674 1774 2851 1829 obiter
2884 1769 3234 1841 perstringit,
3263 1776 3318 1822 et
3346 1772 3541 1835 postu-

266 1903 393 1959 latis
423 1903 478 1957 in
505 1903 612 1958 line
641 1911 958 1959 sanctorum
994 1901 1252 1972 precibus
1284 1900 1564 1956 homiliam
1607 1899 1833 1955 claudit.

338 2013 538 2069 Incerti
570 2011 1079 2083 interpretationem
1106 2010 1378 2075 Latinam,
1416 2018 1605 2079 utpote
1633 2024 1743 2065 non
1773 2013 2105 2067 accuratam,
2137 2005 2450 2075 rejecimus,
2479 2013 2788 2062 novamque
2816 1996 3147 2067 paravimus.

1573 2255 1589 2259 _
1620 2253 1702 2259 -..-
1719 2248 2295 2260 -..ς--κι-α--ρ-ιο
2321 2250 2763 2261 -----.

1201 2662 1310 2734 ΙΝ
1352 2657 2109 2734 APOSTOLICUM
2157 2652 2602 2741 DICTUM,

252 2831 418 2875 ηοω
465 2831 576 2875 νοῦ
618 2830 965 2885 ιοκοιιλκε,
1012 2830 1321 2885 ιτιιλτιιεε,
1367 2830 1538 2882 QUOD
1571 2829 1808 2872 PATBES
1849 2828 2073 2871 NOSTBI
2117 2826 2327 2870 οωηε
2373 2824 2490 2868 SUB
2522 2822 2687 2865 NUBE
2721 2820 3039 2872 FUERUNT,
3089 2818 3169 2859 ΕΤ
3196 2815 3405 2859 OMNIS
3435 2814 3553 2855 ηις

1179 2930 1355 2973 MARE
1404 2928 1852 2972 'rnmsmsuur
1898 2909 1985 2988 (ι.
2014 2909 2157 2971 Cor.
2208 2908 2305 2967 10.
2355 2908 2383 2966 1
2423 2906 2441 2985 )
2491 2905 2600 2984 (a).

332 3142 387 3196 ι.
426 3140 612 3196 Nauta
640 3158 759 3195 eam
789 3142 951 3195 maris
974 3150 1178 3210 partem
1210 3140 1463 3195 libentius
1486 3140 1846 3211 frequentant,

254 3249 380 3303 quae
408 3234 593 3289 multis
622 3233 861 3303 portibus
882 3233 1176 3303 insulisque
1203 3235 1458 3289 instructa
1489 3243 1591 3293 cst.
1627 3234 1853 3304 Pelagus

255 3324 406 3378 enim
427 3324 684 3393 portubus
713 3326 1048 3387 destitutum,
1076 3325 1237 3379 etiam
1270 3324 1559 3393 tranquillo
1584 3333 1849 3394 tempore,

259 3414 488 3469 multum
533 3416 722 3470 incutit
760 3417 1133 3485 navigantibus
1177 3425 1462 3471 tremorem
1494 3435 1507 3469 :
1538 3416 1628 3471 ubi
1671 3426 1850 3472 autem

260 3517 454 3577 portus
481 3518 537 3563 et
563 3508 739 3563 littora
768 3509 1140 3579 undecumque
1169 3492 1370 3576 patent,
1392 3524 1514 3563 cum
1542 3524 1732 3580 magna
1765 3524 1853 3563 se-

258 3599 488 3653 curitate
510 3600 775 3669 navigant.
813 3600 1029 3654 Etiamsi
1056 3600 1197 3654 enim
1224 3617 1370 3655 mare
1391 3601 1723 3668 aliquantum
1752 3617 1853 3655 sa:-

260 3692 377 3745 vire
428 3691 668 3758 videant,
725 3707 847 3746 cum
897 3692 951 3745 in
994 3694 1241 3763 proximo
1290 3694 1549 3764 refugium
1603 3692 1852 3760 habeant,

263 3792 512 3851 prompte
542 3782 802 3853 facileque
826 3792 1048 3852 possunt
1071 3784 1140 3839 ab
1170 3784 1488 3838 instantibus
1512 3786 1766 3855 periculis
1792 3787 1857 3841 li-

264 3871 458 3925 berari.
494 3871 793 3943 Eapropter
812 3888 917 3927 non
947 3873 1107 3929 modo
1132 3891 1251 3929 cum
1282 3893 1445 3946 prope
1474 3887 1684 3947 portum
1708 3888 1855 3944 sunt,
1892 3886 1895 3887 '

261 3961 359 4015 sed
387 3962 596 4018 etiamsi
641 3964 826 4033 procul
870 3966 998 4031 sint,
1045 3980 1075 4018 a
1118 3966 1235 4020 solo
1262 3977 1445 4035 portus
1485 3979 1703 4038 aspectu
1745 3986 1859 4023 ma-

260 4066 424 4121 gnam
446 4053 867 4109 consolationem
893 4057 1181 4125 accipiunt.
1215 4056 1329 4111 Non
1352 4059 1493 4112 enim
1527 4075 1710 4128 parum
1739 4060 1859 4115 illos

265 4159 513 4198 recreare
559 4146 737 4200 solent
777 4147 1036 4200 montium
1078 4149 1352 4202 cacumina
1384 4151 1565 4218 procul
1614 4151 1745 4215 visa,
1777 4150 1858 4205 fu-

264 4251 390 4289 mus
416 4235 694 4303 exsiliens,
744 4245 799 4291 et
845 4239 1022 4292 arium
1049 4254 1241 4309 greges
1286 4239 1350 4293 ad
1379 4240 1527 4295 littus
1553 4250 1854 4310 pascentes.

264 4324 469 4381 Verum
510 4328 598 4382 ubi
634 4327 698 4381 ad
739 4338 925 4398 portus
969 4330 1265 4400 ingressum
1296 4331 1650 4399 devenerunt,
1701 4334 1856 4403 plena

266 4417 523 4473 fruuntur
550 4418 755 4472 laetitia.
784 4418 935 4474 Tunc
962 4422 1103 4475 enim
1134 4431 1188 4476 et
1231 4436 1439 4477 remum
1466 4423 1763 4495 deponunt.
1805 4434 1861 4479 et

262 4523 497 4578 corpora
560 4509 828 4579 salsugine
900 4510 1145 4565 confecta
1201 4513 1520 4581 potabilibus
1588 4515 1861 4571 oblectant

265 4602 441 4670 aquis.
473 4611 525 4656 et
551 4600 619 4655 ad
659 4602 808 4655 littus
844 4603 1067 4673 egressi.
1099 4603 1150 4657 in
1180 4617 1427 4674 terraque
1471 4606 1627 4659 nudis
1663 4622 1857 4675 corpo-

267 4694 423 4747 ribus
449 4694 779 4763 aliquantum
809 4705 1108 4759 versantes,
1139 4696 1409 4751 nauticum
1451 4712 1612 4752 omne
1643 4699 1858 4752 lzedium

265 4785 565 4853 deponunt.
595 4784 1057 4851 Quemadmodum
1090 4788 1246 4854 igitur
1270 4787 1341 4841 illi
1380 4802 1497 4842 eam
1543 4788 1705 4842 maris
1736 4804 1856 4857 par-

268 4887 379 4931 tem
409 4876 661 4931 libentius
699 4878 1091 4946 amplexantur,
1127 4872 1193 4932 oh
1220 4880 1522 4948 frequentes
1552 4880 1667 4935 illas
1696 4891 1750 4935 et
1773 4897 1860 4935 as-

268 4968 455 5023 siduas
490 4969 853 5023 recreationes
884 4985 897 5023 :
930 4969 1001 5023 ita
1038 4980 1092 5025 et
1125 4985 1224 5040 ego
1252 4969 1388 5025 hanc
1413 4972 1537 5025 anni
1571 4983 1860 5040 tempesta-

267 5073 380 5118 tem
418 5062 650 5118 maxime
677 5063 860 5133 diligo,
900 5079 1004 5117 non
1033 5065 1157 5133 quia
1199 5064 1404 5119 liberati
1445 5080 1631 5120 sumus
1663 5066 1859 5132 hieme,

265 5154 534 5224 necqnod
569 5163 757 5209 testate
794 5153 1033 5208 fruamur
1065 5156 1301 5225 zephyro
1346 5155 1581 5210 suaviter
1619 5156 1857 5222 afﬂante,

266 5244 364 5300 sed
392 5245 513 5317 Quia
542 5243 731 5297 adsunt
754 5245 1055 5313 spirituales
1084 5256 1287 5314 portus,
1320 5246 1407 5314 qui
1436 5263 1531 5300 nos
1559 5248 1864 5316 frequenter

265 5339 580 5408 excipiunt,
627 5338 744 5392 festi
791 5353 983 5407 nempe
1026 5346 1337 5393 sanctorum
1379 5350 1676 5409 martyrum
1721 5340 1860 5397 dies.

264 5427 385 5483 Non
424 5426 568 5483 enim
617 5437 806 5497 portus
849 5428 1069 5497 perinde
1119 5437 1327 5493 nautas,
1378 5438 1537 5498 atque
1588 5430 1702 5483 dies
1746 5430 1861 5483 festi

264 5538 578 5584 “neutrum
596 5528 787 5584 horum
818 5528 1001 5583 fideles
1027 5542 1273 5583 recreare
1298 5528 1489 5581 solent.
1516 5527 1639 5583 Illos
1663 5529 1861 5597 quippe

266 5636 299 5675 ει
342 5617 597 5674 fluctuum
658 5620 857 5689 impetu
906 5628 961 5673 et
998 5619 1248 5672 diuturna
1291 5619 1635 5687 remigalione
1678 5629 1861 5688 portus

268 5712 530 5777 liberant;
561 5711 658 5765 hos
688 5722 866 5765 autem
896 5711 961 5764 ad
1007 5720 1299 5780 martyrum
1344 5709 1738 5765 solemnitatem
1771 5727 1857 5765 ac-

331 5828 406 5890 (α)
440 5827 615 5878 milata
641 5840 749 5877 cum
776 5834 878 5876 διεδ.
904 5824 1195 5877 Colbertinis
1215 5823 1307 5873 970
1334 5830 1383 5873 et
1407 5825 1551 5875 3038.

1964 3137 2237 3199 cedentes,
2275 3150 2305 3188 a
2336 3135 2567 3189 violenta
2602 3148 2695 3202 per
2724 3132 2989 3202 malignos
3021 3133 3368 3200 impurosque
3397 3125 3556 3196 spiri-

1962 3237 2065 3288 tus.
2099 3241 2300 3296 perque
2343 3224 2603 3279 absurdus
2631 3223 2985 3293 cogiwtiones
3026 3223 3078 3275 in
3122 3221 3303 3275 animo
3327 3218 3556 3273 excitata

1960 3326 2307 3388 tempestate,
2343 3325 2652 3369 sanctorum
2690 3313 2948 3368 memoria
2978 3312 3166 3381 eripit.
3195 3309 3321 3365 Sive
3348 3308 3471 3377 quis
3489 3322 3553 3361 ex

1962 3410 2207 3479 publicis,
2240 3407 2353 3462 sive
2397 3423 2461 3461 ex
2491 3406 2711 3476 privatis
2754 3405 2983 3475 negotiis
3024 3417 3258 3459 niuarore
3284 3408 3560 3456 contracto

1962 3503 2066 3557 huc
2120 3500 2483 3572 ingrediatur,
2537 3499 2628 3553 illo
2671 3512 2891 3567 prorsus
2943 3497 3187 3566 deposito
3236 3494 3557 3554 revertitur,

1960 3606 2120 3663 atque
2150 3593 2455 3664 expeditior
2477 3592 2748 3659 leviorque
2774 3590 2904 3657 abit,
2930 3605 3037 3643 non
3067 3590 3239 3657 posito
3267 3601 3435 3647 remo,
3463 3598 3560 3637 nec

1964 3688 2162 3743 relictis
2189 3684 2590 3756 gubernaculis,
2622 3683 2714 3737 sed
2743 3697 2969 3737 excussa
2997 3682 3085 3735 illa
3114 3694 3341 3734 onerosa
3376 3678 3556 3730 varia-

1961 3796 2066 3851 que
2111 3778 2384 3834 saecularis
2428 3778 2657 3832 tristitia:
2709 3775 2937 3839 sarcina,
2993 3773 3271 3843 multaque
3317 3768 3556 3839 repletus

1962 3875 2125 3928 animi
2172 3873 2375 3927 lmtitia.
2413 3871 2615 3925 florum
2664 3870 2903 3923 omnium
2939 3882 3032 3921 vos
3076 3875 3241 3920 testes
3271 3864 3423 3925 estis,
3466 3861 3555 3929 qui

1966 3968 2017 4021 in
2047 3965 2434 4021 certaminibus
2475 3963 2615 4016 beati
2662 3961 2904 4015 Barlaam
2950 3958 3065 4013 heri
3098 3957 3174 4027 (a)
3207 3953 3480 4019 Oblectati,
3510 3961 3565 4006 et

1963 4075 2085 4113 eum
2122 4072 2313 4127 magna
2346 4056 2734 4126 tranquillitate
2761 4054 2812 4107 in
2842 4053 2958 4120 ejus
2983 4058 3193 4121 portum
3223 4048 3554 4110 festinantes,

1966 4151 2299 4205 saecularium
2339 4163 2590 4202 curarum
2635 4144 2956 4215 salsuginem
2987 4142 3252 4205 abluistis,
3282 4150 3441 4209 atque
3469 4154 3565 4191 au-

1964 4242 2090 4297 ditis
2117 4242 2185 4296 de
2233 4242 2325 4295 illo
2368 4240 2732 4305 sermonibus,
2782 4238 2929 4291 leves
2973 4244 3028 4289 et
3067 4232 3300 4303 expediti
3342 4232 3561 4285 dommn

1968 4334 2287 4389 recessisus.
2322 4335 2390 4386 At
2413 4347 2542 4387 ecce
2571 4332 2673 4385 alia
2706 4339 3001 4401 martyrum
3042 4326 3250 4381 accedit
3274 4325 3561 4379 festivitas.

1968 4424 2148 4478 Donec
2178 4423 2337 4492 igitur
2357 4421 2424 4476 ad
2446 4423 2659 4475 illorum
2686 4429 2897 4489 portum
2924 4417 3275 4487 appellamus,
3308 4430 3407 4485 age
3428 4429 3564 4469 nau-

1968 4527 2048 4571 tas
2078 4517 2381 4582 imitemur;
2414 4525 2470 4571 et
2496 4516 2632 4570 sicut
2676 4514 2750 4568 illi
2795 4511 3103 4583 navigantes
3138 4511 3190 4563 in
3221 4509 3413 4580 pelago
3436 4522 3563 4562 cau-

1968 4618 2102 4675 tant,
2137 4617 2295 4663 cantu
2326 4609 2561 4661 laborem
2611 4606 2859 4661 sedantes
2890 4623 2901 4657 :
2938 4604 3006 4657 ita
3048 4609 3103 4657 et
3143 4616 3243 4655 nos
3284 4600 3459 4655 donec
3496 4598 3563 4653 ad

1969 4697 2181 4752 illorum
2210 4707 2422 4766 portum
2453 4695 2809 4766 appellamus,
2849 4694 3155 4763 spirituales
3184 4692 3442 4762 quosdam
3478 4691 3561 4746 in-

1970 4800 2051 4845 ter
2106 4805 2203 4843 nos
2247 4789 2587 4845 conferamus
2632 4802 2931 4853 sermones,
2978 4787 3137 4842 beato
3190 4786 3357 4841 Paulo
3403 4784 3561 4855 hujus

1970 4881 2171 4951 pulchri
2210 4881 2456 4949 colloquii
2487 4882 2623 4934 duce
2644 4879 2963 4945 constituto,
2997 4886 3057 4932 ut
3084 4893 3228 4943 eum,
3260 4892 3361 4947 qua
3388 4876 3564 4943 jusse-

1968 4974 2037 5026 rit
2058 4972 2149 5026 ille
2176 4972 2280 5034 via,
2304 4986 2611 5040 sequamur.
2636 4970 2875 5035 Quanam
2906 4983 3067 5037 porro
3093 4968 3245 5037 sequi
3269 4968 3348 5020 via
3371 4966 3562 5035 jubet?

1970 5066 2071 5119 Per
2104 5064 2371 5119 desertum
2401 5074 2456 5118 et
2490 5079 2583 5131 per
2610 5062 2886 5124 miracula,
2919 5076 3039 5130 qua:
3066 5058 3172 5114 illic
3196 5060 3554 5129 contigerunt.

1970 5157 2181 5211 Etenim
2207 5156 2430 5212 audistis
2460 5157 2608 5210 illum
2638 5154 2797 5209 hodie
2820 5153 2898 5208 sic
2918 5154 3237 5208 clamantem
3271 5169 3284 5205 :
3317 5150 3455 5207 Nolo
3479 5168 3563 5205 vos

1968 5248 2222 5318 ignorare,
2266 5248 2469 5316 fratres,
2506 5246 2642 5315 quod
2687 5258 2856 5315 patres
2891 5246 3050 5300 nostri
3086 5262 3256 5298 onmes
3304 5244 3394 5298 sub
3435 5246 3565 5297 nube

1970 5341 2191 5407 filerunt,
2237 5350 2282 5393 et
2312 5356 2485 5393 onmes
2524 5355 2612 5409 per
2662 5354 2801 5391 mare
2832 5338 3160 5400 transierunt,
3207 5348 3253 5389 et
3300 5354 3472 5391 eorum
3516 5338 3564 5387 in

1973 5432 2199 5502 Moyscm
2232 5433 2472 5501 baptizati
2503 5439 2639 5497 sum,
2673 5442 2720 5483 ct
2744 5447 2917 5484 omnes
2951 5429 3176 5484 eamdem
3213 5445 3379 5483 escam
3410 5431 3563 5497 spiri-

1970 5524 2155 5575 tualem
2204 5523 2545 5586 comederunt,
2606 5530 2652 5575 et
2702 5537 2875 5575 autne:
2922 5522 3151 5574 eumdem
3202 5528 3374 5589 potum
3411 5520 3564 5586 spiri-

1970 5616 2157 5669 lualem
2186 5616 2433 5677 biberunt.
2464 5614 2707 5669 Bibebant
2758 5615 2889 5667 enim
2940 5615 3003 5666 de
3055 5614 3310 5679 spirilunli
3339 5624 3565 5681 sequente

1973 5719 2149 5779 petra;
2179 5721 2317 5777 petra
2345 5717 2511 5760 autem
2550 5718 2656 5761 erat
2684 5707 2935 5761 Christus.
2970 5706 3076 5761 Sed
3116 5723 3214 5757 mm
3252 5707 3306 5758 in
3336 5705 3565 5773 pluribus

2034 5823 2107 5887 (a)
2142 5826 2227 5876 Die
2253 5825 2547 5888 l-rteeedcnii
2570 5825 2635 5876 de
2660 5831 2806 5876 Beato
2830 5822 3041 5875 Barlaam
3059 5822 3218 5875 fuerat
3234 5824 3564 5874 concinnatus.
