4228 6298
293 397 398 452 143

299 507 702 578 πνευματικὸν
727 505 922 560 ἔπιον.
967 505 1216 556 Ἕπινον
1238 503 1349 572 γὰρ
1377 503 1446 555 ἐκ
1482 500 1881 570 πνευματικῆς

273 591 760 658 ’ἀκολουθούσης
787 586 1028 656 πέτρας,
1055 586 1094 653 η
1121 586 1191 640 δὲ
1217 585 1405 653 πέτρα
1435 580 1517 655 ἦν
1545 588 1577 638 ὀ
1610 585 1883 652 Χριστός.

311 675 463 728 Ἀλλ’
489 674 603 727 οὐκ
634 673 705 726 ὲν
737 670 864 738 τοῖς
903 665 1424 724 πλείοσιν-αὐτῶν
1470 667 1810 734 εὐδόκησεν
1857 669 1890 720 ό

297 758 446 822 Θεός
464 774 477 787 ·
507 752 1010 820 κατεστρώθησαν
1037 753 1145 822 γὰρ
1173 751 1242 804 ὲν
1260 748 1337 818 τῇ
1364 749 1579 820 ἐρήμῳ.
1612 749 1805 804 Ταῦτα
1824 748 1894 802 δὲ

296 840 473 893 τύποι
518 829 690 908 ἡμῶν
728 834 1128 904 ἐγενήθησαν,
1177 835 1267 900 είς
1307 833 1373 886 τὸ
1416 831 1504 902 μὴ
1538 828 1692 887 εἷναι
1733 829 1893 900 ἡμᾶς

294 919 668 989 ἐπιθυμητὰς
701 917 922 981 κακῶν,
958 916 1152 982 καθὼς
1183 916 1450 972 κάκεῖνοι
1475 916 1887 984 ἐπεθύμησαν·

291 1003 452 1074 μηδέ
469 999 908 1068 είδωλολάτρας
945 1001 1236 1068 τίνεσθαι,
1264 997 1456 1064 καθώς
1481 1015 1640 1062 τινες
1667 997 1890 1057 αὐτῶν,

293 1084 504 1154 ὥσπερ
543 1083 894 1155 γέγραπταιο
950 1082 1269 1138 Ἐκάθισεν
1293 1084 1326 1134 ό
1356 1081 1504 1147 ,λαὸς
1530 1080 1762 1151 φαγεῖν,
1792 1079 1892 1132 καὶ

293 1168 653 1234 ἀνέστησαν
671 1166 777 1220 τοῦ
806 1163 1052 1225 παίζειν.
1088 1162 1254 1231 Μηδὲ
1277 1165 1678 1233 πορνεύωμεν,
1701 1163 1893 1227 καθώς

295 1267 459 1316 τινες
481 1247 684 1304 αὐτῶν
715 1246 869 1319 [⁸250]
895 1249 1299 1314 ἐπόρνευσαν,
1325 1247 1421 1299 καί
1445 1245 1674 1300 ἔπεσον
1695 1246 1766 1298 ἐν
1783 1242 1892 1315 μιᾷ

293 1331 512 1402 ἡμέρᾳ.
542 1331 894 1399 εὶκοσιτρεῖς
923 1329 1212 1400 χιλιάδες.
1260 1328 1429 1396 Μηδὲ
1461 1327 1895 1397 ἐκπειράζωμεν

297 1417 408 1469 τὸν
426 1415 706 1484 Χριστὸν,
747 1413 942 1478 καθώς
972 1430 1132 1478 τινες
1175 1411 1374 1467 αὐτῶν
1407 1413 1760 1480 ἐπείρασαν,
1791 1410 1892 1464 καὶ

297 1499 422 1556 ὑπὸ
460 1498 579 1552 τῶν
638 1497 833 1566 ὄφεων
877 1496 1212 1551 ἀπώλοντο.
1275 1495 1447 1563 Μηδὲ
1499 1490 1890 1566 τογγύζωμετθ,

296 1581 494 1648 καθώς
518 1598 678 1645 τινες
696 1577 897 1633 αὐτῶν
916 1579 1282 1649 ἐγόγγυσαν.
1311 1579 1408 1632 καὶ
1439 1579 1750 1633 ἀπώλοντο
1772 1577 1892 1632 ὑπὸ

297 1667 410 1722 τοῦ
439 1663 822 1733 ὀλοθρευτοῦ.
854 1663 966 1716 Καὶ
993 1663 1141 1716 δοκεῖ
1170 1664 1268 1732 μὲν
1297 1659 1436 1715 εἶναι
1470 1661 1619 1732 σαφῆ
1649 1662 1717 1714 τά
1746 1660 1895 1730 λεγό-

301 1767 464 1819 μενα,
493 1748 723 1819 παρέχει
752 1746 810 1800 δέ
853 1762 975 1799 τινα
1021 1746 1347 1818 διαπόρησιν
1393 1746 1454 1797 οὐ
1495 1745 1592 1814 τὴν
1621 1742 1893 1813 τυχοῦσαν

294 1837 412 1897 τοῖς
446 1822 794 1903 πρῶέχουσι.
845 1829 956 1882 Καὶ
1001 1829 1110 1900 γάρ
1158 1830 1308 1894 ἀξιον
1354 1828 1587 1898 ζητῆσαι
1634 1827 1849 1899 πρῶτον
1876 1867 1891 1890 ,

295 1916 446 1979 τίνος
503 1915 689 1968 ἐνεκεν
737 1913 838 1977 τὰς
885 1912 1121 1976 παλαιὰς
1187 1913 1353 1976 αὐτὸς
1427 1913 1834 1982 ἐμνημόνευσεν
1866 1923 1892 1951 ι

303 1997 567 2069 ἱστορίας,
595 1999 658 2050 ἐκ
687 1997 846 2059 ποίας
879 1995 1200 2060 ἀκολουθίας
1231 1997 1361 2067 περὶ
1390 1995 1754 2048 εἰδωλοθύτων
1783 1994 1897 2047 δια-

298 2081 592 2152 λεγόμενος
639 2081 719 2152 εἰς
758 2078 968 2149 ταύτην
1009 2079 1232 2132 ἐνέπεσε
1263 2080 1361 2148 τὴν
1394 2078 1666 2149 διήγησιν,
1696 2077 1764 2131 τά
1803 2078 1895 2130 ἐπὶ

299 2167 402 2237 τῆς
435 2166 646 2236 ἐρήμου
690 2162 874 2234 φέρων
917 2164 998 2225 είς
1041 2162 1228 2233 μέσον.
1285 2163 1361 2215 υύ
1391 2162 1499 2232 γὰρ
1527 2162 1733 2226 ἁπλῶς,
1771 2162 1895 2215 οὐδέ

297 2251 376 2313 ὼς
411 2249 619 2318 ἔτυχεν,
645 2250 674 2302 ὁ
711 2249 982 2318 μακάριος
1014 2248 1222 2308 ἐκεῖνος
1250 2246 1567 2315 φθέγγεται,
1599 2246 1736 2298 ἀλλά
1760 2246 1897 2316 μετά

301 2331 503 2402 πολλῆς
525 2331 627 2402 τῆς
658 2329 983 2392 ἀκολουθίας
1022 2330 1117 2382 καὶ
1150 2329 1356 2400 ἀκριϐῆ
1389 2328 1662 2400 διατηρῶν
1696 2345 1898 2381 παντα-

301 2414 402 2486 χοῦ
433 2416 544 2468 τῶν
569 2415 661 2468 ὑπ’
695 2412 861 2466 αὐτοῦ
891 2411 1199 2482 λεγομένων
1229 2412 1328 2482 τὴν
1365 2411 1704 2480 συμφωνίαν.
1739 2411 1898 2472 Τίνος

298 2496 396 2552 οὖν
433 2498 644 2557 ἕνεκεν,
686 2495 780 2548 καὶ
816 2494 978 2548 πόθεν
1008 2497 1089 2557 είς
1116 2494 1323 2565 ταύτην
1359 2495 1584 2547 ἐνέπεσε
1615 2496 1714 2566 τὴν
1752 2496 1893 2546 ἱστο-

302 2583 460 2654 ρίαν;
506 2579 772 2651 Ἐπετίμα
803 2581 916 2643 τοῖς
944 2578 1131 2644 ἁπλῶς
1173 2579 1267 2632 καὶ
1311 2578 1682 2642 ἀνεξετάστως
1722 2581 1802 2641 είς
1831 2577 1900 2630 τὰ

298 2665 496 2719 εῖδωλα
521 2663 773 2728 εἰσιοῦσι,
798 2665 891 2715 καὶ
916 2663 1115 2732 μιαρᾶς
1139 2662 1566 2729 ἀπογευομένοις
1592 2662 1896 2733 τραπέζης,

299 2752 397 2804 καὶ
431 2747 801 2801 εἰδωλοθύτων
831 2746 1182 2814 ἁπτομένοιςο
1221 2746 1314 2798 καὶ
1353 2743 1553 2809 δείξας,
1589 2746 1672 2798 ὅτι
1701 2745 1898 2814 διπλῆν

297 2832 410 2887 ἀπὸ
458 2830 553 2884 τοῦ
609 2830 936 2899 πράγματος
985 2827 1319 2898 ὑπομένουσι
1371 2826 1612 2896 βλάϐην,
1663 2827 1787 2890 τούς
1837 2845 1897 2880 τε

296 2915 550 2977 ἀσθενεῖς
594 2914 944 2984 πλήττοντες,
981 2913 1075 2965 καὶ⁸
1126 2911 1282 2965 αὐτοὶ
1328 2912 1579 2965 κοινωνοὶ
1623 2912 1898 2982 δαιμόνων

295 3001 598 3070 γινόμενοι,
623 2998 717 3050 καὶ
750 2995 1109 3058 καταστείλας
1139 2996 1319 3049 αὐτῶν
1356 2996 1557 3059 ἱκανῶς
1590 2994 1659 3050 τὰ
1691 2995 1896 3066 φρονή-

300 3099 449 3154 ματα
478 3081 566 3134 διὰ
595 3079 701 3132 τῶν
736 3077 1044 3149 ἔμπροσθεν
1080 3080 1410 3148 εἰρημένων,
1452 3079 1545 3130 καὶ
1577 3078 1895 3139 παιδεύσας,

295 3166 382 3220 ὅτι
411 3167 494 3218 δεῖ
521 3163 612 3215 τὸν
647 3161 837 3214 πιστὸν
870 3161 944 3231 μὴ
971 3163 1032 3213 τὸ
1059 3159 1254 3212 ἑαυτοῦ
1290 3159 1508 3229 βλέπειν
1544 3161 1725 3231 μόνον,
1763 3161 1898 3214 ἀλλά

297 3249 396 3304 καὶ
431 3248 492 3301 τὸ
520 3247 630 3299 τῶν
659 3243 893 3305 πολλῶν,
931 3243 1258 3313 βουλόμενος
1285 3245 1471 3306 αὐτοῖς
1504 3245 1773 3296 ἐπιτεῖναι
1810 3244 1900 3296 τὸν

296 3331 501 3402 φόϐον,
540 3327 788 3383 παλαιῶν
825 3327 1025 3388 αὐτοὺς
1058 3327 1471 3397 ἀναμιμνήσκει
1517 3326 1896 3397 διηγημάτων.

309 3414 534 3485 Ἐπειδὴ
572 3412 682 3482 γὰρ
718 3411 916 3464 ἐκεῖνοι
953 3409 1096 3479 μέγα
1129 3409 1412 3481 ἐφρόνουν,
1447 3411 1522 3472 ὡς
1553 3412 1758 3471 πιστοὶ,
1805 3411 1899 3463 καὶ

295 3497 511 3566 πλάνης
542 3493 972 3560 ἀπαλλαγέντες,
1003 3492 1096 3545 καὶ
1136 3491 1391 3560 γνώσεως
1441 3491 1896 3559 καταξιωθέντες,

296 3581 397 3634 καὶ
427 3579 534 3631 τῶν
583 3577 916 3646 ἀπορρήτων
953 3577 1386 3647 κοινωνήσαντες
1431 3576 1772 3648 μυστηρίων,
1805 3578 1899 3628 καὶ

297 3662 439 3734 πρὸς
472 3659 752 3731 βασιλείαν
779 3658 1026 3728 οὐρανῶν
1053 3659 1366 3730 κληθέντες,
1397 3661 1566 3726 δεῖξαι
1602 3660 1792 3722 θέλων,
1817 3662 1898 3714 ὅτι

293 3746 506 3801 τούτων
546 3743 739 3813 ὄφελος
772 3742 952 3803 οὐδὲν,
985 3742 1050 3796 ἂν
1103 3742 1179 3815 μὴ
1231 3742 1476 3797 πολιτεία
1527 3746 1704 3815 προσῇ
1760 3761 1898 3815 συμ-

294 3827 554 3900 φωνοῦσα
587 3828 653 3897 τῇ
679 3824 919 3897 τοσαύτη
949 3825 1154 3898 χάριτι,
1188 3827 1253 3880 ἐκ
1279 3826 1514 3890 παλαιᾶς
1541 3827 1738 3891 αὐτοὺς
1767 3845 1898 3880 παι-

294 3908 444 3966 δεύει
477 3909 739 3981 ἱστορίας.

372 3993 438 4066 β’.
457 3992 619 4046 ’Λλλά
651 3993 747 4044 καὶ
770 3989 927 4044 τοῦτο
955 3989 1089 4045 αὐτὸ
1119 3989 1282 4044 πάλιν
1311 3989 1512 4059 πολλῆς
1537 3991 1700 4062 γέμει
1729 3990 1898 4064 ζητή-

296 4093 460 4139 σεως.
496 4076 655 4139 Τίνος
687 4076 877 4148 ῑνεκεν
912 4074 1013 4127 οὐκ
1045 4074 1156 4128 ἀπὸ
1180 4073 1292 4127 τῶν
1314 4075 1412 4127 τοῦ
1439 4073 1678 4145 Χριστοῦ
1715 4075 1896 4147 ῥημά-

294 4175 409 4214 των
449 4160 636 4223 αὐτοῖς
661 4158 971 4226 διαλέγεται
1013 4157 1121 4210 τῶν
1154 4159 1213 4210 ἐν
1239 4158 1562 4229 Εὐαγγελίῳ
1601 4159 1894 4228 κειμένων,

295 4243 420 4298 οὐδὲ
446 4243 669 4312 γεέννης
698 4243 896 4306 αὐτοὺς
926 4243 1356 4313 ἀναμιμνήσκει,
1389 4243 1483 4296 καὶ
1511 4243 1735 4305 σκότους
1767 4242 1898 4306 ἐξω-

295 4327 482 4398 τέρου,
518 4326 612 4379 καὶ
645 4325 925 4397 σκώληκος
958 4325 1190 4389 ίοϐόλου,
1227 4327 1323 4378 καὶ
1346 4324 1563 4395 δεσμῶν
1587 4325 1894 4392 ἀθανάτων,

298 4410 396 4464 καὶ
446 4409 618 4479 πυρὸς
663 4398 758 4463 τοῦ
792 4407 1201 4480 ἡτοιμασμένον
1252 4407 1331 4477 τῷ
1375 4407 1607 4478 διαϐόλῳ
1659 4409 1896 4473 καὶτοῖς

297 4495 552 4563 ἀγγέλοις
581 4492 770 4557 αὐτοῦ,
803 4494 896 4547 καὶ
936 4493 1032 4546 τοῦ
1087 4491 1337 4564 βρυγμοῦ
1381 4493 1491 4546 τῶν
1521 4493 1770 4557 ὀδόντων,
1805 4496 1898 4546 καὶ

297 4578 408 4631 τῶν
432 4576 606 4630 ἄλλων
629 4576 736 4630 τῶν
749 4577 1082 4648 ἀπορρήτων
1099 4575 1408 4639 κολάσεωνς
1440 4575 1503 4628 Εἰ
1528 4576 1636 4648 γὰρ
1659 4577 1897 4645 φοϐῆσαι

297 4659 573 4722 ἐϐούλετο,
615 4658 723 4711 ἀπὸ
756 4661 864 4712 τῶν
899 4659 1163 4729 μειζόνων
1188 4657 1348 4711 τοῦτο
1377 4657 1605 4727 ποιῆσαι
1633 4659 1761 4724 ἔδει,
1795 4661 1896 4712 οὐκ

299 4744 411 4796 ἀπὸ
429 4742 541 4796 τῶν
570 4743 629 4795 ἐν
658 4746 725 4813 τῇ
756 4743 969 4814 ἐρήμῳ.
1013 4743 1243 4796 Ἐκεῖνοι
1277 4742 1376 4812 μὲν
1411 4742 1542 4812 γάρ,
1580 4746 1627 4797 εἰ
1657 4744 1752 4797 καὶ
1776 4744 1898 4796 ἐκο-

296 4825 600 4896 λάσθησαν,
635 4826 748 4879 ἀλλ’
778 4826 1131 4896 ἡμερώτερον
1172 4827 1264 4878 καὶ
1301 4826 1675 4896 προσκαίρως,
1707 4826 1803 4880 καὶ
1836 4829 1894 4879 ἐν

294 4910 488 4981 ήμέρᾳ
517 4911 615 4980 μιᾷ
635 4926 648 4940 °
699 4903 846 4963 οὗτοι
880 4909 938 4961 δέ
967 4909 1214 4969 ἀθάνατα
1245 4908 1500 4979 μέλλουσι
1533 4909 1892 4981 τιμωρεῖσθαι

296 4994 394 5046 καὶ
437 4993 816 5064 χαλεπώτερα.
869 4992 1028 5056 Τίνος
1069 4988 1163 5044 οὖν
1204 4988 1389 5044 ἐνεκεν
1439 4993 1646 5046 ἐκεῖθεν
1696 4994 1895 5060 αὐτοὺς

296 5075 590 5145 ἐφόϐησεν,
619 5075 742 5130 οὐδὲ
768 5075 1044 5146 ἀνέμνησε
1073 5074 1182 5129 τῶν
1207 5075 1302 5127 τοῦ
1328 5076 1565 5140 Χριστοῦ
1592 5064 1892 5146 ῥημάτων;

298 5158 409 5212 Καὶ
440 5158 551 5230 γὰρ
596 5157 829 5227 ἠδύνατο
876 5157 1060 5226 λέγειν
1108 5157 1245 5230 πρὸς
1280 5159 1479 5222 αὐτούς
1501 5177 1515 5190 ο
1555 5160 1630 5212 Οὐ
1667 5160 1806 5215 θέλω
1837 5161 1895 5215 δὲ

297 5240 442 5310 ὑμᾶς
475 5242 712 5310 ἀγνοεῖν,
757 5239 999 5310 ἀδελφοὶ,
1050 5241 1194 5304 οῖους
1239 5244 1268 5294 ό
1312 5242 1545 5316 Χριστὸς
1591 5242 1756 5314 ἔθηκε
1803 5245 1894 5298 νό-

299 5339 438 5393 μους
462 5327 593 5396 περὶ
621 5324 728 5379 τῶν
761 5324 944 5378 πίστιν
975 5325 1073 5394 μὲν
1102 5324 1336 5394 ἐχόντων
1363 5365 1377 5386 ,
1418 5325 1532 5396 βίον
1575 5325 1631 5378 δὲ
1673 5326 1894 5398 ἄριστον

294 5407 397 5460 οὐκ
435 5406 921 5477 ἐπιδεικνυμένων.
965 5407 1079 5462 Καὶ
1116 5407 1225 5478 γὰρ
1264 5407 1520 5478 θαύματα
1558 5410 1895 5480 ποιήσαντας

296 5488 641 5562 ἀνθρώπους,
673 5493 768 5545 καὶ
800 5492 1139 5562 προφητείαν
1169 5491 1644 5562 ἐπιδεικνυμένους
1672 5492 1892 5557 ἐξέϐαλε

291 5572 396 5640 τῆς
427 5573 706 5643 βασιλείας
737 5575 845 5627 τῶν
877 5573 1146 5646 οὐρανῶν,
1177 5574 1352 5644 λέγων
1371 5593 1384 5606 ο
1419 5576 1646 5639 Πολλοὶ
1683 5577 1893 5644 ἐροῦσι

283 5671 395 5726 μοι
425 5658 496 5711 ὲν
519 5659 722 5727 ἐκείνῃ
757 5656 832 5726 τῇ
854 5658 1065 5727 ἡμέρᾳ,
1109 5659 1308 5728 Κύριε,
1345 5662 1540 5728 Κύριε,
1581 5663 1651 5715 οὐ
1686 5659 1767 5726 τῷ
1803 5660 1894 5726 σῷ

289 5738 544 5808 ὀνόματι
567 5739 846 5811 δαιμόνια
866 5741 1255 5811 ἐξεϐάλομεν,
1281 5742 1380 5796 καὶ
1410 5741 1490 5807 τῷ
1527 5743 1618 5810 σῷ
1646 5747 1892 5815 ὀνόματι

355 5849 384 5882 ⁸
405 5841 514 5895 υίιο
532 5859 649 5897 mss.
669 5851 755 5905 τῆς
777 5846 983 5901 παλαιᾶς
1010 5846 1180 5904 αὐτοὺς
1203 5848 1485 5910 ἀνέμνησεν.

795 5937 799 5940 ‘
917 5927 950 5962 Γ

1161 391 1229 449 ΙΝ
1257 390 1516 451 ΒΙΟΊὋΜ
1551 387 1780 457 PAULI,
1810 387 1996 444 NOL-O
2031 386 2169 444 VOS
2207 387 2586 456 IGNORARE,
2619 389 2774 446 ETC.

3483 381 3590 436 244

1997 499 2551 567 προεφητεύσαμεν,
2587 498 2684 551 καί
2721 496 3008 565 δυνάμεις
3033 493 3269 559 πολλὰς
3301 493 3596 562 ἐποιήσα-

1989 597 2143 651 μενς
2175 581 2286 634 Καὶ
2323 582 2456 664 τότε
2495 581 2856 651 ὁμολογήσω
2897 579 3123 664 αὐτοῖς,
3162 579 3449 664 Ὑπάγετε
3480 577 3591 664 ἀπ’

1959 700 1972 708 -
1993 666 2165 735 ἐμοῦ,
2190 667 2301 719 οὐκ
2323 662 2456 718 οῖδα
2484 664 2660 733 ὑμᾶς,
2687 667 2740 718 οί
2762 661 3136 733 ἐργαζόμενοι
3159 661 3276 730 τὴν
3308 663 3588 730 ἀνομίαν.

1997 749 2106 802 Καὶ
2133 748 2231 811 τὰς
2254 747 2556 818 παρθένους
2578 748 2634 802 δὲ
2660 749 2756 817 οὐχ
2782 748 2921 820 ὑπὲρ
2951 747 3190 809 πίστεως
3223 745 3470 814 ἐγκαλῶν
3494 746 3592 801 καὶ

1993 831 2302 903 δογμάτων,
2343 832 2458 885 ἀλλ’
2507 833 2648 901 ὑπὲρ
2702 830 2853 902 {231]
2910 831 3027 902 βίου
3059 830 3464 902 διεφθαρμένου
3499 833 3595 885 καὶ

1993 915 2394 984 ἀπανθρωπίας
2456 915 2552 968 καὶ
2603 915 2921 984 ὠμότητος,
2969 915 3264 968 ἀπέκλεισε
3311 914 3406 968 τοῦ
3454 931 3592 983 νυμ-

1995 1000 2207 1070 φῶνος·
2245 1001 2342 1054 καὶ
2374 1001 2466 1052 τὸν
2498 1001 2570 1052 τὰ
2606 999 2831 1070 ῥυπαρά
2874 999 3223 1069 ἐνδεδυμένον
3273 995 3596 1068 ίμάτια,διά

1993 1083 2153 1136 τοῦτο
2199 1083 2485 1154 δεδεμένον
2518 1081 2795 1148 ἐξέϐαλεν,
2845 1083 2945 1136 οὐκ
2981 1079 3169 1152 ἐπειδὴ
3215 1080 3462 1151 δόγματα
3496 1080 3596 1133 οὐκ

1996 1163 2140 1236 εἶχεν
2168 1166 2324 1237 ὀρθὰ,
2358 1166 2473 1219 ἀλλ’
2503 1166 2691 1237 ἐπειδὴ
2722 1165 2838 1235 βίον
2864 1164 3110 1236 ῥυπαρὸν
3143 1165 3234 1218 καὶ
3258 1164 3591 1235 ἀκάθαρτον·

1998 1252 2088 1302 καὶ
2131 1249 2226 1313 οὓς
2274 1249 2562 1302 ἐκέλευσεν
2594 1249 2674 1311 εἰς
2701 1248 2763 1302 τὸ
2810 1247 2918 1320 πῦρ
2962 1246 3330 1317 ἀπενεχθῆναι
3358 1247 3420 1299 τὸ
3445 1244 3595 1318 ήτοι-

2000 1331 2278 1403 μασμένον
2323 1333 2400 1403 τῷ
2444 1331 2675 1402 διαϐόλῳ
2721 1331 2814 1384 καὶ
2841 1332 2953 1390 τοῖς
2987 1331 3242 1399 ἀγγέλοις
3293 1329 3480 1393 αὐτοῦ,
3532 1328 3594 1383 οὐ

1995 1415 2084 1468 διὰ
2127 1414 2285 1467 τοῦτο
2334 1413 2580 1486 ἐπεμψεν
2625 1417 2762 1475 ἐκεῖ,
2800 1413 2988 1485 ἐπειδὴ
3035 1413 3133 1483 τῆς
3183 1413 3422 1476 πίστεως
3451 1407 3595 1484 ἦσαν

1997 1497 2439 1561 ἐκπεπτωκότες,
2465 1495 2580 1550 ἀλλ’
2614 1495 2804 1565 ἐπειδὴ
2829 1494 3086 1548 οὐδέποτε
3113 1495 3302 1549 οὐδένα
3330 1495 3592 1565 ἠλέησαν.

1997 1581 2215 1635 Τούτων
2244 1581 2461 1635 πάντων
2493 1583 2586 1634 καὶ
2610 1581 2720 1634 τῶν
2763 1579 3022 1633 τοιούτων
3047 1581 3241 1644 αὐτοὺς
3281 1579 3612 1650 ἀναμνῆσαι

1995 1665 2266 1734 ἠδύνατο,
2319 1667 2413 1719 καὶ
2458 1667 2666 1718 είπεῖν·
2718 1665 2792 1716 Οὐ
2847 1663 2986 1716 θέλω
3035 1663 3092 1718 δέ
3145 1665 3292 1735 ὑμᾶς
3339 1665 3594 1732 ἀγνοεῖν,

1998 1750 2255 1819 ἀδελφοὶ,
2303 1751 2386 1803 ὅτι
2421 1742 2569 1802 οὗτοι
2602 1748 2801 1812 πάντες
2838 1750 2930 1802 καὶ
2961 1747 3341 1818 βαπτίσματος
3379 1748 3594 1817 ἔτυχον,

1998 1833 2094 1886 καὶ
2151 1833 2464 1903 μυστηρίων
2532 1831 2933 1901 ἐκοινώνησαν.
3000 1831 3094 1884 καὶ
3154 1832 3338 1884 πίστιν
3395 1830 3597 1900 πολλὴν

1998 1917 2358 1981 ἐπεδείξαντο,
2392 1918 2487 1968 καὶ
2540 1914 2742 1982 γνῶσιν
2788 1911 2934 1983 εἶχον
2976 1914 3430 1984 ἀπηρτισμένην
3480 1913 3596 1967 ἀλλ’

1999 1999 2186 2068 ἐπειδὴ
2230 2000 2342 2070 βίον
2377 2000 2435 2051 οὐ
2473 1997 2749 2069 παρέσχον
2783 2000 2850 2068 τῇ
2902 1997 3097 2050 πίστει
3121 1998 3455 2067 συνᾴδοντα,
3491 1998 3594 2065 τῆς

2001 2080 2276 2149 βασιλείας
2311 2081 2680 2150 ἐξεϐλήθησαν
2703 2120 2716 2142 ,
2754 2082 2848 2133 καὶ
2894 2079 2970 2148 τῷ
3006 2082 3140 2149 πυρὶ
3189 2079 3594 2150 παρεδόθησαν.

1999 2167 2154 2230 Τίνος
2185 2163 2276 2219 οὖν
2304 2167 2494 2218 ἕνεκεν
2540 2165 2600 2217 οὐ
2636 2162 2809 2216 ταῦτα
2842 2160 3016 2221 εἶπεν,
3049 2163 3184 2217 ἀλλά
3213 2165 3388 2217 ταῦτα
3419 2164 3598 2218 πάντα

1999 2250 2180 2317 ἀφεὶς,
2211 2243 2354 2302 οὕτω
2383 2247 2500 2311 πώς
2537 2265 2720 2319 φησιν·
2760 2249 2841 2300 Οὐ
2867 2248 3020 2302 θέλω
3047 2247 3114 2298 δὲ
3143 2246 3299 2315 ὑμᾶς
3328 2245 3595 2316 ἀγνοεῖν,

1999 2332 2286 2400 ἀδελφοὶ,
2335 2331 2438 2384 ὅτι.
2473 2333 2526 2385 οι
2550 2328 2814 2398 ’πατέρες
2869 2329 3038 2399 ἡμῶν
3073 2329 3301 2395 πάντες
3331 2328 3453 2390 ὑπὸ
3481 2328 3599 2397 τὴν

2000 2415 2266 2484 νεφέλην
2292 2411 2473 2484 ἦσαν,
2507 2415 2601 2467 καὶ
2628 2414 2736 2467 τῶν
2761 2415 3043 2477 Μωῦσέως
3067 2414 3265 2477 αὐτοὺς
3293 2416 3600 2486 ἀναμιμνή-

2003 2519 2169 2566 σκων,
2192 2502 2260 2553 τὰ
2283 2500 2378 2552 ἐπὶ
2404 2500 2503 2568 τῆς
2533 2502 2755 2570 χάριτος
2775 2498 2912 2561 τέως
2942 2500 3204 2568 σιγήσας;
3243 2499 3357 2568 υύχ
3385 2497 3595 2564 ἁπλῶς,

1999 2583 2119 2636 οὐδὲ
2159 2584 2286 2636 ἄνευ
2339 2582 2499 2649 λόγου
2545 2582 2689 2643 τινὸς
2722 2581 2882 2633 τοῦτο
2911 2583 3086 2633 ποιεῖ·
3137 2581 3340 2651 πολλῆς
3366 2580 3474 2652 γὰρ
3507 2597 3599 2634 σο-

2001 2666 2131 2734 φίας
2149 2663 2218 2735 ἦν
2247 2665 2679 2734 πεπληρωμένος
2699 2702 2712 2715 .
2755 2663 2918 2715 Ἀλλά
2941 2663 2993 2715 τί
3021 2663 3244 2732 δήποτε,
3273 2665 3367 2716 καὶ
3393 2663 3482 2717 διὰ
3507 2663 3596 2730 τίς

2002 2750 2157 2799 Δυοῖν
2181 2748 2345 2800 ἓνεκα
2365 2746 2598 2798 τούτων·
2633 2744 2770 2815 ὁμοῦ
2792 2761 2848 2797 τε
2881 2745 3058 2797 αὐτῶν
3101 2744 3423 2816 βουλόμενος
3464 2745 3599 2800 καθ-

2001 2828 2240 2898 ἅψασθαι
2281 2828 2499 2898 μᾶλλον,
2537 2829 2631 2881 καὶ
2671 2830 2844 2894 δεῖξαι
2889 2828 2989 2897 τῆς
3035 2828 3276 2893 Παλαιᾶς
3325 2829 3600 2900 Διαθήκης

2003 2912 2138 2982 πρὸς
2191 2912 2289 2978 τὴν
2337 2911 2542 2980 Καινὴν
2604 2911 2804 2982 πολλὴν
2871 2907 3036 2964 οὖσαν
3093 2911 3193 2982 τὴν
3254 2913 3596 2981 συγγένειαν.

2017 2994 2232 3064 Ἐπειδὴ
2262 2995 2371 3064 γάρ
2401 2995 2587 3046 πολλοὶ
2615 2994 2722 3045 τῶν
2754 2993 3076 3063 ἀνθρώπων,
3107 2997 3156 3046 of.
3187 2995 3285 3064 μέν
3308 2997 3373 3066 τῇ
3404 2994 3600 3067 γεέννῃ

2002 3077 2369 3140 διαπιστοῦσι,
2402 3079 2497 3129 καὶ
2523 3078 2643 3130 οὐδέ
2677 3072 2816 3130 εἶναι
2849 3077 3069 3130 κόλασιν
3097 3078 3432 3148 νομίζουσιν,
3463 3079 3601 3135 ἀλλὰ

2001 3163 2094 3213 τὸν
2123 3161 2256 3213 Θεὸν
2287 3160 2473 3222 ἁπλῶς
2503 3160 2688 3212 ἕνεκεν
2713 3159 2879 3228 φόϐου
2911 3161 3004 3212 καὶ
3036 3161 3420 3230 σωφρονισμοῦ
3445 3161 3600 3216 ταῦτ’

2004 3243 2386 3314 ἠπειληκέναι,
2434 3242 2694 3313 σκώληκα
2738 3243 2830 3295 τὸν
2875 3242 3253 3311 ἀτελεύτητον,
3298 3245 3359 3297 τὸ
3393 3244 3506 3316 πῦρ
3539 3246 3601 3299 τὸ

2003 3328 2285 3390 ἄσϐεστον,
2321 3327 2383 3379 τὸ
2426 3327 2616 3389 σκότος
2650 3327 2711 3378 τὸ
2742 3325 3027 3396 ἐξώτερον,
3059 3332 3172 3391 τοῖς
3209 3328 3265 3380 δὲ
3299 3328 3604 3400 παρελθοῦ-

2005 3427 2088 3462 σιν
2118 3411 2216 3463 οὐκ
2247 3410 2460 3478 ἔχουσιν
2494 3410 2813 3480 ἀπιστῆσαι.
2866 3409 2945 3462 Τά
2978 3412 3085 3480 γὰρ
3111 3412 3456 3480 γεγενημένα
3482 3412 3600 3476 πῶς

2001 3493 2067 3545 ἄν
2099 3510 2181 3555 τις
2229 3493 2445 3545 δύναιτο
2494 3491 2673 3558 λέγειν
2729 3493 2804 3561 μὴ
2857 3493 3147 3560 γενέσθαις
3203 3494 3327 3557 Τοῖς
3360 3494 3600 3567 μὲνγὰρ

2000 3577 2213 3629 οὐδέπω
2240 3578 2508 3644 φανεῖσιν,
2541 3575 2661 3628 οὐδέ
2696 3577 2774 3638 είς
2808 3575 2968 3645 ἔργον
2995 3576 3303 3640 ἑξελθοῦσίν
3328 3580 3435 3630 εἰσι
3469 3579 3602 3632 πολ-

2001 3659 2085 3712 λοὶ
2118 3661 2168 3712 οί
2195 3658 2624 3720 διαπιστοῦντες,
2669 3660 2783 3720 τοῖς
2817 3658 2871 3710 δὲ
2899 3660 3290 3729 γεγενημένοις
3328 3662 3422 3714 καί
3447 3662 3602 3726 τέλος

2001 3743 2270 3813 είληφόσι,
2298 3742 2400 3795 κᾶν
2426 3742 2682 3811 μυριάκις
2701 3758 2786 3803 τις
2809 3741 3098 3804 ἀνεύθυνος
3184 3745 3279 3797 καὶ
3303 3744 3596 3816 ἀγνώμων,

2000 3825 2146 3888 οὐτε,
2179 3827 2227 3878 εί
2266 3824 2573 3896 βουληθείη,
2624 3825 2909 3894 δυνήσεταί
2948 3841 3078 3878 ποτε
3134 3829 3406 3882 ἀπιστεῖν.
3465 3829 3601 3884 Ἀπὸ

1999 3911 2109 3962 τῶν
2142 3908 2349 3978 σφόδρα
2389 3906 2844 3978 ὡμολογημένων,
2887 3908 2983 3960 καὶ
3021 3909 3173 3972 τέλος
3216 3909 3470 3980 ἐχόντων,
3502 3915 3600 3967 καὶ⁸

2002 3988 2077 4048 ὧν
2117 3992 2289 4046 πολλά
2321 3993 2474 4059 μένει
2503 3991 2572 4043 τὰ
2597 3991 2847 4059 λείψανα.
2883 3991 3132 4061 βούλεται
3165 3994 3363 4058 αὐτοὺς
3389 3995 3597 4049 πιστώ-

2003 4076 2198 4130 σασθαι
2227 4076 2358 4146 περὶ
2395 4073 2494 4145 τῆς
2537 4071 2633 4126 τοῦ
2670 4072 2806 4126 Θεοῦ
2847 4073 3267 4146 δικαιοκρισίας,
3312 4079 3600 4150 μονονουχὶ

2001 4161 2175 4228 λέγων
2195 4178 2207 4190 ·
2244 4160 2308 4212 Εἰ
2339 4156 2414 4228 μὴ
2439 4157 2678 4227 νομίζεις
2709 4152 2846 4209 εἶναι
2880 4159 3124 4224 γέενναν,
3161 4160 3298 4230 μηδὲ
3323 4161 3595 4231 τιμωρίαν

2002 4244 2100 4298 καὶ⁵
2141 4243 2398 4304 κόλασιν,
2440 4241 2554 4294 ἀλλ’
2588 4240 2775 4304 ἀπλῶς
2807 4244 2897 4294 τὸν
2939 4242 3072 4293 Θεὸν
3114 4242 3495 4313 ἠπειληκέναι,
3525 4244 3598 4299 τὰ

2002 4326 2344 4398 παρελθόντα
2374 4325 2872 4396 ἀναλογισάμενος,
2921 4327 3156 4388 καὶτοῖς
3194 4326 3450 4396 μέλλουσι
3501 4329 3598 4382 πί-

2003 4427 2178 4465 στευε.
2229 4411 2290 4463 Εί
2315 4409 2425 4480 γὰρ
2464 4411 2492 4463 δ
2532 4409 2696 4472 αὐτός
2739 4411 2854 4460 ἐστι
2897 4409 3048 4472 Θεὸς,
3077 4412 3105 4463 ὀ
3131 4410 3225 4462 καὶ
3254 4411 3322 4464 τά
3356 4413 3599 4484 πρότερα

2001 4496 2096 4549 καὶ
2125 4495 2196 4547 τὰ
2219 4493 2316 4548 νῦν
2345 4493 2668 4562 οἰκονομῶν,
2700 4493 2795 4544 καὶ
2832 4491 2900 4544 τὰ
2945 4494 3038 4544 ἐπὶ
3070 4494 3169 4562 τῆς
3197 4494 3465 4559 Παλαιᾶς,
3501 4498 3599 4551 καὶ

1999 4578 2068 4632 τά
2098 4580 2190 4631 ἐπὶ
2230 4577 2330 4647 τῆς
2374 4577 2620 4647 χάριτος,
2666 4575 2858 4645 ὥσπερ
2898 4571 2992 4628 οὖν
3035 4577 3129 4629 καὶ
3161 4576 3311 4629 ἐστιν
3343 4580 3371 4630 ό
3410 4580 3594 4646 αὐτὸς,

2001 4665 2152 4715 ποῖον
2184 4660 2251 4714 ἂν
2277 4660 2390 4731 ἐχοι
2418 4659 2609 4728 λόγον,
2651 4659 2893 4722 ἐκείνους
2930 4659 3028 4727 μὲν
3059 4661 3471 4730 ἁμαρτάνοντας
3499 4682 3594 4720 x0—

1998 4745 2161 4799 λάσαι
2199 4747 2295 4798 καὶ
2329 4742 2782 4815 τιμωρήσασθαι,
2813 4743 2960 4811 ἡμᾶς
2988 4743 3046 4796 δὲ
3071 4745 3263 4809 ταῦτα,
3287 4749 3382 4800 καὶ
3416 4749 3598 4822 πολλῷ

1998 4828 2356 4899 χαλεπώτερα
2377 4825 2601 4879 ἐκείνων
2623 4825 2915 4887 πταίοντας
2935 4826 3316 4900 ἀτιμωρήτους
3341 4832 3556 4900 ἀφεῖναι
3576 4853 3596 4902 ς

2011 4909 2233 4983 Ἐρωτῶ
2255 4909 2434 4962 τοίνυν
2454 4923 2469 4938 ο
2499 4908 2835 4978 ἐπόρνευσαν
2885 4909 2934 4960 οἱ
2985 4909 3250 4973 Ἰουδαῖοι,
3279 4915 3373 4966 καὶ
3407 4916 3599 4973 ἐκολά-

2001 4992 2242 5065 σθησαν;
2305 4993 2612 5060 ἐγόγγυσαν
2640 5033 2652 5050 ,
2707 4991 2802 5070 καὶ
2848 4993 3308 5064 ἐτιμωρήθησανς
3354 4997 3592 5070 Ἀνάγκη

1998 5078 2148 5130 πᾶσα
2169 5074 2520 5146 ὁμολογῆσαι.
2547 5074 2671 5137 Πῶς
2693 5069 2784 5126 οὖν
2806 5077 2833 5126 ό
2849 5076 3306 5146 τιμωρησάμενος
3327 5069 3593 5146 ἐκείνους,

2000 5160 2061 5213 σὲ
2088 5159 2161 5212 τά
2202 5158 2341 5212 αὐτά
2372 5157 2656 5228 τολμῶντα
2706 5152 3047 5226 πᾶρόψεται;
3104 5160 3218 5212 Οὐκ
3265 5163 3330 5214 ἂν
3368 5163 3479 5234 ἔχοι
3509 5164 3598 5218 16-

1997 5260 2092 5311 γον
2113 5243 2162 5298 δ.
2226 5241 2366 5295 Ἀλλ’
2410 5242 2510 5294 οὐκ
2547 5239 2755 5302 ἔδωκας
2796 5239 2951 5310 δίκην
2983 5241 3251 5310 ἐνταῦθας
3300 5247 3398 5299 Διά
3437 5248 3598 5302 τοῦτο

2001 5323 2235 5393 μάλιστα
2266 5321 2485 5372 πίστευε
2515 5318 2740 5385 γέενναν
2775 5314 2914 5371 εἶναι
2961 5320 3055 5372 καὶ
3107 5321 3328 5377 κόλασιν
3349 5366 3363 5385 ,
3404 5328 3597 5401 ἐπειδὴ

1996 5405 2152 5477 δίκην
2199 5403 2435 5458 ἐνταῦθα
2468 5405 2569 5455 οὐκ
2616 5402 2845 5466 ἔδωκας.
2898 5401 2961 5454 Εἰ
3001 5402 3110 5474 γὰρ
3141 5406 3217 5477 μὴ
3260 5405 3456 5477 ἔμελλέ
3509 5427 3596 5473 τις

1996 5488 2323 5542 ἀποκεῖσθαι
2370 5485 2509 5558 μετὰ
2539 5485 2713 5539 ταῦτα
2743 5485 3004 5556 τιμωρία,
3045 5489 3146 5542 οὐκ
3190 5488 3256 5542 ἂν
3296 5492 3365 5544 τά
3408 5493 3593 5547 αὐτάο

2059 5606 2087 5646 b
2119 5605 2270 5656 savii.
2302 5605 2348 5653 in
2368 5617 2520 5668 m_arg.
2549 5601 2684 5668 ειιᾷἰῐ
2719 5603 2924 5668 ἐκείνους
2966 5604 3048 5668 μὲν
3068 5606 3423 5668 ἁμαρτάνοντας
3447 5610 3598 5661 καλά-

1996 5685 2099 5746 σαι,
2271 5669 2321 5716 δέ
2343 5665 2514 5724 ταῦτα,
2547 5665 2704 5713 καίτοι
2725 5667 2891 5728 πο).λῴ
2931 5665 3222 5733 αἰσχρότερα
3248 5665 3598 5733 ἐργασαμένους

1995 5734 2347 5857 afﬁgi;
2361 5789 2603 5857 Sicorecte
2620 5787 2727 5857 god.
2746 5803 2891 5850 unus,
2909 5774 3048 5852 Eujus
3069 5787 3360 5852 scripturam
3382 5793 3596 5857 vulgata:

1996 5853 2209 5910 τοιαῦτα,
2234 5849 2595 5903 substituimus.
2625 5845 2755 5899 Enn.
2881 5845 2888 5850 ’
2968 5845 2985 5852 ⁷
3081 5868 3086 5872 ·
