4228 6298
302 368 415 427 255

306 506 467 561 quam
495 487 684 546 eadem
703 504 825 561 qua:
842 487 914 543 illi
938 486 1143 557 priores
1167 501 1350 551 ausus,
1377 485 1577 539 inultus
1596 483 1906 539 mansisses.

308 584 353 639 Τ
358 601 392 639 u
428 598 558 655 ergo
596 583 642 637 si
667 581 973 653 quempiam
1002 577 1423 649 deprehenderis
1451 577 1667 632 mollem
1686 617 1701 642 ,
1732 574 1911 629 disso-

311 676 517 739 lutum,
547 673 880 742 multamque
929 668 1205 726 lasciviam
1235 668 1619 734 exhibentem,
1652 667 1739 736 qui
1770 665 1915 722 dicat

312 765 440 833 tibi,
491 765 618 821 Hac
660 774 789 817 sunt
835 762 1059 829 fabulm;
1107 777 1214 818 non
1244 770 1329 817 est
1357 760 1710 832 supplicium,
1739 773 1914 828 neque

312 859 594 929 gobenna,
627 856 721 913 sed
753 858 895 912 Deus
938 856 1053 911 haec
1080 856 1276 911 frustra
1310 853 1542 911 terrendi
1573 867 1733 909 causa
1761 867 1914 907 com-

312 952 545 1007 minatus
575 957 691 1014 est,
737 948 1003 1020 responde
1046 949 1122 1004 illi
1152 967 1166 1003 :
1200 948 1373 1004 Homo
1392 989 1408 1013 ,
1434 962 1539 1001 non
1565 946 1743 1001 credis
1772 945 1915 1000 futu-

309 1044 425 1111 ris,
466 1043 591 1113 quia
620 1056 726 1096 non
758 1051 1047 1112 apparent,
1074 1056 1248 1112 neque
1274 1040 1325 1093 in
1351 1039 1530 1094 medio
1554 1038 1635 1092 vel
1662 1038 1762 1093 sub
1783 1052 1914 1092 ocu-

314 1133 383 1189 lis
412 1142 537 1189 sunt
565 1132 850 1188 constituta
881 1147 895 1186 :
921 1147 1049 1186 num
1077 1141 1231 1202 potes
1260 1130 1418 1185 fidem
1447 1144 1642 1200 negare
1665 1128 1729 1183 iis
1749 1170 1763 1194 ,
1796 1144 1916 1198 qua:

311 1224 453 1281 facta
484 1224 767 1295 fiuemque'
780 1225 969 1279 sortita
1000 1232 1124 1279 sunt
1147 1223 1171 1277 ?
1195 1221 1382 1292 Cogita
1412 1221 1701 1277 Sodomam
1729 1229 1783 1275 et
1810 1220 1918 1277 Gu-

312 1315 773 1387 tnoiham.Regio
800 1316 891 1369 illa
939 1316 1081 1369 nulla
1113 1316 1213 1369 alia
1240 1315 1308 1370 de
1347 1331 1506 1370 causa
1556 1326 1732 1370 tantas
1772 1314 1919 1369 dedit

314 1421 537 1476 pinnas,
560 1422 721 1476 quam
751 1406 891 1476 quod
923 1407 1113 1461 incola:
1135 1406 1251 1475 ejus
1283 1408 1496 1462 illicitos
1543 1408 1717 1461 coitus
1764 1406 1917 1460 indu-

313 1506 506 1551 xerqu
532 1538 549 1564 ,
574 1496 985 1568 illegitimosque
1014 1513 1248 1563 amores,
1279 1514 1342 1553 ac
1370 1506 1575 1552 natura:
1603 1499 1747 1567 leges
1776 1498 1919 1552 radi-

310 1588 451 1641 citus
489 1587 887 1643 subverterunt.
932 1587 1045 1655 Qua
1075 1588 1234 1658 igitur
1264 1589 1473 1644 ratione
1504 1588 1616 1643 fieri
1649 1590 1817 1659 possit
1863 1599 1919 1645 ut

313 1678 459 1734 Deus
498 1678 637 1734 idem
669 1679 783 1749 ipse
817 1694 959 1734 nunc
1005 1680 1095 1750 qui
1140 1688 1266 1735 tunc
1309 1691 1459 1743 erat,
1486 1680 1607 1735 illos
1635 1691 1919 1751 peccantes

308 1766 436 1825 sine'
474 1769 625 1826 venia
682 1770 953 1840 punierit,
998 1779 1050 1826 te
1099 1788 1225 1825 vero
1266 1775 1353 1849 qui
1384 1783 1502 1842 post
1533 1773 1653 1827 illos
1684 1772 1917 1843 peccasti

309 1872 367 1917 ct
409 1861 615 1932 majore
652 1860 844 1932 dignus
883 1877 943 1917 es
980 1864 1213 1925 ultione.
1255 1866 1378 1932 quia
1418 1865 1640 1934 gratiam
1697 1864 1918 1919 sortitus

309 1968 396 2018 es,
416 1968 589 2023 neque
616 1953 829 2008 illorum
851 1955 1113 2024 supplicio
1132 1955 1468 2021 emendatus,
1491 1956 1718 2010 inultum
1739 1956 1879 2009 sinat
1896 1955 1918 1995 ν

386 2046 441 2100 5.
475 2044 731 2099 Probatur
751 2048 982 2101 eumdem
1006 2064 1114 2102 esse
1143 2046 1277 2101 Novi
1304 2065 1366 2102 ac
1398 2048 1587 2104 Veteris
1618 2048 1920 2103 Testamenti

312 2133 503 2189 Deum.
526 2166 607 2196 ,-
637 2136 1097 2207 Ideoque-Paulus
1118 2180 1130 2200 ,
1164 2138 1423 2193 nihildum
1463 2139 1531 2193 de
1555 2139 1799 2210 gehenna
1842 2141 1919 2193 Io-

311 2238 552 2298 quutus,
599 2229 723 2299 quia
772 2228 944 2283 futura
989 2245 1017 2281 a
1050 2230 1233 2283 niuitis
1265 2246 1369 2283 non
1399 2231 1724 2295 creduntur,
1756 2231 1825 2284 ab
1856 2232 1921 2285 iis

312 2335 437 2388 qua:
461 2318 573 2388 jam
596 2320 965 2390 contigerant,
998 2328 1053 2374 et
1095 2322 1289 2389 quibus
1315 2322 1390 2375 illi
1421 2323 1579 2376 tidem
1611 2322 1917 2389 habebant,

314 2410 465 2479 ipsos
486 2409 705 2465 erudire
735 2411 871 2464 vult.
913 2411 1136 2465 Etiamsi
1186 2412 1329 2467 enim
1363 2402 1536 2466 futura
1597 2412 1919 2467 terribiliora

313 2501 452 2567 sint,
481 2500 830 2571 popularibus
870 2510 1053 2556 tamen
1095 2504 1363 2572 przeterita
1395 2512 1520 2557 sunt
1545 2503 1915 2569 credibiliora,

312 2600 370 2646 et
395 2590 512 2647 bzec
539 2593 661 2662 plus
685 2608 846 2663 quam
877 2592 968 2648 illa
993 2594 1186 2648 terrori
1207 2604 1332 2648 sunt
1356 2594 1504 2664 ipsis.
1538 2592 1743 2650 Idcirco
1768 2610 1833 2650 ex
1858 2595 1923 2649 iis

312 2693 694 2751 argumentum
724 2692 1019 2751 mutuatur,
1042 2684 1237 2753 quibus
1266 2700 1333 2738 ne
1361 2684 1787 2754 impudentiores
1806 2685 1923 2755 qui-

312 2771 440 2828 dem
459 2771 617 2827 fidem
637 2788 833 2843 negare
854 2784 1111 2843 possunt:
1136 2775 1296 2830 simul
1313 2784 1490 2829 autem
1508 2784 1562 2830 et
1584 2776 1839 2830 Marcioni
1867 2786 1925 2830 et

316 2864 614 2920 Maniclneo
639 2874 696 2920 et
723 2867 788 2920 iis
816 2866 907 2936 qui
936 2867 1046 2935 pari
1091 2868 1280 2921 morbo
1330 2866 1679 2933 laborabant,
1709 2867 1921 2922 letalem

317 2955 513 3027 inﬂigit
537 2958 766 3027 plagam.
789 2960 845 3015 Si
876 2960 1021 3014 enim
1044 2974 1151 3015 non
1178 2970 1260 3015 est
1288 2960 1427 3015 idem
1453 2960 1662 3016 Veteris
1682 2963 1772 3031 qui
1790 2960 1920 3016 Novi

317 3049 654 3106 Testamenti
684 3050 825 3106 Deus
845 3093 860 3115 ,
884 3052 975 3121 qui
999 3062 1055 3106 et
1082 3052 1168 3107 illa
1190 3054 1416 3115 monuit,
1445 3064 1499 3108 et
1525 3054 1663 3108 hanc
1694 3054 1921 3108 formam

321 3141 620 3198 traditurus
658 3151 810 3210 erat,
843 3143 1041 3199 frustra
1070 3145 1199 3200 mihi
1233 3146 1341 3200 hoc
1372 3146 1536 3211 dicis,
1570 3163 1604 3202 o
1644 3148 1838 3212 Paule,
1870 3158 1926 3202 et

318 3233 528 3288 nullum
550 3233 888 3289 auditoribus
911 3236 1159 3291 timorem
1186 3237 1398 3291 iucutis.
1423 3238 1556 3293 Nam
1578 3249 1751 3307 potest
1773 3240 1817 3293 is
1833 3241 1923 3310 qui

317 3323 471 3379 audit
504 3324 690 3380 dicere
732 3343 743 3377 :
778 3324 833 3381 Si
862 3328 1000 3381 alius
1030 3327 1153 3394 ille,
1182 3329 1319 3384 alius
1378 3330 1463 3384 hic
1504 3331 1644 3384 Deus
1676 3341 1754 3386 cst
1791 3349 1804 3385 :
1842 3333 1927 3387 hic

318 3426 473 3473 certe
501 3432 607 3471 non
639 3417 935 3472 secundum
975 3419 1117 3475 illius
1140 3422 1463 3484 sententiam
1503 3422 1762 3491 judicabit
1782 3465 1796 3487 ,
1827 3428 1925 3479 ne-

319 3523 430 3578 que
476 3508 665 3562 iisdem
697 3509 1090 3579 obtemperabit
1137 3512 1359 3582 legibus.
1388 3514 1524 3581 Quid
1564 3516 1706 3569 enim
1739 3517 1784 3569 si
1820 3517 1927 3571 Deo

324 3597 540 3654 Veteris
570 3599 729 3669 Legis
758 3602 930 3655 visum
963 3611 1047 3657 est
1089 3618 1277 3658 omnes
1321 3608 1545 3674 punire,
1587 3622 1721 3677 quas
1752 3609 1929 3663 larvas

322 3689 561 3758 profers,
586 3693 713 3761 quid
744 3703 917 3749 terres
944 3694 1164 3749 ?Alium
1195 3695 1369 3751 habeo
1388 3696 1668 3751 Dominum
1686 3741 1699 3761 ,
1726 3700 1814 3769 qui
1844 3716 1930 3754 me

319 3781 659 3853 iudicaturus
680 3794 783 3839 est.
811 3784 995 3856 Itaque
1016 3788 1061 3841 si
1107 3788 1241 3842 alius
1272 3787 1459 3843 fuisset
1502 3789 1746 3857 Veteris,
1792 3792 1930 3846 alius

328 3875 499 3930 Novze
523 3875 684 3947 Legis
702 3918 718 3942 ,
746 3878 943 3933 Paulus
969 3890 1155 3933 contra
1177 3922 1191 3946 ,
1216 3896 1374 3951 quam
1406 3880 1649 3947 volebat,
1673 3882 1889 3937 fecisset
1914 3902 1926 3935 :

324 3982 435 4023 non
465 3970 627 4023 modo
652 3971 796 4024 enim
826 3985 931 4025 non
961 3973 1238 4027 terruisset
1265 3974 1562 4029 auditorem
1584 4016 1599 4041 ,
1632 3976 1726 4030 sed
1755 3977 1921 4031 etiam

323 4064 394 4118 ab
411 4065 558 4118 omni
584 4066 827 4135 angustia
852 4074 908 4121 et
937 4075 1080 4119 metu
1104 4067 1409 4133 liberasset,
1428 4070 1568 4139 quod
1593 4086 1749 4123 nemo
1772 4086 1931 4138 quau-

324 4159 450 4212 tivis
478 4160 667 4229 pretii,
699 4162 861 4215 etiam
907 4161 1168 4230 insipiens
1211 4162 1434 4225 fecerit,
1483 4165 1679 4217 nedum
1734 4164 1931 4218 Paulus

328 4263 474 4305 tanta
515 4253 706 4321 plenus
726 4253 1006 4322 sapientia.
1042 4254 1196 4309 Unde
1227 4256 1401 4324 palam
1427 4264 1511 4309 est
1535 4255 1783 4309 eumdem
1812 4270 1933 4311 esse

330 4343 531 4409 Deum,
563 4343 653 4413 qui
679 4352 730 4398 et
766 4342 981 4399 Judceos
1009 4344 1061 4399 in
1091 4360 1273 4399 eremo
1296 4349 1615 4415 prostravit,
1648 4359 1703 4402 et
1741 4346 1809 4402 de
1833 4363 1931 4402 uo-

327 4435 411 4489 bis
451 4450 548 4491 eos
574 4435 787 4491 ulturus
831 4447 945 4503 est,
986 4437 1077 4507 qui
1126 4439 1486 4506 peccaverint.
1534 4438 1717 4507 Neque
1748 4438 1929 4505 enim,

328 4525 431 4579 nisi
465 4540 603 4578 unus
630 4534 777 4581 esset
806 4525 882 4598 (id
911 4529 1106 4581 iterum
1133 4528 1300 4598 dico),
1334 4545 1430 4597 per
1474 4544 1536 4583 ea
1575 4544 1696 4600 qua:
1745 4530 1871 4583 olim
1903 4545 1930 4582 a

328 4632 389 4671 se
416 4626 565 4687 gesta
594 4626 749 4684 sunt,
781 4618 848 4672 de
887 4617 1080 4674 futuris
1128 4622 1288 4674 etiam
1340 4636 1437 4675 nos
1497 4630 1757 4685 terreret;
1809 4622 1931 4691 quia

326 4720 511 4765 autem
554 4710 697 4765 idem
730 4711 844 4780 ipse
878 4722 960 4766 est
985 4752 999 4776 ,
1033 4713 1278 4783 supplicii
1308 4715 1763 4783 exspectatiooem
1788 4754 1800 4777 ,
1846 4712 1933 4767 cui

325 4804 626 4861 contradici
648 4805 864 4874 nequit,
897 4805 1030 4874 ipsis
1062 4805 1307 4872 induxit,
1352 4806 1646 4861 ostendens
1686 4816 1933 4861 metucu-

323 4897 456 4951 dum
482 4896 989 4967 formidandumque
1014 4912 1156 4955 esse.
1186 4900 1285 4965 Qui
1337 4900 1477 4953 cnim
1510 4909 1691 4969 patres
1722 4911 1935 4956 nostros

328 5000 623 5062 peccantes
650 4991 793 5045 ultus
822 5001 943 5058 est,
975 5008 1080 5045 nou
1129 4993 1313 5061 utique
1358 4993 1511 5046 nobis
1556 5002 1734 5061 parcet
1790 4994 1935 5060 paria

329 5084 701 5155 peccmtibus.
748 5083 866 5138 Jam
906 5100 1089 5154 operte
1138 5087 1369 5154 pretium
1413 5085 1571 5140 fuerit
1614 5087 1934 5157 principium

326 5177 659 5232 narrationis
686 5185 934 5246 repetere
955 5218 968 5241 ,
998 5187 1051 5231 et
1077 5177 1215 5231 dicta
1249 5180 1454 5247 singula
1482 5195 1604 5233 cum
1648 5180 1797 5234 omni
1842 5196 1934 5234 ac-

326 5268 613 5323 curatione
637 5268 967 5323 examinare.
992 5267 1131 5323 Nolo
1154 5282 1319 5323 autem
1342 5287 1426 5323 eos
1452 5274 1708 5339 ignorare,
1729 5275 1933 5340 fratres.

331 5359 634 5430 Discipulos
663 5372 821 5415 vocat
844 5360 1073 5424 fratres;
1101 5377 1205 5416 non
1234 5361 1509 5431 dignitatis
1528 5403 1542 5428 ,
1572 5362 1665 5416 sed
1699 5362 1937 5417 caritatis

329 5452 553 5505 nomine
604 5452 751 5519 ipsos
796 5453 1148 5521 compellans.
1204 5453 1420 5509 Sciebat
1477 5455 1659 5517 enim,
1693 5456 1937 5523 apprime

330 5543 515 5610 utique
533 5543 771 5609 sciebat,
803 5545 925 5598 huic
948 5545 1292 5615 appellationi
1318 5548 1526 5615 :rquale
1552 5548 1683 5601 nihil
1706 5562 1859 5613 esse,
1883 5556 1937 5603 et.

331 5634 621 5687 maximam
645 5632 919 5703 dignitatis
948 5640 1179 5705 speciem
1203 5678 1218 5703 ,
1259 5639 1491 5708 speciem
1525 5654 1645 5693 esse
1671 5641 1931 5694 caritatis.

334 5723 443 5779 lloc
469 5735 650 5780 autem
683 5726 830 5796 prius
858 5739 911 5781 et
943 5744 1044 5783 uos
1095 5728 1389 5784 imitemur.
1448 5730 1669 5784 Etiamsi
1717 5730 1934 5801 quidam

335 5828 576 5871 nostrum
609 5817 764 5872 valde
816 5818 1099 5891 inferiores
1128 5820 1264 5885 sint,
1302 5823 1446 5891 ipsus
1494 5823 1775 5879 ministerii
1834 5840 1928 5880 no-

1173 366 1238 423 IN
1277 362 1533 424 DICTUM
1575 364 1800 423 PAULI.
1830 362 2011 421 NOLO
2051 364 2180 423 VOS
2220 366 2593 434 ICNOiiARl-I,
2638 367 2788 425 ETC.

3514 371 3621 426 ita

2024 483 2168 538 mine
2194 485 2597 556 compellemus,
2618 501 2721 539 non
2752 486 2924 541 solum
2954 486 3172 550 liberos,
3201 484 3295 540 sed
3325 484 3484 539 etiam
3510 497 3625 539 scrc

2020 589 2147 639 vos;
2176 590 2281 630 non
2309 562 2482 632 solum
2502 576 2715 645 divites,
2740 577 2832 633 sed
2854 582 3013 632 etiam
3044 591 3305 647 paupere-3
3332 594 3345 629 :
3375 577 3619 645 quando-

2020 665 2235 736 quidem
2285 676 2340 723 et
2385 667 2583 724 Paulus
2622 684 2729 724 non
2762 668 2932 722 solum
2962 666 3364 723 Corinthiorum
3392 666 3621 733 divites,

2022 758 2222 815 liberos
2248 771 2302 814 et
2329 763 2734 831 conspicuos‘et
2762 762 3004 829 nobiles,
3034 762 3131 818 sed
3174 763 3337 817 etiam
3392 763 3626 828 privatos

2021 859 2077 906 et
2093 851 2448 921 domesticos,
2472 865 2526 911 et
2548 870 2741 911 omnes
2769 856 3233 911 indiscriminatim
3265 857 3361 911 hac
3380 855 3623 927 appella-

2024 942 2167 996 tione
2216 942 2515 1017 honorarit.
2568 944 2700 999 Nam
2726 946 2777 1000 in
2826 946 3043 1000 Christo
3068 945 3193 1001 Jesu
3234 962 3407 1016 neque
3438 961 3626 1001 servus

2023 1046 2198 1103 neque
2228 1033 2379 1100 liber,
2406 1051 2510 1089 non
2536 1035 2822 1102 barbarus,
2844 1053 2949 1091 nou
2980 1036 3178 1109 Scytha
3203 1080 3220 1105 ,
3245 1053 3351 1090 non
3373 1038 3612 1106 sapiens,

2027 1140 2203 1196 neque
2229 1127 2487 1198 insipiens
2508 1128 2653 1199 (Cat.
2680 1131 2735 1185 5.
2763 1130 2834 1185 28
2862 1131 2903 1201 ),
2933 1129 3026 1185 sed
3056 1130 3233 1185 omnis
3255 1129 3527 1184 saecularis
3545 1131 3629 1182 di-

2022 1218 2241 1287 gnitatis
2297 1219 2630 1289 iuthualitas
2669 1221 2876 1276 sublata
2933 1230 3032 1278 est.
3084 1220 3285 1292 Ecquid
3335 1221 3528 1275 mirum
3572 1221 3618 1277 si

2026 1308 2224 1363 Paulus
2247 1323 2539 1371 conservos
2565 1313 2643 1367 sic
2671 1312 3037 1383 appellaverit,
3056 1312 3269 1383 quando
3292 1322 3346 1367 et
3374 1314 3642 1367 Dominus-

2024 1400 2139 1468 ejus
2156 1410 2400 1455 naturam
2433 1412 2668 1457 nostram
2698 1405 2775 1458 sic
2792 1406 3019 1468 vocavit,
3046 1405 3130 1458 his
3152 1404 3331 1458 verbis
3355 1422 3369 1459 :
3390 1400 3633 1456 Narrabo

2028 1509 2211 1546 nomen
2243 1503 2385 1547 tuum
2416 1495 2660 1564 fratribus
2688 1497 2831 1560 meis,
2859 1498 2911 1551 in
2943 1497 3108 1551 medio
3135 1493 3380 1550 Ecclesfa:
3409 1494 3631 1549 laudabo

2025 1598 2073 1640 te
2100 1586 2271 1656 (l’sat.
2292 1586 2384 1641 2|.
2415 1588 2506 1659 25)
2535 1590 2558 1628 ’ἒ
2594 1588 2777 1657 Neque
2810 1600 3013 1644 tantum
3054 1604 3153 1643 nos
3184 1588 3378 1643 fratres
3398 1588 3631 1651 vocavit,

2025 1678 2118 1733 sed
2147 1688 2199 1732 et
2221 1680 2336 1748 ipse
2367 1678 2533 1735 frater
2569 1696 2692 1736 esse
2714 1691 2895 1735 noster
2917 1680 3117 1744 voluit,
3146 1691 3201 1735 et
3229 1695 3351 1734 vere
3380 1677 3477 1733 fuit
3505 1693 3629 1733 cum

2026 1786 2245 1825 carnem
2296 1782 2536 1826 nostram
2593 1773 2797 1838 induit,
2848 1787 2905 1829 et
2933 1782 3143 1828 naturm
3174 1780 3373 1826 nostra:
3410 1785 3637 1826 consors

2027 1864 2197 1917 factus
2250 1874 2351 1918 est.
2406 1864 2559 1930 Quod
2612 1866 2783 1934 ipsum
2812 1865 3089 1931 admirans
3131 1866 3329 1920 Paulus
3374 1863 3633 1919 dicebat:

2030 1955 2153 2010 Non
2180 1958 2315 2011 enim
2337 1958 2545 2028 angelos
2574 1960 2909 2029 apprehendit
2934 1959 3106 2025 Deus,
3134 1960 3222 2015 sed
3263 1975 3435 2015 semen
3474 1958 3640 2012 Abru-

2027 2046 2107 2099 Itce
2128 2047 2497 2117 apprehendit;
2530 2052 2666 2102 unde
2703 2050 2875 2103 debuit
2920 2068 3009 2122 per
3035 2051 3207 2104 omnia
3234 2051 3477 2121 fratribus
3503 2065 3637 2102 asst-

2025 2140 2197 2193 milari
2224 2138 2419 2212 (Hebr.
2453 2141 2508 2195 2.
2553 2143 2639 2197 l6.
2685 2143 2809 2212 17).
2841 2142 2911 2197 Ει
2938 2158 3193 2198 rursum:
3231 2143 3486 2210 Quoniam
3522 2156 3640 2194 vero

2028 2230 2173 2300 pueri
2200 2231 2630 2301 participaverunt
2658 2234 2800 2287 carni
2826 2243 2872 2286 et
2893 2234 3166 2303 sanguini,
3189 2232 3426 2288 similiter
3462 2241 3507 2286 et
3531 2231 3639 2300 ipse

2028 2324 2350 2393 participavit
2376 2324 2555 2377 iisdem
2572 2325 2697 2390 ipsis
2728 2323 2889 2393 (Ibid.
2915 2340 2963 2378 υ.
2992 2325 3101 2392 14).

2105 2410 2336 2467 Proximi
2360 2414 2565 2469 honeste
2588 2414 2948 2485 eompellaudi.
2970 2413 3239 2469 Transitus
3267 2431 3355 2485 per
3373 2431 3517 2470 mare,
3536 2413 3641 2469 liu-

2028 2502 2173 2557 brum
2203 2504 2441 2574 baptismi
2462 2516 2634 2576 typus.
2666 2535 2737 2546 —-
2768 2504 2894 2561 Haec
2928 2520 3093 2576 porro
3125 2507 3307 2560 omnia
3332 2505 3639 2569 audientes,

2026 2596 2387 2664 arr0gantiam
2413 2637 2427 2658 ,
2459 2594 2651 2651 fastum
2675 2606 2730 2652 et
2774 2598 3079 2667 superbiam
3106 2597 3402 2666 quamlibet
3426 2611 3491 2651 ex
3528 2598 3642 2649 aui-

2030 2685 2134 2738 mis
2164 2686 2360 2740 nostris
2386 2688 2728 2743 eliminemus
2780 2706 2793 2741 :
2824 2688 2876 2742 id
2919 2702 3131 2742 stunmo
3161 2686 3339 2741 studio
3368 2701 3643 2749 curemus,

2030 2784 2089 2830 ut
2114 2774 2356 2846 obsequii
2388 2786 2443 2832 et
2490 2776 2715 2833 honoris
2768 2778 3077 2833 nominibus
3128 2780 3402 2847 proximos
3429 2786 3645 2831 nostros

2029 2868 2439 2935 compellemus.
2466 2867 2616 2924 Licet
2647 2871 2790 2924 enim
2813 2871 2916 2925 hoc
2942 2868 3177 2923 officium
3212 2869 3357 2939 parvi
3382 2871 3641 2924 momenti

2030 2970 2152 3011 esse
2182 2957 2446 3022 videatur,
2478 2974 2667 3029 magna
2712 2969 2888 3015 tamen
2917 2961 3059 3030 parit
3084 2959 3223 3015 bona
3254 2977 3267 3013 :
3293 2960 3646 3028 quemadmo—

2029 3048 2156 3101 dum
2187 3057 2241 3105 et
2266 3052 2571 3119 Oppositum
2595 3052 2789 3106 multas
2820 3052 3149 3116 inimicitias,
3183 3051 3305 3107 lites
3335 3060 3389 3106 et
3419 3064 3643 3106 conten-

2034 3142 2208 3197 tiones
2236 3143 2553 3213 plerumque
2579 3144 2805 3213 peperit.
2838 3144 3023 3215 Neque
3052 3144 3155 3199 hoc
3180 3143 3524 3199 solummodo
3552 3143 3638 3198 di-

2030 3242 2197 3300 etum,
2231 3235 2325 3289 sed
2354 3236 2515 3290 etiam
2546 3236 2675 3291 illud
2719 3236 2863 3306 quod
2895 3237 3158 3305 sequitur,
3200 3251 3390 3304 magna
3414 3250 3637 3290 accura-

2034 3328 2182 3383 tioue
2235 3329 2569 3384 excutiamus
2628 3347 2643 3385 :
2704 3345 2878 3399 neque
2934 3329 3079 3384 enim
3139 3328 3267 3384 illud
3322 3330 3438 3385 sine
3484 3344 3644 3382 causa

2035 3420 2232 3489 posuit.
2262 3419 2396 3474 Cum
2427 3421 2571 3475 enim
2590 3420 2835 3487 dixisset,
2866 3420 3005 3475 Nolo
3032 3436 3119 3474 vos
3144 3421 3401 3491 ignorare,
3424 3423 3647 3489 fratres;

2033 3513 2250 3581 adjecit,
2304 3514 2457 3578 Quod
2504 3524 2673 3583 patres
2716 3515 2871 3567 nostri
2903 3530 3074 3567 omnes
3108 3528 3252 3567 :uon
3304 3512 3459 3578 dixit,
3503 3514 3646 3583 quod

2034 3606 2228 3671 Judaei,
2263 3622 2439 3676 neque
2474 3608 2528 3672 ii,
2559 3606 2648 3677 qui
2681 3622 2745 3660 ex
2776 3606 3014 3677 Egypto
3040 3606 3242 3675 egressi
3268 3604 3518 3668 fuerant;
3549 3604 3643 3659 sed

2035 3697 2196 3767 quid?
2226 3698 2409 3753 Patres
2437 3700 2596 3753 nostri
2641 3716 2849 3764 omnes;
2882 3699 3040 3753 simul
3070 3714 3220 3751 suam
3251 3697 3512 3766 exhibens
3546 3699 3647 3750 lut—

2036 3788 2339 3854 militatem,
2371 3804 2491 3843 cum
2529 3804 2716 3843 eorum
2762 3791 3136 3859 cognationem
3172 3804 3277 3843 nou
3326 3787 3649 3857 dedignatus

2036 3889 2138 3947 est,
2162 3881 2264 3935 etsi
2290 3888 2495 3934 tantum
2539 3884 2785 3949 superior
2810 3882 3005 3934 virtute
3032 3898 3046 3946 ;
3075 3888 3129 3933 et
3160 3878 3523 3948 impudentem
3552 3893 3650 3931 co-

2037 3991 2156 4029 rum
2178 3974 2413 4043 linguam
2440 3989 2721 4040 coercens,
2747 3974 2837 4042 qui
2873 3974 3115 4029 Veterem
3138 3972 3336 4043 Legem
3360 3973 3652 4027 criminan-

2040 4078 2147 4126 wr.
2189 4066 2374 4137 Neque
2414 4068 2557 4121 enim
2590 4068 2635 4122 si
2688 4067 2894 4121 odisset
2940 4067 3104 4131 illam,
3163 4066 3652 4121 honorabilioribus

2039 4161 2183 4214 illam
2214 4160 2520 4216 nonninibus
2555 4171 3057 4225 eommeniorasset,
3087 4174 3207 4214 cuzn
3239 4160 3316 4213 illi
3341 4175 3531 4214 omnes
3560 4162 3648 4230 qui

2041 4262 2166 4306 tunc
2218 4252 2461 4307 vixerant
2516 4251 2875 4306 criminationi
2925 4264 3109 4307 essent
3159 4252 3399 4306 obnoxii.
3441 4252 3651 4307 Omnes.

2038 4344 2222 4415 Neque
2245 4345 2373 4399 illud
2404 4354 2607 4400 temere
2642 4345 2837 4414 posuit,
2873 4342 3080 4409 Omnes,
3124 4360 3298 4414 neque
3324 4360 3649 4413 supervaca-

2043 4453 2163 4499 nee,
2198 4437 2293 4492 sed
2340 4452 2530 4507 magna
2568 4451 2691 4491 cum
2735 4436 3020 4505 sapientia.
3067 4435 3250 4507 Neque
3306 4452 3429 4491 cum
3483 4438 3653 4492 semel

2042 4530 2288 4596 dixisset,
2332 4528 2381 4582 id
2434 4536 2615 4599 postea
2670 4529 2865 4594 tacuit;
2897 4528 2989 4581 sed
3017 4537 3073 4583 et
3110 4528 3192 4583 bis
3217 4539 3270 4583 et
3305 4540 3386 4584 ter
3415 4540 3468 4584 et
3508 4546 3654 4600 sa‘pe

2044 4622 2428 4691 pronuntiavit,
2472 4630 2530 4674 ut
2572 4620 2784 4675 ediscas
2824 4620 2971 4674 illum
3002 4636 3105 4673 non
3141 4620 3502 4689 perfunctorie
3550 4621 3653 4675 hoc

2043 4714 2351 4785 protulisse.
2385 4712 2518 4767 Cum
2544 4712 2769 4767 dixisset
2790 4712 2953 4773 enim,
2980 4710 3132 4778 Quod
3162 4721 3331 4781 patres
3354 4712 3515 4765 nostri
3536 4728 3651 4763 om-

2043 4824 2131 4862 nes
2152 4806 2245 4861 sub
2274 4806 2405 4859 nube
2433 4809 2660 4875 fuerunt,
2708 4804 2924 4873 adjecit,
2956 4803 3021 4856 Et
3061 4820 3235 4856 omnes
3258 4820 3349 4874 per
3378 4820 3517 4857 mare
3543 4802 3652 4857 Rn-

2045 4900 2192 4952 brum
2215 4898 2544 4961 transierunt,
2574 4906 2619 4949 et
2644 4913 2816 4950 omnes
2841 4897 2895 4949 in
2928 4894 3160 4965 Moysem
3181 4897 3425 4966 baptismi
3443 4906 3579 4960 sunt,
3606 4906 3654 4950 et

2044 5008 2217 5044 onmes
2244 4990 2468 5043 eamdem
2496 5005 2661 5042 escam
2689 4988 3003 5057 spiritualem
3028 4988 3377 5053 romederunt,
3405 5000 3447 5042 et
3474 5005 3651 5043 omnes

2044 5084 2272 5137 eumdem
2306 5080 2818 5153 potnmspiritualcm
2862 5082 3107 5135 biberunt.
3141 5081 3347 5136 Audisti
3386 5084 3658 5152 quomodo

2044 5192 2189 5247 saepe
2222 5176 2372 5240 illud,
2411 5174 2617 5239 Omnes,
2652 5172 2930 5242 posuerit?
2960 5173 3111 5241 Quod
3138 5190 3475 5243 nequaquam
3502 5176 3655 5230 fecis-

2046 5276 2149 5333 sct,
2175 5266 2275 5320 uisi
2319 5281 2569 5334 magnum
2597 5264 2721 5329 quid
2761 5274 2813 5318 et
2846 5264 3087 5319 mirabile
3118 5266 3432 5335 tuySIerium
3464 5266 3653 5319 subiu-

2044 5364 2225 5417 dicare
2256 5362 2531 5416 voluisset.
2568 5360 2623 5415 Si
2672 5361 2814 5413 enim
2848 5359 3160 5425 simpliciter
3200 5358 3493 5429 posuisset,
3522 5359 3653 5413 satis

2045 5465 2161 5513 erat
2209 5456 2259 5511 id
2302 5454 2464 5509 semel
2511 5453 2712 5507 dictum
2761 5463 2941 5521 postea
2974 5460 3171 5517 tacere,
3227 5460 3281 5504 et
3310 5453 3388 5506 sic
3422 5450 3651 5506 dicere:

2044 5550 2196 5616 Quod
2253 5560 2429 5618 patres
2460 5546 2625 5600 nostri
2656 5558 2845 5596 omnes
2884 5543 2981 5596 sub
3018 5542 3157 5596 nube
3198 5541 3430 5601 fuerunt.
3480 5550 3533 5597 et
3560 5556 3657 5613 per

2047 5657 2195 5695 mare
2240 5638 2590 5698 transierunt,
2630 5646 2683 5689 et
2730 5635 2780 5687 iu
2811 5634 3048 5705 Moysem
3107 5632 3359 5700 baptizati
3400 5643 3525 5690 sum
3551 5672 3567 5697 ,
3600 5641 3654 5685 et

2046 5732 2291 5787 eaunlem
2320 5745 2499 5784 escam
2554 5728 2881 5799 spiritualcm
2914 5724 3285 5789 comederunt,
3318 5733 3372 5779 et
3403 5722 3653 5779 eumdem

2050 5833 2230 5897 potum
2254 5820 2583 5893 Spiritualem
2603 5819 2869 5875 biberunt.
2898 5817 3047 5873 Nunc
3067 5827 3245 5873 autem
3269 5831 3376 5872 non
3407 5816 3477 5870 ita
3496 5814 3652 5881 dixit,
