4228 6298
601 356 706 411 247

591 475 687 538 sed
735 473 804 527 ad
840 471 1045 542 singula
1092 479 1241 534 gesta
1286 468 1435 532 illud,
1483 467 1690 532 Omnes,
1736 467 2011 532 adjiciens,
2072 478 2175 515 non

593 577 813 631 parvam
839 560 994 615 nobis
1019 559 1297 614 scutentiae
1324 572 1435 613 sum
1456 556 1674 627 januam
1720 555 1949 626 aperuit,
1977 562 2033 606 ut
2061 551 2179 620 ejus

589 650 902 723 sapientiam
926 647 1348 714 consideremus,
1381 645 1489 702 Cur
1513 661 1644 717 ergo
1665 645 1802 701 hanc
1841 658 2027 698 vocem
2076 640 2182 696 fre-

589 753 814 812 quenter
841 739 1071 809 repetit?
1099 737 1168 794 Ut
1195 739 1442 793 ostendat
1466 752 1711 809 magnam
1747 750 1866 790 esse
1891 733 2048 803 Legis
2075 731 2178 786 Ve-

592 833 724 887 teris
748 845 869 885 cum
913 829 1058 884 Nova
1112 829 1507 900 cognationem,
1565 838 1620 882 et
1648 826 1735 881 illa
1785 824 1946 879 fuisse
1990 823 2180 877 horum

591 921 812 991 figuram
837 963 851 985 ,
885 931 940 976 et
971 920 1273 975 futurorum
1303 919 1566 974 umbram.
1602 917 1773 986 Atque
1800 915 2024 983 primum
2057 912 2182 967 hinc

589 1013 994 1067 consonantiam
1047 1012 1301 1066 ostendit.
1349 1009 1572 1065 Volebat
1619 1009 1759 1063 enim
1814 1006 2184 1062 demonstrare

588 1101 752 1170 quod,
784 1101 1230 1171 quemadmodum
1263 1101 1314 1154 in
1344 1099 1578 1155 Ecclesia
1609 1113 1716 1153 non
1765 1108 1846 1152 est
1891 1096 2182 1151 discrimen

591 1193 731 1247 inter
750 1207 964 1248 servum
995 1200 1049 1246 et
1073 1190 1325 1252 liberum.
1355 1205 1528 1260 neque
1574 1189 1715 1243 inter
1747 1189 2084 1256 peregrinum
2132 1193 2186 1240 et

591 1283 780 1341 civem.
810 1297 993 1337 senem
1025 1289 1080 1336 et
1109 1282 1386 1351 juvenem,
1418 1281 1711 1350 sapientem
1735 1290 1788 1333 et
1821 1279 2180 1348 insipientem,

594 1373 858 1442 privatum
888 1383 942 1427 et
973 1372 1292 1452 principem,
1323 1373 1597 1427 mulierem
1625 1381 1679 1426 et
1717 1372 1908 1435 virum,
1942 1369 2034 1424 sed
2065 1385 2182 1422 om.

593 1463 677 1516 nis
703 1471 835 1515 tetas
856 1471 908 1516 et
930 1461 1184 1531 dignitas,
1217 1470 1375 1532 atque
1415 1469 1639 1530 uterque
1669 1476 1827 1514 sexus
1857 1459 2101 1513 similiter
2132 1458 2183 1512 in

597 1551 840 1606 eamdem
869 1551 1014 1606 illam
1043 1567 1298 1622 aquarum
1324 1550 1580 1621 piscinam
1608 1549 1957 1614 descendunt,
1988 1562 2052 1602 ac
2075 1547 2187 1603 siie

597 1655 692 1696 rex
707 1639 821 1695 sive
846 1639 1126 1696 mendicus
1147 1640 1332 1695 eadem
1357 1639 1656 1710 expiatione
1672 1638 1946 1692 fruuntur:
1969 1637 2020 1692 id
2043 1637 2186 1707 quod

595 1743 677 1788 est
730 1733 1018 1787 maximum
1051 1741 1249 1786 nostra:
1295 1732 1582 1786 nobilitatis
1609 1740 2000 1800 argumentum,
2046 1729 2187 1800 quod

597 1822 757 1877 simili
789 1822 950 1877 modo
987 1822 1290 1878 mendicum
1319 1838 1382 1876 ac
1414 1814 1642 1892 purpura
1674 1823 1921 1875 vestitum
1971 1821 2034 1874 ad
2067 1837 2184 1892 my-

594 1915 756 1968 steria
809 1913 1150 1968 admittamus
1180 1955 1195 1979 ,
1251 1923 1408 1983 atque
1455 1913 1506 1968 in
1557 1896 1929 1984 mysteriorum
1983 1914 2188 1966 ratione

600 2001 731 2056 nihil
753 2001 840 2056 hic
869 2002 986 2071 plus
1014 2002 1102 2056 illo
1129 2001 1323 2057 habent
1355 2020 1367 2055 :
1399 2001 1477 2056 sic
1498 2012 1548 2056 et
1584 2001 1637 2054 in
1677 2001 1851 2055 Veteri
1870 2001 2009 2070 Lege
2037 2001 2185 2067 illud,

601 2092 808 2156 Omnes,
839 2093 1149 2162 frequenter
1179 2093 1369 2162 posuit.
1416 2091 1597 2160 Neque
1634 2094 1773 2145 enim
1797 2091 1976 2146 dicere
2003 2103 2176 2160 potes,

598 2183 832 2253 Bloyscm
859 2198 956 2252 per
999 2182 1231 2248 aridam,
1268 2182 1482 2237 Judzcos
1527 2195 1651 2234 vero
1699 2197 1793 2250 per
1821 2196 1968 2236 mare
2012 2189 2187 2252 trans-

600 2276 793 2342 ivisse;
819 2290 993 2345 neque
1018 2276 1301 2343 opulentos
1329 2289 1422 2342 per
1454 2272 1590 2327 banc
1619 2274 1777 2337 viam,
1813 2287 2073 2342 pauperes
2096 2288 2189 2341 per

597 2368 783 2435 aliam,
806 2382 980 2437 neque
1006 2368 1253 2421 mulieres
1288 2367 1386 2420 sub
1413 2381 1557 2432 aere,
1582 2368 1724 2420 viros
1763 2365 1862 2419 sub
1889 2366 2060 2430 nube;
2094 2364 2188 2420 sed

596 2473 787 2512 omnes
811 2474 909 2525 per
939 2473 1105 2524 mare,
1129 2459 1228 2512 sub
1255 2459 1394 2512 nube
1411 2471 1620 2522 omnes,
1645 2471 1698 2512 et
1728 2459 1781 2512 in
1805 2457 2041 2530 Moysen]
2075 2474 2190 2511 om-

604 2566 719 2604 nes.
765 2549 1026 2617 Quoniam
1071 2550 1212 2605 enim
1260 2551 1510 2604 transitus
1550 2551 1636 2604 ille
1663 2549 1823 2604 l'uturi
1856 2550 2189 2619 baptismatis

602 2652 757 2710 typus
773 2649 903 2694 erat
925 2682 940 2706 ,
988 2641 1089 2696 hoc
1123 2644 1349 2712 primum
1378 2656 1472 2709 per
1500 2641 1720 2711 figuram
1751 2641 1983 2709 exprimi
2026 2656 2190 2711 opor-

601 2732 715 2796 tuit,
746 2746 936 2800 nempe
964 2747 1149 2786 omnes
1167 2733 1474 2787 eorumdem
1495 2742 1770 2788 consortes
1798 2733 2189 2803 fuisse,quem-

600 2823 883 2876 admodum
914 2835 967 2878 et
998 2823 1084 2878 hic
1111 2839 1299 2879 omnes
1320 2825 1506 2880 eadem
1532 2828 1808 2895 a‘qttalitet‘
1849 2827 2186 2896 participant.

605 2913 675 2968 Et
718 2912 987 2981 quomodo
1008 2924 1204 2982 potest,
1260 2915 1488 2984 inquies,
1536 2916 1663 2970 illud
1706 2918 2040 2985 pra-Sentium
2072 2931 2191 2972 esse

601 3004 796 3074 typus?
817 3003 873 3061 Si
903 3006 1050 3074 prius
1072 3005 1320 3060 didiceris
1347 3007 1471 3076 quid
1500 3009 1568 3062 sit
1601 3019 1776 3078 typus,
1805 3009 1931 3078 quid
1964 3009 2186 3074 veritas,

601 3103 726 3148 tunc
755 3095 845 3148 tibi
872 3093 1092 3164 hujusce
1118 3096 1193 3149 rei
1217 3097 1476 3150 rationem
1505 3097 1738 3151 reddam.

674 3186 728 3238 4.
764 3183 1048 3239 Discrimen
1104 3187 1234 3240 inter
1291 3188 1521 3241 umbram
1564 3199 1611 3240 et
1653 3191 1929 3243 veritatem.
1962 3221 2031 3230 —-
2055 3190 2191 3258 Quid

603 3276 760 3343 igitur
801 3284 882 3330 est
929 3277 1136 3341 umbra,
1175 3287 1231 3331 et
1263 3277 1391 3347 quid
1443 3279 1672 3333 veritas?
1705 3283 1834 3349 Age,
1885 3297 2191 3337 sermonem

603 3365 668 3420 ad
699 3367 954 3438 imagines
995 3370 1401 3436 transferamus,
1447 3386 1578 3441 quas
1618 3373 1860 3440 ~pictores
1899 3372 2187 3429 deliueant.

606 3457 792 3513 Vidisti
821 3475 967 3530 saepe
989 3461 1384 3528 imperatoriam
1407 3463 1689 3533 imaginem
1711 3465 1943 3518 cmruleo
1973 3466 2190 3520 tinctam

602 3549 819 3614 colore;
850 3550 1042 3605 deinde
1069 3565 1198 3605 vero
1220 3552 1478 3620 pictorem
1505 3555 1652 3608 albas
1679 3554 1847 3607 lineas
1886 3555 2190 3622 ducentem,

606 3638 1072 3707 etlmperatorem
1115 3641 1511 3712 depingentem,
1562 3653 1618 3698 et
1661 3644 1854 3698 solium
1901 3645 2189 3714 imperato-

561 3791 576 3802 κ
608 3730 766 3796 rium,
793 3740 1032 3800 etequos
1068 3733 1360 3799 adStantes,
1398 3743 1454 3789 et
1493 3735 1749 3789 satellites
1776 3745 1830 3789 et
1855 3737 2061 3791 vinctos
2091 3737 2192 3790 ho-

606 3828 716 3873 stes
743 3828 901 3889 atque
941 3820 1208 3876 subactos.
1257 3825 1508 3878 Attamen
1547 3839 1665 3878 cum
1711 3825 1860 3878 vides
1890 3824 2003 3880 haec
2055 3825 2193 3881 deli-

608 3920 763 3966 neata
796 3919 849 3965 et
889 3909 1220 3977 adumbrata,
1266 3929 1438 3984 neque
1466 3923 1632 3968 totum
1663 3917 1788 3981 scis,
1818 3931 1991 3986 neque
2027 3926 2192 3971 totum

609 4003 825 4072 ignoras
853 4021 869 4059 :
916 4003 1010 4057 sed
1043 4003 1310 4059 hominem
1362 4007 1500 4077 pingi
1532 4015 1585 4061 et
1612 4023 1807 4078 equum
1833 4010 2058 4063 obscure
2102 4025 2193 4064 co-

608 4096 853 4165 gnoscis;
907 4096 1076 4166 qualis
1103 4112 1229 4152 vero
1275 4097 1344 4151 sit
1374 4098 1664 4167 imperator
1698 4107 1752 4154 ct
1797 4099 1966 4168 quilis
2004 4100 2192 4167 histis,

613 4201 716 4239 non
752 4187 822 4241 ita
856 4190 1129 4256 perspicue
1158 4191 1456 4260 cognoscis,
1478 4191 1649 4245 donec
1670 4193 1928 4248 accedens
1953 4194 2193 4248 colorum

611 4276 804 4329 veritas
821 4277 988 4330 visum
1006 4278 1281 4333 Certiorem
1314 4279 1487 4333 faciat.
1502 4279 1648 4335 Sicut
1669 4282 1826 4350 igitur
1863 4283 1913 4335 in
1937 4283 2025 4337 illa
2058 4284 2194 4337 ima-

611 4366 734 4435 gine
764 4381 867 4421 non
889 4368 1057 4437 exigis
1085 4377 1251 4423 totum
1279 4383 1403 4425 ante
1429 4372 1667 4426 colorum
1692 4373 2000 4439 veritatem;
2035 4377 2129 4428 sed
2151 4375 2195 4429 si

615 4455 900 4511 obscuram
921 4457 1200 4526 quamdam
1235 4462 1306 4514 rei
1347 4462 1703 4530 cognitionem
1732 4463 2014 4534 percipias,
2065 4467 2197 4520 satis

612 4546 908 4600 absolutam
956 4545 1363 4605 deliueatianem
1414 4567 1533 4607 esse
1571 4553 1845 4609 arbitraris
1878 4574 1892 4608 :
1924 4558 2002 4611 sic
2047 4567 2101 4612 ct
2130 4559 2198 4613 de

618 4633 801 4689 Veteri
826 4645 878 4690 et
912 4636 984 4690 de
1005 4636 1151 4691 Novo
1177 4639 1516 4696 Testamento
1540 4645 1739 4699 sentias
1792 4663 1808 4700 :
1863 4661 2035 4716 neque
2082 4662 2197 4702 om-

616 4725 883 4780 nimodam
917 4727 966 4780 iu
999 4737 1122 4798 typo
1146 4730 1384 4785 veritatis
1409 4736 1807 4790 accurationem
1850 4751 1879 4791 a
1906 4753 1991 4792 me
2017 4741 2198 4808 requi-

613 4831 740 4880 ras;
775 4825 991 4887 tumque
1022 4829 1203 4886 potero
1232 4830 1281 4875 te
1320 4821 1533 4889 docere,
1584 4840 1690 4896 quo
1717 4838 1871 4896 pacto
1915 4832 2198 4900 quamdam

616 4908 931 4964 affinitatem
955 4909 1198 4966 habuerit
1228 4912 1386 4968 Vetus
1416 4931 1535 4970 cum
1561 4915 1731 4983 Novo,
1755 4929 1808 4974 et
1838 4920 1928 4975 ille
1949 4924 2201 4978 transitus

617 5013 739 5052 cum
771 4999 1033 5067 baptismo
1055 5010 1256 5058 nostro.
1290 5003 1399 5059 illic
1443 5022 1577 5078 aqua
1601 5018 1652 5063 et
1679 5009 1765 5064 hic
1791 5027 1924 5080 aqua
1957 5032 1971 5068 ε
2009 5013 2096 5069 hic
2125 5018 2202 5084 pi-

621 5090 791 5152 scina,
823 5089 927 5144 illic
953 5091 1171 5162 pelagus
1203 5110 1216 5147 :
1248 5095 1334 5150 hic
1359 5111 1545 5152 omnes
1575 5101 1626 5154 in
1669 5117 1860 5172 aquam
1893 5104 2200 5174 ingrediun-

623 5186 728 5244 tur,
758 5177 866 5233 illic
888 5181 1010 5235 item
1039 5197 1226 5238 omnes
1274 5203 1288 5240 :
1338 5189 1632 5244 secundum
1679 5189 1780 5246 hoc
1809 5191 2059 5250 affinitas.
2115 5197 2204 5252 Vis

621 5268 834 5324 demqu
860 5271 1068 5328 discere
1103 5275 1343 5331 colorum
1386 5281 1702 5336 veritatem?
1732 5283 1843 5340 Illic
1874 5286 1941 5340 ab
1971 5286 2205 5358 Egypto

626 5375 721 5430 per
743 5376 888 5416 mare
908 5363 1288 5434 liberabantur,
1323 5368 1409 5424 hic
1455 5370 1522 5425 ab
1561 5372 1900 5430 idololatria:
1937 5377 2043 5432 illic
2064 5378 2204 5432 Plin-

622 5466 720 5507 rao
743 5451 1152 5526 demergebatur
1171 5499 1184 5523 ,
1227 5458 1316 5515 hic
1347 5461 1587 5519 diabolus
1616 5481 1630 5517 :
1663 5465 1769 5520 illic
1800 5465 2036 5540 Egyptii
2069 5486 2203 5540 prte-

567 5567 574 5574 -
626 5542 959 5612 focabautur,
1007 5545 1092 5600 hic
1128 5557 1283 5604 vetus
1311 5551 1469 5605 homo
1500 5555 1729 5622 peccatis
1756 5568 1975 5618 onustus
1996 5559 2206 5615 defodi-

627 5645 734 5690 tur.
789 5636 854 5690 Et
895 5638 1016 5694 vide
1059 5645 1428 5712 cognationem
1467 5649 1644 5716 figura:
1687 5665 1809 5703 cum
1859 5655 2098 5720 veritate,
2148 5672 2209 5712 ac

627 5726 866 5783 veritatis
897 5744 1004 5799 pne
1028 5739 1152 5802 typo
1176 5736 1569 5792 excellentiam.
1617 5738 1801 5809 Neque
1825 5743 1964 5798 enim
1990 5745 2208 5801 omnino

1316 358 1374 413 S.
1414 355 1694 412 JOANNIS
1731 349 2202 410 CHRYSOSTOMI
2234 349 2549 408 ARCHIEP.
2589 350 3130 410 CONSIANTINOP.

3780 354 3885 409 its

2292 463 2526 518 alienum
2554 473 2767 533 oportet
2788 479 2909 519 esse
2937 475 3118 535 typum
3145 479 3176 518 a
3204 465 3448 532 veritate,
3478 465 3717 536 alioquin
3741 467 3885 522 enim

2290 561 2444 622 typus
2469 568 2576 607 non
2599 561 2744 607 esset
2771 571 2784 608 :
2813 568 2984 623 neque
3033 569 3244 608 rursum
3279 567 3374 622 par
3395 565 3480 609 est
3499 556 3770 624 exaequari
3807 567 3885 627 ty-

2290 657 2416 712 pum
2444 645 2650 698 veritati
2676 661 2690 708 ;
2732 644 2968 714 alioquin
3002 654 3157 717 typus
3199 645 3311 714 ipsa
3342 647 3542 700 veritas
3569 654 3715 701 esset
3746 664 3762 702 :
3791 645 3885 700 sed

2289 733 2342 786 in
2378 749 2476 789 suo
2507 735 2669 787 modo
2700 744 2914 790 maneat
2937 742 3169 804 oportet,
3219 749 3393 805 nque
3434 735 3614 789 omnia
3670 735 3885 800 habeat,

2289 841 2408 895 qua!
2435 827 2626 880 veritas
2650 825 2832 893 habet,
2865 842 3039 897 neque
3072 842 3104 882 a
3133 835 3244 881 toto
3277 825 3506 882 excidat.
3549 826 3604 881 Si
3635 827 3778 881 enim
3809 837 3891 882 lo-

2291 925 2402 971 tum
2431 916 2650 970 haberet
2669 957 2684 978 ,
2727 917 2842 986 ipsa
2881 918 3078 972 veritas
3103 925 3284 982 esset;
3316 917 3360 972 si
3389 933 3418 970 a
3451 926 3564 972 toto
3587 916 3886 983 excideret,

2290 1023 2398 1062 non
2426 1015 2609 1078 posset
2632 1022 2752 1062 esse
2781 1017 2966 1080 typus;
2993 1008 3086 1062 sed
3114 1017 3325 1076 oportet
3352 1016 3408 1075 ut
3434 1016 3638 1077 partem
3671 1005 3886 1071 habeat,

2291 1106 2495 1167 partem
2523 1098 2734 1152 veritati
2763 1107 3021 1153 reservet.
3069 1097 3147 1154 Nc
3175 1099 3335 1167 igitur
3373 1099 3426 1152 in
3455 1097 3634 1153 Veteri
3663 1107 3831 1152 totum
3859 1114 3889 1150 a

2291 1200 2379 1241 me
2404 1185 2644 1256 requiras
2677 1186 2808 1240 :sed
2853 1188 2897 1242 si
2931 1202 3034 1258 qua
3069 1201 3230 1257 parva
3260 1197 3314 1241 et
3356 1186 3584 1241 obscura
3615 1187 3892 1256 acceperis

2291 1277 2592 1345 asuigmata,
2618 1284 2792 1331 tecum
2825 1277 2962 1331 bene
2990 1289 3167 1333 actum
3217 1291 3336 1332 esse
3383 1287 3529 1347 puta.
3561 1275 3662 1332 Ubi
3709 1278 3892 1347 itaque

2293 1381 2374 1420 cst
2403 1367 2651 1434 cognatio
2680 1368 2788 1438 typi
2816 1382 2936 1420 cum
2977 1366 3239 1422 veritate?
3268 1364 3324 1420 In
3361 1381 3427 1421 eo
3454 1366 3596 1437 quod
3624 1367 3736 1422 illic
3769 1383 3884 1420 om-

2294 1471 2409 1519 nes,
2438 1455 2524 1512 hic
2550 1456 2676 1511 item
2714 1472 2903 1512 omnes
2933 1475 2946 1509 :
2981 1457 3090 1512 illic
3121 1473 3214 1526 per
3231 1472 3446 1528 aquam,
3480 1457 3567 1512 hic
3595 1459 3760 1512 etiam
3789 1473 3887 1527 per

2292 1561 2481 1616 aquam
2519 1547 2636 1601 :illi
2663 1564 2693 1601 a
2719 1548 2975 1602 servitute
3001 1548 3211 1603 liberati
3251 1558 3398 1616 sunt,
3453 1559 3508 1604 et
3549 1563 3650 1605 nos
3689 1549 3818 1605 item
3857 1567 3890 1603 a

2293 1638 2548 1693 servitute
2577 1638 2805 1705 liberati,
2841 1639 2935 1693 sed
2958 1655 3062 1693 non
3091 1639 3160 1692 ab
3187 1637 3375 1693 eadem
3409 1658 3423 1694 :
3453 1654 3575 1694 nam
3604 1640 3734 1694 illia
3763 1655 3886 1695 ser-

2292 1728 2459 1783 vitute
2488 1727 2882 1799 Egyptiorum,
2914 1744 3010 1782 nos
3035 1745 3066 1782 a
3094 1729 3352 1785 servitute
3369 1727 3674 1784 daemonum
3708 1746 3723 1784 :
3753 1729 3827 1784 illi
3854 1745 3887 1784 a

2294 1821 2551 1873 servitute
2582 1819 2963 1884 Barbarorum,
2995 1835 3092 1889 nos
3125 1837 3151 1873 a
3175 1821 3436 1876 servitute
3465 1822 3693 1891 peccati.
3719 1819 3797 1876 Ad
3828 1821 3896 1874 li-

2297 1910 2556 1965 bertatcm
2582 1912 2786 1965 reducti
2815 1922 2940 1965 sunt
2981 1912 3075 1976 illi,
3126 1922 3178 1966 et
3221 1927 3319 1966 nos
3350 1914 3536 1977 etiam,
3567 1913 3660 1967 sed
3691 1928 3795 1967 non
3823 1913 3892 1967 ad

2295 2001 2559 2067 eamdem,
2605 2002 2700 2057 sed
2729 2002 2796 2056 ad
2828 2004 2997 2057 multo
3047 2003 3463 2073 splendidiorem
3497 2019 3614 2059 nos.
3651 2003 3804 2072 Quod
3844 2005 3895 2058 si

2299 2095 2500 2162 majora
2521 2094 2634 2148 suis
2663 2103 2843 2149 nostra
2874 2104 2926 2148 et
2983 2095 3389 2160 excellentiora,
3418 2110 3487 2149 ne
3511 2105 3750 2164 stupeas.
3781 2094 3898 2149 Hoc

2295 2182 2436 2240 enim
2460 2185 2691 2241 maxime
2710 2185 2950 2240 veritatis
2980 2195 3083 2252 est,
3115 2185 3256 2255 quod
3278 2187 3347 2240 sit
3368 2198 3494 2258 typo
3520 2186 3678 2256 longe
3707 2188 3896 2241 excel-

2294 2277 2508 2340 lentior,
2542 2292 2718 2345 neque
2744 2285 2924 2330 tamen
2962 2277 3037 2330 illi
3086 2276 3389 2331 adversaria
3421 2277 3511 2341 sit,
3542 2285 3597 2332 ct
3638 2291 3762 2330 cum
3796 2276 3891 2331 illo

2297 2376 2510 2437 pugnet.
2547 2366 2681 2433 Quid
2719 2376 2897 2422 autem
2927 2377 3030 2434 est,
3063 2365 3250 2422 Omnes
3277 2367 3331 2422 in
3372 2366 3603 2440 Moysen:
3640 2367 3894 2438 baptisati

2295 2468 2411 2512 sunt
2430 2457 2455 2511 ?
2475 2455 2638 2512 Forte
2681 2457 2968 2512 obscurum
2999 2459 3016 2490 ¹
3047 2467 3130 2513 est
3163 2457 3304 2528 quod
3325 2458 3520 2513 dicitur
3541 2477 3556 2525 ;
3579 2459 3672 2513 sed
3698 2458 3899 2513 clarius

2296 2550 2512 2605 efficere
2541 2550 2796 2604 conabor.
2831 2549 2976 2605 Mare
3001 2560 3126 2604 tunc
3147 2561 3261 2605 erat
3281 2550 3532 2606 diffusum
3559 2561 3685 2607 ante
3712 2552 3900 2608 oculos

2296 2656 2482 2696 eorum
2510 2651 2564 2695 et
2587 2640 2911 2710 jubebantur
2952 2643 3179 2696 transire
3225 2656 3323 2710 per
3355 2650 3669 2696 extraneam
3709 2656 3899 2710 quam-

2297 2732 2419 2788 dam
2449 2741 2503 2786 et
2528 2731 2894 2786 admirabilem
2924 2733 3084 2786 viam.
3128 2730 3298 2786 Nemo
3327 2746 3578 2801 umquam
3611 2734 3690 2787 sic
3719 2741 3899 2787 trans-

2298 2826 2451 2879 ierat.
2477 2822 2878 2880 Cunctabantur
2915 2832 2970 2879 et
3000 2825 3336 2889 recusabant,
3387 2835 3549 2894 atque
3571 2840 3716 2893 :egre
3753 2824 3898 2880 fere—

2297 2915 2443 2972 bant.
2496 2913 2768 2969 Transivit
2811 2915 3019 2986 Moyses
3072 2916 3295 2984 primus,
3342 2924 3394 2968 et
3424 2926 3479 2967 ut
3504 2929 3694 2970 omnes
3743 2915 3901 2970 facile

2297 3016 2649 3076 sequerentur
2689 3004 2888 3059 effecit.
2924 3005 3033 3060 lloc
3080 3005 3180 3059 sibi
3222 3006 3333 3059 vult
3373 3005 3529 3070 illud,
3558 3003 3624 3060 In
3668 3004 3899 3077 Hogsem

2298 3096 2539 3167 baptizati
2567 3105 2718 3160 sunt;
2737 3110 2856 3150 cum
2885 3095 2959 3149 illi
2981 3095 3356 3161 credidissent,
3395 3103 3521 3149 tunc
3539 3097 3590 3150 in
3616 3111 3785 3166 aquas
3807 3096 3900 3152 illo

2299 3187 2434 3243 duce
2461 3188 2664 3258 ipsique
2686 3187 2907 3241 ﬁdentes
2929 3186 3132 3256 ingredi
3155 3187 3270 3240 ausi
3291 3196 3434 3241 sunt.
3460 3188 3571 3242 lloc
3588 3189 3710 3243 etin
3733 3187 3896 3244 Chri-

2298 3287 2382 3332 sto
2403 3278 2593 3332 accidit
2626 3295 2638 3330 :
2672 3292 2796 3331 cum
2827 3279 2971 3330 enim
3003 3292 3104 3331 nos
3149 3277 3451 3331 reduxisset
3478 3279 3546 3332 ab
3586 3292 3796 3342 errore,
3840 3289 3899 3333 et

2298 3369 2365 3423 ab
2387 3368 2646 3422 idolorum
2675 3366 2819 3422 cultu
2849 3367 3150 3432 liberasset,
3184 3377 3239 3421 et
3271 3367 3325 3422 in
3359 3383 3581 3437 reguqu
3612 3383 3712 3422 nos
3736 3383 3897 3423 manu

2297 3459 2539 3524 duceret,
2572 3459 2686 3526 ipse
2716 3459 2921 3527 primus
2958 3458 3101 3512 viam
3131 3458 3360 3528 aperuit,
3407 3460 3608 3528 primus
3640 3461 3692 3513 in
3735 3460 3898 3515 cmlos

2298 3552 2555 3606 ast-endit.
2599 3549 3062 3619 Quemadmodum
3095 3550 3255 3620 igitur
3297 3551 3373 3604 illi
3423 3551 3591 3623 Moysi
3643 3550 3894 3618 ﬁdentes,

2299 3642 2400 3696 iter
2427 3641 2700 3710 suscipere
2738 3649 2863 3695 sunt
2889 3641 3044 3706 ausi,
3075 3641 3144 3695 ita
3171 3651 3224 3696 et
3249 3656 3350 3696 nos
3389 3643 3601 3697 Christo
3643 3640 3894 3708 ﬁdentes,

2300 3732 2436 3786 hanc
2465 3733 2947 3801 peregrinationem
2981 3731 3207 3786 fidentes
3236 3731 3577 3800 suscipimus.
3607 3731 3760 3798 Quod
3797 3745 3896 3786 au-

2299 3832 2406 3877 tem
2441 3823 2491 3877 id
2523 3822 2622 3877 sibi
2665 3822 2795 3878 velit
2838 3822 2966 3877 illud
3015 3821 3080 3875 In
3108 3821 3338 3893 Moysem
3379 3823 3619 3892 baptisati
3644 3833 3781 3888 sunt,
3829 3839 3898 3880 ex

2304 3913 2522 3965 historia
2556 3911 2729 3981 palam
2755 3922 2858 3965 est.
2888 3911 3003 3965 Non
3026 3913 3169 3966 enim
3198 3913 3249 3965 in
3280 3927 3474 3966 nomen
3494 3912 3692 3984 Lioysis
3718 3911 3896 3982 bapti-

2300 4003 2400 4056 zati
2435 4013 2579 4056 sunt.
2612 4001 2669 4057 Si
2713 4017 2869 4073 porro
2920 4018 3018 4057 nos
3066 4018 3171 4058 non
3220 4003 3380 4057 modo
3407 4003 3588 4058 Jesum
3615 4004 3807 4059 ducem
3837 4006 3901 4061 ac

2302 4097 2594 4166 principem
2616 4095 2895 4160 habemus,
2927 4094 3021 4150 sed
3044 4096 3203 4149 etiam
3233 4095 3284 4148 in
3316 4111 3510 4149 nomen
3529 4095 3644 4165 ejus
3666 4096 3902 4166 baptiza-

2304 4204 2441 4254 mur,
2471 4189 2594 4242 licet
2624 4188 2698 4243 illi
2749 4204 2854 4243 non
2886 4188 3220 4258 baptizentur
3257 4189 3311 4242 in
3341 4203 3536 4243 nomen
3569 4189 3785 4261 Moysis,
3833 4206 3901 4245 ne

2302 4266 2423 4333 ideo
2473 4280 2700 4334 turbt-ris
2733 4298 2745 4333 :
2778 4281 2884 4334 dixi
2936 4293 3163 4348 namque
3192 4289 3439 4349 oportere
3465 4289 3521 4335 ut
3564 4283 3762 4336 veritas
3804 4283 3899 4337 ali-

2301 4384 2458 4437 quam
2504 4369 2767 4439 ingentem
2812 4378 2867 4425 et
2909 4369 3233 4425 iuell'abilem
3286 4370 3660 4426 excellentiam
3706 4371 3902 4428 habeat

2301 4470 2461 4527 supra
2493 4458 2734 4527 figuram.

2378 4548 2556 4603 Mensa
2572 4560 2618 4602 et
2647 4548 2892 4620 Μειδίαν-ἔα
2937 4568 3086 4605 sacra
3112 4553 3163 4605 in
3214 4549 3379 4605 Veteri
3404 4553 3540 4622 Lege
3567 4552 3901 4617 adumbrata;

2304 4638 2506 4694 Paulus
2551 4639 2915 4695 Samosatenus
2961 4642 3229 4711 refellitur.
3258 4671 3330 4681 —
3355 4641 3597 4696 Vidistiu’
3623 4642 3678 4696 in
3725 4645 3902 4714 bapti-

2303 4747 2423 4788 smo
2446 4735 2534 4803 qui
2564 4733 2636 4788 sit
2663 4743 2838 4805 typus,
2878 4749 2995 4802 qua:
3027 4733 3267 4789 veritas?
3313 4735 3445 4802 Age,
3473 4735 3750 4789 ostendam
3808 4737 3900 4792 tibi

2305 4833 2360 4880 ct
2388 4840 2626 4879 mensam
2663 4835 2721 4880 et
2749 4826 3123 4896 mySIeriorum
3171 4825 3631 4895 participationem
3662 4827 3770 4882 illic
3801 4826 3900 4882 ad—

2308 4917 2605 4969 umbratam
2633 4912 2819 4976 fuisse,
2864 4916 2908 4966 si
2961 4930 3066 4967 non
3109 4920 3280 4968 totum
3317 4929 3560 4969 rursusa
3588 4931 3676 4972 me
3723 4928 3898 4985 petas,

2308 5005 2402 5058 sed
2428 5007 2505 5060 sic
2533 5020 2596 5061 ea
2621 5021 2742 5076 qua:
2785 5014 2931 5074 gesta
2960 5013 3084 5059 sunt
3125 5006 3422 5070 examines,
3455 5017 3514 5060 ut
3538 5022 3636 5079 par
3666 5019 3749 5063 est
3775 5024 3901 5063 unt-

2311 5097 2431 5150 bras
2458 5107 2512 5153 et
2541 5097 2757 5168 figuras.
2786 5095 2918 5150 Nam
2949 5110 3069 5150 cum
3100 5096 3326 5154 dixisset
3359 5098 3426 5152 de
3452 5101 3606 5165 mari,
3641 5095 3710 5154 de
3737 5100 3902 5168 nube,

2309 5189 2482 5260 deque
2505 5189 2706 5261 Moyse,
2731 5189 3004 5259 subjunxit
3031 5203 3046 5242 :
3076 5188 3142 5242 Et
3161 5204 3333 5244 ωηηιι
3353 5189 3576 5243 eamdem
3597 5207 3761 5245 escam
3795 5195 3905 5260 spi-

2310 5282 2545 5336 ritualem
2591 5283 2938 5335 comederunt.
2986 5280 3448 5346 Quemadmodum
3499 5290 3576 5346 tu,
3610 5283 3799 5352 inquit.
3833 5300 3900 5337 ex

2314 5372 2518 5443 piscina
2545 5387 2800 5441 aquarum
2827 5369 3143 5438 ascendens,
3192 5371 3259 5425 ad
3303 5386 3540 5426 mensam
3583 5373 3755 5427 curris
3785 5372 3904 5428 :sic

2313 5475 2364 5520 et
2392 5465 2463 5519 illi
2490 5480 2557 5519 ex
2584 5465 2716 5518 mari
2741 5462 3116 5528 ascendentes,
3139 5461 3206 5518 ad
3233 5478 3472 5518 mensam
3502 5479 3692 5518 novam
3713 5473 3767 5519 et
3801 5465 3903 5518 mi-

2316 5559 2540 5614 rabilem
2562 5564 2841 5623 venerunt,
2871 5556 2938 5611 de
2967 5569 3159 5609 manna
3187 5553 3398 5625 loquor.
3423 5556 3501 5610 Ac
3522 5568 3738 5610 rursum
3764 5555 3902 5610 sicut

2379 5703 2395 5732 ι
2426 5701 2484 5770 In
2521 5697 2680 5770 lidius
2718 5702 2919 5770 legitur,
2959 5698 3149 5770 clarum
3176 5700 3603 5770 (σαφέςκβινίιη
3646 5701 3906 5770 οριτιιῑειειι

2317 5763 2556 5827 (ἀσαφὲς),
2571 5763 2621 5812 in
2633 5763 2854 5826 margine
2867 5769 3121 5825 posuerat,
3135 5770 3186 5812 ct
3211 5763 3300 5813 nos
3322 5763 3534 5827 legimus
3555 5777 3583 5813 c
3604 5763 3768 5821 codice
3787 5764 3904 5812 7&8.
