4228 6298
660 311 759 368 ςδι

659 427 828 493 ipsis;
866 426 1304 505 quemadmodum
1349 427 1605 498 scriptum
1648 439 1726 484 est
1771 445 1790 485 :
1833 428 1980 486 Sedit
2016 431 2240 501 populus

648 518 987 587 manducare
1022 527 1072 572 et
1117 517 1318 580 bibere.
1363 531 1414 574 et
1459 531 1802 577 surrexerunt
1850 521 2048 578 ludere.
2103 523 2240 579 Vide

656 606 812 663 Pauli
858 607 1227 678 prudentiam.
1278 610 1418 666 Dixit
1460 623 1784 680 peccatum,
1827 612 1968 668 dixit
2011 629 2235 669 causam

661 702 888 772 peccati,
931 704 1066 760 dixit
1104 720 1321 778 pinnam
1365 716 1584 780 propter
1621 718 1892 778 peccatum
1933 707 2183 763 indiciam
2227 723 2242 764 :

662 791 748 847 his
775 807 874 847 nos
901 794 1174 860 erudiens,
1204 807 1262 851 ut
1284 811 1353 851 ne
1382 797 1500 852 illos
1521 799 1808 854 imitemur.
1837 796 2009 854 Causa
2041 799 2245 867 peccati

661 880 760 936 luit
785 883 906 950 gula
932 901 948 938 :
984 883 1130 938 Sedit
1159 887 1382 956 populus
1422 888 1730 941 manducare
1756 897 1806 941 et
1839 887 2022 944 bibere.
2049 889 2245 942 Pecca-

662 981 796 1037 tum,
830 971 944 1044 ipse
969 974 1140 1030 lusus.
1189 975 1392 1032 Deinde
1418 991 1594 1047 pana,
1625 976 1884 1034 Prortrati
1919 987 2038 1032 sunt
2075 979 2129 1032 in
2154 979 2243 1032 de-

655 1075 808 1120 serto.
843 1066 1046 1122 lterum
1077 1081 1223 1132 vero,
1271 1067 1352 1124 Nc
1383 1070 1692 1140 fornicemur
1723 1111 1739 1136 ,
1769 1071 1897 1124 sicut
1921 1071 2126 1140 quidam
2159 1073 2247 1124 c'o-

656 1173 771 1210 rum
795 1156 1034 1226 fornicati
1075 1168 1208 1215 sunt.
1241 1160 1338 1214 Hic
1361 1176 1576 1216 causam
1607 1161 1970 1217 fornicationis
2001 1178 2108 1218 non
2145 1177 2246 1232 po-

657 1249 786 1316 suit,
831 1247 927 1307 sed
970 1263 1204 1319 pmnam.
1251 1250 1421 1320 Quam
1452 1267 1587 1309 vero
1611 1253 1791 1308 illam?
1823 1251 2118 1308 Ceciderunt
2147 1270 2251 1306 una

659 1338 743 1407 die
788 1339 971 1410 viginti
1021 1327 1119 1396 tria
1155 1342 1339 1396 millia.
1387 1344 1493 1398 Cur
1545 1353 1722 1399 autem
1763 1345 2097 1401 occasionem
2141 1360 2248 1400 non

664 1428 820 1494 dixit,
852 1446 919 1487 ex
965 1445 1071 1501 qua
1101 1431 1385 1488 fornicatio
1427 1443 1540 1488 orta
1564 1435 1680 1490 est?
1709 1435 1975 1492 Studiosis
2011 1436 2247 1506 reliquit,

660 1528 718 1574 ut
744 1518 1026 1576 historiam
1055 1522 1287 1589 adirent,
1315 1533 1369 1579 et
1396 1524 1630 1582 radicem
1654 1527 1784 1582 mali
1827 1528 2114 1584 discerent.
2155 1529 2252 1584 llic

661 1621 745 1665 est
773 1611 1053 1669 medicina
1078 1614 1289 1681 modus,
1317 1614 1501 1673 dicere
1539 1633 1732 1686 nempe
1771 1618 1913 1675 unde
1957 1631 2252 1676 nascantur

664 1703 862 1772 morbi,
903 1716 959 1759 et
1003 1707 1239 1761 remedia
1291 1708 1548 1764 adbibere
1593 1711 1922 1768 vulneribus.
1965 1712 2250 1782 Propterea

663 1797 794 1852 dicit
824 1816 838 1850 :
867 1797 995 1854 Have
1031 1809 1200 1854 autem
1232 1803 1405 1856 omnia
1451 1804 1503 1857 in
1544 1804 1714 1874 ﬁgura
1747 1803 2100 1877 contingebant
2127 1805 2252 1870 illis,

662 1884 857 1958 scripta
882 1900 1002 1944 sunt
1048 1901 1230 1946 autem
1257 1893 1325 1946 ad
1365 1895 1740 1962 correptionem
1786 1907 2033 1951 nostram.
2075 1895 2256 1967 Itaque

666 1981 757 2050 qni
783 1979 911 2036 fecit
939 1979 1049 2046 illa,
1077 1991 1132 2037 et
1160 1982 1431 2054 improbos
1458 1985 1597 2039 ultus
1626 1996 1728 2049 est,
1761 1987 1807 2042 is
1842 1983 1958 2056 ipse
1993 2002 2132 2042 nunc
2158 2003 2256 2042 nos

667 2071 940 2137 admonet,
985 2088 1092 2134 non
1141 2075 1318 2130 verbis
1354 2085 1579 2144 tantum,
1625 2076 1720 2132 sed
1759 2077 1919 2133 rebus
1970 2079 2257 2150 ipsis;qui

671 2165 939 2219 maximus
968 2172 1051 2220 est
1077 2164 1458 2223 admonitionis
1485 2168 1693 2223 modus.
1720 2168 1965 2224 Vidistin'
1988 2169 2259 2240 quomodo

670 2255 740 2313 iis
759 2256 848 2328 qui
874 2257 927 2311 in
956 2258 1296 2328 gratia‘sunt,
1321 2274 1463 2325 eum,
1499 2260 1589 2329 qui
1617 2259 1670 2314 in
1707 2259 1881 2315 Veteri
1913 2259 2014 2316 hoc
2036 2259 2256 2325 fecerat,

669 2346 980 2418 magistrum
1007 2348 1315 2415 instituerit,
1345 2350 1636 2406 ostendens
1661 2350 1912 2405 eumdem
1945 2351 2117 2420 ipsum
2139 2365 2261 2408 esse

672 2435 763 2505 qui
783 2443 841 2490 et
866 2437 953 2497 illa
978 2435 1198 2506 fecerat,
1223 2447 1278 2494 et
1304 2440 1416 2494 haec
1439 2455 1535 2510 per
1553 2441 1726 2510 ipsum
1755 2441 2106 2511 loquebatur?
2128 2442 2260 2496 Nam

672 2528 719 2583 si
745 2529 952 2585 alienus
973 2529 1184 2598 fuiSset,
1211 2547 1544 2603 nequaquam
1573 2534 1656 2588 illa
1684 2533 1872 2589 horum
1897 2534 2140 2605 ﬁguram,
2162 2549 2264 2589 nec

676 2617 743 2673 ad
772 2621 1166 2690 corrcptionem
1207 2633 1443 2677 nostram
1486 2638 1549 2678 ea
1588 2624 1784 2693 scripta
1826 2625 1988 2680 fuisse
2017 2622 2262 2689 dixisset,

684 2725 856 2781 neque
884 2713 1198 2782 magistrum
1225 2715 1378 2768 nobis
1406 2716 1739 2782 instituissﬂ,
1769 2731 1924 2787 quem
1957 2731 2060 2772 non
2084 2725 2266 2785 putas-

677 2810 762 2857 set
781 2816 903 2858 esse
935 2803 1135 2859 Deum:
1164 2819 1337 2875 neque
1367 2806 1433 2860 ab
1465 2806 1548 2871 iis,
1575 2803 1692 2877 quin
1722 2816 1847 2862 tunc
1870 2805 2009 2862 facta
2030 2805 2260 2883 fuerant,

677 2906 778 2947 nos
831 2895 1141 2962 terruisset,
1188 2897 1339 2966 quasi
1381 2897 1432 2950 in
1483 2898 1625 2953 illius
1680 2914 1868 2953 manus
1916 2897 2263 2954 deventurns.

681 2980 832 3038 Nunc
859 2995 1036 3040 autem
1063 2987 1354 3044 ostendens
1372 3002 1470 3042 nos
1493 2988 1545 3042 in
1572 2987 1714 3044 illius
1739 3004 1927 3043 manus
1953 2988 2150 3044 iterum
2171 2987 2268 3046 de-

681 3072 926 3146 lapsuros
946 3093 1065 3134 esse
1081 3110 1098 3137 ν
1118 3090 1276 3151 atque
1295 3090 1576 3152 utrumque
1601 3083 1876 3153 populum,
1904 3082 2050 3138 illum
2075 3096 2269 3138 nempe

1338 314 1394 371 S.
1436 314 1717 374 JOANNIS
1754 316 2239 376 οηιηδοετοκι
2287 319 2606 382 ARCHIEP.
2647 327 3180 387 CONSTANTINOP.

3832 333 3940 390 εει

2347 445 2403 492 et
2451 438 2790 510 hodiernum,
2840 443 2983 498 illius
3021 445 3303 514 gubernari
3334 446 3577 516 legibus,
3628 449 3808 504 omnia
3853 451 3940 508 illa

2345 534 2820 600 commemoravit,
2865 548 2930 589 ac
2973 530 3134 601 dixit,
3179 535 3263 589 Ad
3299 546 3526 591 nostram
3577 541 3943 607 correptiones

2345 621 2536 691 scripta
2562 631 2700 676 sunt.
2729 622 2855 679 Haec
2885 624 3046 694 igitur
3063 640 3185 681 cum
3212 616 3471 692 sciamus,
3498 637 3554 684 et
3586 616 3874 698 prateritis
3891 640 3948 684 et

2350 711 2544 766 tuturis
2569 712 2873 770 credamus.
2921 715 2978 771 Si
3004 730 3136 772 vero
3174 718 3408 789 quipiam
3450 719 3578 783 sint,
3626 722 3717 789 qui
3757 719 3948 775 futuris

2353 816 2458 856 non
2485 803 2728 868 credant,
2757 819 2788 859 a
2810 808 3101 873 praeteritis
3130 823 3225 862 cos
3248 808 3314 864 ad
3343 809 3558 864 virtutis
3586 810 3824 865 studium
3848 811 3950 866 de-

2351 892 2631 961 ducamus,
2678 897 2765 951 illa
2809 908 3092 955 narrantes
3131 917 3252 969 qua:
3296 900 3589 957 Sodomitis
3615 901 3946 967 acciderunt,

2351 999 2470 1054 qua
2502 986 2553 1038 in
2581 985 2783 1040 diluvio
2810 987 2963 1053 item,
2989 1004 3109 1058 qua:
3159 989 3210 1043 in
3253 988 3490 1061 Egypto
3514 1003 3961 1051 commemorati;

2354 1085 2464 1141 tes;
2493 1084 2548 1128 ut
2574 1074 2801 1131 aliorum
2842 1078 3016 1147 panis
3047 1078 3113 1132 ad
3150 1080 3426 1134 meliorem
3459 1079 3667 1150 frugem
3717 1081 3946 1142 reducti,

2354 1165 2626 1235 vitamque
2648 1177 2871 1237 agentes
2895 1169 3173 1236 optimam,
3195 1168 3494 1225 doctrinam
3522 1170 3742 1226 demum
3765 1171 3837 1228 de
3862 1184 3952 1242 ge-

2356 1253 2535 1308 benna
2564 1264 2619 1310 et
2648 1256 2716 1312 de
2745 1259 3144 1315 resurrectione
3173 1259 3479 1315 admittant.
3507 1259 3953 1331 Quandoquidem

2353 1352 2409 1398 et
2437 1359 2582 1400 nunc
2603 1348 2694 1416 qui
2713 1346 2974 1415 judicium
2996 1363 3102 1403 non
3128 1349 3374 1414 credunt,
3409 1351 3622 1404 nonnisi
3645 1365 3675 1403 a
3698 1358 3954 1421 corrupta

2353 1436 2459 1490 vita
2483 1444 2538 1491 et
2568 1452 2733 1507 prava
2761 1441 3092 1496 conscientia
3141 1440 3221 1509 sic
3263 1441 3442 1496 aﬂ‘ecti
3490 1451 3637 1498 sunt.
3683 1441 3872 1512 Itaque
3909 1441 3955 1497 si

2358 1534 2573 1595 peccata
2604 1528 2868 1596 eluamus,
2899 1539 2953 1584 et
2995 1538 3142 1585 metu
3191 1532 3586 1598 praeteritorum
3613 1547 3714 1586 nos
3739 1530 3955 1586 erudia-

2356 1632 2501 1683 mus,
2533 1619 2693 1673 etiam
2737 1618 3036 1674 doctrinam
3065 1620 3134 1675 de
3172 1619 3366 1676 futuris
3392 1619 3677 1677 admittere
3703 1621 3954 1678 suadebi-

2358 1723 2499 1764 mus.
2531 1708 2990 1775 Quemadmodum
3017 1709 3161 1764 enim
3194 1725 3356 1779 prava
3386 1705 3633 1782 dogmata
3657 1712 3822 1766 vitam
3849 1711 3952 1766 im-

2362 1814 2549 1867 puram
2605 1797 2862 1855 inducere
2912 1799 3110 1865 solent,
3160 1800 3238 1856 sic
3279 1800 3338 1855 et
3381 1809 3630 1872 corrupta
3655 1802 3767 1857 vita
3795 1815 3953 1870 prava

2361 1889 2609 1961 dogmata
2652 1891 2968 1962 plerumque
3017 1892 3242 1961 peperit.
3287 1892 3444 1960 Quod
3483 1907 3550 1949 ne
3587 1893 3866 1963 contingat
3905 1903 3959 1949 et

2366 1980 2522 2035 nobis
2549 1981 2698 2049 ipsis,
2725 1990 2781 2035 et
2799 1981 2939 2047 aliis,
2965 1982 3082 2037 hate
3105 1982 3462 2038 vociferantes
3487 1983 3652 2038 verba
3675 1991 3732 2038 et
3756 1991 3958 2038 rectam

2366 2071 2524 2128 Iidem
2563 2086 2860 2138 servemus,
2893 2080 2946 2128 et
3000 2072 3125 2127 vita:
3174 2071 3476 2128 institutum
3517 2075 3780 2143 optimum
3809 2072 3956 2128 exhi-

2367 2165 2609 2232 beamus,
2660 2163 3088 2235 quandoquidem
3125 2180 3152 2218 a
3194 2164 3351 2218 nobis
3379 2179 3446 2220 ex
3476 2165 3622 2220 omni
3667 2171 3820 2234 parte
3860 2162 3962 2220 de.

2366 2264 2720 2310 monstratum
2761 2263 2864 2320 est,
2892 2256 3010 2310 sine
3050 2255 3214 2325 proba
3243 2254 3348 2309 vita
3389 2255 3592 2310 nullam
3635 2255 3754 2310 fore
3784 2263 3963 2310 recto-

2365 2363 2487 2403 rum
2525 2347 2836 2418 dogmatum
2865 2347 3170 2403 utilitatem.
3201 2346 3321 2402 Fiat
3349 2356 3530 2402 autem
3559 2347 3813 2416 precibus
3839 2360 3966 2401 sau-

2366 2447 2599 2506 ctorum,
2626 2448 2682 2494 et
2709 2439 2996 2508 prmsulum
3023 2437 3285 2502 omnium,
3316 2446 3376 2492 ut
3414 2444 3472 2492 et
3497 2447 3642 2492 recta
3687 2435 3963 2507 dogmata,

2367 2543 2492 2598 qum
2520 2543 2550 2582 a
2577 2528 2870 2598 majoribus
2896 2529 3024 2582 olim
3053 2528 3380 2595 accepimus,
3413 2542 3546 2599 pura
3569 2541 3885 2590 servemus;
3915 2535 4002 2603 et.

2373 2621 2535 2674 vitam
2565 2620 2697 2689 ipsis
2723 2629 3107 2690 congruentem
3134 2619 3473 2688 adjiciamus,
3505 2629 3561 2674 ut
3581 2621 3846 2690 promissa
3868 2617 3969 2674 bo-

2375 2725 2441 2765 na
2464 2725 2876 2780 consequamur,
2909 2713 3077 2780 gratia
3107 2718 3163 2765 et
3199 2710 3527 2780 benignitate
3559 2708 3770 2764 Domini
3799 2710 3973 2764 nostri

2368 2803 2501 2860 Jesu
2527 2802 2750 2866 Christi,
2775 2804 2990 2874 quicum
3024 2801 3163 2858 Patri
3200 2801 3466 2872 simulque
3500 2809 3689 2856 sancto
3727 2800 3972 2872 Spiritui.

2371 2897 2567 2968 gloria,
2598 2896 2906 2966 imperium,
2936 2894 3134 2961 honor,
3179 2910 3325 2952 nunc
3349 2902 3404 2949 et
3431 2907 3667 2964 semper,
3704 2901 3762 2947 et
3787 2893 3840 2946 in
3869 2905 3977 2946 sa:-

2374 2992 2496 3049 cula
2516 2990 2863 3047 szeculorum.
2891 2990 3088 3044 Amen.

1585 3760 1966 3829 MONITUM
2013 3760 2125 3823 AD
2177 3760 2600 3823 HOMILIAM
2639 3761 2720 3822 IN
2762 3761 3033 3836 ILLUD,

763 3947 818 4002 ld
856 3965 1022 4005 unum
1059 3952 1203 4007 circa
1242 3960 1562 4022 praesentem
1603 3951 1924 4006 concionem
1963 3948 2233 4019 expiscari
2270 3964 2588 4018 possumus,
2625 3949 2826 4003 dictam
2865 3961 3060 4017 nempe
3102 3945 3271 4001 fuisse
3310 3957 3598 4018 postquam
3641 3949 3697 4003 in
3735 3963 3945 4019 prace-

686 4065 834 4121 denti
870 4068 1090 4123 bomiiia
1117 4068 1515 4138 Jerosdlymam
1543 4067 1885 4122 calamitates
1909 4081 2038 4120 suas
2070 4065 2141 4118 ita
2165 4065 2484 4133 παθητικῶς
2506 4065 2876 4134 deplorantem
2899 4064 3187 4118 induxerat
3209 4062 3652 4134 Cbrysostomns,
3672 4074 3730 4117 ut
3752 4062 3952 4131 hujus-

689 4181 830 4237 modi
856 4192 1164 4239 acroamate
1191 4182 1448 4236 commoti
1474 4197 1666 4236 omnes
1697 4183 1789 4252 qui
1814 4182 2060 4247 aderant,
2096 4198 2221 4236 mox
2259 4185 2310 4236 in
2346 4183 2506 4237 ﬂetus
2533 4194 2587 4236 et
2637 4182 2871 4252 gemitus
2906 4181 3156 4249 erupturi
3194 4189 3400 4244 essent,
3436 4181 3539 4234 nisi
3585 4180 3812 4236 sedandi
3851 4180 3942 4234 lu-

688 4304 809 4348 ctus
835 4310 1001 4349 causa
1032 4309 1337 4349 sermonem
1368 4296 1474 4348 alio
1509 4295 1876 4348 transtulisset
1901 4303 2104 4347 orator.
2161 4292 2233 4345 De
2271 4309 2416 4346 anno
2464 4301 2646 4345 autem
2682 4291 2763 4345 vel
2812 4301 3154 4360 tempestate,
3193 4290 3428 4358 itemque
3467 4291 3846 4346 Antiochiaene
3873 4308 3946 4346 an

689 4405 1159 4476 Constantinopoli
1196 4407 1336 4461 hanc
1384 4409 1634 4462 habuerit
1684 4407 1987 4471 homiliam,
2052 4421 2118 4458 ne
2165 4408 2522 4476 conjectando
2565 4406 2782 4474 quidem
2825 4405 2932 4458 dici
2981 4412 3180 4475 potest.
3224 4401 3350 4458 llaec
3389 4419 3514 4457 vero
3558 4403 3828 4474 praecipue
3859 4404 3952 4460 hic

689 4524 1111 4580 demonstranda
1158 4525 1425 4595 suscipit:
1480 4539 1671 4581 vocem
1719 4524 1801 4577 δεῖ
1849 4540 1945 4580 seu
2008 4534 2209 4594 Oportet
2262 4523 2348 4578 hic
2394 4541 2498 4577 non
2549 4524 2910 4593 praecipientis
2957 4532 3057 4577 aut
3084 4523 3418 4577 consulentis
3466 4535 3607 4586 esse,
3636 4524 3729 4580 sed
3761 4524 3948 4579 futura

689 4641 1126 4714 praenuntiantia,
1150 4643 1609 4711 quemadmodum
1653 4652 1694 4699 at
1729 4643 1786 4697 in
1817 4642 1938 4696 aliis
1971 4659 2078 4696 non
2105 4632 2298 4711 paucis
2334 4641 2633 4710 Scriptura:
2661 4642 2797 4697 locis
2838 4643 3200 4709 observatur;
3239 4642 3480 4711 itemque
3510 4641 3770 4709 haereses,
3802 4657 3951 4714 quas

1541 5187 1652 5259 IN
1691 5187 2118 5257 DICTUM
2167 5186 2482 5256 ILLUD
2523 5187 3072 5274 APOSTOLI,

668 5355 954 5397 oronrsr
998 5356 1076 5398 ET
1122 5355 1412 5398 umnsses
1461 5357 1606 5398 esse
1640 5354 1701 5398 IN
1748 5355 1949 5409 mnis,
1997 5355 2078 5396 UT
2108 5354 2214 5402 om
2249 5354 2515 5395 PROBATI
2562 5355 2741 5409 sum,
2776 5355 3114 5397 MANIFESTI
3164 5353 3355 5395 eum
3404 5334 3470 5412 (ι.
3502 5334 3654 5394 For.
3705 5335 3800 5393 ll.
3841 5334 3967 5412 19).

741 5569 791 5620 1.
835 5566 973 5618 Satis
1011 5580 1179 5633 nuper
1225 5564 1326 5618 hoc
1371 5565 1642 5630 Spiritualc
1685 5563 1953 5617 theatrum
2005 5565 2263 5629 incaluit,

672 5677 791 5714 cum
824 5660 1211 5727 Jerosolymam
1253 5660 1494 5711 oratione
1540 5659 1687 5711 vobis
1734 5658 2032 5710 mdnrerem
2067 5669 2116 5711 ct
2147 5661 2259 5726 ιιιη.

674 5762 871 5804 “intem
901 5791 913 5811 .
945 5763 996 5806 ct
1037 5751 1273 5817 proprias
1319 5750 1646 5804 calamitates
1686 5751 2104 5803 :2nnttniﬁmtnnt.
2139 5752 2252 5805 Vidi

2377 5567 2518 5620 enim
2547 5565 2734 5618 oculos
2777 5573 2985 5616 vestros
3030 5563 3160 5629 Iacr;
3176 5573 3380 5612 marum
3414 5555 3628 5610 ﬂumina
3659 5558 3923 5626 parturire
3958 5575 3972 5609 :

2373 5660 2478 5712 vidi
2521 5675 2583 5712 ex
2628 5659 2818 5711 alTecm
2861 5667 3040 5707 Vestro
3081 5652 3407 5721 singulorum
3445 5652 3651 5704 animos
3685 5650 3975 5716 gexnitibm

2369 5754 2606 5820 ηρρῑριςις
2631 5760 2785 5819 atque
2815 5749 3072 5802 turbatos.
3110 5745 3232 5800 ideo
3261 5746 3442 5799 statim
3465 5757 3622 5810 atque
3651 5743 3700 5796 id
3732 5749 3963 5797 anima-tt-
