4228 6298
194 407 294 460 255

195 521 328 576 verti
353 559 370 588 ,
397 520 720 594 tragadiam
756 524 901 578 illam
932 523 1110 578 sedavi
1139 564 1154 590 ,
1185 537 1490 578 sermonem
1517 523 1582 578 de
1614 517 1792 581 medib

196 612 438 668 transtuli
464 654 482 680 ,
524 613 818 685 ﬂetumque
865 615 1014 670 illum
1062 631 1128 670 ex
1168 616 1500 685 singulorum
1543 617 1791 675 cordibus

191 715 509 774 erupturum
551 708 783 763 coerciti.
835 708 1024 762 Anima
1070 709 1269 780 quippe
1313 709 1458 764 luctu
1492 719 1747 778 occupata
1774 751 1789 777 ,

195 793 324 851 nihil
349 809 544 852 sanum
571 798 653 852 vel
682 798 863 853 dicere
901 800 985 854 vel
1023 798 1208 853 audire
1238 800 1403 854 valet.
1450 800 1518 854 At
1553 814 1648 854 cur
1691 799 1793 855 hoc

198 903 338 943 nunc
375 889 534 944 vobis
579 890 631 944 in
669 891 983 946 memoriam
1031 891 1324 947 revocavi?
1351 891 1483 959 Quia
1524 906 1586 946 ca
1611 930 1624 954 .
1673 906 1793 960 qua:

197 992 310 1032 sum
353 978 517 1034 hodie
566 979 848 1044 dicturus,
895 982 1002 1036 illis
1048 998 1166 1050 quae
1213 991 1338 1036 tunc
1379 982 1629 1052 loquutus
1673 995 1793 1036 sum

195 1069 480 1125 admodum
512 1080 640 1126 sunt
667 1071 867 1128 afﬁnia.
896 1072 1360 1139 Quemadmodum
1386 1074 1527 1127 enim
1557 1073 1642 1127 illa
1671 1073 1794 1127 vitae

200 1143 455 1216 desidiam
510 1163 565 1216 in
622 1164 774 1219 nobis
829 1164 1234 1234 reprimebant,
1297 1165 1683 1235 scgnitiemque
1741 1165 1792 1220 in

199 1251 401 1321 agendo
429 1263 674 1308 nostram
699 1254 1039 1323 corrigebant
1067 1272 1080 1307 :
1107 1255 1184 1309 sic
1205 1270 1266 1310 ea
1288 1270 1408 1325 quze
1436 1271 1574 1311 nunc
1600 1256 1794 1311 dicturi

197 1356 378 1397 sumus
424 1344 571 1398 circa
609 1343 916 1414 diligentem
956 1345 1265 1414 dogmatum
1313 1346 1745 1402 observationem
1776 1393 1790 1413 ,

200 1433 499 1488 securiores
539 1449 640 1488 nos
669 1435 896 1491 reddere
927 1446 1176 1504 poterunt
1199 1477 1213 1499 ,
1258 1437 1327 1491 ita
1361 1445 1417 1491 ut
1444 1436 1794 1507 undequaque

200 1525 414 1593 perfecti
446 1525 612 1581 futuri
643 1528 809 1582 simus
835 1571 848 1594 ,
880 1528 945 1582 In
971 1533 1130 1583 virum
1162 1532 1440 1601 perfectum
1465 1573 1479 1597 ,
1508 1534 1561 1584 in
1588 1549 1793 1586 mensu-

200 1632 306 1669 ram
348 1617 514 1671 tetatis
559 1616 794 1689 (Ep/tes.
839 1621 893 1674 4.
936 1621 1040 1689 l5)
1083 1623 1459 1691 pervenientes
1499 1623 1792 1678 secundum

198 1706 432 1762 divinum
457 1709 786 1777 apostolum.
817 1709 968 1766 Tunc
989 1727 1183 1780 corpus
1205 1722 1442 1767 vestrum
1465 1714 1792 1780 curavimus,

201 1813 338 1854 nunc
361 1799 523 1866 capiti
555 1800 872 1855 medicinam
905 1801 1179 1856 aﬂ‘erimus
1203 1820 1216 1868 ;
1252 1812 1377 1859 tunc
1403 1804 1650 1861 Jeremia:
1677 1822 1795 1861 ver-

199 1887 279 1941 bis
302 1929 316 1951 ,
347 1904 488 1944 nunc
515 1889 667 1945 Pauli
695 1893 1053 1946 sermonibus.

275 1980 404 2047 Vox,
439 1981 688 2050 Oportet,
720 1984 1060 2053 praedictionis
1087 2002 1221 2055 saepe
1245 1987 1344 2040 vim
1372 1988 1613 2042 habet.——
1632 1989 1790 2058 Qua:-

200 2085 315 2124 nam
351 2081 476 2125 sunt
521 2073 612 2126 illa
645 2074 796 2128 Pauli
841 2076 999 2130 verba
1027 2117 1042 2141 ,
1082 2092 1201 2146 qua:
1241 2094 1381 2133 nunc
1423 2081 1577 2134 nobis
1613 2082 1792 2150 expla-

200 2161 366 2215 nanda
402 2165 821 2231 proponuntur?
851 2165 1059 2236 Oportet
1085 2209 1099 2235 ,
1133 2169 1341 2239 inquit,
1373 2181 1418 2225 et
1448 2173 1660 2226 lurreses
1690 2190 1794 2227 esse

198 2269 248 2306 tn
272 2253 404 2308 vobis
426 2297 439 2322 ,
463 2266 522 2308 ut
548 2265 595 2310 et
621 2257 708 2325 qui
736 2259 934 2324 probati
959 2270 1108 2324 sunt,
1142 2262 1398 2333 manifesti
1427 2263 1552 2330 ﬁant
1581 2265 1630 2316 in
1657 2265 1792 2318 vobis

203 2345 278 2414 (i.
311 2347 426 2400 Cor.
463 2349 553 2402 Η.
587 2348 699 2418 i9).
739 2349 853 2403 Non
895 2351 1169 2405 minimum
1210 2364 1293 2406 est
1331 2355 1471 2423 quod
1513 2355 1787 2423 quaeritur.

199 2436 326 2491 Nam
367 2440 409 2492 si
449 2440 785 2496 consulentis
831 2458 980 2496 more
1018 2443 1211 2499 Paulus
1253 2446 1527 2514 loquitur,
1576 2456 1632 2502 et
1668 2463 1792 2503 vere

198 2540 403 2597 oportet
450 2531 689 2588 hmreses
724 2549 880 2600 esse,
923 2535 1177 2605 inculpati
1222 2549 1344 2592 sunt
1395 2538 1786 2595 hazresiarchze.

199 2620 350 2688 Atqui
380 2637 486 2676 non
523 2623 592 2676 ita
621 2632 746 2690 est,
782 2640 887 2678 non
930 2625 999 2679 ita
1047 2641 1134 2680 res
1179 2642 1238 2682 se
1283 2628 1438 2683 habet
1471 2649 1484 2684 :
1514 2646 1617 2684 non
1647 2633 1788 2685 enim

198 2712 527 2767 consulentis
556 2755 570 2776 ,
603 2714 695 2769 sed
730 2715 898 2769 futura
931 2718 1266 2784 praedicentis
1299 2719 1401 2774 hoc
1444 2722 1643 2776 dictum
1686 2733 1786 2778 est.

196 2800 653 2868 Quemadmodum
684 2809 824 2860 enim
856 2808 1095 2862 medicus
1120 2826 1240 2864 cum
1269 2812 1413 2866 videt
1442 2828 1640 2883 aegrum
1673 2831 1790 2870 cra-

198 2893 330 2960 pula:
361 2903 416 2948 et
443 2895 568 2948 vino
599 2896 824 2965 aliisque
851 2898 1133 2967 prohibitis
1162 2901 1399 2956 deditum
1427 2945 1440 2970 ,
1472 2905 1560 2957 tali
1593 2907 1786 2961 intem‘

195 2983 426 3049 perantia
458 3024 473 3047 ,
509 2985 720 3054 inquit,
770 2986 958 3041 febrim
993 2989 1132 3059 gigni
1174 2999 1422 3059 oportet,
1469 3009 1573 3048 non
1613 2995 1786 3066 legem

195 3087 390 3142 ponens
414 3117 428 3140 ,
460 3092 567 3130 non
613 3080 897 3132 consulens
921 3120 936 3145 ,
982 3081 1074 3134 sed
1105 3097 1170 3136 ex
1213 3085 1566 3152 praesentibus
1611 3087 1786 3144 futura

196 3165 500 3233 conjectaus
540 3182 600 3220 ac
639 3168 940 3236 prmdicens
965 3212 979 3237 ,
1026 3172 1094 3225 ita
1133 3172 1399 3242 loquitur;
1439 3177 1787 3250 similiterque

198 3255 421 3322 agricola
455 3265 549 3310 aut
578 3258 903 3326 gubernator
929 3262 1114 3317 videns
1142 3279 1459 3321 concursum
1490 3269 1706 3324 nubium
1736 3282 1786 3327 et

196 3345 417 3401 tonitrua
458 3362 585 3401 cum
628 3347 926 3419 fulguribus
965 3356 1295 3423 erumpentia
1323 3399 1336 3422 ,
1369 3357 1495 3413 dicit
1518 3401 1532 3424 ,
1564 3359 1784 3430 Oportet

195 3435 345 3492 hasce
375 3439 544 3494 nubes
575 3441 807 3508 pluviam
838 3458 1027 3510 parere
1050 3487 1064 3511 ,
1091 3455 1139 3500 et
1174 3447 1397 3503 imbrem
1427 3452 1784 3509 vehementis-

193 3526 377 3582 simum
405 3571 420 3596 ,
444 3546 550 3584 non
575 3531 905 3588 cohortando
927 3534 1043 3589 lucc
1066 3537 1195 3592 dicit
1220 3582 1234 3604 ,
1259 3540 1350 3595 sed
1379 3545 1518 3612 quod
1548 3543 1781 3602 futurum

193 3628 269 3672 est
295 3623 660 3690 prasnuntiat;
706 3625 784 3679 sic
829 3634 882 3680 et
932 3626 1127 3681 Paulus
1177 3629 1266 3682 illa
1315 3647 1483 3699 voce,
1535 3634 1778 3706 Oportet,

193 3726 313 3768 usus
332 3724 442 3769 est.
490 3716 557 3770 Et
584 3731 682 3772 nos
712 3732 1083 3787 saepenumero
1115 3736 1234 3776 cum
1271 3725 1511 3781 videmus
1539 3728 1782 3785 homines

193 3803 376 3858 acriter
404 3805 767 3875 disceptantes
794 3851 808 3871 ,
854 3824 917 3863 ac
945 3823 1064 3865 sese
1093 3822 1277 3867 mutuo
1306 3819 1559 3885 gravibus
1590 3832 1780 3875 contu-

193 3895 355 3950 meliis
384 3897 682 3954 allicientes
706 3942 720 3964 ,
761 3899 988 3956 dicimus
1013 3944 1027 3969 ,
1071 3904 1292 3974 Oportet
1333 3907 1494 3965 hosce
1539 3912 1780 3968 homines

193 3983 241 4036 in
270 3987 494 4056 aliquam
527 3992 756 4060 pugnam
787 4007 1104 4062 erumpere,
1143 4006 1198 4051 et
1239 4000 1575 4057 custodiendi
1615 4015 1772 4071 sunt;

187 4088 286 4129 non
311 4079 656 4135 cohortantes
675 4122 690 4145 ,
715 4097 892 4152 neque
913 4085 1256 4142 consulentes
1277 4089 1346 4142 ita
1371 4090 1637 4160 loquimur
1655 4096 1672 4165 (
1689 4099 1775 4165 qui

189 4166 321 4221 enim
350 4168 402 4223 id
430 4171 546 4226 ﬁeri
577 4173 786 4240 possit?
813 4179 829 4242 )
869 4174 961 4228 sed
998 4192 1064 4230 ex
1096 4181 1345 4247 praesenti
1376 4180 1610 4237 futurum
1641 4201 1773 4240 cou-

183 4254 455 4323 jectaotes.
491 4262 566 4316 ita
593 4272 647 4317 et
671 4264 868 4319 Paulus
908 4283 1013 4320 non
1057 4272 1345 4326 consulens
1387 4275 1456 4326 ita
1501 4276 1768 4346 loquitur,

191 4347 390 4413 Oportet
418 4353 634 4408 hereses
662 4356 714 4408 in
737 4355 872 4409 vobis
902 4373 1010 4410 esse
1028 4399 1043 4422 ,
1072 4359 1164 4413 sed
1213 4361 1508 4428 praedicens
1552 4376 1605 4421 et
1646 4385 1772 4437 pro-

186 4439 382 4506 phetice
422 4436 785 4513 prmnuntians
818 4447 867 4500 id
893 4448 1035 4517 quod
1060 4449 1290 4506 futurum
1318 4462 1419 4509 est.
1451 4457 1600 4524 Quod
1629 4436 1770 4516 enim

188 4544 285 4585 non
331 4537 577 4591 consulat
627 4537 862 4594 haereses
898 4556 1058 4606 esse,
1102 4543 1214 4612 ipse
1257 4545 1494 4603 declarat
1537 4552 1720 4608 dicens
1754 4573 1766 4608 :

190 4619 395 4677 Etiamsi
420 4627 630 4696 angelus
658 4628 795 4682 vobis
820 4633 1127 4702 evangelth
1149 4646 1330 4703 prater
1358 4639 1412 4690 id
1432 4681 1444 4702 ,
1469 4643 1604 4710 quod
1630 4661 1772 4700 acce-

184 4712 318 4779 pistis
343 4756 358 4780 ,
386 4717 658 4770 anathema
686 4719 750 4772 sit
785 4719 804 4786 (
825 4718 943 4774 Gal.
971 4724 1020 4776 l.
1050 4723 1086 4778 8
1119 4727 1157 4794 ).
1180 4725 1296 4794 Ipse
1318 4737 1400 4782 est
1426 4733 1515 4800 qui
1539 4733 1768 4789 circum-

188 4804 430 4862 cisionem
457 4851 471 4872 ,
507 4811 629 4880 quia
658 4811 1033 4882 intempestive
1062 4817 1448 4876 observabatur
1472 4865 1486 4888 ,
1531 4833 1586 4880 et
1631 4843 1767 4894 prce-

183 4892 451 4952 dicationis
479 4900 762 4967 puritatem
794 4901 1148 4960 labefactabat
1172 4949 1188 4972 ,
1237 4910 1423 4977 rejecit
1474 4930 1537 4970 ac
1575 4892 1715 4974 dixit
1748 4941 1760 4977 :

181 4983 235 5037 Si
259 4987 692 5044 circumcidamini
713 5030 731 5057 ,
759 4991 990 5049 Christus
1029 4997 1167 5052 vobis
1202 5000 1329 5053 nihil
1379 5005 1601 5070 proderit
1635 5008 1654 5081 (
1674 5008 1756 5064 Id.

179 5074 224 5127 ὅ.
255 5075 350 5147 Ξ).
377 5078 660 5147 Quomodo
706 5081 901 5151 igitur,
971 5084 1217 5156 inquies,
1265 5107 1480 5149 causam
1529 5074 1763 5173 adjecit,

177 5163 348 5221 dicens
376 5187 388 5222 ε
427 5168 498 5225 Ut
523 5172 608 5235 qui
633 5171 832 5241 probati
843 5186 968 5239 sunt
993 5219 1007 5243 ,
1033 5181 1286 5251 manifesti
1308 5185 1434 5252 [ἱαηι
1455 5189 1480 5240 9
1511 5163 1608 5242 ιιιτι⁷
1629 5163 1757 5260 vox:

183 5251 245 5307 Ut
265 5297 279 5322 ,
309 5258 358 5312 in
381 5259 672 5330 Scripturis
700 5263 1014 5336 plerumque
1058 5284 1163 5325 non
1195 5251 1407 5328 causam
1455 5278 1717 5346 signiﬁcat

180 5346 264 5400 sed
291 5364 474 5406 rerum
506 5363 779 5410 eventum.
811 5356 1051 5427 Exempli
1081 5375 1240 5416 causa
1265 5405 1278 5430 ,
1314 5346 1757 5441 venitChridus,

179 5446 228 5488 et
265 5452 402 5496 caeco
442 5443 616 5497 visum
668 5444 948 5503 reddidit:
989 5448 1077 5504 ille
1123 5467 1250 5507 vero
1299 5455 1471 5524 ipsum
1519 5461 1760 5518 adoravit

182 5525 364 5590 (Joan.
394 5532 427 5586 9
453 5532 473 5603 )
501 5531 707 5589 :Judati
729 5546 912 5592 contra
939 5579 953 5602 ,
980 5538 1081 5595 hoc
1100 5541 1152 5595 in
1177 5545 1458 5601 sanitatem
1491 5553 1756 5619 restituto,

183 5619 302 5676 nihil
330 5639 433 5681 non
465 5626 695 5697 agebant
733 5639 792 5684 ut
833 5631 1150 5688 miraculum
1182 5636 1528 5695 obscurareut
1554 5659 1568 5708 ;
1600 5655 1758 5715 atque

179 5708 430 5773 Christum
456 5718 813 5789 exponebant.
850 5723 999 5780 Tunc
1029 5726 1188 5797 igitur
1215 5730 1286 5784 ait
1328 5731 1416 5787 ille
1461 5751 1472 5785 :
1520 5732 1585 5788 In
1609 5708 1756 5804 judi-

179 5803 294 5860 cium
321 5823 408 5876 ego
434 5811 548 5865 veni
571 5811 624 5864 in
655 5813 902 5868 mundum
929 5817 1064 5871 hunc
1087 5857 1103 5876 .
1132 5829 1188 5874 ut
1215 5822 1299 5890 qui
1326 5838 1424 5876 non
1450 5825 1644 5894 rident,
1678 5830 1754 5883 vi-

975 408 1043 463 IN
1084 407 1336 466 DICTUM
1375 405 1600 473 PAULI,
1643 407 1965 464 OPORTET
1996 407 2336 466 HxERESES
2375 409 2561 465 ESSE.

3398 419 3506 473 951

1895 529 2046 582 deant
2072 570 2086 591 ,
2114 537 2161 581 et
2189 528 2275 596 qui
2297 526 2464 580 vident
2487 565 2502 591 ,
2527 526 2649 580 caci
2679 527 2807 594 ﬁant
2827 530 2844 598 (
2866 525 3024 582 Joan.
3051 527 3106 586 9.
3133 530 3202 586 59
3227 532 3268 601 ).
3293 530 3506 602 Ergone

1897 633 1959 673 ea
1998 618 2067 672 de
2120 630 2280 672 causa
2323 616 2508 680 venit,
2551 625 2611 671 ut
2649 617 2722 670 illi
2763 618 2893 673 caeci
2931 619 3320 681 ﬁerent‘ipNon
3359 629 3506 677 certe

1902 707 2025 762 ideo
2053 707 2198 762 venit
2228 723 2240 759 :
2283 706 2376 761 sed
2406 705 2533 760 illud
2559 705 2789 774 accidit,
2821 717 2876 763 et
2904 718 3152 765 eventum
3185 712 3260 765 rei
3293 712 3381 766 ille
3403 727 3504 767 ceu

1899 812 2113 852 causam
2141 797 2349 851 extulit.
2376 795 2611 851 Rursum
2636 838 2652 860 ,
2685 797 2768 853 lex
2795 798 2918 853 data
2954 808 3038 855 est
3067 811 3128 854 ut
3163 811 3503 871 peccatorum

1899 904 2116 944 cursum
2141 897 2417 944 coerceret
2444 932 2459 957 ,
2488 898 2548 943 ut
2572 890 2961 948 moderatiores
2980 891 3219 949 efficeret
3242 910 3338 950 eos
3362 936 3378 957 .
3409 897 3501 967 qui

1899 978 2068 1050 ipsam
2114 980 2440 1048 acciperent.
2480 980 2586 1036 Sed
2623 979 2695 1036 ob
2734 982 2945 1036 illorum
2987 983 3249 1054 ignaviam
3290 993 3508 1041 contra-

1899 1073 2036 1125 rium
2067 1071 2261 1125 accidit
2295 1089 2308 1124 :
2341 1082 2558 1141 peccata
2588 1073 2732 1126 enim
2758 1086 3060 1141 auxerunt;
3097 1075 3334 1147 dicitque
3363 1076 3505 1132 Pau«

1901 1159 2031 1214 lus:
2089 1158 2199 1215 Lex
2245 1171 2414 1214 autem
2457 1161 2796 1229 subintravit,
2844 1173 2899 1218 ut
2942 1165 3222 1220 abundaret
3265 1167 3506 1235 delictum

1901 1251 1922 1323 (
1952 1250 2107 1305 Rom.
2134 1252 2188 1307 5.
2217 1251 2288 1306 20
2318 1252 2357 1322 );
2390 1266 2512 1308 cum
2543 1262 2719 1308 tamen
2770 1270 2878 1308 non
2917 1255 3040 1311 ideo
3082 1257 3463 1313 subintraverit
3487 1298 3504 1321 ,

1901 1341 1998 1397 sed
2025 1350 2083 1395 ut
2115 1343 2380 1398 minueret
2409 1343 2683 1398 delictum.
2714 1345 2846 1400 illud
2874 1356 3052 1401 autem
3080 1349 3261 1403 evenit
3290 1359 3508 1419 propter

1901 1433 2298 1503 improbitatem
2335 1449 2523 1488 eorum
2550 1477 2566 1501 ,
2615 1437 2704 1506 qui
2755 1437 2897 1492 illam
2946 1451 3288 1509 acceperunt.
3335 1442 3424 1497 Sic
3451 1452 3509 1497 et

1901 1525 2003 1581 hoc
2049 1527 2169 1581 loco
2195 1568 2208 1591 ,
2245 1524 2356 1591 Ut,
2404 1542 2509 1582 non
2553 1542 2770 1582 causam
2809 1529 3045 1597 indicat,
3093 1532 3188 1587 sed
3232 1543 3505 1589 eventum.

1901 1615 2056 1683 Quod
2093 1617 2236 1671 enim
2283 1618 2384 1671 alia
2431 1620 2500 1673 sit
2539 1618 2822 1675 haeresium
2859 1637 3019 1676 causa
3043 1664 3060 1688 ,
3104 1625 3352 1694 quodque
3400 1641 3509 1681 non

1848 1765 1853 1770 ,
1901 1709 2027 1765 ideo
2064 1707 2301 1765 bmreses
2341 1709 2574 1776 fuerint,
2602 1721 2657 1767 ut
2694 1714 2786 1783 qui
2829 1715 3036 1785 probati
3080 1726 3262 1772 essent
3287 1759 3302 1784 ,
3337 1720 3509 1774 mani-

1901 1797 2026 1854 festi
2073 1801 2305 1869 ﬁereut,
2355 1802 2449 1856 sed
2499 1803 2716 1858 aliunde
2783 1806 3093 1860 occasiones
3158 1810 3504 1878 acceperint,

1901 1893 2024 1948 audi
2053 1894 2325 1950 Christum
2358 1899 2514 1952 nobis
2543 1897 2925 1955 declarantem.
2960 1901 3144 1957 Simile
3169 1904 3358 1971 factum
3391 1915 3465 1958 est
3487 1946 3502 1969 ,

1900 1985 2109 2056 inquit,
2145 2005 2354 2059 regnum
2385 1990 2625 2044 caelorum
2662 1993 2855 2047 homini
2891 1995 3167 2048 setninanti
3195 1996 3380 2050 bonum
3421 2014 3508 2052 se-

1903 2097 2017 2134 men
2061 2083 2114 2135 in
2154 2099 2278 2150 agro
2308 2099 2443 2150 suo;
2483 2092 2530 2138 et
2555 2083 2693 2150 dum
2733 2086 3011 2140 dormirent
3049 2088 3276 2142 homines
3301 2131 3315 2153 ,
3374 2090 3508 2142 venit

1900 2174 2136 2227 inimicus
2163 2177 2313 2229 homo
2334 2218 2349 2242 ,
2397 2186 2442 2230 et
2488 2177 2752 2232 seminavit
2802 2181 3001 2234 zizania
3030 2180 3048 2252 (
3076 2180 3261 2234 Matth.
3296 2183 3384 2238 i5.
3411 2183 3502 2238 24.

1897 2265 2036 2335 25).
2094 2267 2275 2321 Vidcn'
2305 2268 2424 2323 ideo
2475 2269 2710 2324 luereses
2758 2269 2923 2326 fuisse
2952 2315 2967 2339 ,
3011 2274 3152 2342 quod
3204 2274 3505 2331 dormirent

1902 2356 2151 2413 homines
2177 2401 2190 2422 ,
2222 2361 2471 2427 quoniam
2499 2375 2692 2431 segnes
2715 2364 2912 2417 erant?
2938 2365 3188 2432 quoniam
3212 2367 3367 2421 dictis
3397 2383 3504 2422 non

1901 2445 2186 2514 diligenter
2213 2450 2602 2522 intendebant?
2632 2451 2708 2506 Ne
2748 2453 2927 2523 itaque
2965 2456 3230 2524 quispiam
3258 2456 3460 2512 dixerit
3486 2502 3500 2522 ,

1897 2537 2007 2591 Cur
2036 2537 2136 2591 hoc
2170 2542 2409 2607 permisit
2439 2541 2728 2598 Christus?
2756 2545 2886 2598 dicit
2919 2546 3115 2602 Paulus
3151 2565 3163 2601 :
3209 2548 3336 2604 Hinc
3378 2567 3503 2620 pero

1901 2629 2085 2682 missio
2114 2630 2243 2684 nihil
2273 2641 2321 2685 te
2345 2633 2490 2687 iwdit
2520 2651 2532 2686 :
2566 2635 2610 2688 si
2639 2637 2892 2704 probatus
2921 2637 3085 2693 fueris
3110 2682 3123 2703 ,
3167 2641 3364 2695 clarior
3404 2658 3502 2713 ap-

1896 2723 2128 2788 parebis.
2165 2723 2279 2777 Non
2307 2727 2449 2779 enim
2477 2742 2571 2795 par
2598 2743 2686 2783 res
2717 2739 2800 2783 est
2822 2771 2835 2794 ,
2867 2732 3080 2786 nemine
3109 2735 3457 2803 supplantare
3483 2778 3499 2802 ,

1897 2813 2112 2867 nemine
2143 2813 2391 2885 decipere
2421 2828 2651 2874 conante
2677 2862 2690 2886 ,
2735 2820 2787 2874 in
2827 2833 2971 2878 recta
3001 2834 3145 2880 stare
3175 2825 3275 2881 ﬁde
3299 2867 3313 2893 ,
3343 2837 3502 2898 atque

1899 2903 2195 2959 innumeris
2238 2910 2646 2978 erumpentibus
2688 2915 2974 2983 procellis,
3032 2918 3406 2974 inconcussum
3448 2932 3503 2977 et

1895 2995 2224 3052 immobilem
2276 3016 2515 3056 manere.
2569 3003 3031 3071 Quemadmodum
3089 3011 3232 3064 enim
3275 3013 3502 3069 arbores

1894 3097 2176 3144 ventorum
2220 3093 2453 3162 undique
2499 3095 2817 3153 irruentium
2852 3104 3051 3168 impetu
3086 3103 3350 3159 ﬁrmiores
3379 3108 3502 3161 red-

1892 3179 2094 3235 duntur
2118 3223 2133 3248 ,
2168 3183 2209 3236 si
2242 3186 2456 3254 quidem
2489 3199 2721 3282 recte'et
2750 3202 2999 3246 accurate
3035 3195 3269 3251 radicem
3309 3214 3501 3267 posue-

1892 3274 2036 3327 rint:
2067 3277 2143 3329 sic
2172 3287 2224 3328 et
2256 3279 2463 3332 animas
2492 3281 2541 3333 in
2573 3274 2923 3339 fu'ndamento
2955 3296 3114 3342 rectae
3146 3288 3266 3344 ﬁdei
3293 3291 3499 3348 deﬁxos

1891 3365 2144 3432 quaelibet
2173 3367 2530 3438 irrumpentes
2577 3372 2813 3429 ha'reses
2859 3392 2964 3431 non
3002 3382 3318 3436 subvertuut
3344 3426 3358 3450 ,
3401 3385 3498 3441 sed

1892 3454 2140 3512 fortiores
2169 3459 2413 3521 reddunt.
2450 3463 2585 3527 Quid
2628 3465 2788 3534 igitur
2827 3468 3070 3524 dicamus
3113 3472 3180 3526 de
3227 3473 3453 3530 inﬁrmis
3477 3519 3494 3544 ,

1889 3546 1979 3615 qui
2013 3545 2168 3602 facile
2196 3562 2455 3605 corruunt
2484 3563 2536 3607 et
2568 3557 3020 3624 supplantantur?
3054 3560 3132 3616 Ne
3174 3564 3247 3618 illi
3280 3566 3494 3635 quidem

1886 3652 1986 3706 per
2014 3638 2283 3695 haereseos
2314 3648 2566 3713 impetum
2593 3689 2608 3708 .
2648 3648 2742 3702 sed
2775 3665 2872 3718 per
2903 3654 3169 3721 propriam
3213 3657 3496 3713 inﬁrmita-

1891 3738 1994 3784 tem
2023 3731 2123 3786 hoc
2158 3735 2446 3802 patiuntur.
2495 3736 2861 3796 Inﬁrmitatem
2897 3759 3026 3798 vero
3054 3762 3159 3799 non
3191 3751 3491 3808 naturalem

1887 3821 2047 3887 dico,
2090 3825 2183 3878 sed
2223 3841 2378 3892 eam,
2429 3844 2549 3898 quae
2600 3838 2682 3886 est
2723 3848 2788 3887 ex
2840 3838 3116 3905 proposito
3161 3840 3488 3912 voluntatis,

1889 3929 2006 3980 .pire
2056 3913 2211 3984 digna
2268 3919 2725 3986 reprehensione,
2777 3939 2933 3992 poena
2979 3935 3138 3998 atque
3185 3932 3486 4002 supplicio,

1885 4017 2044 4070 quam
2103 4007 2393 4062 emendare
2450 4024 2614 4077 penes
2671 4028 2768 4068 nos
2821 4025 2922 4068 est.
2978 4017 3316 4089 QuaprOpter
3364 4040 3486 4080 cum

1883 4093 2233 4151 emendamus
2257 4138 2272 4162 ,
2298 4098 2611 4165 laudamur;
2637 4117 2756 4157 cum
2785 4121 2888 4160 non
2912 4111 3262 4168 emendamus
3284 4157 3298 4180 ,
3326 4119 3486 4171 casti-

1882 4199 2094 4254 gamur.

1952 4277 2007 4331 2.
2065 4278 2306 4351 Vigilanli
2332 4284 2462 4339 nihil
2483 4287 2658 4340 damni
2688 4291 2841 4357 infert
2886 4293 3137 4351 diabolus.
3197 4298 3306 4354 Vos:
3329 4345 3342 4366 ,
3372 4303 3441 4360 Ut
3464 4347 3481 4373 ,

1879 4369 2154 4438 aliquando
2182 4385 2443 4440 eventum,
2478 4395 2578 4433 non
2609 4397 2814 4434 causam
2859 4387 3135 4456 signiﬁcat.
3181 4391 3482 4467 Eleemosy-

1880 4478 1959 4515 na:
1986 4465 2184 4518 modus.
2215 4497 2284 4507 -—
2306 4470 2478 4539 Atque
2510 4483 2563 4524 ut
2587 4473 2761 4527 discas
2788 4477 2868 4530 eis
2893 4519 2906 4541 ,
2937 4481 3028 4549 qui
3055 4483 3276 4551 vigilant
3301 4529 3316 4552 ,
3346 4465 3480 4546 nihil

1880 4567 2074 4608 nocere
2095 4570 2250 4622 posse
2274 4600 2289 4624 ,
2315 4559 2528 4615 aliunde
2549 4563 2711 4617 etiam
2737 4565 2785 4619 id
2812 4566 3186 4628 demonstrare
3245 4587 3477 4648 atagam.

1876 4641 2013 4710 Quid
2042 4645 2259 4700 diabolo
2292 4650 2576 4719 malignius
2600 4695 2614 4718 ,
2663 4656 2789 4724 quid
2833 4659 3189 4717 sceleratius?
3226 4641 3478 4726 Attamen

1877 4733 1964 4788 hic
2019 4736 2283 4804 malignus
2326 4741 2765 4813 sceleratusque,
2801 4748 2900 4816 ‘qui
2957 4755 3123 4807 multa
3168 4755 3216 4808 vi
3270 4760 3477 4826 pollet,

1874 4838 1994 4877 cum
2045 4827 2295 4882 omnibus
2343 4831 2603 4887 machinis
2649 4836 2761 4890 suis
2799 4836 2902 4893 Job
2950 4841 3212 4911 adortus,
3259 4856 3477 4921 totaque

1875 4913 2123 4983 pharetra
2149 4931 2243 4972 sua
2273 4919 2324 4973 in
2353 4921 2572 4976 domum
2617 4933 2672 4979 et
2715 4927 2767 4980 in
2808 4943 3004 5000 corpus
3044 4933 3176 5003 ,ξηειί
3219 4937 3314 4991 viri
3349 4913 3478 4994 eva-

1871 5017 2025 5061 cuata
2052 5049 2067 5073 ,
2099 5024 2204 5064 non
2230 5011 2390 5066 modo
2417 5013 2590 5082 ipsum
2617 5032 2723 5070 non
2755 5020 3019 5077 subvertit
3042 5065 3056 5090 ,
3086 5027 3180 5080 sed
3204 5039 3254 5083 et
3283 5030 3478 5084 clario-

1871 5113 1984 5150 rem
2013 5098 2152 5153 fecit.
2190 5101 2255 5154 Et
2291 5102 2379 5158 ille
2413 5105 2630 5174 quidem
2675 5125 2707 5164 a
2741 5110 2956 5167 diabolo
3000 5123 3306 5176 nocumonti
3341 5127 3483 5182 nihil

1869 5190 2118 5258 accepit;
2166 5191 2330 5264 ludas
2366 5211 2534 5263 vero,
2577 5204 2828 5270 quoniam
2873 5209 3146 5279 negligens
3186 5218 3479 5290 segnisque

1869 5292 1985 5334 erat
2011 5323 2024 5344 ,
2058 5284 2275 5340 nihilex
2304 5287 2502 5344 Christi
2526 5297 2801 5351 consortio
2828 5299 3063 5356 lucratus
3083 5316 3164 5360 est
3189 5349 3203 5372 ,
3228 5284 3322 5365 sed
3351 5284 3475 5382 post

1870 5382 1946 5426 tot
1975 5375 2090 5430 illas
2117 5377 2524 5438 adhortationes
2548 5395 2710 5457 atque
2737 5394 2955 5448 consilia
2987 5397 3226 5464 proditor
3252 5375 3470 5460 mansit.

1867 5462 2037 5519 Causa
2066 5478 2244 5523 autem
2276 5482 2396 5538 est,
2429 5477 2550 5544 quia
2584 5480 2852 5537 neminem
2885 5486 3105 5542 invitum
3136 5492 3278 5561 cogit
3305 5498 3387 5550 vel
3417 5501 3470 5553 vi

1867 5555 2084 5612 adducit
2113 5559 2250 5616 Deus
2275 5603 2288 5629 ,
2317 5573 2373 5618 ut
2401 5581 2500 5621 nec
2540 5569 2686 5625 illum
2732 5577 2926 5645 coegit.
2970 5579 3175 5636 Eodem
3204 5555 3383 5641 'modo
3426 5591 3468 5644 si

1868 5660 1966 5700 nos
1994 5648 2274 5717 vigilemus
2306 5695 2318 5720 ,
2367 5656 2500 5711 nihil
2533 5666 2837 5718 nocumenti
2871 5668 3023 5723 nobis
3052 5671 3245 5729 all'erre
3274 5679 3473 5744 poterit

1864 5735 2108 5796 diabolus
2135 5757 2147 5805 ;
2177 5743 2260 5798 sin
2289 5761 2394 5801 non
2423 5750 2703 5819 vigilemus
2728 5797 2742 5821 ,
2792 5759 2886 5813 sed
2927 5764 3164 5833 segniter
3205 5735 3425 5838 agamus
3450 5809 3468 5837 ,

1864 5845 1932 5888 ne
1960 5833 2172 5903 quidem
2202 5838 2269 5895 ab
2295 5840 2359 5896 iis
2385 5883 2396 5907 ,
2431 5858 2550 5914 qua:
2577 5847 2835 5917 prodesse
2865 5864 3083 5924 possent
3109 5899 3122 5923 ,
3149 5833 3283 5914 lucri
3314 5833 3467 5934 quid;
