4228 6298
747 388 849 443 ιῖδ

739 508 880 573 piam
908 500 1233 572 accipiemus
1258 501 1393 576 ;.sed
1424 498 1806 556 detrimentum
1826 497 1993 579 nobis
2014 498 2121 553 erit
2144 503 2325 552 extre.

740 608 888 654 stum
919 612 932 647 :
966 603 1167 649 tantm
1197 591 1396 647 malum
1421 601 1508 647 est
1528 592 1803 662 segnities.
1826 589 2042 647 ’Judaeis
2064 602 2195 654 ergo
2219 602 2325 643 non

745 684 909 740 modo
937 682 1065 739 nihil
1098 681 1297 754 profuit
1323 681 1517 738 Christi
1544 682 1806 738 adventus
1828 723 1844 750 ,
1891 680 1986 737 sed
2026 681 2188 735 ctiam
2231 693 2328 734 no-

738 776 850 831 cuit
872 793 885 828 :
914 789 1021 829 non
1041 772 1284 829 Christus
1311 773 1415 830 illis
1435 774 1489 828 in
1507 788 1667 829 causa
1689 772 1785 828 iuit
1809 814 1826 840 ,
1854 771 1947 828 sed
1971 785 2065 826 sua
2088 771 2324 841 ipsorum

737 864 991 934 segnities
1020 874 1074 921 et
1101 864 1431 935 improbitas.
1464 862 1521 921 Id
1550 880 1678 921 vero
1704 864 1969 920 Christum
1999 865 2171 934 ipsum
2198 862 2324 919 audi

738 956 1003 1013 dicentem
1034 974 1048 1011 ε
1079 955 1199 1012 Nisi
1224 958 1469 1013 venissent
1489 999 1507 1024 ,
1540 956 1748 1028 inquit,
1779 966 1824 1012 et
1852 958 2089 1030 loquutus
2116 956 2325 1027 [inissent

734 1048 842 1113 eis,
874 1056 1133 1118 peccatum
1160 1064 1262 1103 non
1289 1048 1528 1103 haberem
1547 1064 1568 1103 :
1594 1064 1729 1103 nunc
1755 1056 1923 1103 autem
1948 1046 2325 1102 excusationem

738 1157 840 1194 non
871 1139 1054 1194 habent
1090 1140 1153 1194 de
1194 1150 1397 1211 peccato
1442 1156 1534 1196 suo
1579 1139 1774 1212 (ἕσσει.
1820 1140 1910 1196 15.
1952 1138 2089 1210 29).
2138 1137 2325 1194 Vidcn'

736 1230 1022 1286 adventum
1051 1230 1169 1300 ejus
1207 1238 1264 1286 et
1298 1230 1455 1288 venia
1496 1230 1642 1302 ipsos
1684 1230 1923 1301 privasse
1946 1271 1979 1298 ,ἐ
2013 1239 2067 1287 et
2103 1244 2321 1286 omnem

732 1319 1059 1376 delensionis
1095 1319 1312 1375 modum
1349 1319 1675 1377 abstulisse?
1718 1320 1948 1377 Tantum
1998 1329 2081 1376 est
2122 1319 2320 1375 malum

736 1426 842 1466 non
868 1409 1146 1467 attendere
1169 1410 1271 1466 sibi
1293 1450 1311 1477 ,
1342 1425 1519 1481 neque
1544 1424 1639 1468 sua
1668 1450 1684 1475 ,
1719 1420 1777 1473 ut
1816 1425 1917 1483 par
1957 1419 2041 1466 est
2061 1450 2079 1478 ,
2108 1425 2315 1466 curare.

734 1500 846 1556 lloc
869 1509 927 1556 et
951 1502 1004 1557 in
1027 1501 1342 1573 corporibus
1362 1500 1545 1557 videre
1570 1509 1657 1557 est
1682 1518 1695 1557 :
1718 1517 1841 1557 eum
1868 1504 2009 1557 enim
2032 1501 2123 1574 qui
2148 1501 2322 1557 oculis

732 1590 941 1647 laborat
962 1632 978 1658 ,
1003 1592 1116 1666 ipse
1138 1592 1223 1647 sol
1245 1591 1473 1665 caligine
1488 1591 1769 1649 oil'undere
1790 1594 1927 1650 solet
1942 1634 1959 1659 ,
1982 1608 2171 1649 sanum
2191 1609 2322 1650 vero

734 1698 803 1737 ne
832 1682 1068 1739 tenebrat
1096 1682 1314 1755 quidem
1344 1683 1539 1740 ledere
1568 1695 1808 1754 possunt.
1846 1684 1963 1741 Non
2000 1685 2119 1741 sine
2155 1700 2318 1742 causa

731 1772 933 1829 diutius
971 1774 1115 1830 hunc
1154 1790 1459 1832 sermonem
1505 1775 1785 1846 produco:
1828 1776 1921 1832 sed
1969 1778 2091 1849 quia
2122 1778 2275 1834 multi
2298 1820 2317 1846 ,

734 1882 857 1920 cunt
883 1866 1165 1937 segnitiem
1195 1882 1346 1923 suam
1372 1867 1590 1939 culpare
1616 1910 1633 1933 .
1675 1885 1740 1924 ac
1780 1868 2171 1941 improbitatem
2199 1880 2318 1927 stu-

730 1969 1023 2028 pareanue
1050 1972 1207 2014 suum
1235 1958 1503 2031 corrigere
1529 1958 1829 2029 deberent,
1866 1959 1967 2015 hac
2002 1960 2164 2016 missa
2189 1976 2318 2017 cura

728 2049 1067 2106 circumeunt
1114 2050 1331 2124 frigidas
1382 2052 1757 2109 excusationes
1813 2061 2120 2124 quaerentes
2158 2061 2319 2125 atque

728 2141 974 2200 dicentes
1005 2160 1019 2198 :
1050 2142 1162 2199 Nisi
1191 2143 1436 2201 diabolus
1474 2152 1658 2213 esset,
1694 2159 1802 2200 non
1842 2145 2179 2215 periremus;
2215 2147 2317 2202 nisi

729 2232 811 2289 lex
861 2244 1046 2301 esset,
1095 2248 1202 2290 non
1244 2249 1629 2306 peccaremus;
1672 2236 1773 2291 nisi
1821 2236 2055 2293 haineses
2092 2248 2314 2306 essent,

727 2340 835 2382 non
874 2327 1359 2398 supplantaremur.
1391 2326 1517 2385 Haec
1553 2336 1679 2384 sunt
1718 2328 1970 2385 obtentus
1998 2338 2055 2386 et
2080 2338 2315 2401 praetex-

727 2427 815 2473 tus
838 2458 857 2485 ,
890 2418 963 2473 mi
989 2419 1188 2474 homo:
1217 2419 1456 2491 vigilanti
1486 2420 1630 2476 enim
1656 2420 1791 2475 nihil
1828 2429 1985 2478 nocet
2020 2436 2271 2491 umquam
2294 2462 2312 2488 ,

724 2510 864 2566 sicut
889 2510 1172 2569 dormienti
1195 2513 1513 2584 ,.pigritanti
1532 2522 1589 2570 et
1605 2512 1835 2569 salutem
1862 2528 2015 2569 suam
2047 2514 2311 2584 prodenti,

725 2601 859 2659 nihil
905 2603 1143 2675 prodest.
1177 2603 1419 2678 ldipsum
1453 2607 1599 2662 enim
1644 2614 1701 2663 et
1734 2606 1930 2690 Ppulus
1970 2607 2317 2666 subindicans

722 2692 978 2751 dicebat:
1009 2693 1593 2767 Πισαίων-σιωπαί,
1633 2699 1891 2771 utatifesti
1926 2699 2053 2769 ﬁent
2089 2699 2142 2756 its
2177 2700 2318 2756 vobis

725 2782 968 2855 (LCor.
999 2784 1085 2841 il.
1132 2786 1291 2853 19):
1338 2786 1441 2844 hoc
1483 2796 1604 2857 est,
1652 2804 1723 2846 ne
1769 2790 2096 2860 tnrbemini,
2140 2805 2315 2863 neque

720 2875 867 2932 anxii
881 2884 1083 2944 estote;
1102 2878 1235 2934 nihil
1251 2878 1404 2935 vobis
1426 2895 1620 2937 nocere
1644 2892 1865 2952 possunt
1882 2881 2134 2940 bznrcses.
2151 2882 2313 2951 Quod

666 3010 675 3021 .
721 2966 904 3037 itaque
945 2967 1165 3025 etiamsi
1220 2969 1289 3025 de
1336 2970 1631 3028 bmresibus
1679 2987 1857 3029 sermo
1900 2973 2007 3039 sit,
2054 2973 2310 3046 praedicta

717 3058 1078 3123 questionon
1105 3059 1185 3115 sic
1226 3057 1459 3127 habeat,
1495 3061 1619 3120 hinc
1657 3062 1832 3135 palam
1874 3074 1982 3120 est.
2024 3064 2311 3137 Prophetia

719 3164 951 3221 namque
978 3159 1066 3207 est
1084 3192 1102 3217 ,
1134 3166 1244 3208 non
1268 3152 1592 3219 consilium;
1635 3153 1915 3224 praedictio
1938 3196 1953 3222 ,
1984 3169 2092 3211 non
2118 3156 2309 3213 admo-

720 3240 858 3296 nitie
887 3258 902 3296 :
928 3250 986 3298 et
1012 3241 1102 3296 illa
1126 3256 1227 3298 vox
1251 3282 1270 3307 ,
1293 3239 1409 3307 .Ut,
1449 3226 1704 3299 eventum
1728 3285 1745 3311 ,
1794 3260 1902 3300 non
1939 3260 2158 3302 causam
2182 3286 2198 3312 ,
2240 3246 2315 3303 si-

719 3330 959 3404 gniticet.
997 3331 1150 3401 Quod
1174 3340 1354 3389 autem
1379 3346 1485 3389 non
1510 3332 1580 3390 de
1603 3332 1942 3406 dogmatibus
1954 3336 2066 3407 jam
2094 3337 2169 3394 illi
2192 3353 2311 3394 ser-

720 3437 814 3479 mo
840 3424 908 3479 .sit
931 3464 948 3489 ,
978 3422 1075 3479 sed
1115 3422 1186 3480 de
1219 3423 1545 3495 pauperibus
1569 3423 1901 3482 etdivitibus
1923 3467 1939 3494 ,
1968 3426 2039 3484 de
2062 3428 2185 3484 cibo
2209 3468 2226 3496 ,
2255 3438 2312 3485 et

720 3513 793 3569 de
828 3512 1150 3569 abstinentia
1186 3527 1220 3569 a
1258 3513 1419 3584 cibo,
1457 3513 1538 3571 de
1580 3504 1956 3586 opulentorum
1998 3516 2216 3574 lascivia
2256 3529 2313 3576 et

718 3602 939 3672 crapula
961 3644 978 3671 ,
1003 3612 1059 3660 et
1079 3602 1149 3660 de
1172 3612 1801 3677 pauperum-contemptu
1824 3646 1840 3672 ,
1866 3606 1957 3677 qui
1979 3621 2144 3677 penes
2167 3608 2312 3680 ipsos

719 3704 837 3752 erat
859 3737 877 3762 ,
906 3694 1044 3751 terte
1072 3695 1342 3767 paulisper
1380 3694 1433 3753 id
1473 3697 1723 3766 superius
1758 3706 2064 3754 narrantem
2092 3716 2107 3755 :
2140 3714 2313 3771 neque

719 3786 866 3842 enim
894 3786 1002 3840 alio
1032 3785 1192 3843 modo
1223 3786 1276 3843 id
1305 3787 1459 3844 vobis
1482 3787 1800 3859 palamesse
1820 3797 2016 3860 potest.
2046 3789 2310 3858 Quoniam

725 3879 871 3934 enim
912 3879 1141 3949 apostoli
1180 3890 1455 3952 cmperant
1488 3882 1711 3937 verbum
1752 3883 1965 3954 pietatis
2000 3883 2271 3940 seminare
2293 3926 2310 3953 ,

722 3978 1070 4026 accesserunt
1113 3972 1293 4027 statim
1332 3971 1431 4027 tria
1478 3972 1682 4040 millia,
1729 3983 1785 4031 et
1820 3989 2043 4030 rursum
2080 3975 2315 4047 quinque

724 4061 892 4115 millia
916 4102 933 4127 ,
962 4070 1021 4117 et
1043 4061 1259 4118 illorum
1286 4063 1525 4119 omnium
1554 4075 1673 4120 erat
1694 4079 1791 4121 cor
1814 4080 1981 4121 unum
2004 4105 2022 4132 ,
2045 4074 2104 4122 et
2136 4066 2313 4121 anima

723 4167 854 4237 una;
878 4151 1189 4208 Concordiae
1216 4161 1395 4208 autem
1415 4168 1576 4210 causa
1600 4195 1619 4216 ,ν
1645 4164 1703 4210 et
1724 4155 1965 4211 caritatis
1990 4170 2179 4213 eorum
2202 4155 2315 4211 vin-

721 4243 903 4299 culum
925 4284 942 4309 ,
968 4243 1111 4315 quod
1142 4253 1223 4300 tot
1258 4243 1466 4299 animas
1496 4245 1549 4301 in
1580 4261 1745 4302 unum
1773 4248 2134 4320 congregabat
2156 4289 2172 4316 ,
2217 4260 2314 4320 pe-

723 4336 1002 4393 cuniarum
1053 4345 1395 4408 contemptus
1442 4347 1577 4394 erat.
1633 4337 1829 4395 Nullus
1879 4342 2051 4409 enim,
2104 4341 2315 4412 inquit,

724 4430 988 4499 quidpiam
1030 4429 1123 4484 sibi
1164 4431 1428 4501 proprium
1473 4446 1581 4486 esse
1621 4429 1854 4505 dicebat,
1900 4433 1990 4489 sed
2026 4442 2171 4489 «aut
2213 4433 2319 4490 illis

724 4523 897 4576 munia
920 4523 1209 4577 communia
1237 4524 1393 4594 (Act.
1422 4523 1474 4579 ι.
1506 4523 1579 4580 32
1602 4524 1645 4596 ).
1671 4523 1805 4593 Quia
1832 4526 1978 4581 enim
2019 4526 2172 4583 radix
2204 4541 2319 4582 ma-

727 4613 903 4670 iorum
928 4600 1137 4671 sublata
1162 4612 1334 4671 fuerat
1356 4655 1375 4682 ,
1404 4613 1628 4671 avaritia
1656 4631 1850 4687 nempe
1874 4657 1892 4683 ,
1929 4618 2112 4674 omnia
2155 4617 2321 4673 adve-

729 4712 923 4758 nerant
946 4702 1084 4759 bona
1112 4719 1127 4756 :
1153 4718 1217 4760 ac
1239 4701 1435 4761 deinde
1459 4715 1645 4761 mutuo
1676 4704 2019 4762 cohaerebant
2039 4747 2063 4774 ,
2101 4721 2137 4762 a
2172 4706 2318 4764 nulla

731 4810 790 4851 re
814 4793 1034 4855 divulsi.
1068 4794 1201 4851 Illud
1225 4796 1375 4851 enim
1400 4812 1567 4851 meum
1591 4804 1645 4852 et
1674 4806 1814 4853 tuum
1842 4837 1859 4865 ,
1904 4796 2158 4867 frigidum
2190 4798 2318 4853 illud

728 4887 951 4942 verbum
978 4928 994 4953 ,
1050 4888 1328 4944 innumera
1378 4887 1518 4945 bella
1569 4888 1624 4944 in
1669 4888 1857 4945 orbem
1902 4890 2205 4956 inducens,
2252 4906 2315 4946 ex

728 4990 912 5034 sancta
940 4977 1027 5033 illa
1060 4979 1297 5037 Ecclesia
1323 4980 1659 5039 eliminatum
1685 4991 1822 5049 erat,
1854 4991 1911 5038 et
1936 4983 1990 5038 in
2031 4992 2170 5041 terra
2197 4998 2319 5053 per-

732 5069 856 5139 inde
900 5069 1249 5140 habitabant,
1270 5080 1432 5143 atque
1470 5073 1647 5143 angeli
1673 5073 1725 5127 in
1746 5073 1899 5128 calo.
1928 5073 2041 5128 Non
2067 5074 2319 5130 divitibus

730 5173 995 5229 pauperes
1022 5161 1373 5230 invidebant,
1416 5176 1543 5219 eum
1585 5163 1714 5217 nulli
1739 5174 1918 5220 essent
1957 5164 2192 5230 divites;
2220 5181 2320 5221 nec

722 5265 993 5323 pauperes
1019 5268 1051 5307 a
1077 5251 1332 5309 divitibus
1352 5252 1839 5309 coutemnebantur
1862 5296 1876 5319 ,
1910 5269 2030 5309 cum
2058 5269 2321 5325 pauperes

713 5358 829 5400 non
865 5356 1087 5413 essem,
1112 5346 1223 5403 sed
1245 5347 1425 5403 omnia
1452 5356 1635 5404 essent
1672 5349 2000 5403 communia.
2040 5352 2119 5405 Ac
2161 5365 2321 5406 nemo

712 5420 998 5512 quidpiam
1024 5452 1092 5494 ex
1118 5437 1183 5492 iis
1218 5453 1341 5509 quae
1388 5437 1656 5506 habebat,
1696 5454 1853 5495 suum
1896 5454 2019 5496 esse
2068 5438 2317 5507 dicebat;

717 5540 905 5599 neque
956 5532 1101 5585 enim
1144 5540 1202 5586 ut
1248 5530 1449 5601 hodie,
1496 5532 1575 5589 sic
1622 5542 1748 5588 tunc
1789 5547 1850 5589 se
1895 5548 1983 5590 res
2030 5532 2319 5591 habebant.

722 5618 885 5675 Nunc
912 5619 1053 5674 enim
1082 5633 1178 5675 sua
1205 5620 1465 5679 habentes
1487 5662 1505 5691 ,
1543 5632 1767 5694 erogant
1794 5625 2118 5695 pauperibus
2150 5642 2165 5679 :
2196 5634 2323 5682 tunc

729 5726 861 5769 rere
887 5727 993 5767 non
1021 5725 1133 5780 sic;
1159 5713 1256 5771 sed
1278 5730 1312 5771 a
1348 5716 1683 5787 prepriarum
1711 5720 2054 5788 pecuniarum
2082 5718 2323 5777 dominio

735 5806 1055 5872 absistentes
1078 5848 1092 5868 .
1119 5818 1177 5868 et
1203 5808 1257 5866 in
1284 5810 1464 5869 medio
1484 5824 1577 5868 eas
1599 5810 1932 5885 deponcntes
1973 5822 2134 5886 atque
2174 5826 2324 5871 com-

1494 383 1549 443 8.
1588 382 1868 443 ιοΑδΝιε
1891 377 2370 439 (ἋΙΒῩΞΟΞἸῸΜΙ
2410 378 2730 438 ARCHIEP.
2772 379 3312 441 CONSTANTINOP.

3932 382 4033 439 256

2440 492 2728 553 miscentes
2748 540 2764 562 ,
2796 512 2863 553 ne
2886 497 3101 568 quidem
3131 500 3423 555 internosci
3452 507 3701 570 poterant
3724 501 3818 569 qui
3863 514 4033 569 nuper

2433 586 2628 644 divites
2654 588 2905 657 fuerant;
2952 591 3025 646 ita
3053 599 3111 647 ut
3152 591 3198 646 si
3225 592 3347 663 quis
3370 608 3437 647 ex
3466 588 4034 660 pecuniarumdespec

2446 689 2535 735 ctu
2564 680 2732 736 l'astus
2755 682 2882 738 oriri
2911 691 3131 753 posset,
3161 684 3253 739 ille
3275 684 3439 740 etiam
3458 678 3707 737 funditus
3726 682 4031 748 tollerent.

2431 770 2865 843 quandoquidem
2892 775 3075 829 omnia
3100 775 3327 846 :equalia
3366 783 3522 831 erant
3544 814 3565 842 ,
3607 788 3912 846 omnesque
3952 790 4035 845 po-

2428 864 2605 917 cunim
2653 865 2961 920 commixta:
3005 866 3237 922 fuerant.
3280 866 3465 939 Neque
3505 866 3630 922 inde
3673 867 3897 933 solum,
3940 866 4034 923 sed

2429 956 2589 1012 etiam
2614 972 2681 1013 ex
2710 957 2874 1014 modo
2910 959 3217 1029 deponendi
3257 960 3511 1030 pecunias
3534 1000 3550 1026 ,
3598 958 3816 1015 illorum
3864 959 4036 1031 pieta-

2431 1056 2540 1103 tem
2568 1047 2756 1106 videre
2781 1057 2919 1106 erat.
2950 1050 3207 1118 Quotquot
3234 1048 3369 1104 enim
3396 1066 3548 1122 agros
3574 1059 3662 1104 aut
3701 1052 3888 1105 denos
3916 1067 4039 1121 pos.

2426 1140 2661 1194 sidebant
2681 1180 2697 1205 ,
2725 1140 2846 1196 illas
2874 1143 3145 1197 uendentes
3184 1141 3402 1212 pretium
3441 1140 3723 1208 alet-ebant
3743 1183 3760 1207 ,
3791 1150 3845 1197 et
3870 1156 4034 1212 ports-

2427 1231 2548 1283 bant
2571 1230 2642 1282 ad
2669 1230 2821 1299 pedes
2848 1233 3197 1301 apostolorum
3237 1231 3257 1303 (
3280 1231 3391 1286 Aet.
3419 1232 3475 1287 ι.
3502 1232 3571 1288 54
3597 1230 3641 1301 ).
3687 1231 3807 1287 Non
3852 1232 3991 1288 dixit
4010 1272 4034 1301 ,

2427 1318 2483 1375 In
2515 1335 2706 1376 manus
2733 1320 3049 1390 injiciebant
3070 1364 3086 1385 ,
3114 1322 3212 1378 sed
3239 1323 3320 1377 Ad
3354 1323 3504 1393 pedes
3526 1339 3701 1378 eorum
3732 1326 3993 1394 ponetur
4012 1366 4032 1390 ,

2428 1410 2687 1481 pudorem
2712 1452 2730 1479 ,
2760 1413 3116 1468 reverentiam
3142 1453 3158 1478 ,
3189 1414 3437 1468 timorem
3463 1455 3479 1479 ,
3505 1429 3612 1485 quo
3639 1429 3768 1486 erga
3804 1425 4037 1485 aposto-

2426 1501 2508 1558 los
2535 1501 2952 1569 al'iiciebantur,
2995 1501 3083 1558 bis
3123 1501 3508 1560 declarantes:
3553 1520 3661 1560 non
3706 1506 3858 1561 enim
3899 1505 4036 1564 dare

2424 1594 2596 1665 magis
2620 1634 2638 1660 ,
2663 1608 2823 1665 quam
2850 1597 3097 1665 accipere
3122 1611 3182 1652 se
3206 1596 3483 1666 putabant.
3526 1597 3593 1653 Et
3642 1598 3747 1654 hoc
3790 1600 4036 1657 maxime

2423 1690 2508 1737 est
2533 1684 2788 1752 pecunias
2816 1683 3097 1753 despicere
3118 1727 3147 1757 ,τ
3183 1684 3286 1741 hoc
3314 1700 3442 1743 vere
3465 1686 3741 1743 Christum
3779 1692 3992 1747 nutrire
4010 1732 4030 1757 ,

2422 1773 2469 1827 si
2500 1788 2606 1828 non
2632 1787 2753 1828 cum
2778 1775 3083 1845 arrogantia
3111 1784 3169 1831 et
3196 1776 3335 1832 fastu
3357 1775 3463 1832 hoc
3504 1777 3669 1835 facias
3693 1796 3709 1846 ;
3740 1781 3787 1836 si
3818 1782 3896 1836 ita
3926 1780 4034 1837 Iar-

2421 1862 2585 1933 giaris
2606 1904 2625 1931 ,
2655 1865 2702 1919 si
2734 1864 2804 1919 ita
2832 1865 3074 1934 praebeas
3098 1907 3114 1932 ,
3143 1881 3207 1923 ac
3249 1867 3294 1922 si
3338 1870 3509 1940 magis
3548 1870 3601 1925 in
3644 1881 3696 1927 te
3716 1910 3735 1934 ,
3762 1887 3931 1942 quam
3976 1875 4032 1929 in

2421 1953 2774 2023 accipientem
2800 1996 2818 2022 ,
2848 1953 3168 2011 beneﬁcium
3212 1956 3483 2014 conferas.
3521 1958 3577 2015 Si
3618 1962 3762 2017 enim
3797 1979 3909 2019 non
3953 1966 4034 2020 sic

2420 2044 2645 2101 electus
2669 2046 2745 2102 sis
2766 2086 2783 2113 ,
2807 2062 2877 2105 ne
2894 2046 3144 2114 dederis;
3165 2049 3266 2104 nisi
3295 2057 3348 2106 te
3375 2060 3528 2120 putes
3555 2053 3724 2124 magis
3751 2056 4031 2126 accipere.

2422 2150 2582 2207 quam
2607 2136 2739 2193 dare
2763 2179 2780 2206 ,
2807 2152 2878 2193 ne
2906 2137 3223 2208 prsbueris.
3267 2139 3502 2211 ldipsum
3543 2152 3600 2198 et
3638 2145 3761 2201 aliis
3808 2162 4032 2203 rursum

2427 2229 2742 2285 testiﬁcatus
2768 2239 2854 2286 est
2883 2230 3081 2287 Paulus
3109 2232 3195 2289 his
3218 2233 3396 2290 verbis
3420 2252 3435 2289 :
3468 2233 3663 2291 Notaui
3688 2246 3861 2293 autem
3895 2242 4034 2310 facio

2418 2320 2560 2375 vobis
2582 2362 2597 2384 ,
2628 2322 2815 2389 fratres
2834 2356 2854 2388 ,
2882 2323 3106 2393 gratiam
3133 2321 3233 2378 Dei
3255 2364 3271 2391 ,
3300 2340 3417 2389 qua
3443 2326 3568 2381 data
3590 2336 3667 2383 est
3691 2329 3747 2383 in
3780 2329 4033 2388 Ecciesiis

2424 2409 2747 2466 Macedonia
2763 2453 2780 2479 ,
2812 2413 3051 2483 quoniam
3076 2413 3329 2470 altissima
3354 2427 3626 2488 paupertas
3654 2435 3832 2475 eorum
3864 2423 4032 2478 abun-

2422 2502 2559 2556 davit
2611 2502 2664 2557 in
2709 2502 2911 2559 diuitias
2948 2504 3288 2576 simplicitatis
3325 2522 3502 2561 eorum
3525 2523 3545 2562 :
3586 2510 3708 2580 quia
3741 2513 4033 2567 καθιᾶσι

2420 2592 2654 2648 uirtutem
2682 2594 3025 2650 testimonium
3053 2596 3158 2651 illis
3182 2596 3341 2651 reddo
3362 2637 3378 2660 .
3418 2606 3469 2653 et
3494 2614 3652 2670 supra
3677 2601 3916 2657 uirtutem
3944 2618 4035 2657 uo—

2420 2686 2635 2741 iuutorii
2676 2690 2915 2757 fuerunt,
2953 2702 3071 2741 eunt
3111 2689 3277 2743 multa
3313 2689 3668 2747 alienatione
3705 2692 4034 2750 obsecrantes

2418 2792 2513 2831 uos
2550 2776 2770 2849 gratiast
2813 2786 2864 2833 et
2908 2780 3416 2837 communicationem
3452 2782 3754 2852 ministerii,
3792 2786 3937 2855 quod
3975 2788 4033 2842 iu

2416 2879 2619 2925 sanctos
2672 2870 3008 2939 impleverunt
3055 2870 3157 2943 (2.
3186 2871 3306 2927 Cor.
3336 2873 3392 2930 8.
3419 2874 3446 2930 1
3480 2904 3503 2916 ·
3524 2874 3626 2949 ι).
3664 2875 3854 2933 Viden'
3877 2878 4033 2950 quod

2418 2958 2541 3016 ideo
2570 2959 2690 3029 plus
2715 2960 2841 3016 illos
2866 2958 3164 3017 admiretur
3186 3000 3205 3029 ,
3235 2962 3381 3034 quod
3423 2965 3650 3035 gratiam
3690 2967 3931 3023 scientes
3972 2976 4035 3025 es

2415 3048 2765 3107 obsecrantes
2810 3059 2867 3108 et
2917 3049 3235 3118 hortantes,
3286 3052 3367 3109 sic
3408 3054 3760 3125 pecuniarum
3805 3058 4033 3128 copia-

2416 3140 2782 3199 exhtbuerunt
2801 3143 2827 3197 '!

2488 3232 2544 3287 3.
2574 3230 2701 3289 ideo
2731 3230 3095 3289 Abrahamum
3139 3233 3424 3302 miramur,
3471 3249 3579 3293 non
3630 3246 3831 3294 tantum
3871 3242 4037 3313 quod

2416 3322 2640 3378 vitulum
2664 3323 3001 3393 mactaverit,
3031 3338 3141 3380 non
3168 3326 3314 3397 quod
3340 3324 3566 3383 farinam
3599 3328 3898 3399 miscuerit,
3922 3334 4035 3390 sed

2415 3413 2729 3485 quod'cum
2790 3415 2954 3471 multa
3012 3416 3288 3487 voluptate
3330 3427 3388 3475 et
3429 3419 3730 3477 humilitate
3776 3423 4040 3495 hospites

2414 3506 2712 3577 exceperit,
2756 3521 3077 3575 accurrens,
3123 3508 3455 3578 ministrans,
3501 3511 3750 3569 dominos
3792 3530 4035 3583 vocans,

2416 3596 2725 3654 thesaurum
2750 3598 3166 3668 innumerorum
3211 3601 3477 3660 bonorum
3516 3618 3577 3662 se
3620 3607 3885 3679 reperisse
3921 3627 4035 3680 pu-

2417 3698 2555 3758 tans,
2586 3692 2632 3747 si
2660 3691 2874 3763 quando
2912 3701 3277 3751 transeuntem
3336 3696 3606 3768 hospitem
3645 3699 3863 3757 videret.
3924 3702 4031 3760 Sic

2415 3784 2559 3840 enim
2606 3785 2805 3856 duplex
2850 3794 2935 3842 est
2975 3786 3341 3860 eleemosyna,
3385 3803 3508 3845 cum
3553 3789 3763 3859 damus,
3802 3800 3855 3849 et
3881 3808 4032 3852 cum

2416 3875 2691 3931 alacritate
2734 3876 2943 3932 damus.
2982 3875 3215 3933 Hilarem
3250 3881 3416 3946 enim,
3456 3880 3655 3953 inquit,
3682 3883 3913 3940 Mersus
3948 3888 4038 3943 di.

2419 3965 2527 4036 ligit
2554 3964 2690 4020 Deus
2715 3964 2791 4038 (2.
2821 3964 2942 4023 Cor.
2968 3966 3023 4023 9.
3055 3968 3129 4040 7).
3160 3967 3603 4042 Quandoquidem
3633 3974 3680 4028 si
3704 3989 3825 4030 cum
3850 3990 4024 4033 arro-

2417 4056 2631 4127 gantia,
2660 4056 2800 4114 fastu
2842 4068 2897 4115 et
2924 4073 3061 4115 vana
3101 4060 3268 4131 gloria
3307 4062 3589 4119 innumera
3632 4062 3882 4121 eﬂ'uderis
3939 4080 4035 4124 ta-

2421 4148 2600 4216 iema,
2651 4150 2831 4206 omnia
2876 4150 3187 4221 perdidisti;
3231 4153 3683 4224 quenadmodum
3730 4156 3818 4214 ille
3860 4155 4027 4216 Pha-

2420 4242 2631 4312 risaeus,
2657 4242 2748 4314 qui
2792 4243 3055 4299 bonorum
3096 4259 3318 4302 suorum
3359 4244 3627 4302 decimam
3668 4246 3849 4316 dabat,
3878 4253 4025 4321 quia

2422 4334 2585 4390 altum
2640 4333 2880 4405 sapiebat
2914 4343 2970 4391 et
3006 4334 3258 4406 superbia
3300 4337 3562 4405 tumebat,
3584 4338 3832 4395 omnibus
3855 4339 4039 4397 amis-

2423 4428 2519 4493 sis,
2565 4426 2813 4484 discessit
2838 4441 2871 4485 e
2911 4429 3113 4500 templo
3149 4426 3304 4500 (Luc.
3347 4428 3438 4485 18.
3482 4429 3689 4501 ill-is).
3730 4432 4036 4501 Apostolo-

2424 4534 2543 4576 rum
2570 4533 2699 4575 vero
2728 4528 2971 4590 tempore
3000 4534 3105 4576 non
3132 4522 3212 4577 sic
3250 4536 3311 4577 se
3351 4536 3439 4578 res
3485 4521 3736 4589 habebat.
3763 4523 3857 4580 sed
3886 4539 4037 4596 gau-

2423 4611 2632 4673 dentes.
2656 4612 3005 4678 exsultantes,
3037 4627 3230 4685 magno
3269 4612 3372 4669 sibi
3396 4628 3517 4670 esse
3557 4614 3708 4670 lucro
3748 4625 4034 4687 putantes,

2425 4704 2505 4759 sic
2550 4703 2803 4773 pecunias
2824 4702 3164 4770 -all’erebant;
3212 4712 3268 4759 et
3291 4703 3427 4760 bene
3469 4719 3656 4761 secum
3689 4714 3869 4762 actum
3897 4724 4037 4767 esse

2425 4794 2826 4861 existimabant,
2862 4795 2908 4849 si
2949 4808 3042 4851 cas
3086 4794 3316 4864 apostoli
3361 4794 3711 4865 dignarentur
3751 4798 4033 4869 accipere.
4138 4872 4139 4875 η

2424 4886 2497 4942 At
2520 4884 2969 4958 quemadmodum
3014 4884 3232 4955 quidam
3262 4883 3330 4939 ad
3356 4898 3641 4954 supremos
3678 4887 4037 4957 magistratus

2426 4979 2624 5044 vocati,
2656 4985 2711 5033 et
2738 4977 2794 5031 in
2821 4974 3106 5047 principuis
3142 4974 3352 5044 imperii
3381 4975 3605 5030 urbibus
3635 4976 4036 5047 semperltabi-

2428 5071 2608 5137 taturi,
2640 5068 2936 5125 substantia
2976 5076 3086 5122 tota
3115 5066 3170 5120 in
3194 5066 3473 5135 pecuniam
3510 5081 3793 5131 conversa,
3827 5067 3907 5123 sic
3932 5082 4034 5123 so-

2428 5161 2538 5217 leut
2555 5176 2622 5217 eo
2641 5175 2700 5217 se
2721 5156 3012 5215 transferre
3030 5173 3044 5210 :
3061 5156 3140 5213 sic
3156 5164 3281 5211 tunc
3303 5156 3564 5211 iaciebant
3581 5156 3827 5213 homines
3845 5157 3946 5226 illi,
3963 5162 4037 5216 ad

2427 5258 2618 5312 crelum
2649 5252 2924 5318 vocati,ad
2946 5265 3230 5321 supernam
3260 5248 3599 5321 metropolim
3616 5259 3672 5305 et
3686 5251 3902 5307 caeleste
3942 5267 4038 5310 re-

2426 5346 2747 5418 gnum.Quia
2762 5346 2905 5401 enim
2921 5343 3159 5399 sciebant
3176 5342 3317 5397 illam
3333 5357 3454 5399 esse
3472 5355 3596 5396 vere
3608 5341 3835 5412 patriam
3850 5354 4034 5410 suam,

2416 5439 2780 5496 substantiam
2815 5453 2967 5493 suam
2995 5436 3049 5491 in
3083 5434 3335 5505 pecunias
3366 5440 3891 5500 cunvcrtentcs,eas
3934 5449 4040 5504 per

2431 5532 2749 5607 apostolicae
2776 5542 2966 5585 manus
2991 5541 3057 5582 eo
3085 5524 3500 5596 praemittebant.
3527 5522 3741 5578 Etenim
3767 5533 4040 5581 extremae

2428 5636 2518 5684 est
2543 5626 2862 5696 insipientia:
2894 5621 3167 5693 quidpiam
3197 5636 3262 5675 ex
3292 5619 3454 5675 rebus
3494 5620 3698 5677 nostris
3737 5617 3827 5674 hic
3872 5620 4037 5675 relin-

2432 5732 2616 5790 quere,
2649 5731 2771 5772 cum
2802 5729 2901 5770 nos
2928 5721 3051 5783 post
3101 5711 3364 5765 tantillum
3416 5712 3670 5780 temporis
3721 5708 3853 5767 hinc
3897 5712 4038 5767 euri.

2437 5811 2638 5887 graturi
2681 5812 2893 5866 simus:
2926 5804 3069 5878 quod
3116 5804 3261 5859 enim
3303 5801 3646 5875 relinquitur,
3676 5804 3733 5859 in
3781 5802 4038 5861 damnum
