4228 6298
311 331 411 388 237

315 443 479 512 cedit.
532 442 727 500 Omnia
768 441 929 513 igitur
974 439 1064 494 illo
1107 439 1496 508 praemittuntur
1521 479 1538 504 ,
1590 438 1679 492 ubi
1716 446 1771 492 et
1815 450 1916 492 nos

316 534 575 603 deinceps
603 547 819 602 semper
839 529 1097 586 versaturi
1129 543 1331 584 sumus.
1362 528 1490 584 Ha:c
1535 543 1718 584 secum
1752 543 1916 597 repu-

317 633 498 679 tantes
523 623 878 693 ipsi,omnem
905 620 1257 674 substantiam
1274 619 1650 689 deponebant;
1691 617 1916 688 duplex-

317 728 425 784 que
478 712 714 789 omcium
758 709 1151 783 prtestabatur:
1187 725 1310 764 nam
1349 717 1406 764 et
1447 723 1739 780 egenorum
1779 724 1917 798 pau-

318 810 585 872 pertatem
633 801 1000 864 sublevabant,
1031 812 1088 855 et
1127 801 1441 870 ampliorem
1484 799 1922 868 securioremque

316 894 422 948 sibi
453 893 804 948 substantiam
823 890 1112 960 parabant;
1136 891 1191 946 in
1213 891 1345 947 caelo
1367 891 1650 946 thesauros
1669 903 1796 945 suos
1821 888 1922 944 de-

319 992 608 1052 ponentes.

401 1073 594 1128 Prisca
638 1090 747 1129 mos
794 1071 1034 1129 Ecclesia:
1071 1074 1208 1127 circa
1245 1089 1470 1127 mensam
1511 1088 1922 1128 communem.—

261 1188 266 1192 ·
318 1166 406 1222 Ab
431 1165 532 1220 hac
551 1167 667 1236 lege
694 1176 750 1222 et
777 1165 1166 1221 consuetudine
1191 1152 1307 1221 mos
1330 1165 1550 1236 quidam
1579 1165 1842 1236 mirabilis
1867 1165 1920 1220 in

319 1258 625 1314 Ecclesium
663 1265 790 1314 tunc
833 1257 1079 1315 inductus
1117 1266 1200 1313 est
1231 1274 1244 1313 :
1273 1258 1446 1314 coacti
1487 1272 1719 1328 namque
1762 1257 1922 1314 simul

319 1349 513 1405 ﬁdeles
553 1364 744 1406 omnes
772 1358 893 1419 post
933 1349 1169 1404 auditam
1202 1348 1500 1404 doctrinam
1530 1390 1547 1414 ,
1580 1357 1701 1419 post
1718 1349 1922 1404 oratio-

319 1455 446 1507 sses,
493 1451 613 1512 post
658 1441 1036 1512 mysteriorum
1065 1442 1548 1511 participationem,
1581 1442 1756 1496 soluta
1795 1456 1924 1511 syn-

318 1535 453 1600 axi,
501 1549 610 1589 non
655 1533 834 1588 statim
877 1532 1093 1588 domum
1148 1532 1519 1587 concedebant
1571 1549 1586 1586 :
1641 1531 1738 1587 sed
1779 1531 1920 1587 divi-

323 1633 412 1679 tes
439 1633 495 1678 et
513 1623 900 1694 opulentiores,
918 1623 1172 1678 alimenta
1194 1631 1250 1678 et
1269 1622 1468 1678 fercula
1484 1637 1514 1677 e
1529 1622 1777 1678 domibus
1812 1623 1923 1678 suis

321 1713 632 1779 afferentes,
667 1723 930 1784 pauperes
957 1712 1319 1779 advocabant;
1365 1714 1745 1784 communique
1765 1714 1924 1769 simul

323 1818 514 1859 mensa
543 1803 876 1871 fruebantur,
893 1803 1268 1859 communibus
1296 1804 1470 1873 epulis
1483 1813 1644 1874 atque
1665 1804 1924 1858 conviviis

323 1895 383 1949 in
425 1895 539 1966 ipsa
584 1896 846 1961 ecclesia;
873 1895 941 1949 ita
986 1904 1043 1949 ut
1085 1904 1187 1950 eta
1217 1895 1491 1950 consortio
1529 1911 1765 1959 mensae,
1810 1905 1864 1950 et
1893 1911 1924 1950 a

326 1985 431 2039 loci
455 1985 774 2050 reverentia,
819 1983 1170 2055 undequaque
1207 1984 1405 2042 caritas
1445 1985 1920 2056 eonstringerctur,

322 2091 452 2131 cum
479 2078 643 2133 multa
672 2078 944 2148 voluptate
969 2078 1127 2132 simul
1164 2086 1326 2148 atque
1363 2076 1609 2133 utilitate.
1655 2079 1925 2148 Paupercs

323 2165 474 2222 enim
500 2167 868 2222 consolatione
887 2182 994 2222 non
1021 2181 1205 2238 parva,
1235 2167 1427 2222 divites
1453 2183 1582 2222 vero
1604 2167 1928 2224 benevolen-

324 2258 401 2310 tia
425 2255 755 2320 fruebantur.
786 2266 898 2312 tum
928 2247 1114 2312 eorum
1142 2272 1277 2328 quos
1319 2258 1627 2327 pascebant,
1659 2265 1766 2312 tum
1803 2257 1922 2322 Dei,

324 2351 487 2416 cujus
510 2362 669 2402 causa
698 2347 803 2402 hoc
827 2347 1094 2404 faciebant
1122 2366 1137 2403 :
1164 2349 1350 2419 sicque
1377 2364 1623 2419 magnam
1653 2350 1927 2419 assequuti

324 2437 576 2506 gratiam,
603 2436 821 2492 domum
865 2437 1206 2494 accedebant.
1247 2437 1532 2494 lnnumera
1567 2439 1691 2494 hinc
1729 2455 1928 2510 seque-

329 2528 530 2583 bantur
560 2529 737 2583 bona:
766 2529 1018 2600 quodque
1043 2539 1204 2600 caput
1229 2531 1490 2586 bonorum
1535 2539 1640 2599 est,
1684 2546 1783 2602 per
1819 2532 1929 2587 sin-

326 2617 486 2687 gulas
514 2631 750 2690 synaxes
778 2633 932 2674 amor
977 2622 1146 2693 magis
1187 2624 1464 2692 magisque
1510 2623 1928 2691 accendebatur,

328 2724 458 2766 cum
483 2719 538 2766 et
566 2710 601 2765 ii
628 2711 720 2781 qui
750 2710 1008 2768 beneﬁcia
1045 2711 1416 2781 conferebant,
1443 2724 1496 2780 et
1522 2714 1556 2769 ii
1582 2715 1671 2785 qui
1701 2715 1931 2784 accipie-

327 2803 486 2869 bant,
515 2810 658 2858 tanta
687 2819 812 2859 cum
851 2804 1225 2860 benevolentia
1274 2806 1684 2861 contubernales
1727 2815 1928 2862 essent.

331 2896 489 2952 Hunc
511 2911 715 2956 morem
735 2895 995 2953 Corinthii
1043 2914 1298 2968 processu
1338 2902 1594 2970 temporis
1639 2901 1931 2958 labefacta-

329 2996 498 3054 runt,
542 3002 663 3043 cum
710 2990 1078 3059 opulentiores
1121 2993 1346 3046 seorsim
1391 2991 1570 3046 cibum
1611 3003 1886 3047 sumentes
1914 3034 1929 3058 ,

327 3091 535 3148 egenos
574 3077 933 3148 despicerent,
965 3093 1066 3134 nec
1111 3089 1489 3150 exspectarent
1532 3081 1735 3139 tardius
1773 3098 1934 3138 acce-

330 3170 548 3236 dentes,
574 3180 626 3226 et
653 3171 1062 3227 necessitatibus
1104 3172 1226 3228 vitze
1269 3173 1536 3240 delentos,
1572 3182 1627 3228 ut
1671 3189 1936 3244 pauperes

331 3262 533 3325 solent,
559 3270 722 3330 atque
752 3276 932 3317 moras
958 3264 1250 3318 trahentes.
1275 3263 1429 3320 Unde
1450 3265 1796 3336 contingebat
1816 3283 1934 3336 eos,

331 3351 556 3410 demum
584 3353 950 3420 advenientes,
973 3368 1094 3409 cum
1123 3354 1326 3422 pudore
1351 3355 1460 3424 jam
1489 3356 1694 3410 sublata
1742 3373 1928 3413 mensa

333 3442 614 3511 recedere;
643 3443 750 3498 illis
779 3445 1296 3513 prazoecupautibus,
1315 3445 1398 3499 his
1428 3461 1558 3501 vero
1582 3449 1933 3504 tardantibus.

336 3531 539 3588 Videtis
559 3534 739 3603 itaque
769 3534 964 3589 Paulus
990 3534 1114 3590 inde
1143 3535 1310 3590 multa
1354 3538 1590 3592 suboriri
1629 3539 1790 3607 mala,
1823 3549 1933 3594 tum

334 3643 460 3696 qua:
475 3627 586 3696 jam
607 3627 928 3692 acciderant,
961 3636 1072 3683 tum
1092 3645 1213 3700 quae
1226 3629 1396 3685 futura
1419 3642 1573 3687 erant
1587 3632 1733 3706 (nam
1760 3650 1787 3687 a
1804 3635 1940 3691 divi-

336 3720 484 3774 tibus
510 3735 768 3789 pauperes
787 3722 1288 3788 contentne'bantur,
1307 3738 1370 3778 ac
1385 3726 1618 3794 superbe
1638 3727 1940 3781 tractaban-

339 3819 453 3875 tur,
482 3809 711 3881 hincquo
745 3812 1065 3878 pauperibus
1101 3828 1300 3869 mceror
1329 3814 1619 3886 odiumque
1643 3817 1694 3870 in
1722 3817 1937 3886 divites,

337 3899 551 3968 aliaque
566 3900 920 3955 succedebant
951 3902 1087 3956 mala
1107 3919 1176 3958 ex
1199 3903 1502 3974 huiusmodi
1527 3908 1686 3963 rebus
1701 3909 1831 3963 oriri
1850 3925 1940 3965 so-

339 3988 483 4061 lita),
504 3991 638 4045 hanc
681 3994 1281 4065 pravamacerbamque
1313 3998 1753 4054 consuetudinem
1783 4002 1942 4056 corri-

339 4083 439 4152 git.
479 4081 544 4135 Et
563 4081 685 4136 vide
705 4098 826 4137 cum
848 4098 1044 4153 quanta
1069 4088 1346 4156 prudentia
1368 4097 1423 4144 et
1443 4092 1813 4148 moderatione
1828 4109 1944 4150 cor-

341 4173 640 4227 rectionem
660 4176 1016 4244 aggrediatur.
1039 4175 1304 4248 lncipiens
1320 4181 1461 4235 enim
1485 4184 1562 4237 sic
1583 4183 1688 4237 ait:
1709 4182 1824 4238 Hoc
1849 4202 1943 4239 au-

343 4274 448 4318 tem
475 4267 792 4337 pracipiens,
821 4285 922 4323 non
952 4270 1128 4335 laudo,
1156 4273 1292 4339 quod
1316 4290 1416 4327 non
1446 4276 1499 4328 in
1534 4276 1732 4342 melius,
1760 4279 1848 4331 sed
1892 4280 1944 4332 in

342 4357 568 4412 deterius
587 4349 915 4430 convenitis“
931 4398 945 4413 .
971 4361 1088 4415 Cor.
1114 4363 1200 4416 ll.
1233 4365 1347 4432 17).
1366 4365 1500 4432 Quid
1523 4367 1622 4421 sibi
1653 4369 1764 4422 vult
1791 4369 1943 4435 illud,

346 4444 477 4500 Non
511 4448 562 4501 in
609 4448 830 4504 melius!
861 4450 1110 4520 Majores,
1134 4452 1304 4522 inquit
1325 4464 1380 4510 et
1402 4468 1582 4525 patres
1615 4463 1777 4514 vestri
1813 4461 1944 4515 sub-

346 4536 574 4591 stantias
600 4552 725 4592 suas
756 4540 1057 4595 vendebant
1077 4551 1130 4597 et
1153 4543 1351 4612 praedia
1373 4556 1428 4601 et
1446 4550 1835 4617 possessiones,
1861 4562 1942 4606 at-

344 4640 457 4697 que
475 4628 651 4682 omnia
675 4629 1281 4702 habebantcommunia,
1306 4638 1637 4709 multamque
1660 4651 1845 4697 mutuo
1866 4658 1949 4698 ca-

343 4721 561 4774 ritatem
586 4737 599 4772 :
625 4736 720 4776 vos
749 4731 951 4787 autem,
983 4740 1117 4794 quos
1147 4742 1245 4796 par
1266 4739 1410 4785 esset
1441 4732 1562 4785 illos
1593 4734 1807 4800 imitari,
1842 4749 1946 4790 non

345 4808 513 4863 modo
536 4809 664 4865 nihil
684 4812 858 4868 simile
875 4812 1093 4882 fecistis,
1113 4818 1208 4872 sed
1226 4819 1384 4874 etiam
1405 4821 1478 4889 id,
1505 4824 1647 4889 quod
1669 4826 1843 4879 solum
1865 4826 1951 4880 ha-

343 4899 559 4955 bebatis
577 4901 867 4969 amisistis;
889 4919 1083 4975 nempe
1102 4909 1344 4964 convivia
1389 4911 1440 4964 in
1459 4913 1698 4968 collectis
1717 4915 1828 4970 ﬁeri
1856 4933 1946 4971 so-

347 4991 464 5042 lita.
488 4989 718 5062 Ideoque
740 4995 842 5052 ait;
863 4992 982 5047 Non
1011 4997 1063 5048 in
1084 4997 1284 5065 melius,
1303 5001 1391 5052 sed
1415 5004 1467 5055 in
1491 5003 1706 5059 deterius
1724 5010 1949 5062 conveni-

343 5081 431 5132 tis.
455 5080 521 5135 Et
543 5082 615 5136 illi
646 5084 860 5152 quidem
881 5089 1246 5155 posSessioucs
1275 5107 1464 5150 onmcs
1495 5094 1545 5148 in
1575 5112 1727 5150 usutn
1752 5113 1950 5169 paupe-

349 5187 472 5225 rum
507 5173 873 5229 concedebant
906 5195 921 5230 :
953 5192 1047 5232 vos
1076 5194 1203 5234 vero
1246 5198 1430 5238 mensa
1476 5189 1634 5240 etiam
1680 5187 1783 5243 illis
1814 5204 1947 5246 con-

345 5277 505 5318 cessa
555 5264 795 5334 privatis.
839 5265 1074 5322 Primum
1118 5273 1251 5325 enim
1286 5279 1691 5332 convenientibus
1733 5281 1866 5335 vobis
1897 5285 1950 5338 in

346 5353 635 5418 ecclesiam,
665 5356 818 5410 audio
863 5360 1112 5416 scissuras
1159 5380 1262 5418 esse
1304 5367 1432 5420 inter
1474 5386 1578 5435 ros,
1607 5382 1654 5425 et
1699 5389 1762 5427 ea:
1805 5385 1952 5444 parte

345 5445 503 5498 credo
529 5445 605 5516 (l.
641 5444 760 5501 Cor.
797 5449 881 5504 ll.
916 5450 1028 5519 18).

425 5537 480 5592 4.
515 5537 648 5593 Vide
675 5541 946 5608 quomodo
977 5559 1188 5599 rursum
1233 5550 1522 5616 prudenter
1550 5556 1943 5612 correctionem

347 5627 623 5683 adhibeat.
655 5629 769 5686 Non
797 5630 954 5698 dixit,
984 5634 1180 5703 Credo,
1207 5641 1312 5707 vel,
1346 5642 1460 5698 Non
1488 5647 1673 5711 credo,
1703 5649 1796 5703 sed
1829 5665 1949 5704 me-

349 5720 448 5778 dio
472 5720 632 5778 verbo
662 5736 788 5780 usus
807 5735 919 5796 cst,
946 5724 1029 5782 Ex
1057 5739 1199 5798 parte
1223 5735 1404 5801 credo;
1437 5750 1542 5792 non
1575 5738 1795 5795 nntnitto
1828 5755 1953 5798 crc-

1144 326 1210 381 ΙΝ
1251 325 1501 383 DICTUM
1541 321 1746 381 PAULI
1790 363 1806 386 ,
1846 315 2172 377 OPORTET
2214 314 2559 373 ιιιειιεεεε
2599 314 2793 372 ESSE.

3521 316 3627 370 953

2025 430 2117 497 do,
2148 445 2247 486 nec
2271 431 2494 486 omnino
2523 429 2681 487 tidem
2713 444 2895 500 nego;
2917 437 2970 483 ut
3003 444 3130 484 vero
3156 428 3261 486 hoc
3281 430 3362 485 vel
3391 429 3539 494 illud,
3575 434 3627 486 in

2026 531 2203 577 vestra
2233 522 2449 591 penitus
2475 529 2741 591 potestate
2769 529 2871 575 est.
2903 519 2958 576 Si
2992 521 3341 590 resipiscatis,
3374 537 3479 575 non
3506 509 3629 576 cre-

2025 612 2131 677 do;
2161 611 2243 664 sin
2267 615 2336 664 ita
2369 611 2746 679 perseveretis,
2770 610 2952 666 credo.
2989 609 3170 682 Itaque
3198 627 3304 665 non
3327 616 3624 676 accusavit.

2025 713 2078 757 et
2107 703 2394 756 accusavit.
2422 701 2540 756 Non
2583 702 2857 756 accusavit
2884 701 3120 771 penitus,
3147 712 3204 756 ut
3232 703 3630 760 emendationis

2027 807 2176 861 spem
2205 802 2257 846 et
2283 792 2526 847 inducias
2553 792 2621 847 ad
2654 793 3026 862 pmnitentiam
3056 793 3210 848 daret
3231 813 3244 847 :
3264 811 3369 849 non
3401 797 3630 852 crimine

2026 884 2224 940 liberos
2247 884 2470 948 dimisit,
2499 900 2567 940 ne
2602 885 2654 939 in
2684 884 2872 939 eadem
2901 886 3127 956 segnitie
3156 896 3455 943 manerent.
3487 889 3630 943 Non-

2028 976 2155 1029 dum
2177 977 2399 1032 omnino
2419 976 2646 1055 credidi,
2667 976 2868 1046 inquit;
2896 975 3127 1047 idipsum
3145 977 3288 1032 enim
3313 989 3395 1032 est
3423 978 3630 1044 dicere,

2032 1067 2116 1123 Ea:
2146 1080 2291 1139 parte
2322 1073 2496 1125 credo.
2544 1070 2598 1124 ld
2650 1085 2780 1125 vero
2822 1070 3032 1125 dicebat
3073 1071 3363 1126 cohortalis
3405 1081 3460 1125 ut
3509 1088 3633 1128 sese

2026 1161 2378 1216 emendarem
2403 1175 2467 1214 ac
2494 1161 2848 1230 corrigerent,
2872 1163 3152 1230 ipsumque
3172 1161 3532 1227 abducerent,
3550 1178 3634 1239 ne

2026 1267 2142 1309 rem
2172 1251 2481 1322 huiusmodi
2513 1253 2600 1307 vel
2640 1267 2705 1307 ex
2747 1262 2899 1322 parte
2938 1252 3202 1308 crederet.
3238 1252 3450 1323 Oportet
3488 1267 3635 1308 etum

2029 1342 2247 1398 hereses
2275 1359 2400 1408 esse,
2430 1351 2485 1396 ut
2513 1341 2601 1412 qui
2630 1341 2827 1412 probati
2849 1351 2995 1409 sunt,
3019 1342 3274 1412 manifesti
3301 1342 3431 1411 ﬁant
3459 1344 3511 1396 in
3542 1358 3619 1395 tto-

2029 1435 2104 1489 bis
2132 1433 2210 1506 (l.
2233 1433 2459 1489 Con“.
2497 1432 2608 1503 l9).
2644 1433 2739 1488 Die
2768 1433 2927 1503 igitur
2953 1439 3196 1502 quzeuam
3228 1433 3506 1490 hazreses?
3540 1434 3635 1488 llic

2028 1524 2265 1578 animum
2286 1523 2565 1579 adhibete:
2587 1524 2840 1595 quoniam
2864 1540 2968 1579 non
2991 1524 3058 1578 de
3079 1525 3419 1595 dogmatibus
3436 1526 3634 1580 dicitur

2029 1617 2177 1682 illud,
2212 1617 2423 1688 Oportet
2447 1617 2663 1672 latereses
2687 1617 2739 1671 in
2765 1618 2900 1673 vobis
2917 1634 3023 1673 esse
3046 1634 3065 1671 :
3088 1618 3181 1672 sed
3204 1617 3272 1673 de
3294 1618 3634 1674 dissensione

2028 1708 2173 1762 circa
2200 1723 2464 1762 mensam.
2487 1708 2622 1763 Cum
2667 1709 2810 1762 enim
2845 1708 3092 1775 dixisset,
3128 1706 3339 1778 Oportet
3378 1720 3550 1764 autent
3587 1721 3636 1764 et

2032 1798 2244 1853 hereses
2263 1815 2392 1864 esse,
2412 1785 2627 1858 modum
2651 1799 2932 1854 haereseon
2961 1800 3208 1869 adjunxit
3239 1817 3251 1853 :
3283 1798 3636 1856 Convenienli-

2029 1885 2121 1943 bus
2141 1890 2272 1941 enim
2293 1889 2432 1942 vobis
2458 1889 2509 1942 in
2533 1903 2712 1953 unum,
2732 1903 2835 1942 non
2859 1897 2932 1942 est
2946 1884 3255 1942 dominicam
3272 1904 3467 1943 crenam
3490 1905 3637 1942 man-

2031 1981 2220 2034 ducare
2250 1978 2428 2052 (1b.,v.
2451 1978 2571 2050 20).
2595 1978 2733 2046 Quid
2769 1987 2870 2045 est,
2909 1978 3230 2033 Dominicam
3262 1995 3455 2033 caenam
3483 1995 3636 2033 man-

2031 2071 2259 2125 ducare?
2284 2071 2613 2125 Dominicam
2654 2085 2886 2134 caenam,
2912 2071 3104 2141 inquit,
3128 2086 3236 2126 non
3281 2082 3365 2125 est
3403 2072 3632 2126 mandu-

2031 2175 2193 2216 care:
2220 2160 2365 2216 illam
2396 2176 2594 2216 vocans
2621 2176 2856 2228 coenam,
2880 2177 3040 2231 quam
3071 2161 3256 2217 ultima
3288 2172 3448 2217 nocte
3475 2163 3638 2218 tradi-

2031 2249 2110 2304 dit
2130 2249 2396 2317 Christus,
2425 2250 2640 2322 quando
2663 2250 2911 2322 discipuli
2953 2267 3076 2306 cum
3122 2252 3214 2306 illo
3248 2267 3440 2307 omnes
3460 2263 3638 2308 erant.

2035 2343 2089 2398 In
2118 2344 2206 2399 illa
2235 2344 2435 2414 quippe
2461 2359 2617 2399 ctena
2644 2354 2699 2399 et
2721 2345 2978 2400 Dominus
3006 2353 3062 2400 et
3087 2347 3227 2400 servi
3255 2360 3444 2401 omnes
3473 2346 3636 2402 simul

2035 2433 2458 2490 recumbebant:
2486 2449 2584 2490 vos
2618 2449 2770 2498 vero,
2802 2434 2895 2504 qui
2918 2436 3166 2489 conservi
3189 2436 3340 2500 estis,
3369 2435 3510 2491 inter
3540 2454 3638 2492 vos

2037 2533 2214 2580 tamen
2257 2524 2532 2580 dissidetis
2586 2541 2652 2581 ac
2703 2522 3023 2582 dividimini.
3052 2525 3146 2580 Ille
3184 2541 3283 2581 nec
3311 2527 3638 2596 proditorem

2035 2617 2239 2688 expulit
2267 2635 2280 2647 ·
2306 2633 2430 2672 nam
2460 2626 2512 2672 et
2537 2618 2705 2674 Judas
2748 2631 2873 2674 cum
2924 2617 3029 2673 illis
3075 2628 3202 2672 tunc
3242 2627 3360 2674 erat
3385 2633 3401 2672 :
3427 2631 3482 2674 tu
3507 2635 3641 2676 vero

2036 2708 2254 2763 fratrem
2275 2709 2521 2778 depellis.
2552 2708 2677 2764 Ideo
2693 2709 2854 2764 dicit:
2878 2707 2999 2763 Non
3016 2719 3089 2762 est
3111 2709 3421 2763 dominimm
3445 2725 3642 2764 caenam

2037 2800 2365 2862 manducare,
2398 2801 2705 2854 dominicam
2739 2816 2934 2854 crenam
2966 2815 3163 2854 vocans
3202 2814 3344 2867 eam,
3367 2815 3487 2869 quae
3513 2814 3646 2857 cou-

2049 2887 2376 2945 cordissime
2391 2892 2650 2948 omnibus
2670 2893 2988 2949 convot-atis
3002 2893 3642 2966 sutnitur.Unusquisque

2051 2981 2191 3034 enim
2223 2997 2375 3035 suam
2402 2999 2601 3038 caenam
2628 2986 2794 3039 sumit
2821 2985 2889 3038 ad
2921 2985 3352 3039 manducandum
3372 3026 3386 3050 ,
3416 2996 3466 3040 et
3501 2988 3647 3041 alius

2049 3070 2256 3138 quidem
2286 3075 2475 3136 esurit,
2509 3074 2648 3129 alius
2681 3084 2858 3128 autent
2884 3075 3061 3130 ebrius
3091 3086 3170 3130 est
3206 3076 3502 3147 (lb.v.2l).
3529 3077 3646 3131 Non

2050 3159 2368 3222 dixit,Alitts
2385 3165 2729 3228 esurit,alitts
2741 3165 3001 3230 comedit;
3018 3166 3110 3220 sed
3127 3167 3414 3222 ebrietatis
3430 3169 3651 3221 nomine

2041 3253 2210 3322 magis
2238 3252 2358 3308 illos
2389 3255 2578 3324 tangit.
2603 3255 2670 3308 Et
2703 3253 2790 3309 hic
2825 3263 2879 3310 et
2927 3254 3058 3320 illic,
3091 3255 3187 3320 ait,
3219 3254 3398 3308 nullus
3425 3264 3508 3309 est
3536 3271 3652 3308 mo-

2041 3345 2164 3400 dus.
2194 3343 2272 3399 Tu
2322 3353 2373 3400 te
2420 3345 2641 3414 crapula
2691 3345 3005 3415 disrumpis,
3035 3344 3167 3401 dum
3217 3345 3308 3403 ille
3336 3343 3476 3399 l'mne
3505 3361 3642 3401 con-

2042 3433 2303 3500 tabescit;
2331 3444 2385 3490 tu
2413 3434 2585 3504 plura,
2614 3451 2776 3506 quant
2803 3449 2939 3505 Opus
2963 3437 3056 3501 sit,
3084 3438 3270 3502 sumis,
3306 3436 3395 3494 ille
3422 3451 3553 3493 vero
3582 3452 3651 3496 uc

2040 3525 2255 3596 quidem
2307 3520 2627 3581 necessariis
2680 3525 2896 3580 fruitur.
2952 3526 3158 3597 Duplex
3214 3528 3317 3583 hoc
3382 3543 3650 3600 corruptae

2043 3619 2362 3689 mqnulitatis
2401 3619 2602 3674 malum
2645 3618 2883 3673 hmrcses
2915 3629 3104 3687 vocat,
3144 3621 3267 3690 quia
3312 3623 3653 3695 contentiosa

2045 3713 2272 3768 invicem
2314 3711 2546 3783 agebant
2599 3719 2654 3767 et
2695 3711 3069 3778 dissidebant,
3106 3720 3162 3767 et
3204 3711 3311 3767 alio
3353 3714 3645 3780 esuriente,

2046 3805 2180 3857 alius
2207 3801 2594 3858 inebriabatur.
2636 3804 2714 3857 Ac
2747 3801 2884 3857 bene
2913 3802 3070 3867 dixit,
3101 3800 3525 3859 Conuenientibus
3553 3820 3646 3859 vo-

2047 3894 2121 3947 bis
2150 3894 2202 3947 in
2229 3909 2410 3949 unum.
2434 3892 2542 3947 Cur
2562 3892 2905 3948 convenitis?
2929 3893 3130 3964 inquit;
3161 3894 3289 3964 quid
3311 3894 3414 3951 sibi
3435 3897 3544 3951 vult
3561 3897 3654 3952 ille

2047 3985 2383 4042 conventus?
2429 3985 2496 4040 ad
2543 3985 2670 4056 quid
2728 3986 2818 4041 ille
2869 3988 3175 4042 communis
3214 3996 3407 4054 coetus,
3437 3991 3654 4059 quando

2049 4091 2234 4131 mensa
2263 4092 2369 4130 non
2403 4085 2486 4131 est
2508 4078 2847 4132 communis?
2878 4077 3168 4132 Dominit-ae
3192 4087 3318 4133 sunt
3349 4078 3652 4141 facultates.

2050 4183 2184 4238 quas
2211 4169 2541 4237 accepimus,
2572 4169 3242 4238 proindeque'communes
3263 4174 3542 4226 conservis
3559 4188 3655 4227 no—

2051 4259 2177 4314 stris
2230 4272 2621 4330 proponantur.
2657 4259 2928 4329 Numquid
2975 4261 3155 4316 domos
3201 4279 3303 4317 non
3345 4263 3537 4318 habetis
3589 4265 3658 4318 ad

2053 4352 2466 4405 manducandum
2497 4363 2542 4405 et
2565 4352 2879 4406 bibendum?
2905 4363 2991 4406 aut
3017 4353 3282 4408 ecclesiam
3309 4354 3403 4409 Dei
3429 4366 3656 4410 contem-

2053 4446 2168 4496 nitis
2188 4483 2203 4508 ,
2224 4444 2413 4513 inquit,
2442 4454 2488 4497 et
2517 4445 2831 4516 confunditis
2859 4461 2942 4498 eos
2958 4446 3044 4516 qui
3076 4463 3177 4499 non
3205 4447 3388 4502 habent
3418 4447 3577 4518 (Ibid.
3605 4466 3654 4503 v.

2051 4529 2184 4608 22)?
2227 4537 2307 4590 Tu
2344 4537 2559 4607 quidem
2604 4548 2778 4607 putas,
2813 4539 3023 4608 inquit,
3068 4539 3288 4594 fratrem
3344 4553 3550 4597 tantum
3606 4555 3656 4598 te

2053 4627 2375 4682 contumelia
2398 4627 2636 4693 allicere,
2658 4628 2919 4683 redundat
2941 4639 3119 4685 autem
3143 4634 3464 4688 contumelia
3495 4637 3657 4689 etiam

2055 4720 2107 4773 in
2137 4720 2334 4776 locum.
2367 4721 2656 4776 Ecclesium
2687 4723 2886 4794 quippe
2916 4731 3082 4778 totam
3112 4728 3439 4781 contemnis.
3470 4729 3657 4784 Eccle-

2054 4812 2130 4865 sia
2154 4813 2299 4866 enim
2336 4811 2459 4867 ideo
2505 4813 2722 4879 dicitur,
2752 4815 2876 4881 quia
2908 4818 3269 4871 communiter
3294 4833 3484 4873 omnes
3512 4821 3670 4875 acri-

2057 4904 2149 4971 pit.
2176 4903 2283 4958 Cur
2309 4920 2439 4975 ergo
2461 4905 2653 4960 domus
2681 4915 2786 4960 tute
2814 4906 3073 4962 vilitatem
3102 4908 3152 4961 in
3182 4910 3468 4965 ecclesiam
3498 4912 3667 4967 indu-

2053 4995 2172 5049 cis?
2218 4995 2272 5048 Si
2305 4996 2450 5049 enim
2496 5000 2806 5051 contemnis
2839 4997 3086 5060 fratrem,
3137 5014 3388 5055 reverere
3431 5000 3610 5057 locum
3648 5022 3659 5056 :

2052 5087 2255 5141 etenim
2299 5087 2534 5142 Ecclesia
2583 5090 2915 5143 contumelia
2965 5090 3222 5146 allicitur.
3274 5091 3463 5163 Neque
3503 5096 3663 5157 dixit,

2051 5173 2160 5230 Eos
2192 5177 2442 5246 privatis,
2479 5178 2571 5247 qui
2604 5195 2716 5233 non
2752 5181 2985 5247 habent;
3017 5195 3131 5243 aut,
3164 5183 3281 5236 Non
3325 5184 3662 5240 miseremini

2053 5281 2244 5322 eorum
2282 5271 2371 5339 qui
2432 5287 2539 5325 non
2595 5272 2816 5327 habent.
2854 5272 2962 5327 Sed
3004 5275 3172 5343 quid?
3204 5275 3550 5343 Confunditis
3580 5292 3667 5328 eus

2055 5365 2140 5431 qui
2205 5381 2305 5418 non
2369 5364 2571 5418 habent.
2632 5362 3120 5421 Vehementissinto
3183 5368 3432 5437 tangendi
3501 5371 3663 5425 modo

2056 5472 2241 5511 eorum
2272 5457 2453 5511 lttxum
2474 5466 2841 5526 repraesentat.
2862 5456 2980 5513 Non
3000 5466 3107 5512 tam
3133 5469 3286 5514 curat
3314 5476 3537 5532 pauper,
3571 5463 3658 5517 in-

2057 5550 2189 5618 quit,
2223 5550 2431 5613 cibum,
2463 5565 2621 5617 quam
2652 5549 3055 5606 contumeliam.
3092 5551 3221 5606 Vide
3248 5567 3404 5621 quam
3435 5556 3661 5610 honeste

2061 5643 2161 5695 luu.
2194 5650 2433 5704 excuset,
2467 5652 2519 5694 ct
2560 5657 2717 5710 quam
2750 5642 3103 5699 vehementer
3134 5645 3254 5699 illos
3286 5655 3482 5717 tangat.
3526 5648 3661 5716 Quid

2061 5737 2224 5792 dicam
2256 5733 2432 5789 vobis?
2464 5733 2616 5787 laudo
2650 5733 2775 5787 res?
2803 5731 2871 5789 lu
2896 5735 2991 5790 hoc
3014 5751 3114 5790 non
3137 5736 3292 5790 laudo
3315 5739 3364 5808 tl
3383 5777 3394 5791 .
3414 5733 3504 5794 Co:
3524 5776 3537 5792 .
3574 5740 3660 5795 ιι.
