4228 6298
687 336 799 396 ΞΗ

680 445 796 518 22).
827 443 966 516 Quid
992 443 1098 500 boc
1120 443 1246 500 est!
1265 441 1392 498 Post
1432 440 1851 496 demonstratam
1881 435 2258 493 abaci-ditatem

683 537 855 593 lenior
881 541 1124 606 sequitur
1161 531 1452 602 increpatio
1477 572 1492 597 ,
1520 541 1574 585 et
1613 530 1735 598 jure
1783 526 2000 599 quidem
2048 524 2262 596 merito,

685 643 755 682 ue
798 625 1218 697 impudentiores
1261 620 1575 678 evaderem.
1606 619 1924 688 Priusquam
1963 616 2108 670 enim
2149 629 2264 667 nem

682 715 970 775 absurdam
1011 727 1130 768 esse
1173 711 1587 776 demonstraret,
1611 708 1901 781 perfectam
1943 705 2263 762 sententiam

685 804 875 856 extulit
935 801 1124 857 dicens
1154 843 1171 868 ,
1219 800 1333 855 Hoc
1384 811 1552 856 autem
1605 799 1901 870 praecipiens
1952 814 2056 851 non
2110 795 2264 850 laudo

672 895 720 965 (i
737 937 751 952 .
770 893 897 949 Cor.
916 892 1107 966 HJ?)
1145 891 1434 964 Postquam
1463 902 1639 947 autem
1657 900 1905 946 accurate
1923 890 2263 946 demonstra-

684 985 758 1039 vit
777 985 898 1042 illos
921 999 1040 1041 esse
1065 987 1418 1056 complurium
1446 985 1730 1040 criminum
1758 998 1900 1051 reos,
1929 984 2133 1038 leniore
2155 984 2261 1037 uti-

591 1102 602 1111 -
679 1084 769 1129 tur
792 1075 1186 1140 criminatione,
1215 1076 1269 1132 in
1302 1076 1421 1145 .jam
1465 1074 1732 1129 dictorum
1776 1082 2035 1145 apparatu
2077 1082 2132 1128 et
2169 1072 2263 1126 de-

679 1167 1065 1222 monstratione
1083 1166 1437 1223 accusationis
1460 1166 1855 1223 vehementiam
1903 1166 2131 1237 positam
2176 1179 2263 1220 re-

679 1256 948 1324 linquens.
978 1256 1176 1312 Deinde
1233 1259 1287 1312 in
1336 1259 1613 1328 mysticam
1665 1273 1902 1313 mensam
1955 1272 2260 1313 sermonem

683 1346 952 1413 transfert,
987 1358 1042 1403 ut
1067 1349 1146 1402 eis
1168 1348 1286 1418 plus
1312 1349 1521 1404 timoris
1550 1352 1829 1404 incuteret.
1858 1345 1972 1420 Ego
1997 1349 2147 1415 enim,
2180 1349 2234 1403 in

678 1437 811 1505 quit,
829 1438 1000 1508 accepi
1019 1455 1053 1492 a
1075 1439 1316 1507 Domino,
1334 1441 1470 1510 quod
1489 1451 1536 1494 et
1562 1441 1751 1494 tradidi
1771 1441 1906 1494 vobis
1929 1439 2034 1512 (Ib.
2064 1457 2113 1495 tt.
2136 1438 2254 1510 23).

676 1529 858 1595 Qualis
892 1529 1008 1586 haec
1035 1533 1454 1602 consequentia?
1485 1533 1559 1588 De
1599 1535 1869 1588 communi
1909 1531 2131 1602 prandio
2173 1531 2255 1586 lo-

674 1620 877 1688 queris,
923 1629 978 1675 et
1017 1620 1284 1677 horrenda
1306 1624 1562 1694 mysteria
1610 1623 2034 1679 commemoras?
2061 1625 2256 1691 Etiam,

674 1708 866 1778 inquit.
894 1708 950 1765 Si
978 1711 1122 1765 enim
1157 1712 1433 1767 tremenda
1475 1713 1566 1767 illa
1615 1729 1798 1768 mensa
1828 1714 2076 1768 omnibus
2104 1727 2258 1768 com-

676 1800 854 1855 munis
907 1803 1246 1872 proponitur,
1295 1813 1350 1859 et
1390 1803 1540 1858 diviti
1582 1814 1636 1858 et
1686 1806 1924 1877 pauperi,
1963 1819 2134 1873 neque
2171 1805 2258 1859 illa

672 1889 865 1946 fruitur
885 1891 1100 1948 uberius
1118 1893 1289 1960 dives,
1315 1904 1369 1950 et
1395 1895 1606 1964 parcius
1633 1909 1858 1965 pauper,
1882 1894 1976 1950 sed
1999 1910 2135 1950 unus
2157 1895 2256 1950 bo-

672 1994 791 2046 nor,
814 1990 868 2036 et
897 1998 1033 2037 unus
1057 1999 1340 2051 accessus;
1370 2001 1432 2040 ac
1458 1986 1630 2042 donec
1671 2003 1861 2043 omnes
1895 1991 2260 2043 communica-

670 2068 863 2136 verint,
886 2079 940 2124 et
961 2072 1249 2142 participes
1277 2074 1477 2130 fuerint
1497 2076 1657 2145 hujus
1687 2077 1980 2146 spiritualis
2003 2088 2058 2134 et
2089 2093 2258 2134 sacrze

673 2172 894 2222 mensae,
931 2175 1050 2229 qua:
1104 2164 1376 2230 proposita
1430 2174 1556 2218 sunt
1605 2180 1709 2218 non
1758 2165 2123 2234 retrahuntur,
2162 2168 2256 2223 sed

671 2256 814 2302 stant
841 2249 1150 2305 sacerdotes
1175 2268 1380 2318 omnes,
1411 2254 1494 2309 vel
1520 2255 1759 2309 omnium
1788 2259 2181 2326 pauperrimum
2201 2269 2257 2315 et

672 2337 985 2393 vilissimum
1013 2350 1385 2412 exspectantes
1419 2360 1432 2395 :
1464 2343 1632 2398 multo
1677 2346 1844 2413 magis
1866 2346 1918 2399 in
1947 2345 2045 2401 hac
2071 2347 2254 2403 sensili

670 2443 854 2482 mensa
896 2429 948 2483 id
992 2431 1277 2500 agendum.
1311 2432 1434 2488 ideo
1483 2435 1626 2488 illam
1675 2435 1998 2491 dominicam
2044 2452 2253 2493 cmnam

671 2521 982 2574 memoravi.
1013 2522 1125 2593 Ego
1153 2525 1285 2577 enim
1322 2527 1495 2594 accepi
1518 2543 1548 2578 a
1576 2524 1815 2594 Domino,
1844 2527 1978 2596 quod
1999 2539 2044 2582 et
2065 2529 2255 2584 tradidi

669 2610 823 2671 vobis,
849 2613 1087 2676 quoniam
1111 2611 1359 2668 Dominus
1383 2614 1554 2682 Iesus,
1575 2617 1626 2669 in
1647 2633 1749 2686 qua
1775 2627 1915 2670 nocte
1936 2618 2251 2685 tradebatur,

665 2702 858 2770 accepit
887 2719 1090 2771 panem,
1129 2715 1175 2757 et
1216 2708 1409 2776 gratias
1453 2723 1606 2777 agens
1651 2709 1820 2778 fregit,
1848 2719 1894 2762 et
1933 2710 2105 2764 dixit:
2142 2710 2254 2764 Hoc

667 2801 740 2844 est
763 2807 949 2860 corpus
977 2809 1171 2860 meum,
1204 2797 1338 2864 quod
1378 2813 1470 2865 pro
1500 2798 1669 2850 multis
1694 2799 1970 2872 frangitur,
1999 2800 2051 2854 in
2072 2803 2250 2855 remis-

667 2882 859 2936 sionem
883 2893 1222 2953 peccatorum.
1257 2884 1368 2939 Hoc
1398 2888 1550 2956 facite
1587 2888 1642 2940 in
1689 2904 1850 2941 meam
1887 2905 2248 2943 conmemora-

668 2972 873 3029 tionem.
898 2972 1144 3028 Similiter
1168 2987 1214 3029 et
1237 2975 1442 3030 calicem
1479 2986 1742 3047 postquam
1767 2980 2004 3048 coenavit,
2036 2980 2207 3036 dicens
2228 2997 2250 3036 :

666 3063 771 3118 llic
807 3065 943 3119 catis:
987 3081 1169 3120 novum
1221 3077 1572 3122 testamentum
1614 3077 1686 3123 est
1735 3071 1788 3124 in
1827 3085 1936 3126 meo
1993 3073 2252 3142 sanguine

670 3153 832 3224 (Ibid.
855 3171 904 3209 υ.
935 3154 1006 3211 es
1030 3185 1057 3196 -
1077 3155 1195 3228 es).

736 3245 790 3300 5.
821 3244 1022 3300 Deinde
1048 3248 1214 3301 multa
1260 3249 1510 3318 loquutus
1552 3252 1694 3306 circa
1733 3265 1860 3317 eos,
1905 3254 1996 3322 qui
2036 3255 2251 3326 indigne

667 3337 921 3406 mysteria
951 3338 1296 3408 participant,
1329 3341 1416 3395 ubi
1466 3341 1584 3396 illos
1616 3343 1960 3400 vehementer
1989 3347 2160 3417 tetigit
2197 3357 2252 3403 et

664 3428 926 3497 coarguit,
968 3427 1252 3499 docuitque
1301 3446 1414 3496 eos,
1460 3434 1546 3501 qui
1595 3435 1908 3503 sanguinem
1959 3445 2013 3490 et
2053 3451 2251 3507 corpus

663 3517 863 3572 Citriin
915 3528 1115 3574 temere
1161 3535 1226 3576 ac
1279 3522 1635 3592 perfunctorie
1685 3527 1970 3597 accipiunt,
2006 3531 2248 3586 eamdem

664 3609 933 3664 subituros
958 3625 1078 3666 esse
1105 3627 1339 3680 poenam,
1372 3630 1529 3683 quam
1562 3617 1594 3669 ii
1617 3616 1706 3686 qui
1735 3617 2003 3672 Christum
2032 3621 2245 3675 occide-

667 3707 816 3762 runt;
849 3714 1034 3754 rursus
1074 3699 1141 3754 ad
1183 3705 1513 3771 propositum
1546 3716 1914 3775 argumentum
1943 3723 2246 3765 sermonem

665 3791 852 3859 refert,
879 3792 1063 3848 dicens
1092 3810 1107 3846 :
1137 3792 1320 3863 Itaque
1348 3796 1555 3863 fratres,
1580 3813 1694 3850 cum
1720 3801 1988 3854 convenitis
2016 3802 2083 3854 ad
2104 3819 2243 3857 man-

665 3883 973 3949 ducandum,
987 3884 1194 3937 invicem
1211 3896 1512 3954 exspectate.
1529 3888 1590 3942 Si
1605 3890 1712 3953 quis
1733 3878 1899 3942 autem
1918 3894 2092 3956 esurit,
2111 3895 2249 3947 domi

665 3974 952 4038 manducet,
969 3985 1022 4028 ut
1040 3992 1138 4030 non
1159 3977 1212 4030 in
1227 3979 1483 4046 judicium
1503 3982 1863 4055 conveniatis“
1878 4027 1891 4040 .
1911 3986 2082 4068 Con}
2096 3989 2116 4040 i
2131 4029 2144 4044 .
2164 3989 2254 4055 55,

664 4064 922 4134 54).Vide
946 4069 1213 4136 quomodo
1240 4069 1466 4124 latenter
1490 4072 1650 4126 etiam
1689 4064 2046 4130 voracitatemr
2063 4093 2248 4132 eorum

663 4161 902 4212 damnet.
925 4158 1041 4214 Non
1068 4160 1234 4226 dixit,
1257 4161 1312 4215 Si
1340 4163 1576 4227 csuritis,
1609 4166 1723 4230 sed,
1759 4167 1820 4219 Si
1845 4169 1958 4236 quis
1985 4170 2161 4237 esurit,
2193 4178 2249 4224 ut

660 4249 887 4324 quisque
911 4259 1052 4305 metu
1083 4259 1137 4305 et
1163 4252 1364 4320 pudore
1393 4252 1604 4321 ductus,
1637 4271 1704 4310 ne
1725 4272 1848 4312 reus
1873 4257 1975 4313 hoc
2006 4259 2059 4312 in
2083 4277 2247 4330 uego-

667 4341 742 4398 iio
796 4339 1054 4407 videatur,
1105 4357 1225 4396 sese
1269 4344 1557 4399 emendare
1609 4360 1962 4419 prznoccupet.
1993 4352 2166 4420 Atque
2213 4367 2244 4406 a

666 4438 810 4490 metu
837 4433 1078 4502 supplicii
1106 4449 1408 4490 sermonem
1429 4439 1700 4496 concludit
1721 4440 1906 4497 dicens
1931 4461 1943 4496 :
1972 4441 2038 4497 Ut
2069 4460 2168 4497 non
2187 4445 2243 4511 in

669 4720 986 4734 ἠ’-’Ἢ
1002 4718 1428 4734 *ν’-³·
1437 4717 1795 4734 -·-·’“’-τᾍ“ἒ

673 4735 1027 4752 _—t-

1407 328 1469 383 8.
1503 323 1780 384 JOANNIS
1813 315 2291 380 CHRYSOSTOMI
2329 313 2644 375 ARCHIEP.
2683 317 3215 378 CONSTANTINOP.

1807 4718 1828 4722 _
2063 4714 2074 4720 -
2114 4712 2120 4717 ι
2144 4714 2202 4720 ...κ
2239 4713 2492 4722 ...μν-,,λ-.έμ-

3858 319 3965 376 260

2366 431 2625 500 judicium
2648 435 2974 501 conseruatis,
3007 435 3061 490 id
3088 442 3190 501 est,
3219 435 3272 489 in
3296 433 3796 490 wndemnationem
3826 445 3882 491 et
3906 438 3962 490 ia

2370 525 2742 594 opprobrium.
2774 525 2888 581 Non
2899 535 3002 582 est
3029 527 3173 581 enim
3194 525 3366 592 cibus,
3395 525 3585 596 inquit,
3609 542 3789 597 neque
3805 541 3960 583 men-

2370 630 2450 682 sa,
2479 631 2598 686 qua:
2623 632 2745 672 cum
2776 617 2981 687 pudore
3011 617 3188 672 fratris
3207 658 3223 683 ,
3247 631 3369 672 cum
3398 617 3655 688 despectu
3691 619 3960 679 ecclesia.

2369 714 2425 760 et
2457 721 2578 766 cum
2615 715 2761 761 tanta
2788 707 3078 762 voracitate
3106 709 3193 763 vel
3229 708 3639 778 intemperantia
3673 709 3964 778 conjuncta

2369 805 2472 850 est.
2499 795 2623 850 [fasc
2651 810 2756 851 non
2795 809 2920 852 sunt
2954 799 3157 861 ltetitia.
3181 798 3277 854 sed
3319 799 3641 868 supplicium
3685 807 3742 854 et
3779 813 3964 868 pinna.

2367 885 2608 956 Magnam
2652 889 2794 943 enim
2831 889 2984 944 vobis
3017 890 3290 945 attrahitis
3320 892 3580 946 ultionem
3610 890 3739 945 dum
3769 889 3966 945 intres

2366 978 2688 1033 contumelia
2711 979 2946 1047 afilcitis,
2965 981 3248 1037 ecclesiam
3289 975 3652 1047 contemnitis,
3688 990 3965 1036 sanctum-

2365 1082 2471 1139 que
2497 1067 2646 1123 illum
2673 1069 2848 1125 locum
2876 1070 3143 1141 propriam
3169 1072 3389 1126 domum
3415 1069 3614 1137 facitis,
3638 1071 3857 1142 quando
3881 1075 3964 1126 ci-

2366 1157 2494 1214 bum
2529 1175 2775 1218 seorsum
2803 1162 3035 1217 sumitis.
3079 1161 3172 1218 llis
3225 1170 3282 1217 et
3321 1176 3420 1217 vos
3463 1161 3684 1226 auditis,
3741 1161 3960 1226 fratres,

2367 1250 2613 1308 obturate
2642 1267 2736 1308 ora
2771 1269 2983 1317 eorum,
3012 1254 3103 1324 qui
3130 1253 3427 1324 apostolico
3444 1252 3591 1308 dicto
3606 1252 3964 1323 doctrinaque

2367 1347 2568 1396 temere
2598 1353 2846 1408 utuntur;
2875 1343 3136 1413 corripite
3159 1357 3276 1408 eos,
3306 1344 3402 1413 qui
3427 1342 3481 1397 in
3503 1357 3659 1396 suum
3689 1343 3959 1398 aliorum-

2365 1443 2470 1498 que
2489 1429 2741 1486 damuum
2770 1432 3062 1502 Scripturis
3087 1441 3325 1488 utuntur.
3352 1431 3531 1487 Nostis
3558 1433 3702 1487 enim
3735 1432 3803 1488 de
3825 1448 3962 1504 qua-

2366 1537 2488 1576 nam
2515 1537 2574 1577 re
2592 1525 2698 1580 hoc
2727 1523 2868 1578 dicat
2903 1540 2916 1576 :
2953 1522 3166 1595 Oportet
3203 1533 3372 1579 autem
3407 1533 3456 1580 et
3505 1526 3718 1580 hereses
3751 1541 3862 1580 esse
3903 1526 3961 1580 ita

2364 1613 2520 1679 vobis,
2545 1628 2736 1682 nempe
2759 1613 2827 1670 de
2845 1614 3070 1670 dissidio
3097 1615 3239 1670 circa
3267 1630 3508 1670 mensam
3537 1616 3743 1671 oboriri
3769 1617 3952 1682 solito,

2362 1705 2789 1776 quandoquidem
2828 1705 2974 1760 Atius
3011 1707 3211 1776 quidem
3237 1707 3428 1773 esurit,
3458 1709 3592 1762 alias
3634 1724 3752 1763 vero
3788 1709 3958 1764 ebrius

2361 1808 2434 1852 est
2460 1798 2533 1868 (ί.
2564 1797 2682 1852 Cor.
2714 1799 2802 1852 ii.
2825 1796 2940 1871 21).

2433 1889 2735 1943 Adhortatio
2777 1890 2846 1942 ad
2887 1907 3168 1960 pauperum
3206 1906 3407 1945 curam.
3431 1921 3502 1932 —
3525 1892 3606 1947 Ac
3643 1905 3769 1947 cum
3807 1899 3954 1948 recta

2360 1981 2466 2037 ﬁde
2495 1983 2615 2037 vita:
2636 1982 2897 2038 rationem
2923 1998 3044 2037 cum
3075 1983 3416 2054 dogmatibus
3445 1996 3832 2054 congruentem
3859 1998 3952 2039 ex-

2365 2071 2644 2128 hibeamus
2667 2113 2684 2140 ,
2722 2073 2948 2128 multam
2988 2088 3114 2143 erga
3163 2088 3432 2144 pauperes
3482 2074 3953 2140 benevolentiam,

2360 2164 2582 2218 multam
2629 2180 2920 2234 egenorum
2971 2180 3155 2221 curam
3199 2166 3592 2234 suscipiamus;
3623 2166 3948 2236 negotiatio-

2361 2271 2482 2311 nem
2512 2256 2844 2326 spiritualem
2881 2271 3252 2322 exerceamus,
3283 2256 3419 2310 nihil
3444 2258 3566 2328 plus
3597 2257 3950 2326 inquiramus,

2358 2361 2515 2415 quam
2557 2346 2850 2402 necessitas
2891 2348 3142 2415 postulet.
3175 2347 3266 2401 Ha:
3291 2356 3416 2400 sunt
3445 2347 3669 2412 divitiae,
3701 2347 3821 2402 inec
3848 2364 3952 2402 ne-

2356 2435 2593 2504 gotiatio,
2639 2435 2726 2490 hic
2769 2435 3051 2491 thesaurus
3084 2435 3417 2503 indeﬁciens,
3446 2437 3492 2491 si
3535 2436 3714 2490 omnia
3768 2445 3950 2492 nostra

2357 2525 2412 2580 in
2452 2528 2646 2582 caelum
2683 2527 3102 2594 transferamus,
3134 2537 3187 2584 et
3227 2529 3370 2582 circa
3400 2528 3630 2601 depositi
3651 2529 3952 2584 custodiam

2357 2628 2502 2674 metu
2524 2619 2684 2674 soluti
2713 2617 2960 2673 ﬁdamus.
2988 2619 3192 2690 Duplex
3235 2633 3467 2691 namque
3509 2637 3577 2677 ex
3611 2622 3952 2694 eieemosyna

2357 2709 2511 2764 nobis
2536 2710 2741 2764 lucrum
2771 2708 2991 2764 accedet
3019 2727 3032 2761 :
3056 2709 3197 2778 quod
3218 2709 3427 2764 scilicet
3453 2727 3560 2764 non
3589 2711 3727 2765 ultra
3754 2711 3951 2766 timea-

2355 2815 2473 2854 mus
2501 2800 2644 2854 circa
2672 2801 2943 2869 depositas
2971 2800 3243 2868 pecunias,
3275 2816 3344 2856 ne
3372 2801 3520 2857 fures
3550 2813 3643 2856 aut
3671 2818 3952 2857 murorum

2354 2888 2661 2955 eﬂ'ossores,
2691 2899 2781 2944 aut
2824 2889 3139 2959 nequissimi
3181 2889 3322 2944 servi
3363 2890 3509 2960 ipsas
3553 2891 3948 2960 pessumdent:

2353 2987 2409 3038 et
2444 2981 2588 3051 quod
2617 2981 2696 3036 sic
2721 2981 2980 3051 depositae
3009 2996 3118 3036 non
3143 2991 3347 3036 temere
3370 2981 3598 3038 defossa
3627 2983 3745 3038 sine
3772 2983 3951 3039 fructu

2347 3072 2592 3142 jaceant;
2633 3072 2728 3128 sed
2784 3072 3232 3142 quemadmodum
3283 3073 3435 3127 radix
3490 3075 3544 3129 in
3593 3075 3777 3145 pingui
3832 3077 3954 3131 solo

2355 3166 2592 3236 plantata
2617 3179 2826 3220 annuos
2869 3168 3320 3236 tempestivosque
3359 3165 3562 3222 fruetus
3614 3166 3842 3238 profert,
3872 3170 3954 3225 sic

2354 3265 2409 3311 et
2437 3263 2718 3325 argentum
2745 3255 2800 3309 in
2828 3270 3122 3325 pauperum
3158 3256 3407 3311 manibus
3443 3256 3681 3321 insitum,
3713 3272 3822 3312 non
3850 3272 3952 3311 an-

2353 3360 2490 3400 nuos
2529 3345 2728 3412 solum,
2752 3345 2846 3401 sed
2887 3346 3049 3400 etiam
3088 3345 3428 3416 quotidianus
3460 3347 3768 3416 spirituales
3792 3350 3955 3404 nobis

2352 3436 2549 3492 referat
2577 3437 2800 3503 fructus,
2836 3436 3083 3492 ilduciam
3113 3452 3239 3508 erga
3268 3438 3457 3503 Deum,
3486 3449 3830 3507 peccatorum
3859 3454 3954 3494 ve-

2352 3529 2518 3593 niam,
2545 3543 2667 3583 cum
2716 3529 2923 3599 angelis
2944 3530 3414 3599 propinquitatem,
3441 3531 3825 3586 conscientiam
3850 3531 3952 3586 bo-

2352 3635 2496 3683 nam,
2528 3619 2766 3674 laetitiam
2805 3621 3099 3689 spiritualis
3141 3620 3538 3687 cxsultationis,
3568 3637 3719 3692 spem
3742 3623 3952 3692 pudore

2352 3728 2591 3776 vacuam,
2650 3712 2912 3766 mirabilia
2965 3713 3123 3779 bona,
3168 3727 3289 3783 qua:
3343 3715 3659 3784 praeparavit
3692 3714 3832 3770 Deus
3875 3717 3949 3770 ti-

2351 3805 2620 3858 mentibus
2658 3818 2737 3868 se,
2770 3803 2938 3872 iisque
2981 3804 3072 3872 qui
3121 3803 3346 3858 ferventi
3394 3805 3712 3873 ardentique
3763 3807 3950 3862 animo

2352 3895 2630 3964 requirunt
2679 3893 3103 3948 misericordiam
3151 3893 3416 3948 adventus
3455 3894 3590 3963 ejus.
3633 3895 3806 3960 Quam
3846 3911 3952 3952 nos

2351 3997 2538 4039 omnes
2560 4024 2575 4049 ,
2605 3985 2704 4038 hac
2733 3985 2839 4038 vita
2879 3982 3173 4037 secundum
3201 3984 3456 4053 placitum
3497 3983 3614 4052 ejus
3654 3993 3947 4051 transacta,

2351 4077 2562 4146 assequi
2587 4075 2880 4146 contingat,
2912 4090 3139 4131 necnon
3169 4086 3430 4130 asternum
3459 4092 3645 4130 eorum
3673 4076 3764 4146 qui
3794 4077 3946 4132 salu-

2355 4177 2458 4222 tem
2481 4180 2903 4238 consequuntur,
2935 4167 3207 4237 gaudium,
3234 4169 3403 4236 gratia
3431 4177 3484 4220 et
3513 4168 3950 4223 miserationibus

2353 4261 2462 4314 veri
2497 4261 2588 4316 Dei
2615 4269 2670 4315 et
2697 4260 2996 4315 Salvatoris
3033 4261 3202 4315 nostri
3249 4259 3380 4315 Jesu
3417 4261 3639 4327 Christi,
3663 4263 3750 4316 cui
3774 4263 3947 4333 gloria

2351 4362 2404 4406 et
2425 4352 2702 4421 imperium
2735 4367 2855 4406 cum
2903 4351 3060 4406 Patre
3105 4352 3326 4423 ejusque
3369 4353 3714 4408 sanctissimo
3744 4353 3950 4423 Spiritu

2353 4445 2407 4498 in
2432 4443 2625 4500 stecula
2654 4445 2995 4499 saeculorum.
3029 4447 3222 4499 Amen.

2108 4973 2486 5035 MONITUM

726 5188 975 5246 Soannes
1009 5187 1454 5257 Chrysostomus,
1488 5184 1582 5254 qui
1609 5198 1715 5238 non
1750 5182 1915 5237 semel
1955 5199 2019 5238 ex
2067 5191 2308 5251 tempore
2341 5181 2697 5237 concionatus
2735 5191 2814 5235 cst
2837 5222 2851 5247 ,
2888 5180 3031 5235 hanc
3075 5179 3267 5234 habuit
3309 5177 3589 5234 homiliam
3627 5181 3922 5235 occasione

669 5303 1044 5361 incndicorum
1074 5312 1130 5359 et
1157 5317 1477 5373 egenorum,
1506 5315 1648 5370 quos
1690 5297 1888 5353 hiemis
1919 5305 2164 5367 tempore
2190 5297 2454 5366 jaccntes,
2477 5312 2600 5350 cum
2629 5312 2722 5365 per
2750 5294 2926 5349 forum
2952 5304 3006 5349 et
3027 5294 3348 5364 angiportus
3379 5295 3444 5347 ad
3471 5293 3758 5350 ecclesiam
3798 5306 3925 5362 per-

668 5426 841 5488 geret,
882 5424 1180 5487 repererat.
1221 5414 1377 5469 Hunc
1431 5413 1498 5466 ad
1550 5409 1985 5466 concionandum
2036 5419 2376 5478 apparatum,
2420 5409 2548 5461 dum
2589 5410 2689 5462 itcr
2722 5407 2944 5472 faceret,
2989 5407 3318 5461 adornavit:
3357 5416 3410 5461 et
3440 5407 3580 5461 hanc
3622 5408 3925 5478 elegantem

673 5529 998 5586 concionem
1034 5528 1102 5582 de
1130 5528 1474 5597 elecmosyna
1512 5524 1970 5595 αὑτοσχεδιαστὴς
1999 5534 2182 5579 orator
2212 5524 2607 5593 pronuntiavit.
2640 5523 2770 5576 Eam
2805 5537 2970 5592 porro
3015 5521 3314 5576 Antiochiae
3345 5522 3588 5576 habitam
3638 5521 3808 5578 fuissr.
3844 5525 3927 5577 in-

669 5646 839 5712 dicat,
871 5661 980 5702 non
1010 5646 1174 5701 modo
1201 5661 1324 5702 cum
1361 5647 1455 5712 ait,
1498 5662 1555 5701 se
1585 5661 1681 5716 per
1715 5645 1892 5701 forum
1918 5654 1968 5700 ct
1999 5645 2255 5719 augiport:

2369 5645 2456 5698 διὰ
2486 5645 2582 5714 τῆς
2615 5644 2820 5713 ἀγορᾶς
2858 5645 2954 5698 καὶ
2996 5643 3105 5696 τῶν
3145 5643 3469 5710 στενωπῶν,
3513 5642 3797 5698 ecclesiam
3837 5661 3930 5714 pc-

675 5758 825 5815 tiissc
858 5778 870 5815 :
905 5776 1080 5832 neque
1113 5763 1257 5817 enim
1290 5777 1412 5817 cum
1440 5763 1730 5834 episcopus
1754 5761 2390 5834 Constantinopolitanus
2426 5774 2562 5832 crat,
2602 5771 2709 5818 tant
2742 5763 2932 5833 procul
2979 5763 3210 5820 ecclesia
3238 5763 3496 5834 degebat;
3548 5759 3643 5817 scd
3682 5759 3844 5817 etiam
3879 5771 3933 5816 ct
