4228 6298
698 340 811 399 ΞΗ

690 448 808 521 22).
839 447 977 518 Quid
1004 446 1108 503 hoc
1132 447 1257 503 est?
1276 444 1403 501 Post
1443 444 1862 499 demonstratam
1892 439 2269 496 absurditatem

693 540 866 596 lenior
893 543 1136 609 sequitur
1173 534 1463 606 increpatio
1488 575 1503 600 ,
1531 544 1585 589 et
1624 533 1746 602 jure
1794 530 2011 603 quidem
2059 527 2273 600 merito,

696 647 766 685 ne
809 628 1229 700 impudentiores
1272 624 1585 681 evaderent.
1617 622 1935 691 Priusquam
1975 620 2119 674 enim
2160 632 2275 672 rem

693 719 981 779 absurdam
1022 730 1142 771 esse
1184 715 1598 779 demonstraret,
1623 712 1912 784 perfectam
1954 708 2274 765 sententiam

696 807 886 860 extulit
946 804 1134 861 dicens
1165 846 1182 871 ,
1231 804 1344 858 Hoc
1395 815 1563 859 autem
1615 803 1912 873 pracipiens
1964 818 2066 855 non
2121 800 2275 853 laudo

683 899 731 968 (l
747 940 762 955 .
781 896 907 951 Cor.
928 895 1117 969 ii.i7)
1157 895 1445 966 Postquam
1474 906 1649 951 autem
1669 903 1916 950 accurate
1935 894 2243 949 demonstra
2256 926 2273 935 -

694 988 768 1041 vit
788 988 908 1044 illos
932 1002 1051 1043 esse
1076 990 1429 1059 complurium
1457 989 1740 1043 criminum
1770 1002 1911 1054 reos,
1941 988 2144 1042 leniore
2166 988 2272 1041 uti-

602 1105 612 1113 -
689 1086 779 1131 tur
803 1078 1196 1144 criminatione,
1226 1079 1279 1135 in
1312 1079 1431 1149 .jam
1475 1078 1742 1133 dictorum
1787 1086 2046 1148 apparatu
2088 1087 2142 1131 et
2180 1076 2273 1131 de,

690 1170 1075 1225 monstratione
1094 1170 1447 1226 accusationis
1472 1169 1866 1226 vehementiam
1914 1170 2141 1240 positam
2186 1184 2273 1224 re-

690 1259 958 1327 linquens.
988 1260 1187 1315 Deinde
1243 1262 1297 1315 in
1346 1262 1624 1332 mysticam
1675 1277 1913 1317 mensam
1966 1276 2271 1317 sermonem

694 1349 962 1415 translert,
997 1360 1053 1405 ut
1076 1352 1156 1406 eis
1178 1352 1296 1421 plus
1323 1353 1531 1407 timoris
1560 1355 1840 1408 incuteret.
1869 1349 1982 1423 Ego
2008 1354 2158 1418 enim,
2190 1353 2244 1406 in

688 1440 820 1507 quit,
840 1442 1011 1512 accepi
1030 1459 1063 1494 a
1086 1442 1326 1509 Domino,
1345 1444 1480 1514 quod
1500 1454 1547 1497 et
1572 1444 1761 1497 tradidi
1782 1445 1916 1498 vobis
1939 1442 2045 1515 (Ib.
2074 1461 2123 1499 ν.
2146 1443 2265 1513 23).

687 1533 869 1598 Qualis
903 1532 1018 1589 haec
1045 1537 1465 1605 consequentia?
1496 1536 1569 1591 De
1609 1538 1879 1591 communi
1919 1535 2141 1606 prandio
2183 1535 2265 1589 lo-

685 1622 887 1691 queris,
934 1632 988 1678 et
1026 1623 1294 1680 horrenda
1317 1627 1572 1696 mysteria
1620 1626 2044 1682 commemoras?
2072 1628 2266 1695 Etiam,

685 1711 875 1781 inquit.
904 1711 960 1768 Si
989 1714 1133 1768 enim
1167 1715 1443 1770 tremenda
1485 1716 1575 1770 illa
1626 1732 1808 1771 mensa
1838 1717 2086 1772 omnibus
2115 1731 2267 1772 com-

686 1804 863 1857 munis
918 1806 1256 1874 proponitur,
1305 1816 1360 1862 et
1400 1806 1551 1861 diviti
1592 1818 1646 1862 et
1697 1811 1933 1881 pauperi,
1973 1823 2144 1877 neque
2181 1808 2268 1863 illa

682 1892 875 1949 fruitur
895 1894 1110 1950 uberius
1128 1896 1298 1964 dives,
1324 1907 1378 1953 et
1406 1898 1616 1967 parcius
1644 1912 1868 1968 pauper,
1892 1898 1986 1953 sed
2009 1914 2145 1954 unus
2167 1899 2266 1953 ho-

682 1998 801 2048 nor,
824 1994 878 2038 et
907 2001 1043 2040 unus
1067 2002 1350 2054 accessus;
1380 2004 1442 2044 ac
1469 1990 1641 2045 donec
1682 2006 1870 2046 omnes
1906 1994 2270 2047 communica—

680 2071 873 2139 verint,
896 2083 949 2127 et
972 2076 1259 2146 participes
1288 2078 1487 2133 fuerint
1508 2079 1667 2148 hujus
1697 2080 1991 2150 spiritualis
2013 2092 2068 2137 et
2100 2098 2268 2137 sacrae

682 2175 903 2225 mensae,
942 2178 1060 2232 qua:
1114 2168 1386 2234 proposita
1441 2178 1566 2221 sunt
1615 2184 1718 2222 non
1768 2170 2133 2238 retrahuntur,
2173 2172 2265 2226 sed

681 2259 825 2305 stant
850 2252 1160 2307 sacerdotes
1184 2272 1391 2322 omnes,
1420 2257 1504 2312 vel
1530 2259 1768 2312 omnium
1798 2263 2191 2329 pauperrimum
2210 2273 2267 2319 et

682 2340 995 2395 vilissimum
1023 2354 1394 2415 exspectantes
1428 2363 1442 2399 :
1475 2347 1642 2401 multo
1687 2350 1854 2417 magis
1876 2350 1927 2403 in
1956 2349 2055 2405 hac
2082 2352 2264 2407 sensili

680 2446 864 2485 mensa
906 2432 958 2486 id
1002 2434 1286 2502 agendum.
1322 2436 1444 2491 ideo
1492 2438 1635 2492 illam
1685 2438 2008 2495 dominicam
2054 2456 2263 2496 omnem

682 2525 991 2577 memoravi.
1022 2524 1135 2595 Ego
1162 2528 1295 2580 enim
1332 2530 1504 2597 accepi
1527 2547 1559 2581 a
1586 2528 1825 2597 Domino,
1854 2531 1988 2599 quod
2008 2542 2054 2585 et
2074 2533 2265 2587 tradidi

679 2612 832 2673 vobis,
858 2616 1097 2679 quoniam
1120 2614 1369 2670 Dominus
1393 2617 1563 2685 Jesus,
1586 2620 1636 2672 in
1658 2637 1758 2690 qua
1785 2631 1925 2674 nocte
1946 2622 2260 2688 tradebatur,

675 2704 867 2772 accepit
896 2721 1099 2774 panem,
1139 2717 1185 2760 et
1226 2711 1418 2778 gratias
1463 2727 1616 2781 agens
1661 2713 1829 2781 fregit,
1858 2723 1903 2765 et
1943 2714 2070 2766 dixit
2096 2731 2114 2767 :
2152 2714 2263 2768 Hoc

678 2803 750 2846 est
773 2809 958 2863 corpus
986 2812 1181 2863 meum,
1213 2800 1347 2867 quod
1388 2816 1479 2867 pro
1510 2802 1678 2853 multis
1705 2803 1979 2875 frangitur,
2007 2804 2061 2857 in
2082 2806 2259 2858 remis-

677 2884 868 2938 sionem
893 2895 1232 2955 peccatorum.
1267 2887 1378 2942 Hoc
1408 2891 1560 2958 facite
1597 2892 1650 2943 in
1699 2908 1859 2944 meant
1896 2908 2258 2947 commemora-

678 2974 882 3031 tionem.
907 2975 1153 3031 Similiter
1178 2989 1224 3032 et
1247 2978 1451 3033 calicem
1489 2989 1751 3049 postquam
1777 2983 2014 3051 cenavit,
2045 2984 2217 3039 dicens
2238 3001 2259 3039 :

678 3065 780 3120 llic
816 3067 953 3121 calix
996 3085 1178 3122 novum
1230 3080 1582 3125 testamentum
1624 3080 1695 3126 est
1744 3074 1798 3126 in
1837 3089 1945 3129 meo
2002 3077 2261 3146 sanguine

680 3155 841 3227 (ma.
864 3174 913 3212 υ.
944 3157 1016 3213 25
1039 3188 1066 3198 -
1086 3158 1204 3231 εδ).

745 3248 800 3302 5.
830 3247 1031 3303 Deinde
1058 3251 1223 3303 multa
1270 3252 1519 3321 loquutus
1561 3255 1704 3309 circa
1743 3270 1870 3320 eos,
1914 3258 2005 3325 qui
2045 3259 2261 3330 indigne

677 3340 931 3409 mysteria
960 3341 1306 3411 participant,
1338 3344 1426 3398 ubi
1475 3344 1594 3399 illos
1625 3346 1969 3403 vehementer
1999 3351 2169 3421 tetigit
2207 3361 2261 3407 et

674 3431 935 3499 coarguit,
978 3430 1262 3502 docuitque
1310 3449 1423 3499 eos,
1469 3438 1556 3504 qui
1604 3439 1917 3507 sanguinem
1967 3449 2023 3493 et
2061 3455 2260 3511 corpus

672 3520 872 3575 Citriin
924 3531 1124 3577 temere
1171 3538 1235 3578 ac
1288 3525 1643 3594 perfunctorie
1695 3531 1979 3600 accipiunt,
2015 3534 2256 3589 eamdem

674 3612 942 3667 subituros
967 3628 1087 3668 esse
1116 3630 1348 3683 poenam,
1382 3634 1537 3687 quam
1571 3620 1603 3672 ii
1626 3620 1715 3690 qui
1744 3621 2012 3676 Christum
2041 3624 2254 3679 occide-

676 3710 825 3765 runt;
858 3717 1043 3757 rursus
1083 3703 1150 3757 ad
1191 3708 1523 3774 propositum
1556 3719 1923 3778 argumentum
1952 3727 2256 3768 sermonem

674 3794 860 3861 refert,
889 3794 1072 3850 dicens
1100 3814 1116 3849 :
1146 3796 1329 3866 Itaque
1358 3799 1564 3866 fratres,
1589 3817 1703 3853 cum
1730 3805 1997 3857 convenitis
2025 3806 2092 3858 ad
2113 3823 2251 3860 man.

674 3886 981 3952 durandum,
996 3888 1204 3940 invicem
1220 3899 1521 3957 exspectate.
1538 3892 1599 3946 Si
1614 3893 1721 3957 quis
1742 3882 1907 3945 autem
1927 3898 2101 3960 esurit,
2120 3898 2258 3951 domi

674 3977 961 4041 manducet,
977 3988 1146 4032 utnon
1168 3981 1220 4033 in
1236 3982 1491 4049 judicium
1512 3986 1872 4058 conveniatis“
1887 4031 1900 4043 .
1920 3990 2045 4043 Cor.
2068 3993 2153 4047 11.
2173 3992 2262 4058 55,

673 4067 931 4137 54).νίάο
954 4072 1222 4139 quomodo
1250 4073 1475 4127 latenter
1498 4076 1659 4129 etiam
1697 4062 2257 4136 voracitatem/eorum

672 4163 911 4215 damnet.
934 4161 1050 4217 Non
1077 4163 1244 4229 dixit,
1267 4164 1321 4219 Si
1350 4167 1585 4230 csuritis,
1618 4169 1731 4233 sed,
1768 4170 1829 4223 Si
1853 4173 1967 4240 quis
1994 4174 2169 4239 esurit,
2202 4182 2258 4227 ut

669 4252 895 4327 quisque
920 4262 1061 4307 metu
1091 4262 1145 4309 et
1172 4255 1373 4323 pudore
1402 4255 1613 4324 ductus,
1645 4274 1713 4313 ne
1734 4275 1857 4314 reus
1881 4260 1984 4317 hoc
2015 4263 2068 4317 in
2092 4280 2255 4333 nego-

676 4344 750 4401 tio
804 4342 1062 4410 videatur,
1114 4360 1233 4399 sese
1278 4348 1565 4402 emendare
1618 4364 1971 4421 praeoccupet.
2002 4356 2175 4424 Atque
2221 4371 2252 4410 a

676 4442 818 4490 metu
845 4436 1086 4504 supplicii
1115 4451 1416 4493 sermonem
1438 4442 1708 4499 concludit
1730 4444 1914 4501 dicens
1940 4464 1952 4499 :
1981 4446 2047 4501 Ut
2076 4464 2175 4500 non
2201 4449 2251 4501 in

1420 331 1481 387 8.
1515 327 1791 387 JOANNIS
1824 320 2302 383 CHRYSOSTOMI
2339 318 2655 379 ARCﬂlEP.
2694 322 3225 383 CONSTANTINOP.

2377 436 2636 504 judicium
2659 440 2985 506 conveniatis,
3018 440 3071 494 id
3099 447 3200 506 est,
3229 439 3282 494 in
3307 438 3806 495 condemnationem
3837 450 3893 496 et
3918 444 3971 495 in

2381 530 2752 599 opprobrium.
2784 530 2899 585 Non
2911 541 3012 586 est
3040 533 3184 586 enim
3205 531 3377 596 cibus,
3406 530 3597 600 inquit,
3620 547 3798 601 neque
3816 547 3969 587 men-

2380 634 2461 686 sa,
2490 636 2609 691 qua:
2634 636 2755 676 cum
2787 621 2992 691 pudore
3022 622 3198 677 fratris
3217 663 3234 687 ,
3257 637 3379 677 cum
3409 622 3665 693 despectu
3701 624 3969 685 ecclesia.

2380 718 2437 764 et
2468 726 2588 767 cum
2625 719 2771 765 tanta
2799 713 3088 767 voracitate
3118 714 3203 768 vel
3239 714 3649 782 intemperantia
3683 714 3972 782 conjuncta

2380 809 2482 855 est.
2509 799 2633 854 lianc
2662 815 2766 855 non
2806 814 2930 857 sunt
2964 803 3168 865 laetitia,
3192 803 3287 859 sed
3330 804 3651 873 supplicium
3696 812 3750 859 et
3789 818 3971 873 pana.

2377 890 2619 960 Magnam
2663 893 2805 947 enim
2841 894 2994 949 vobis
3028 895 3300 950 attrahitis
3331 897 3591 951 ultionem
3620 894 3748 950 dum
3778 895 3973 950 fratres

2378 982 2698 1037 contumelia
2722 983 2956 1051 affleitis,
2975 986 3258 1042 ecclesiam
3298 987 3661 1053 contemnitis,
3698 996 3972 1041 sanetum-

2376 1086 2482 1143 que
2507 1072 2657 1128 illum
2684 1075 2858 1129 locum
2887 1075 3152 1146 propriam
3179 1077 3399 1131 domum
3426 1075 3623 1141 facitis,
3647 1077 3865 1146 quando
3890 1080 3970 1131 ci-

2376 1162 2503 1217 bum
2540 1179 2786 1221 seorsum
2814 1167 3045 1222 sumitis.
3089 1166 3183 1222 liis
3236 1176 3292 1221 et
3332 1181 3429 1222 vos
3473 1165 3693 1232 auditis,
3750 1166 3966 1231 fratres,

2378 1254 2624 1312 obturate
2652 1272 2746 1312 ora
2782 1273 2993 1321 eorum,
3022 1258 3113 1328 qui
3141 1258 3436 1329 apostolico
3454 1257 3602 1313 dicto
3616 1258 3969 1328 doctrinaque

2378 1351 2578 1400 temere
2609 1357 2857 1412 utuntur;
2885 1348 3146 1417 corripite
3170 1363 3285 1413 eos,
3317 1349 3411 1417 qui
3436 1348 3490 1402 in
3513 1362 3669 1401 suum
3700 1348 3965 1403 aliorum-

2376 1448 2480 1502 que
2500 1434 2751 1490 damnum
2780 1436 3071 1506 Scriptnris
3098 1446 3335 1492 utuntur.
3362 1436 3541 1492 Nostis
3568 1438 3712 1492 enim
3744 1438 3812 1493 de
3835 1453 3968 1509 qua-

2377 1540 2498 1580 nam
2526 1530 2709 1584 rehoc
2738 1527 2878 1582 dicat
2913 1544 2926 1580 :
2964 1526 3175 1599 Oportet
3214 1538 3381 1583 autem
3418 1539 3465 1585 et
3515 1531 3727 1585 hereses
3760 1546 3870 1585 esse
3912 1532 3967 1585 in

2374 1617 2531 1683 vobis,
2556 1632 2747 1686 nempe
2770 1618 2837 1673 de
2856 1619 3079 1674 dissidio
3107 1621 3249 1675 circa
3277 1635 3518 1676 mensam
3547 1621 3751 1676 oboriri
3778 1622 3959 1688 solito,

2372 1709 2799 1779 quandoquidem
2838 1710 2984 1764 Alius
3021 1712 3221 1780 quidem
3248 1712 3436 1777 esurit,
3467 1713 3602 1767 alius
3644 1730 3761 1769 vero
3797 1714 3965 1769 ebrius

2372 1812 2445 1855 est
2471 1802 2544 1872 (ί.
2575 1801 2692 1856 Cor.
2724 1803 2812 1857 Η.
2835 1801 2950 1875 21).

2443 1893 2744 1947 Adhortatio
2787 1894 2856 1947 ad
2897 1911 3178 1964 pauperum
3216 1911 3416 1949 curam.
3440 1925 3511 1936 -
3535 1897 3615 1951 Ac
3653 1910 3778 1951 cum
3816 1904 3961 1952 recta

2371 1986 2477 2041 iide
2505 1988 2624 2041 vita
2646 1987 2907 2041 rationem
2933 2002 3053 2041 cum
3085 1988 3425 2058 dogmatibus
3453 2001 3842 2058 congruentem
3868 2003 3959 2043 ex-

2375 2076 2654 2132 hibeamus
2678 2118 2695 2144 ,
2732 2078 2958 2132 multam
2998 2093 3123 2148 erga
3173 2092 3441 2147 pauperes
3492 2079 3922 2133 benevolentiam
3944 2119 3960 2144 ,

2370 2168 2592 2222 multam
2639 2184 2929 2238 egenorum
2980 2184 3164 2225 curam
3210 2171 3602 2238 suscipiamus;
3633 2171 3956 2241 negotiatio-

2371 2275 2492 2315 nem
2521 2260 2854 2329 spiritualem
2891 2264 3261 2327 exerceamus,
3293 2261 3429 2315 nihil
3453 2262 3574 2331 plus
3605 2262 3958 2331 inquiramus,

2368 2365 2525 2419 quam
2566 2351 2859 2405 necessitas
2901 2353 3150 2419 postulet.
3185 2351 3276 2406 Hae
3301 2360 3425 2404 sunt
3455 2352 3678 2417 divitite,
3710 2351 3830 2406 inec
3858 2368 3959 2407 ne-

2366 2440 2602 2508 gotiatio,
2648 2440 2735 2495 hic
2778 2439 3060 2495 thesaurus
3093 2439 3426 2507 indeiiciens,
3456 2442 3501 2496 si
3544 2441 3722 2495 omnia
3776 2450 3956 2497 nostra

2367 2529 2421 2585 in
2462 2532 2655 2585 caelum
2692 2531 3112 2598 transferamus,
3144 2542 3197 2587 et
3237 2535 3380 2587 circa
3410 2533 3639 2605 depositi
3660 2534 3957 2588 custodiam

2368 2632 2512 2678 metu
2534 2623 2694 2677 soluti
2722 2622 2969 2678 ﬁdamus.
2998 2624 3203 2694 Duplex
3246 2638 3476 2695 namque
3518 2642 3585 2681 ex
3620 2627 3957 2698 elcemosyna

2367 2714 2520 2768 nobis
2547 2714 2750 2769 lucrum
2780 2713 3000 2769 accedet
3028 2731 3041 2766 :
3066 2713 3207 2782 quod
3228 2714 3435 2770 scilicet
3462 2731 3569 2768 non
3598 2715 3734 2770 ultra
3762 2716 3955 2771 timea-

2364 2819 2482 2858 mus
2511 2805 2653 2858 circa
2681 2805 2951 2873 depositas
2980 2805 3252 2873 pecunias,
3284 2820 3353 2860 ne
3382 2806 3529 2861 fures
3559 2817 3651 2861 aut
3680 2822 3956 2862 murorum

2364 2893 2670 2959 eii'ossores,
2700 2902 2790 2948 aut
2834 2893 3149 2963 nequissimi
3190 2894 3331 2949 servi
3373 2894 3517 2964 ipsas
3562 2896 3952 2964 pessumdent:

2362 2992 2418 3042 et
2453 2985 2597 3055 quod
2626 2986 2705 3040 sic
2731 2985 2989 3055 depositas
3018 3001 3126 3040 non
3152 2996 3355 3041 temere
3380 2986 3607 3041 deiossm
3637 2988 3752 3043 sine
3780 2988 3955 3044 fructu

2357 3076 2601 3146 jaceant;
2642 3077 2736 3132 sed
2793 3076 3241 3147 quemadmodum
3294 3077 3445 3131 radix
3499 3079 3553 3133 in
3602 3080 3785 3149 pingui
3840 3082 3957 3135 solo

2364 3170 2601 3240 plantata
2627 3184 2835 3224 annuos
2878 3172 3328 3240 tempestivosque
3367 3169 3571 3226 fruetus
3623 3170 3850 3242 profert,
3878 3174 3957 3229 sic

2363 3270 2418 3315 et
2447 3267 2726 3329 argentum
2755 3259 2809 3314 in
2838 3274 3129 3329 pauperum
3167 3260 3415 3315 manibus
3452 3261 3689 3325 insitum,
3723 3277 3829 3316 non
3857 3277 3955 3316 an-

2362 3364 2499 3404 nuos
2539 3349 2737 3416 solum,
2761 3349 2855 3405 sed
2896 3350 3057 3404 etiam
3096 3349 3436 3420 quotidianos
3470 3352 3775 3421 spiritusles
3800 3354 3957 3408 nobis

2361 3440 2559 3497 referat
2587 3442 2809 3507 fructus,
2846 3440 3091 3496 ﬁduciam
3121 3456 3246 3511 erga
3278 3442 3465 3508 Deum,
3494 3453 3837 3512 peccatorum
3865 3458 3957 3498 ve-

2361 3533 2526 3597 niam,
2554 3548 2677 3587 cum
2725 3532 2932 3602 angelis
2953 3534 3421 3603 propinquitatem,
3450 3535 3832 3590 conscientiam
3856 3536 3954 3591 bo-

2361 3639 2506 3687 nam,
2538 3624 2775 3678 laetitiam
2814 3626 3107 3692 Spiritualis
3151 3625 3547 3691 exsultationis,
3577 3641 3727 3697 spem
3751 3627 3955 3696 pudore

2362 3732 2600 3780 vacuam,
2658 3716 2921 3771 mirabilia
2974 3717 3132 3784 bona,
3177 3732 3297 3787 qua:
3350 3721 3667 3788 prmparavit
3700 3719 3838 3774 Deus
3881 3721 3952 3773 ti-

2360 3808 2629 3862 mentibus
2667 3823 2745 3871 se,
2780 3807 2946 3876 iisque
2989 3809 3079 3877 qui
3130 3808 3354 3862 ferventi
3402 3809 3720 3878 ardentique
3771 3812 3953 3866 animo

2360 3899 2639 3967 requirunt
2688 3898 3111 3953 misericordiam
3161 3898 3424 3953 adventus
3464 3898 3597 3968 ejus.
3642 3900 3812 3965 Quam
3852 3916 3953 3956 nos

2360 4002 2547 4042 omnes
2569 4029 2583 4053 ,
2614 3988 2713 4041 hac
2742 3989 2847 4041 vita
2888 3987 3181 4041 secundum
3210 3989 3464 4057 placitum
3505 3988 3622 4057 ejus
3664 3998 3949 4055 transacta,

2359 4081 2570 4149 assequi
2596 4080 2889 4149 contingat,
2921 4095 3020 4134 nec
3042 4095 3148 4135 non
3178 4091 3438 4134 azternum
3468 4096 3653 4135 eorum
3682 4081 3771 4149 qui
3800 4082 3948 4136 salu-

2362 4182 2466 4225 tem
2489 4184 2911 4241 consequuntur,
2943 4172 3216 4241 gaudium,
3242 4174 3410 4241 gratia
3439 4182 3491 4225 et
3520 4172 3951 4227 miserationibus

2361 4265 2471 4317 veri
2505 4265 2596 4319 Dei
2624 4273 2679 4319 et
2706 4264 3004 4319 Salvatoris
3042 4266 3211 4319 nostri
3258 4264 3388 4319 Jesu
3426 4265 3647 4330 Christi,
3672 4267 3757 4321 cui
3782 4267 3949 4337 gloria

2360 4365 2413 4410 et
2433 4356 2711 4425 imperium
2743 4372 2863 4410 cum
2911 4355 3069 4410 Patre
3113 4357 3334 4427 ejusque
3378 4358 3721 4414 sanctissimo
3752 4357 3951 4428 Spiritu

2362 4448 2416 4502 in
2441 4448 2633 4505 srecula
2662 4448 3003 4504 saeculorum.
3037 4450 3231 4503 Amen.

2117 4977 2494 5038 MONITUM

733 5191 982 5248 Soannes
1017 5190 1461 5260 Chrysostomus,
1496 5188 1590 5257 qui
1617 5202 1723 5241 non
1758 5186 1922 5241 semel
1963 5202 2027 5241 ex
2074 5194 2315 5255 tempore
2348 5186 2705 5240 concionatus
2742 5196 2859 5250 est,
2896 5185 3039 5239 hanc
3083 5183 3274 5238 habuit
3317 5182 3596 5239 homiliam
3634 5184 3925 5239 occasione

678 5306 1051 5364 mendicorum
1082 5315 1137 5362 et
1165 5320 1485 5376 egenorum,
1514 5319 1655 5373 quos
1698 5302 1896 5357 hiemis
1927 5309 2172 5371 tempore
2197 5301 2461 5369 jacentes,
2484 5316 2607 5354 cum
2638 5316 2730 5369 per
2757 5298 2934 5353 forum
2961 5309 3014 5353 et
3036 5298 3356 5368 angiportus
3387 5299 3451 5351 ad
3478 5299 3766 5354 ecclesiam
3806 5311 3930 5366 pero

676 5430 848 5491 geret,
890 5428 1187 5490 repererat.
1228 5418 1385 5472 Hunc
1440 5416 1505 5469 ad
1558 5412 1992 5469 concionandum
2044 5423 2383 5482 apparatum,
2428 5412 2555 5465 dum
2598 5414 2696 5467 iter
2730 5411 2951 5475 faceret,
2996 5412 3326 5465 adornavit:
3364 5419 3417 5463 et
3448 5411 3587 5464 hanc
3628 5412 3929 5482 elegantem

682 5533 1006 5588 concionem
1042 5531 1109 5585 de
1138 5531 1482 5600 eleemosyna
1520 5527 1978 5598 αὑτοσχεδιαστὴς
2007 5537 2189 5583 orator
2220 5528 2615 5596 pronuntiavit.
2648 5527 2777 5580 Eam
2813 5541 2978 5596 porro
3024 5525 3321 5579 Antiochiae
3353 5525 3594 5579 habitam
3645 5525 3815 5581 fuisse
3852 5528 3932 5581 in-

678 5649 847 5714 dicat,
878 5664 988 5705 non
1018 5649 1181 5704 modo
1210 5664 1330 5704 cum
1368 5650 1463 5713 ait,
1506 5666 1562 5703 se
1593 5664 1688 5719 per
1722 5648 1899 5703 forum
1926 5658 1976 5703 et
2006 5648 2264 5723 angiportu

2376 5648 2463 5701 διὰ
2495 5649 2590 5718 τῆς
2624 5648 2828 5717 ἀγορᾶς
2866 5650 2961 5701 καὶ
3004 5647 3112 5699 τῶν
3151 5646 3475 5713 στενωπῶν,
3519 5646 3803 5701 ecclesiam
3844 5665 3933 5718 pc-

683 5760 833 5817 tiissc
866 5780 878 5816 :
914 5778 1087 5834 neque
1122 5764 1265 5819 enim
1298 5780 1419 5820 cum
1448 5766 1737 5837 episcopus
1762 5765 2398 5837 Constantinopolitanus‘
2435 5778 2570 5837 erat,
2610 5776 2717 5822 tam
2750 5768 2939 5838 procul
2986 5766 3215 5824 ecclesia
3245 5767 3504 5838 degebat;
3554 5764 3649 5821 scd
3689 5764 3851 5821 etiam
3888 5774 3934 5819 et
