4228 6298
386 346 504 406 ’261

1738 344 1825 399 DE
1866 340 2231 398 ELEEMOSY
2243 338 2353 395 NA.

3571 340 3685 398 262

1387 694 1521 771 DE
1595 690 2277 773 ELEEMOSYNA
2354 688 2693 767 SERMO

405 958 683 1005 πλευ-υς
712 955 848 1001 σοι
873 952 1095 998 nulls
1135 948 1435 995 TEIIPORR
1462 942 2017 999 PBBTRANSIISSBT,
2049 940 2132 983 ΕΤ
2161 940 2485 986 PAUPERES
2528 942 2979 1001 MENDICOSQUB
3018 951 3383 1005 αωιιατοε
3426 960 3715 1011 Vinus“

1726 1043 1793 1087 IN
1835 1039 2021 1086 FORG
2044 1038 2381 1083 JACENTES.

1840 1164 2235 1180 ρ

480 1278 535 1331 Ι.
571 1274 816 1329 Humilia
839 1272 995 1344 hujus
1032 1268 1276 1325 habendae
1302 1265 1522 1321 occasio.
1558 1293 1629 1304 —
1659 1260 2005 1333 Legationem

404 1366 694 1438 quamdam
716 1365 934 1436 justam,
961 1363 1144 1418 utilem
1168 1360 1425 1429 vobisque
1449 1362 1835 1426 congruentem
1861 1347 2003 1419 apud

410 1474 507 1513 vos
534 1456 779 1512 obiturus
799 1453 1001 1510 accessi
1029 1451 1225 1515 hodie;
1257 1465 1362 1505 non
1384 1450 1452 1505 ab
1476 1447 1583 1502 alio
1607 1444 1858 1516 quopiam
1885 1454 2009 1494 ora-

408 1560 496 1603 tor
520 1548 869 1613 constitutus,
895 1559 1054 1616 quam
1081 1558 1111 1598 a
1135 1541 1476 1613 pauperibus,
1496 1538 1585 1609 qni
1610 1546 1844 1591 vestram
1869 1533 2008 1587 hanc

405 1640 681 1692 civitatem
711 1637 991 1701 incolunt;
1018 1649 1123 1689 non
1155 1632 1354 1696 verbis,
1383 1645 1490 1683 non
1516 1626 1761 1689 calculis,
1790 1638 1896 1677 non
1921 1636 2007 1677 se-

409 1728 820 1783 natusconsulto
846 1726 1065 1792 missus,
1088 1724 1182 1780 sed
1206 1720 1602 1777 miserabilibus
1620 1714 2009 1773 acerbissimis-

408 1830 518 1887 que
559 1815 904 1886 spectaculis.
931 1813 1063 1869 Nam
1088 1828 1208 1867 cum
1249 1811 1315 1866 ad
1357 1818 1555 1865 eretum
1602 1816 1838 1863 vestrum
1878 1818 2007 1875 pro-

411 1924 611 1980 perans
628 1924 726 1978 per
740 1908 912 1962 forum
936 1916 990 1961 et
1005 1905 1316 1976 angiportus
1336 1901 1641 1967 transirem,
1662 1899 2008 1967 videremque

406 2002 610 2057 multos
646 2000 841 2057 mediis
871 2000 923 2054 in
954 1998 1110 2053 biviis
1143 1998 1418 2067 jacentes,
1451 1992 1585 2048 alios
1625 1988 1855 2046 exsectis
1891 2003 2008 2043 ma-

410 2094 591 2157 nibus,
643 2092 781 2147 alios
804 2090 1017 2145 elfossis
1056 2088 1248 2152 oculis,
1294 2087 1426 2140 alios
1473 2083 1745 2139 ulceribus
1776 2079 2010 2134 vulneri-

410 2185 622 2252 busque
673 2181 1061 2237 insanabilibus
1112 2180 1334 2249 plenos,
1396 2177 1622 2246 illasque
1671 2173 2009 2245 potissimum

412 2285 595 2347 partes
645 2272 981 2337 exhibentes,
1031 2286 1165 2340 quas
1209 2279 1428 2340 pr0pter
1472 2268 1679 2323 saniem
1725 2273 2013 2333 contegere

408 2382 549 2436 opus
572 2375 691 2421 erat
721 2382 735 2417 :
759 2360 1017 2420 extremae
1044 2361 1448 2417 inhumanitalis
1467 2373 1588 2415 esse
1615 2358 1767 2423 duxi,
1795 2358 1840 2411 si
1871 2355 2011 2424 apud

411 2460 691 2515 caritatem
728 2466 965 2513 vestram
1010 2456 1078 2511 de
1122 2454 1207 2509 his
1245 2469 1352 2509 non
1395 2452 1557 2508 verba
1606 2450 1861 2516 facerem,
1890 2463 2011 2503 cum

409 2550 646 2605 maxime
674 2557 870 2618 prmter
895 2561 981 2615 ea,
1009 2562 1129 2617 qua:
1156 2545 1296 2600 dicta
1325 2552 1469 2610 sunt,
1499 2558 1588 2599 me
1609 2551 1820 2611 tempus
1849 2540 2012 2595 etiam

410 2642 482 2698 ad
508 2657 628 2696 eam
657 2656 773 2697 rem
800 2640 1171 2710 compelleret.
1204 2637 1336 2693 Nam
1359 2650 1583 2710 semper
1626 2633 1841 2705 quidem
1878 2646 2013 2686 con-

412 2733 563 2788 venit
611 2732 680 2787 de
733 2731 1076 2801 eleemosyna
1126 2742 1432 2785 sermonem
1487 2726 1722 2791 habere,
1766 2723 2013 2794 quando-

408 2823 707 2894 quidemet
738 2838 839 2877 nos
866 2804 1027 2875 multa
1059 2819 1270 2874 Domini
1294 2819 1384 2890 qui
1413 2833 1510 2872 nos
1530 2817 1769 2873 condidit
1798 2815 2011 2871 miseri-

411 2913 595 2969 cordia
638 2928 887 2983 egemus;
917 2910 1011 2965 sed
1057 2911 1158 2965 hac
1200 2918 1518 2979 tempestate
1562 2909 1822 2974 maxime,
1867 2908 2014 2960 tanto

416 3013 641 3075 urgente
658 3002 877 3073 frigore.
904 3000 1114 3058 Estate
1132 3014 1363 3069 namque
1385 2998 1641 3068 temporis
1661 2995 2016 3052 commoditas

414 3110 668 3165 magnum
715 3092 870 3147 affert
905 3092 1228 3163 pauperibus
1260 3090 1509 3144 solatium
1543 3107 1558 3144 :
1593 3076 1714 3142 nam
1752 3087 1836 3141 vel
1882 3085 2009 3140 nudi

413 3187 537 3240 sine
583 3184 826 3255 periculo
860 3184 1137 3238 ambulare
1181 3190 1424 3253 possunt,
1456 3194 1579 3234 cum
1625 3179 1829 3233 solarcs
1880 3178 2013 3231 radii

414 3275 725 3330 vestimenti
769 3274 890 3329 loco
932 3272 1059 3337 sint,
1086 3287 1207 3326 cum
1249 3279 1366 3325 tuto
1401 3271 1607 3340 possint
1635 3270 1687 3322 in
1735 3267 1881 3323 nudo
1924 3282 2017 3337 pa-

414 3367 657 3421 vimento
685 3364 906 3426 cubare,
936 3372 990 3418 et
1019 3362 1121 3417 sub
1146 3361 1236 3416 dio
1261 3371 1447 3417 noctes
1475 3361 1809 3431 transigere;
1842 3373 2016 3429 neque

415 3456 556 3511 adeo
581 3454 963 3509 calceamentis
998 3453 1268 3523 indigent,
1301 3467 1406 3508 non
1434 3452 1543 3506 vini
1585 3460 1733 3521 potu,
1765 3466 1872 3505 non
1903 3451 2018 3504 lau-

420 3548 557 3603 tiore
585 3545 708 3600 cibo
733 3562 749 3599 :
783 3558 908 3598 nam
933 3547 1065 3598 satis
1092 3552 1221 3598 sunt
1248 3543 1378 3613 ipsis
1404 3542 1576 3596 fontes
1604 3556 1900 3611 aquarum;
1932 3540 2017 3595 his

420 3636 615 3690 viliora
635 3635 806 3699 olera,
834 3633 938 3688 illis
959 3648 1125 3700 pauca
1146 3632 1401 3701 aridaque
1426 3633 1692 3705 legumina
1718 3630 2014 3696 sufficiunt,

417 3726 545 3778 anni
600 3732 919 3795 tempestate
969 3730 1228 3793 apparatu
1271 3720 1479 3776 facilem
1536 3707 2017 3791 ipsis-instruente

419 3829 684 3869 mensam.
712 3813 972 3883 Aliudque
1012 3827 1112 3867 nec
1148 3814 1324 3865 minus
1354 3810 1695 3867 commodum
1733 3819 1860 3865 tunc
1888 3810 2019 3880 ipsis

421 3905 596 3969 adest;
623 3903 883 3974 operandi
914 3918 1105 3971 nempe
1133 3902 1355 3957 facultas
1390 3920 1401 3954 :
1429 3917 1550 3955 nam
1582 3905 1671 3970 qui
1699 3902 1890 3955 domos
1917 3917 2015 3955 ex-

422 4004 658 4060 struunt,
687 3996 779 4065 qui
828 4005 1024 4051 terram
1064 3993 1294 4057 fodiunt,
1344 3994 1433 4062 qui
1478 3996 1530 4048 in
1568 3995 1698 4047 mari
1745 3994 2013 4063 navigant,

424 4088 619 4142 horum
665 4088 897 4142 maxime
927 4088 1224 4141 ministerio
1266 4101 1400 4155 opus
1429 4086 1648 4141 habent.
1695 4086 1848 4153 Quod
1876 4086 2017 4139 enim

425 4178 684 4233 divitibus
729 4187 855 4232 sunt
912 4178 1059 4247 agri,
1113 4176 1306 4231 domus
1356 4177 1642 4245 cmlerique
1696 4186 2018 4245 proventus,

427 4268 660 4339 idipsum
690 4278 772 4323 est
795 4267 903 4322 illis
924 4282 1142 4337 corpus,
1175 4278 1224 4322 et
1258 4267 1347 4337 qui
1380 4269 1624 4321 manibus
1646 4269 1821 4338 parari
1849 4278 2024 4337 potest

427 4359 634 4414 reditus
667 4357 926 4413 :‘aliunde
952 4357 1084 4411 nihil
1124 4356 1294 4411 adest.
1324 4357 1658 4427 Quapropter
1687 4366 1873 4412 testate
1906 4357 2024 4429 qui-

427 4449 550 4502 dem
577 4448 849 4519 quidpiam
871 4447 1093 4502 ot'fertur
1117 4447 1314 4513 solatii;
1340 4448 1563 4503 hiberno
1579 4459 1754 4503 autem
1785 4458 2026 4519 tempore

431 4556 684 4609 magnum
714 4538 820 4592 illis
866 4538 1100 4609 undique
1138 4539 1359 4604 bellum,
1392 4539 1587 4608 duplex
1613 4539 1820 4593 obsidio
1842 4582 1856 4604 ,
1885 4538 2027 4595 fame

432 4633 578 4685 intus
605 4631 809 4685 viscera
838 4629 1084 4695 rodente,
1116 4630 1419 4701 frigoreque
1448 4631 1784 4685 extrinsecus
1811 4645 2027 4685 carnem

433 4722 788 4792 enngelante,
812 4730 867 4776 et
895 4723 1045 4791 quasi
1077 4731 1341 4775 mortuam
1375 4722 1652 4776 reddente.
1686 4720 1890 4776 Idcirco
1924 4723 2029 4776 lar-

434 4816 584 4884 giore
606 4812 751 4880 cibo,
781 4811 1031 4867 densiore
1057 4814 1251 4867 vestitu
1284 4826 1418 4882 Opus
1446 4812 1673 4879 habent,
1706 4814 2031 4883 insuperque

438 4914 603 4972 tecto,
643 4913 837 4971 strato,
864 4905 1242 4958 calceamentis
1279 4905 1565 4975 multisque
1603 4907 1739 4959 aliis.
1771 4906 2031 4975 Quodque

437 4996 541 5051 illis
568 4994 814 5050 acerbius
844 5005 948 5060 est,
981 5010 1050 5049 ne
1075 4994 1329 5063 operandi
1357 4996 1571 5065 quidem
1600 4994 1903 5051 facultatem
1933 4996 2030 5049 ha-

440 5088 566 5139 bent
599 5102 613 5138 :
641 5100 817 5155 neque
850 5085 994 5151 enim
1026 5085 1075 5138 id
1117 5086 1240 5139 anni
1283 5094 1571 5155 tempestas
1610 5089 1821 5156 patitur.
1854 5089 2034 5153 Quan-

438 5177 727 5248 doquidem
760 5177 919 5246 igitur
955 5178 1193 5246 pluribus
1238 5177 1476 5248 indigent
1514 5177 1685 5247 iisque
1717 5180 2035 5233 necessariis

439 5271 623 5336 rebus,
653 5284 827 5339 neque
851 5269 1108 5339 operandi
1135 5268 1356 5325 facultas
1378 5270 1547 5334 adest,
1575 5270 1788 5325 nemine
1810 5273 2036 5327 miseros

354 5408 393 5417 ,,
438 5361 798 5426 conducente,
832 5360 1045 5416 nemine
1071 5359 1136 5414 ad
1158 5376 1292 5430 Opus
1312 5370 1555 5424 vocante,
1588 5376 1704 5431 age,
1728 5361 2035 5416 conducen-

443 5454 575 5508 tium
608 5454 746 5520 vice,
790 5453 1218 5509 misericordium
1259 5453 1534 5507 hominum
1578 5470 1767 5507 manus
1802 5456 2038 5525 porriga—

443 5562 562 5599 mus
596 5562 609 5596 :
641 5553 803 5616 atque
845 5546 912 5600 ad
944 5546 1084 5601 hanc
1129 5546 1446 5616 legationem
1489 5547 1710 5599 Paulum
1746 5562 2038 5617 egenorum

440 5651 570 5691 vere
599 5644 881 5706 patronum
910 5647 964 5692 et
993 5647 1293 5692 curatorem
1324 5638 1374 5690 in
1400 5637 1657 5708 collegam
1680 5651 2036 5692 assumamus.

447 5726 661 5782 Etenim
712 5742 958 5797 magnam
1003 5728 1091 5784 ille
1122 5727 1341 5799 hujusce
1381 5728 1482 5794 rei,
1515 5738 1566 5783 et
1598 5735 1851 5797 quantum
1883 5744 2040 5785 nemo

2114 1253 2270 1318 alius,
2304 1253 2718 1313 sollicitudinem
2750 1258 2930 1316 habet.
2972 1262 3129 1321 Unde
3171 1265 3359 1324 divisis
3396 1284 3519 1329 cum
3550 1273 3715 1333 Petro

2112 1342 2409 1413 discipulis,
2444 1362 2735 1417 pauperum
2758 1348 2940 1406 curam
2964 1370 3070 1411 non
3100 1354 3282 1413 divisit
3311 1363 3446 1419 :sed
3476 1380 3597 1421 cum
3628 1366 3711 1423 di-

2111 1434 2300 1500 xisset,
2332 1434 2557 1493 Dextras
2583 1440 2831 1496 dederunt
2855 1445 2983 1499 mihi
3010 1456 3058 1500 et
3079 1446 3334 1506 Barnast
3354 1454 3626 1524 societatis,
3655 1468 3715 1513 ut

2112 1541 2207 1617 nos
2234 1526 2287 1579 in
2307 1524 2516 1617 gentes,
2539 1532 2641 1600 ipsi
2676 1532 2730 1588 in
2771 1535 3204 1594 circumcisionem
3236 1541 3378 1615 (Gul.
3406 1545 3463 1599 2.
3486 1546 3565 1617 9),
3610 1551 3712 1605 ad-

2106 1614 2235 1710 jecit
2256 1656 2270 1679 ,
2304 1614 2526 1710 Tantum
2573 1629 2629 1673 ut
2665 1638 2947 1693 pauperum
2984 1614 3493 1690 mentoresiessemus
3576 1642 3715 1710 quod

2112 1705 2263 1798 etiam
2291 1705 2539 1763 sollicitus
2564 1710 2639 1781 fui
2665 1711 2761 1765 hoc
2789 1715 2957 1782 ipsum
2984 1721 3154 1789 facere
3176 1719 3337 1793 (Ibid.
3381 1740 3429 1779 tt.
3470 1705 3599 1798 l0);
3619 1729 3713 1787 Et-

2110 1797 2255 1851 enim
2278 1798 2472 1869 ubique
2492 1815 2594 1871 per
2612 1804 2867 1872 epistolas
2886 1822 3009 1862 suas
3034 1802 3117 1864 his
3134 1810 3205 1867 de
3227 1814 3385 1869 rebus
3404 1797 3712 1874 sermonem

2114 1888 2337 1953 inducit,
2370 1905 2547 1961 neque
2582 1893 2743 1948 ullam
2775 1895 2892 1965 ejus
2926 1900 3164 1967 reperias
3203 1905 3484 1973 epistolam
3527 1907 3716 1978 hujus-

2115 1979 2259 2033 modi
2285 1981 2651 2038 admonitione
2672 1999 2911 2041 vacuam.
2944 1986 3159 2046 Sciebat
3185 1995 3349 2063 enim,
3377 1997 3578 2053 sciebat
3605 2000 3713 2055 uti-

2114 2084 2222 2138 que
2243 2071 2427 2141 quanti
2457 2074 2715 2127 momenti
2745 2090 2833 2131 res
2860 2077 2928 2131 sit
2959 2095 2975 2133 ε
3002 2081 3354 2149 quamobrem
3379 2101 3441 2139 ac
3468 2088 3512 2140 si
3539 2088 3714 2145 tedifh

2114 2158 2199 2213 cio
2228 2160 2472 2216 mirabile
2504 2163 2771 2234 fastigium
2819 2166 3093 2237 imponat,
3138 2172 3359 2243 reliquis
3398 2178 3618 2233 monitis
3657 2190 3717 2235 et

2115 2250 2355 2306 consiliis
2385 2251 2684 2308 doctrinam
2708 2254 2809 2311 hac
2834 2257 2901 2312 de
2926 2275 2986 2314 re
3004 2260 3209 2331 adjicit.
3234 2264 3389 2331 Quod
3420 2270 3583 2324 etiam
3614 2270 3717 2327 hoc

2116 2339 2234 2396 loco
2265 2340 2411 2408 fecit,
2444 2358 2567 2398 cum
2590 2345 2657 2401 de
2682 2350 3079 2406 resurrectione
3108 2353 3360 2423 loquutus
3378 2396 3395 2422 ,
3432 2368 3715 2430 postquam

2114 2440 2309 2487 cetera
2351 2435 2531 2490 omnia
2579 2436 2942 2507 disposuerat,
2986 2442 3039 2496 in
3080 2443 3222 2501 hunc
3261 2445 3329 2501 de
3367 2448 3716 2524 eleemosyna

2121 2540 2426 2581 sermonem
2455 2527 2653 2585 desinit
2677 2530 2761 2585 his
2789 2533 3007 2588 verbis:
3034 2532 3114 2587 De
3138 2536 3359 2592 collectis
3387 2549 3575 2608 autem,
3603 2559 3722 2615 quia

2117 2618 2247 2686 ﬁunt
2273 2619 2325 2673 in
2352 2630 2577 2686 sanctas,
2603 2622 2737 2677 sicut
2761 2623 2996 2677 ordinavi
3025 2622 3270 2682 Ecclesiis
3297 2626 3535 2696 Galatia,
3566 2633 3642 2687 sic
3664 2642 3713 2688 et

2116 2723 2202 2761 eos
2244 2710 2397 2778 facite
2438 2725 2458 2763 :
2500 2711 2555 2765 in
2595 2728 2698 2766 una
2744 2711 3068 2768 sabbatorum
3117 2718 3465 2791 unusquisque
3500 2732 3721 2779 vestrum

2117 2800 2196 2869 (l.
2228 2802 2346 2855 Cor.
2376 2801 2462 2857 l6.
2503 2803 2554 2857 l.
2581 2800 2663 2873 2).
2686 2803 3073 2890 Animadverte
3098 2807 3437 2876 prudentiam
3465 2815 3724 2885 apostoli-

2116 2909 2257 2959 cam,
2302 2910 2462 2963 quam
2513 2904 2816 2965 opportune
2855 2897 2995 2952 hanc
3026 2906 3221 2955 tractet
3264 2901 3711 2960 admonitionem.

2117 2983 2406 3053 Postquam
2455 2985 2599 3040 enim
2649 2985 2887 3041 futurum
2923 2987 3184 3057 judicium
3226 2999 3282 3045 et
3311 2992 3544 3050 tribunal
3590 2995 3723 3051 illud

2119 3072 2457 3127 tremendum
2479 3086 3014 3143 commemorarent,
3046 3090 3147 3133 nec
3169 3094 3274 3134 non
3296 3081 3521 3151 gloriam
3550 3085 3719 3154 illam,

2116 3177 2217 3231 qna
2242 3163 2529 3219 amiciendi
2558 3176 2681 3219 sunt
2702 3166 2758 3230 ii,
2782 3167 2871 3236 qui
2895 3168 3065 3236 probe
3086 3169 3344 3240 vixerint,
3370 3181 3532 3243 atque
3556 3177 3721 3233 vitam

2117 3253 2475 3310 immortalem
2504 3272 2518 3308 :
2552 3266 2679 3310 tunc
2710 3256 2931 3312 demum
2976 3257 3063 3314 his
3097 3259 3167 3314 de
3209 3261 3371 3319 rebus
3412 3278 3721 3322 sermonem

2118 3342 2301 3408 infert,
2332 3354 2390 3399 ut
2416 3346 2553 3399 bona
2579 3360 2676 3416 spe
2705 3346 2869 3402 fultus
2895 3357 3058 3419 atque
3084 3350 3389 3419 expeditior
3420 3354 3592 3411 factus
3621 3372 3715 3412 au-

2118 3436 2294 3500 ditor,
2325 3435 2530 3505 majore
2575 3438 2749 3506 ipsum
2788 3438 3066 3495 alacritate
3109 3440 3425 3511 susciperet,
3477 3453 3587 3499 tum
3642 3447 3724 3499 in-

2119 3534 2297 3580 stante
2321 3524 2507 3596 jndicii
2539 3526 2732 3580 timore
2758 3537 2958 3595 motus,
2989 3537 3100 3583 tum
3128 3531 3491 3599 repositorum
3527 3548 3724 3604 exspe-

2119 3618 2354 3673 ctatione
2382 3617 2643 3672 bonorum
2688 3619 2948 3688 gestiens.
2993 3619 3205 3675 Etenim
3244 3623 3333 3692 qui
3360 3622 3431 3679 de
3477 3639 3729 3682 resurre-

2120 3709 2301 3762 ctione
2331 3707 2697 3778 philoSOphari
2723 3718 2919 3778 potest,
2945 3720 3001 3765 et
3029 3710 3097 3765 ad
3126 3710 3358 3767 futuram
3385 3712 3530 3769 illam
3560 3715 3727 3771 vitam

2122 3813 2182 3852 se
2220 3806 2390 3851 totum
2432 3797 2706 3863 transfert,
2752 3800 3037 3868 prmsentia
3067 3800 3221 3855 nihili
3264 3800 3444 3867 faciet,
3476 3802 3727 3868 divitias,

2126 3888 2425 3952 facultates,
2450 3904 2661 3955 aurum,
2683 3900 3346 3960 argentum,sumptuosas
3365 3903 3566 3961 vestes,
3594 3895 3733 3950 deli-

2122 3981 2235 4035 cias
2260 4022 2276 4047 ,
2317 3981 2513 4034 lautam
2561 3995 2823 4044 mensam,
2854 3988 2946 4035 aut
2972 3980 3185 4050 quidvis
3210 3982 3355 4037 aliud
3384 3984 3562 4039 simile
3595 4002 3608 4039 :
3640 3989 3732 4055 qui

2124 4084 2302 4127 autem
2332 4071 2447 4126 Ιιωο
2473 4072 2605 4125 nihil
2636 4086 2760 4127 esse
2782 4082 3010 4141 reputat,
3044 4087 3341 4142 pauperum
3370 4076 3730 4144 patrocinium

2124 4165 2333 4219 facilius
2363 4164 2636 4257 suscipiet.
2685 4162 2919 4231 Ideoque
2966 4163 3184 4228 l’aulus,
3214 4173 3503 4234 postquam
3542 4181 3735 4221 eorum

2124 4267 2360 4312 mentem
2412 4254 2507 4325 per
2562 4256 2956 4325 philosophiam
3014 4254 3162 4311 illam
3212 4256 3281 4312 de
3333 4260 3738 4315 resurrectione

2130 4349 2350 4419 pulchre
2408 4357 2834 4418 praeparaverat,
2893 4356 3023 4401 tunc
3086 4347 3519 4406 adhortationem
3580 4351 3736 4409 illam

2128 4440 2323 4495 intulit.

2205 4530 2411 4601 Pauper
2427 4532 2540 4601 pius
2566 4531 2718 4584 diuite
2742 4530 2970 4601 improbo
3008 4534 3349 4603 pratstantior.
3382 4533 3583 4591 Paulus
3601 4554 3736 4608 pau-

2130 4640 2273 4694 peres
2285 4638 2605 4693 summopere
2618 4632 2784 4679 curat.
2799 4652 2866 4662 —
2878 4620 2994 4676 Non
3010 4623 3163 4689 dixit,
3186 4624 3261 4678 De
3281 4625 3503 4680 collecta
3522 4641 3654 4683 vero
3678 4629 3735 4683 in

2132 4714 2425 4779 mendicos,
2450 4715 2557 4782 vel,
2578 4715 2627 4767 in
2653 4729 2935 4783 pauperes;
2962 4717 3080 4778 sed,
3104 4713 3169 4767 In
3196 4727 3398 4769 sanctos
3421 4732 3440 4770 :
3461 4718 3740 4775 auditores

2135 4811 2420 4865 instituens
2451 4818 2507 4862 ut
2531 4823 2732 4878 egenos
2760 4808 3103 4861 admirationi
3134 4808 3411 4876 haberent,
3436 4811 3482 4865 si
3514 4811 3739 4881 quidem

2135 4903 2207 4957 illi
2238 4902 2311 4972 pii
2339 4910 2549 4966 essent;
2593 4902 2894 4970 divitesque
2921 4912 3267 4969 respuerent,
3292 4903 3335 4955 si
3378 4906 3631 4960 virtutem
3663 4906 3741 4962 illi

2134 4992 2499 5061 deSpicerent.
2540 4990 2690 5047 Solet
2727 4992 2869 5046 enim
2918 4992 3079 5044 etiam
3122 4991 3505 5061 Imperatorem
3557 4997 3738 5065 profa-

2138 5100 2266 5136 num
2312 5092 2367 5136 et
2398 5083 2638 5151 iniquum
2662 5096 2875 5146 vocare,
2904 5081 3118 5151 quando
3146 5083 3391 5139 inimicus
3418 5095 3501 5139 est
3530 5086 3623 5140 Dei
3644 5102 3659 5152 ;
3684 5098 3740 5143 et

2139 5189 2401 5247 pauperes
2430 5184 2662 5239 sanctos,
2694 5188 2812 5228 cum
2844 5174 3000 5245 probi
3028 5176 3366 5246 modestique
3397 5188 3537 5233 sum.
3570 5180 3745 5235 Nero-

2141 5282 2261 5321 nem
2309 5266 2505 5335 quippe
2550 5266 2868 5337 mysterium
2914 5265 3208 5334 iniquitatis
3260 5276 3453 5333 vocat,
3515 5269 3740 5327 dicens:

2143 5357 2446 5428 Mysterium
2495 5357 2627 5411 enim
2670 5373 2803 5409 nunc
2850 5367 3091 5424 operatur
3134 5358 3419 5430 iniquitatis
3442 5358 3516 5429 (2.
3562 5359 3738 5415 Thess.

2140 5448 2195 5501 2.
2220 5449 2274 5519 7)
2298 5466 2312 5514 ;
2338 5448 2434 5501 hos
2458 5456 2633 5501 autem
2657 5447 2745 5516 qui
2768 5447 3035 5502 alimentis
3058 5446 3304 5517 egebant,
3330 5458 3382 5503 et
3404 5450 3745 5505 emendicato

2143 5557 2281 5610 pane
2310 5540 2610 5603 alebantur.
2644 5548 2860 5595 sanctos
2900 5542 3149 5611 appellat.
3186 5539 3404 5595 Interim
3443 5558 3572 5597 vero
3620 5545 3747 5596 sub-

2146 5634 2374 5687 obscure
2411 5634 2567 5687 ducet
2612 5631 2752 5699 illos,
2796 5648 2864 5688 ne
2906 5632 3198 5688 efferantur
3244 5634 3459 5700 animo,
3519 5652 3651 5688 neve
3679 5636 3746 5689 de

2148 5724 2459 5799 huiusmodi
2501 5725 2755 5781 mandato
2787 5726 3145 5794 extollantur,
3198 5728 3259 5781 ac
3312 5728 3354 5782 si
3392 5727 3670 5784 vilioribus
3708 5740 3767 5785 et
