4228 6298
612 313 712 371 ΞΒΞ

603 423 1032 493 despoctioribus
1074 422 1395 504 largiantur,
1440 418 1539 477 sed
1580 429 1732 476 certo
1767 418 1941 475 sciant
1979 416 2189 486 sibique

609 512 987 582 itersuadeant,
1012 510 1063 566 id
1086 510 1188 565 sibi
1211 510 1444 568 maxime
1462 524 1582 566 esse
1602 507 1817 577 honori,
1837 505 1979 578 quod
2004 520 2191 562 eorum

606 617 881 659 aerumnas
904 602 1242 673 participent.

678 692 741 750 2ο
765 691 883 750 Jsm
904 706 1033 747 vero
1055 706 1233 760 Opera:
1253 690 1483 762 pretium
1503 690 1607 746 erit
1632 688 1947 760 disquinere.
1972 684 2191 759 quinam

608 782 719 840 sint
766 782 843 838 illi
890 784 1097 838 sancti:
1127 797 1233 838 non
1280 783 1421 837 enim
1457 781 1544 837 hic
1571 790 1773 835 tantum
1812 780 2025 835 illorum
2074 793 2191 832 me-

610 874 786 940 minit,
815 872 911 930 sed
950 873 1115 929 etiam
1146 874 1281 929 alibi
1316 888 1437 928 cum
1478 872 1607 928 dicit
1640 870 1834 927 :Nunc
1862 879 2031 925 autem
2070 885 2191 938 pro-

608 964 811 1035 ficiscor
834 963 890 1018 in
909 962 1197 1019 Jerusalem
1229 964 1515 1019 ministrare
1532 961 1720 1016 sanctis
1754 959 1928 1031 (Rom.
1959 959 2048 1015 15.
2070 956 2185 1031 25).

611 1056 679 1110 Et
703 1054 874 1113 Lucas
900 1056 954 1110 in
987 1055 1155 1122 Actis,
1178 1070 1298 1109 cum
1322 1068 1510 1123 magna
1540 1050 1714 1108 fames
1743 1052 2068 1116 immineret,
2092 1049 2189 1104 bos

605 1148 752 1217 ipsos
771 1155 988 1201 sanctos
1013 1147 1082 1200 ita
1103 1154 1486 1201 commemorat
1509 1160 1525 1199 :
1552 1142 1803 1214 Discipuli
1826 1152 2015 1207 autem,
2039 1148 2189 1211 prout

605 1237 723 1305 quis
750 1235 962 1291 habebat
982 1277 999 1303 ,
1027 1243 1399 1307 proposuerunt
1424 1234 1611 1306 singuli
1632 1234 1827 1287 mittere
1843 1231 1912 1285 ad
1940 1246 2189 1302 pauperes

603 1336 926 1392 sanctorum,
943 1326 1032 1397 qui
1055 1332 1169 1379 sunt
1186 1325 1239 1378 in
1261 1323 1548 1379 Jerusalem
1574 1322 1712 1397 (Act.
1744 1323 1832 1377 11.
1851 1320 1969 1391 29).
1994 1320 2061 1375 Et
2088 1320 2189 1375 ito-

604 1432 748 1483 rum,
777 1415 919 1488 quod
945 1425 1071 1471 ante
1112 1414 1380 1481 dicebam,
1421 1414 1517 1479 ait,
1550 1411 1774 1469 Tantum
1808 1422 1863 1467 ut
1907 1426 2188 1481 pauperum

605 1523 846 1563 memores
874 1522 1115 1572 essemus,
1140 1506 1279 1579 quod
1316 1508 1467 1561 etiam
1510 1506 1758 1561 sollicitus
1782 1506 1861 1578 fui
1886 1506 1980 1560 hoc
2018 1506 2187 1574 ipsum

604 1599 772 1667 facere
791 1596 934 1669 (Gal.
965 1596 1021 1652 2,
1050 1596 1160 1667 10).
1190 1597 1479 1668 Postquam
1507 1612 1637 1653 vero
1655 1598 1732 1652 sic
1760 1597 1900 1652 inter
1924 1612 2023 1650 nos
2050 1594 2187 1649 divi-

602 1692 791 1759 simus,
832 1702 895 1775 tu
926 1692 1056 1747 mihi
1100 1691 1320 1759 Gentes,
1364 1690 1523 1746 Petro
1560 1689 1732 1747 Judaei
1779 1690 2182 1759 contingerent,

599 1786 872 1842 ωηιιηιιιιί
918 1784 1186 1839 sententia
1234 1782 1626 1847 constituimus,
1673 1780 1860 1849 inquit,
1902 1778 2186 1835 ut'divisio

602 1874 718 1929 lucc
741 1874 807 1929 ad
838 1888 1099 1943 pauperes
1133 1885 1241 1927 non
1274 1871 1616 1942 pertingeret.
1650 1869 1781 1925 Nam
1824 1884 1945 1924 cum
1990 1868 2185 1939 praedi-

597 1962 811 2029 cabant,
835 1962 923 2017 ille
967 1961 1200 2027 Judzcis,
1231 1961 1320 2015 hic
1361 1960 1620 2017 Gentibus
1664 1959 2027 2029 praedicabat:
2060 1973 2183 2013 cum

601 2070 730 2111 vero
769 2054 1093 2124 pauperibus
1142 2050 1633 2125 patrocinabantur,
1664 2066 1771 2105 non
1811 2049 1881 2104 ita
1923 2064 2013 2103 res
2050 2064 2185 2104 con-

598 2145 779 2200 stituta
801 2154 936 2208 erat,
986 2151 1045 2198 ut
1076 2144 1165 2198 ille
1204 2142 1532 2213 pauperibus
1559 2140 1863 2196 Judteorum
1886 2180 1902 2205 ,
1941 2138 2029 2194 hic
2055 2154 2184 2193 vero

596 2232 919 2305 pauperibus
946 2232 1193 2288 Gentium
1232 2241 1435 2287 tantum
1463 2246 1645 2287 curam
1686 2231 2016 2301 impenderet
2045 2247 2059 2284 :
2086 2229 2183 2283 scd

597 2332 822 2394 uterque
862 2338 987 2393 erga
1015 2337 1277 2392 pauperes
1320 2320 1628 2377 Judaeorum
1670 2336 1914 2391 magnam
1962 2320 2181 2391 gerebat

593 2428 800 2467 curam.
846 2412 1206 2478 Quamobrem
1264 2411 1476 2466 dicebat
1524 2427 1539 2463 :
1594 2408 1813 2465 Tantum
1870 2421 1925 2463 ut
1985 2427 2183 2479 paupe-

593 2521 709 2558 runs
751 2520 995 2558 memores
1046 2519 1285 2570 essemus,
1321 2503 1459 2573 quod
1481 2504 1634 2557 etiam
1676 2503 1922 2558 sollicitus
1970 2504 2046 2573 fui
2085 2503 2180 2556 hoc

592 2596 763 2663 ipsum
803 2598 987 2665 facere.
1022 2592 1251 2662 Quinam
1300 2608 1429 2664 ergo
1475 2603 1602 2649 sunt
1642 2594 1738 2659 illi,
1767 2593 1834 2649 de
1858 2595 2050 2665 quibus
2096 2594 2183 2648 hic

594 2686 849 2754 loquitur,
871 2700 1081 2740 necnon
1126 2687 1181 2740 in
1203 2684 1427 2755 epistola
1454 2685 1520 2739 ad
1565 2685 1858 2751 Romanos,
1898 2693 1951 2740 et
1980 2685 2033 2739 in
2067 2685 2183 2755 epi-

589 2775 729 2830 stola
757 2773 824 2830 ad
853 2774 1070 2831 Galatas
1089 2815 1106 2841 ,
1144 2789 1241 2845 pro
1266 2775 1462 2845 quibus
1485 2775 1645 2830 etiam
1695 2773 2007 2830 Macedonas
2054 2774 2181 2827 bor-

592 2866 772 2921 tatur?
812 2865 1121 2922 Judzeorum
1175 2880 1458 2936 pauperes,
1489 2867 1581 2934 qui
1620 2863 1972 2938 Jerosolymis
2014 2864 2178 2935 dege-

591 2956 741 3011 bant.
770 2954 842 3009 Et
868 2970 966 3010 cur
991 2963 1192 3010 tantam
1218 2969 1405 3010 eorum
1450 2969 1636 3010 curam
1677 2955 1873 3010 habet?
1899 2956 2093 3010 Annon
2122 2956 2177 3009 in

595 3047 821 3118 singulis
856 3047 1163 3103 civitatibus
1189 3061 1453 3117 pauperes
1487 3056 1543 3103 et
1585 3048 1819 3103 mendici
1854 3047 2043 3104 erant?
2068 3046 2178 3103 Cur

587 3136 657 3192 ad
705 3136 829 3191 illos
877 3137 1077 3203 mittit,
1114 3146 1170 3192 et
1193 3151 1293 3207 pro
1330 3138 1410 3191 eis
1447 3152 1635 3192 omnes
1677 3138 1869 3209 rogat?
1909 3137 2026 3193 Non
2060 3139 2178 3194 siue

588 3242 753 3283 causa
786 3241 938 3292 sane,
969 3241 1069 3281 nec
1112 3236 1346 3291 temere,
1372 3240 1549 3297 neque
1597 3241 1664 3281 ex
1691 3241 2044 3297 personarum
2082 3243 2177 3282 ac-

585 3317 865 3389 ceptione;
894 3316 989 3372 sed
1018 3316 1217 3372 utiliter
1244 3328 1299 3371 et
1326 3317 1626 3373 commode.
1657 3317 1791 3373 Rem
1817 3327 1996 3374 autem
2019 3320 2178 3389 paulo

587 3407 750 3463 altius
794 3416 1040 3477 repetere
1068 3421 1289 3462 necesse
1313 3415 1416 3462 est.
1456 3406 1718 3475 Quoniam
1754 3406 2061 3462 inda-orum
2091 3424 2179 3463 res

584 3499 951 3563 conciderant,
982 3507 1039 3553 et
1066 3512 1186 3553 cum
1228 3497 1413 3553 losum
1441 3498 1823 3568 cruciﬁgerent
1843 3540 1860 3566 ,
1895 3515 2077 3554 vocem
2107 3501 2174 3554 il-

589 3590 720 3656 lam,
746 3588 867 3644 Non
893 3589 1133 3644 habemus
1156 3605 1322 3659 regem
1348 3589 1447 3641 nisi
1470 3587 1721 3642 Cursarem
1740 3588 1917 3657 (Joan.
1948 3590 2033 3644 19.
2060 3590 2172 3659 15),

587 3686 776 3733 contra
820 3693 880 3733 se
924 3690 1095 3733 ratam
1144 3678 1400 3741 fecerant,
1449 3692 1512 3731 ac
1544 3676 1761 3732 demum
1815 3677 2175 3735 [tertianorum

587 3768 812 3837 imperio
856 3768 1055 3822 subditi
1088 3776 1281 3830 erant,
1331 3782 1507 3833 neque
1544 3766 1625 3820 sui
1674 3767 1845 3835 juu's,
1897 3779 1953 3821 ut
1999 3778 2174 3833 antea.

586 3865 773 3923 erant;
808 3873 979 3927 neque
1011 3871 1231 3928 prorsus
1251 3857 1413 3921 servi,
1441 3866 1494 3910 ut
1518 3856 1629 3925 jam
1654 3867 1800 3921 sunt,
1826 3857 1922 3912 sed
1952 3859 2001 3912 in
2028 3874 2180 3913 com-

588 3947 893 4002 tuilitouum
928 3947 1118 4002 ordine
1166 3947 1472 4012 constituti,
1520 3947 1718 4001 tributa
1763 3945 2178 4015 lmperatoribus

592 4038 937 4109 pendebant,
970 4046 1024 4091 et
1053 4045 1310 4105 prmtores
1336 4037 1403 4089 ab
1432 4038 1509 4091 eis
1532 4037 1868 4106 accipiebant
1896 4055 1911 4091 :
1943 4037 2176 4105 plerum-

590 4144 697 4200 que
722 4130 883 4186 etiam
912 4129 1026 4182 suis
1056 4128 1347 4182 utebantur
1371 4127 1596 4197 legibus,
1625 4136 1680 4183 et
1708 4143 1801 4183 cos
1827 4129 1916 4197 qui
1947 4128 2085 4196 apud
2118 4144 2177 4184 se

588 4223 999 4291 delinquerent,
1047 4219 1341 4274 secundum
1385 4219 1553 4287 patria
1605 4218 1799 4288 placita
1854 4219 2175 4287 plcctcbant.

590 4313 743 4382 Quod
781 4322 959 4367 autem
991 4310 1187 4365 tributa
1228 4310 1488 4365 Romanis
1517 4310 1813 4379 penderent
1850 4311 2021 4380 palam
2054 4310 2179 4366 hinc

592 4419 697 4471 est,
741 4404 884 4475 quod
924 4404 1105 4459 Jesum
1137 4412 1408 4457 tentantes
1443 4402 1864 4474 interrogarent.
1896 4402 2174 4475 Magister,

591 4500 767 4551 licetne
804 4496 927 4549 dare
958 4510 1159 4547 censum
1189 4494 1402 4559 Ca’sari,
1450 4509 1621 4546 annon
1668 4492 1879 4564 (Matth.
1909 4494 1999 4549 22.
2052 4495 2177 4565 l7)?

591 4599 642 4641 at
669 4590 782 4656 ipse
814 4584 976 4654 jussis
1006 4583 1295 4638 ostendere
1327 4583 1593 4638 numisma
1622 4583 1794 4640 dixit:
1827 4583 2040 4638 Reddite
2064 4600 2177 4653 qua!

591 4692 708 4735 sunt
732 4680 949 4735 Cmsaris
974 4678 1183 4742 Ctesari,
1212 4688 1259 4731 et
1280 4693 1393 4747 qua:
1425 4686 1541 4731 sunt
1568 4676 1665 4729 Dei
1694 4675 1799 4729 Deo
1825 4674 1930 4746 (Ib.
1972 4695 2017 4731 v.
2044 4678 2105 4743 21
2124 4680 2171 4747 );

591 4775 763 4828 Lucas
784 4788 911 4826 vero
936 4770 1086 4837 dicit,
1111 4781 1165 4825 et
1193 4770 1390 4825 milites
1411 4778 1465 4824 et
1493 4771 1734 4825 tribunos
1762 4770 2008 4826 habuisse
2036 4781 2167 4826 tem-

590 4869 736 4937 plum
766 4864 916 4933 (Luc.
944 4865 1035 4919 22.
1082 4864 1194 4933 52).
1224 4862 1355 4931 Quae
1382 4875 1695 4931 argumenta
1733 4879 1836 4917 non
1880 4863 2014 4918 levia
2051 4874 2176 4919 sunt

591 4961 757 5014 fuisse
798 4957 1012 5013 ludzcos
1038 4954 1299 5009 Romanis
1344 4953 1584 5008 subditos
1618 4970 1633 5007 :
1665 4952 1807 5025 quod
1848 4965 2025 5008 autem
2056 4971 2175 5023 pro-

588 5050 717 5120 priis
766 5056 1043 5102 uterentur
1094 5044 1300 5114 legibus
1353 5043 1476 5097 hinc
1515 5044 1690 5112 palam
1729 5054 1831 5108 est,
1878 5046 2021 5113 quod
2059 5046 2175 5100 Ste-

592 5140 827 5209 phanum
860 5138 1143 5206 lapidariut
1174 5152 1273 5190 nec
1294 5135 1360 5189 ad
1390 5136 1621 5189 tribunal
1647 5135 1887 5199 ductum,
1918 5136 2174 5190 lacobum

591 5236 810 5284 iratrem
838 5228 1049 5281 Domini
1080 5226 1470 5290 interfecerint,
1503 5224 1775 5279 Christum
1807 5226 1976 5293 ipsum
2006 5229 2178 5280 cruci-

593 5320 828 5380 tixerint,
863 5318 1074 5371 etiamsi
1109 5316 1273 5384 judex
1316 5314 1659 5378 concederet,
1691 5325 1749 5368 ut
1774 5316 1918 5369 omni
1958 5316 2178 5370 crimine

590 5410 727 5465 liber
751 5409 943 5463 abiret.
987 5412 1327 5477 Quapropter
1370 5422 1561 5461 manus
1604 5407 1733 5461 lavit
1756 5407 1942 5461 dicens
1976 5426 1988 5459 :
2020 5407 2180 5461 Inno-

588 5520 704 5555 cens
730 5518 843 5557 sunt
870 5520 901 5553 a
931 5500 1183 5569 sanguine
1210 5499 1304 5553 hoc
1329 5498 1545 5570 (Matth.
1573 5500 1662 5552 27.
1691 5500 1805 5567 24).
1838 5500 1899 5552 Et
1930 5501 2049 5568 quia
2081 5502 2177 5554 ad-

592 5593 807 5647 modum
833 5593 1090 5645 instantes
1121 5590 1354 5657 videbat,
1386 5592 1499 5659 ipse
1530 5592 1745 5660 quidem
1781 5592 2044 5645 calculum
2074 5610 2179 5648 non

592 5686 739 5754 tulit,
770 5686 865 5742 scd
895 5684 1154 5742 abscessit
1187 5702 1199 5740 :
1228 5683 1307 5739 illi
1336 5699 1465 5740 vero
1503 5683 1716 5756 propria
1752 5686 2034 5757 tyrannide
2062 5687 2173 5755 usi,

1316 309 1375 367 8.
1411 305 1691 365 JOANNIS
1726 303 2206 364 CHRYSOSTONI
2252 302 2571 361 ARClllEP.
2601 303 3136 361 CONSTANTINOP.

3784 308 3887 366 261

2305 424 2474 469 totum
2503 425 2684 487 postea
2713 416 3068 486 perfecerunt.
3101 416 3321 472 Paulum
3348 419 3509 474 etiam
3535 434 3681 491 saepe
3702 436 3887 493 agm-

2300 504 2607 560 diebantur.

2369 592 2671 649 Iudaeorum
2707 597 2761 650 in
2800 594 3113 653 Christianos
3509 598 3606 655 Die
3629 602 3887 656 domita

2300 687 2580 754 prmertim
2605 686 2916 759 elemosyna
2936 691 3209 759 eroganda.
3234 721 3303 732 —
3323 690 3457 758 Quia
3484 692 3643 761 igitur
3667 707 3767 747 suo
3789 695 3888 747 tri-

2301 774 2481 829 bunali
2524 776 2811 831 utebantur
2833 818 2848 841 ,
2892 778 3015 832 hinc
3040 781 3259 849 contigit
3298 791 3354 834 ut
3389 782 3718 837 contribales
3740 824 3755 846 ,
3796 785 3885 851 qui

2296 862 2607 932 credebant,
2630 868 2841 921 exteris
2866 868 3137 936 asperiora
3164 880 3490 939 paterentur.
3519 872 3576 927 lu
3598 872 3717 927 aliis
3738 884 3889 929 certe

2296 953 2597 1010 civitatibus
2624 964 2678 1010 et
2709 957 2991 1013 tribunalia
3011 970 3065 1014 et
3088 961 3236 1030 leges
3254 970 3311 1015 et
3335 963 3676 1033 magistratus
3699 973 3884 1029 erant;

2297 1043 2392 1099 sed
2415 1060 2521 1100 non
2546 1045 2737 1101 licebat
2761 1048 3047 1118 gentilibus
3072 1063 3166 1105 eos
3185 1065 3249 1105 ex
3280 1051 3412 1115 suis,
3442 1053 3532 1120 qui
3556 1038 3843 1108 deﬁcerent
3866 1094 3883 1119 ,

2296 1134 2510 1204 propria
2533 1138 2794 1191 sententia
2817 1138 2901 1191 vel
2923 1137 3226 1194 interﬁcere
3246 1139 3327 1195 vel
3350 1139 3615 1209 lapidibus
3629 1142 3885 1206 obruere.

2293 1231 2388 1278 aut
2426 1224 2626 1295 aliquid
2652 1226 2785 1296 ipsis
2816 1227 2939 1281 mali
2970 1225 3168 1283 inferre
3197 1245 3211 1282 :
3239 1240 3331 1283 aut
3357 1229 3401 1283 si
3428 1229 3549 1299 quis
3578 1228 3887 1299 deprehen-

2293 1313 2518 1371 debatur
2547 1317 2652 1372 tale
2677 1318 2929 1387 quiddam
2960 1328 3154 1389 praeter
3174 1319 3413 1390 judicunt
3440 1322 3761 1376 sententiam
3794 1338 3889 1392 pa-

2296 1414 2485 1474 trasse,
2517 1406 2561 1461 is
2584 1408 2935 1478 puniebatur;
2964 1409 3163 1466 Iudaeis
3188 1421 3368 1467 autem
3394 1426 3585 1482 magna
3606 1416 3747 1469 circa
3769 1430 3885 1471 rem

2294 1492 2433 1551 hanc
2478 1505 2715 1566 potestas
2758 1498 3168 1556 concedebatur.
3215 1501 3551 1572 Quapropter
3592 1505 3838 1573 graviora
3865 1546 3884 1574 ,

2291 1601 2451 1657 quam
2481 1589 2659 1645 caueri
2690 1603 2877 1646 omnes
2901 1633 2915 1657 ,
2945 1592 3282 1661 patiebantur
3308 1594 3345 1648 ii
3371 1610 3437 1650 es
3464 1594 3573 1649 illis
3597 1635 3615 1661 ,
3646 1598 3737 1667 qui
3768 1614 3887 1654 cre-

2290 1676 2526 1744 debant,
2557 1693 2620 1733 ac
2647 1678 2692 1733 si
2724 1679 2863 1734 inter
2902 1680 3110 1736 medios
3146 1682 3302 1753 lupos
3342 1685 3622 1758 intercepti
3658 1698 3884 1755 essent,

2291 1767 2535 1823 adstante
2557 1809 2571 1833 ,
2601 1769 2690 1838 qui
2727 1771 2998 1838 eriperet,
3032 1773 3267 1828 nemine.
3313 1773 3388 1829 ita
3429 1792 3623 1848 nempe
3660 1777 3883 1832 Paulum

2290 1875 2434 1929 saepe
2477 1860 2817 1930 ﬂagellabant
2843 1879 2856 1915 :
2886 1863 3008 1918 audi
3051 1865 3323 1935 quomodo
3352 1867 3406 1921 id
3446 1869 3561 1938 ipse
3598 1869 3836 1924 declaret
3868 1888 3881 1923 :

2294 1948 2568 2019 Quinquies
2590 1953 2940 2022 quadragenas
2967 1970 2999 2006 a
3024 1954 3226 2009 luditis
3252 1973 3356 2009 una
3379 1958 3546 2013 minus
3569 1960 3744 2029 accepi
3769 1976 3787 2012 :
3810 1970 3883 2013 ter

2290 2039 2443 2109 virgis
2467 2055 2627 2094 casus
2652 2058 2781 2107 sunt,
2812 2044 2965 2096 semel
2992 2045 3252 2113 lapidatus
3277 2062 3389 2101 sunt
3415 2046 3488 2114 (2.
3523 2047 3643 2102 Cor.
3670 2050 3760 2103 11.
3789 2051 3877 2105 21.

2288 2129 2401 2198 25).
2429 2130 2581 2198 Quod
2608 2141 2787 2186 autem
2816 2130 2929 2187 lucc
2954 2149 3059 2187 non
3085 2138 3395 2205 conjectura
3424 2137 3563 2192 dicta
3595 2139 3700 2193 sint
3722 2182 3737 2205 ,
3772 2142 3884 2209 ipse.

2289 2220 2483 2275 Paulus
2509 2221 2576 2276 ad
2608 2222 2865 2278 Hebraeos
2892 2227 3132 2280 scribens
3156 2225 3396 2281 declarat
3423 2247 3436 2283 :
3459 2227 3882 2284 Reinemoramini

2286 2323 2453 2368 autem
2476 2315 2713 2383 pristinos
2733 2315 2859 2381 dies,
2888 2318 2940 2369 in
2963 2318 3140 2387 quibus
3158 2319 3434 2374 illuminati
3459 2338 3696 2392 magnum
3722 2334 3885 2376 certa~

2286 2419 2399 2457 mea
2425 2404 2734 2458 sustinuistis
2761 2406 3092 2474 passionum:
3114 2417 3163 2461 et
3196 2408 3248 2461 in
3276 2410 3435 2463 altera
3459 2411 3661 2479 quidem
3691 2428 3880 2482 appro.

2287 2494 2407 2547 briis
2425 2505 2470 2546 et
2499 2492 2899 2549 tribulationibus
2929 2500 3269 2567 spectaculum
3290 2502 3437 2570 facti,
3465 2502 3518 2554 in
3538 2502 3701 2555 altera
3720 2514 3883 2558 autem

2287 2585 2411 2639 socii
2435 2584 2601 2638 taliter
2620 2587 2917 2654 patientium
2940 2586 3124 2654 effecti.
3165 2589 3365 2644 Etenim
3382 2594 3617 2661 rapinam
3641 2596 3885 2648 bonorum

2284 2685 2563 2730 vestrorum
2588 2692 2702 2729 cum
2724 2678 2913 2747 gaudio
2941 2682 3228 2749 suscepistis
3252 2722 3267 2746 ,
3295 2694 3651 2752 cognoscentes
3675 2701 3763 2738 vos
3791 2688 3881 2738 ha.

2288 2766 2401 2853 bere
2416 2769 2672 2822 meliorem
2700 2770 3031 2823 substantiam
3063 2772 3115 2823 in
3146 2772 3282 2825 caelis
3300 2813 3316 2839 ,
3346 2783 3393 2827 et
3422 2783 3705 2827 manentem
3726 2772 3876 2841 (Heb.

2288 2848 2374 2914 1οῖ
2399 2856 2616 2929 52-34).
2643 2860 2708 2914 Et
2727 2875 2850 2913 cum
2868 2859 3374 2917 Thessalonicenscs
3394 2864 3793 2926 adhortaretur,
3821 2865 3882 2918 il-

2284 2949 2365 3005 los
2387 2949 2440 3003 in
2470 2949 2704 3005 medium
2726 2950 2943 3004 adduxit
2972 2944 2985 3003 ὲ
3023 2949 3120 3004 Vos
3140 2952 3275 3004 enim
3303 2953 3575 3006 imitatores
3600 2955 3725 3021 facti
3744 2956 3882 3023 estis,

2283 3044 2486 3112 patres,
2517 3040 2859 3094 Ecclesiarum
2878 3040 3002 3107 Dei,
3027 3056 3142 3109 qua
3169 3051 3287 3095 sunt
3314 3044 3366 3095 in
3387 3042 3577 3098 Judtea
3603 3060 3622 3098 :
3649 3046 3773 3114 quia
3799 3063 3880 3100 eu-

2284 3132 2397 3187 dem
2427 3132 2565 3202 passi
2589 3133 2704 3186 estis
2730 3149 2813 3185 vos
2836 3150 2870 3185 a
2898 3134 3257 3187 contribulilnts
3284 3136 3478 3201 vestris,
3506 3137 3637 3189 sicut
3662 3148 3710 3191 et
3733 3138 3829 3207 ipsi
3852 3156 3883 3192 ι

2283 3222 2483 3278 Iudicis
2517 3224 2593 3295 (1.
2631 3223 2809 3277 Thess.
2839 3223 2893 3276 2.
2924 3223 3034 3293 14).
3064 3224 3198 3291 Quia
3226 3224 3385 3293 igitur
3408 3226 3651 3294 graviora
3672 3268 3687 3291 ,
3718 3243 3877 3296 quam

2283 3329 2473 3369 omnes
2499 3313 2609 3380 alii,
2643 3314 3001 3384 patiebantur,
3032 3324 3086 3369 et
3112 3330 3217 3369 non
3248 3314 3410 3370 modo
3434 3318 3551 3371 sine
3576 3320 3879 3374 misericor-

2284 3403 2370 3459 dia
2399 3419 2525 3459 cum
2551 3405 2658 3459 illis
2681 3404 2957 3474 agebatur,
2984 3404 3079 3459 sed
3108 3406 3270 3460 etiam
3292 3406 3473 3461 omnia
3500 3408 3564 3462 iis
3592 3410 3879 3478 rapieban-

2285 3504 2370 3551 tur
2391 3505 2447 3551 et
2470 3495 2867 3559 auferebantur,
2895 3505 2948 3549 et
2974 3495 3207 3565 undique
3249 3496 3348 3566 ipsi
3376 3498 3711 3567 pellebantur
3730 3542 3744 3564 ,
3764 3500 3881 3568 jure

2282 3603 2471 3643 omnes
2514 3587 2582 3642 ad
2624 3602 2809 3642 eorum
2852 3586 3250 3655 suscipiendum
3283 3589 3636 3657 patrocinium
3664 3592 3875 3645 excitat.

2285 3678 2587 3749 lterumque
2612 3678 2919 3734 Corinthios
2951 3678 3162 3733 illorum
3192 3680 3359 3749 gratia
3388 3680 3630 3734 hortatur
3656 3682 3740 3735 bis
3763 3698 3881 3736 ver-

2285 3769 2367 3823 bis
2395 3787 2409 3823 :
2438 3768 2517 3823 De
2538 3770 2749 3822 collecta
2774 3779 2938 3823 autem
2962 3771 3016 3823 in
3044 3780 3265 3835 sanctos,
3294 3771 3422 3824 sicut
3451 3771 3681 3825 ordinant
3712 3771 3879 3827 Eccle-

2284 3861 2371 3913 siis
2402 3858 2637 3926 Galatitc,
2666 3861 2738 3913 sic
2765 3871 2812 3913 et
2838 3876 2924 3913 vos
2945 3860 3095 3929 facile
3115 3861 3189 3930 (1.
3220 3860 3337 3914 Cor.
3371 3862 3457 3915 16.
3494 3862 3567 3931 1).

2356 3951 2409 4005 5.
2454 3950 2635 4020 Itaque
2659 3952 2875 4020 quinam
2908 3952 2980 4006 illi
3010 3953 3176 4006 sancti
3202 3953 3330 4017 sint,
3358 3961 3414 4007 et
3438 3968 3534 4007 cur
3553 3969 3740 4008 eorum
3771 3972 3878 4011 ma-

2277 4041 2451 4111 jorem
2497 4057 2680 4095 curam
2723 4051 2909 4112 gerat,
2948 4044 3058 4111 jam
3105 4043 3235 4097 satis
3280 4043 3708 4099 demonstratum
3758 4058 3878 4102 est:

2284 4132 2545 4202 reliquum
2594 4141 2678 4187 est
2728 4142 2785 4186 ut
2832 4148 3136 4202 qua-ramus
3182 4135 3341 4187 etiam
3370 4176 3385 4201 ,
3432 4150 3530 4189 cur
3572 4135 3878 4193 Galatarum

2284 4223 2605 4277 meminerit.
2636 4223 2747 4277 Cur
2782 4232 2956 4276 autem
2990 4240 3095 4278 non
3123 4226 3255 4279 dixit
3293 4243 3307 4278 :
3340 4225 3415 4281 De
3442 4226 3669 4281 collecta
3698 4240 3879 4284 autem

2287 4316 2337 4370 in
2380 4328 2592 4371 sanctos
2632 4316 2733 4371 hoc
2773 4315 2929 4372 facite
2961 4336 2973 4371 :
3004 4332 3108 4372 una
3140 4318 3482 4373 sabbatorum
3513 4323 3882 4393 unusquisque

2286 4417 2523 4461 vestrum
2554 4406 2692 4475 apud
2719 4422 2776 4461 se
2804 4416 3028 4477 scponat
3055 4407 3452 4473 thesaut-izans;
3478 4411 3572 4466 sed
3601 4423 3879 4481 postquam

2284 4498 2539 4563 dixisset,
2577 4497 2654 4553 De
2683 4499 2894 4553 collecta
2929 4510 3096 4555 autem
3126 4501 3177 4553 in
3216 4510 3416 4554 sanctos
3440 4543 3454 4567 ,
3491 4503 3619 4555 sicut
3654 4506 3882 4557 ordimwi

2286 4588 2529 4643 Ecclesiis
2554 4587 2805 4655 Galatite,
2833 4589 2904 4642 sic
2934 4600 2981 4643 et
3014 4606 3101 4642 vos
3128 4591 3280 4659 facite
3298 4592 3323 4642 ?
3346 4592 3452 4646 Cur
3479 4592 3578 4646 hoc
3606 4594 3713 4663 agit
3740 4636 3753 4657 ,
3783 4612 3881 4650 nec

2284 4682 2442 4735 unius
2485 4681 2779 4735 duarutuvc
2802 4722 2816 4745 ,
2846 4690 2936 4735 aut
2980 4681 3137 4735 trium
3168 4683 3439 4736 civitatum
3471 4686 3711 4739 meminit
3743 4730 3758 4752 ,
3786 4687 3877 4742 scd

2282 4774 2456 4843 gentis
2485 4772 2740 4843 integrae?
2780 4771 2845 4827 Ut
2870 4773 3041 4841 majus
3070 4772 3303 4825 studium
3334 4775 3669 4843 susciperent
3697 4817 3711 4841 ,
3742 4779 3878 4832 alio-

2285 4880 2508 4935 rumque
2530 4864 2710 4919 laudes
2732 4864 2949 4933 majoris
2966 4864 3064 4919 sibi
3075 4865 3432 4919 azmulationis
3447 4866 3661 4919 occasio
3676 4880 3873 4925 essent.

2284 4956 2488 5011 Deinde
2534 4957 2749 5010 modum
2775 4998 2790 5024 ,
2823 4971 2928 5025 quo
2955 4957 3206 5026 praecepit
3230 4955 3512 5021 Ldeclarat
3544 4975 3557 5010 :
3594 4956 3698 5011 Per
3728 4974 3881 5012 unum

2283 5048 2512 5111 sabbati,
2542 5048 2747 5117 inquit,
2780 5048 3125 5116 unusquisque
3153 5057 3363 5102 uestrum
3388 5049 3529 5117 apud
3557 5066 3609 5102 se
3635 5062 3845 5119 seponat
3866 5092 3879 5113 ,

2283 5142 2558 5195 recondens
2584 5141 2718 5207 quod
2739 5141 2833 5194 sibi
2864 5140 3110 5210 placuerit
3136 5182 3149 5204 ,
3182 5150 3234 5193 ut
3258 5157 3358 5193 non
3383 5157 3497 5194 cum
3526 5157 3705 5196 uenero
3726 5184 3739 5207 ,
3766 5154 3883 5196 tunc

2286 5231 2507 5285 collecta:
2544 5231 2668 5297 ﬁant
2696 5231 2771 5299 (1.
2798 5227 2917 5284 Cor.
2944 5230 3031 5285 16.
3057 5229 3136 5301 2).
3167 5229 3338 5285 Unam
3369 5233 3716 5287 sabbatorum
3772 5229 3879 5286 Do.

2287 5321 2535 5374 minicam
2559 5322 2785 5376 vocavit.
2813 5321 2878 5374 Et
2896 5336 2991 5375 cur
3013 5322 3170 5375 talem
3193 5321 3333 5376 diem
3357 5324 3611 5378 oblationi
3633 5324 3879 5394 deputat?

2288 5429 2383 5467 cur
2416 5427 2521 5465 non
2549 5412 2718 5477 dixit,
2747 5412 2979 5465 secunda
3006 5399 3349 5466 sabbatorum
3381 5424 3473 5467 aut
3510 5414 3664 5468 tertia
3696 5414 3876 5469 sabba-

2289 5515 2461 5557 torum
2485 5544 2498 5566 ,
2526 5510 2617 5555 aut
2654 5503 2705 5556 iu
2734 5504 2863 5572 ipsis
2900 5502 3175 5557 sabbatis?
3217 5502 3334 5558 Non
3367 5513 3565 5559 temch
3602 5506 3834 5575 profecto
3857 5546 3871 5568 ,

2290 5609 2387 5648 nec
2417 5592 2532 5647 sine
2568 5606 2760 5657 causa;
2795 5592 2887 5647 sed
2916 5592 3057 5662 quod
3090 5593 3246 5647 vellet
3272 5609 3303 5647 a
3336 5596 3593 5663 temporis
3626 5605 3871 5665 opportu-

2291 5689 2455 5742 uitate
2472 5685 2665 5757 juvari,
2690 5695 2746 5743 ut
2765 5687 2935 5758 majus
2958 5687 3302 5746 offerentibus
3322 5687 3559 5745 studium
3581 5687 3868 5745 accederet.
3938 5734 3941 5735 ν
