4228 6298
292 409 402 466 135

293 522 478 591 Neque
516 514 660 571 enim
693 526 855 584 parva
885 525 973 568 res
1006 507 1260 564 omnibus
1293 505 1350 561 in
1379 499 1607 575 negotiis
1634 502 1891 573 temporls

293 607 691 681 opportunitas.
740 603 805 659 Et
839 603 966 674 quid
989 643 1003 668 ,
1035 599 1184 656 dices
1209 641 1224 667 ,
1269 595 1686 668 opportunitatis
1732 592 1893 648 habet

292 713 546 770 tempus,
588 705 646 752 ut
682 697 806 767 quis
845 691 1227 764 persuadeatur
1273 690 1674 758 eleemosynam
1717 683 1894 740 dare?

288 792 448 862 Quod
477 791 575 844 hac
604 789 692 843 die
719 787 786 841 ab
824 784 972 839 omni
1001 799 1164 854 opere
1189 789 1434 837 cessetur
1454 821 1470 846 ,
1501 777 1644 850 quod
1675 775 1894 831 hilarior

289 885 508 937 animus
533 895 596 934 ex
626 879 725 932 hac
748 875 926 947 quiete
953 875 1224 939 teddatur,
1245 873 1492 944 quodque
1512 873 1750 925 omnium
1781 882 1894 922 ma-

290 976 500 1027 ximum
531 979 612 1023 cst
634 1011 652 1035 ,
684 967 822 1038 quod
855 967 946 1021 illo
975 965 1062 1020 die
1100 963 1394 1019 innumeris
1435 961 1671 1015 fruamur
1713 958 1886 1012 bonis.

294 1064 411 1119 iiac
438 1063 632 1132 quippe
656 1059 744 1114 die
768 1058 941 1114 soluta
967 1071 1116 1110 mors
1145 1062 1245 1119 est,
1275 1053 1534 1108 exstincta
1561 1048 1888 1113 maledictio,

291 1155 531 1208 deletum
572 1160 846 1222 peccatum
873 1190 889 1215 ,
921 1155 1087 1218 porta:
1125 1146 1279 1201 inferi
1318 1142 1640 1207 confracta,
1679 1141 1893 1195 vinctus

290 1243 544 1299 diabolus
563 1284 577 1310 ,
608 1242 917 1296 diuturnum
943 1239 1142 1293 bellum
1174 1237 1498 1306 diremptum
1522 1276 1539 1300 ,
1566 1231 1892 1288 reconciliati

293 1337 408 1392 Deo
449 1334 694 1390 homines
719 1375 734 1400 ,
763 1343 1112 1402 nostrumque
1150 1344 1318 1399 genus
1343 1327 1411 1382 ad
1438 1326 1713 1398 pristinam
1739 1364 1753 1389 ,
1785 1324 1893 1377 imo

293 1429 475 1499 potius
501 1427 566 1481 ad
592 1426 750 1496 longe
777 1424 1032 1494 majorem
1071 1421 1402 1476 nobilitatem
1429 1417 1586 1473 rediit
1614 1433 1627 1470 :
1657 1415 1892 1486 viditque

290 1522 377 1576 sol
407 1519 773 1575 admirandum
802 1516 930 1572 illud
960 1514 1323 1586 spectaculum
1345 1555 1360 1578 ,
1394 1510 1664 1566 hominem
1691 1508 1890 1563 factum

293 1613 677 1669 immortalem.
711 1610 834 1664 Htec
864 1609 1040 1663 omnia
1066 1616 1120 1662 et
1150 1606 1271 1660 talia
1305 1605 1488 1658 volens
1513 1603 1627 1672 ipse
1657 1600 1812 1654 nobis
1839 1600 1891 1654 in

295 1702 612 1759 memoriam
635 1714 905 1765 revocare,
930 1697 1071 1753 diem
1094 1696 1240 1750 illum
1264 1695 1315 1748 in
1338 1693 1571 1748 medium
1583 1690 1892 1756 attulit,ceu

293 1797 352 1851 in
385 1796 703 1850 advocatum
734 1792 880 1846 illum
901 1803 1204 1853 assumens,
1237 1797 1292 1842 ut
1322 1785 1543 1854 singulis
1572 1783 1713 1838 dicat
1740 1799 1753 1835 :
1783 1781 1888 1837 Co-

291 1889 426 1957 gita,
452 1886 631 1949 homo,
661 1891 791 1953 quot
813 1881 1160 1951 qualibusque
1183 1879 1336 1932 bonis
1357 1877 1585 1931 donatus
1606 1876 1679 1929 sis
1709 1874 1890 1938 hodie,

294 1989 432 2048 quot
461 1975 779 2046 quantisque
819 1971 972 2025 malis
1003 1979 1218 2040 ereptus
1249 1985 1262 2021 :
1293 1966 1463 2037 qualis
1490 1981 1610 2020 cum
1639 1965 1784 2034 prius
1808 1978 1893 2018 es.

293 2083 406 2127 ses.
441 2067 608 2134 qualis
635 2075 817 2135 postea
847 2062 1013 2116 factus
1045 2061 1138 2114 sis.
1168 2058 1319 2127 Quod
1345 2059 1388 2111 si
1418 2057 1532 2112 dies
1563 2055 1764 2110 natales
1792 2068 1891 2107 no-

293 2169 438 2210 stros
466 2157 771 2219 rccolinnts,
802 2154 950 2207 multi
979 2161 1156 2206 autem
1184 2151 1322 2204 servi
1355 2140 1512 2204 etiam
1544 2162 1636 2203 eos
1655 2189 1670 2212 ,
1700 2147 1893 2218 quibus

293 2249 544 2302 libertate
571 2248 750 2300 donati
781 2256 936 2308 sunt,
971 2257 1162 2312 magno
1190 2256 1310 2296 cum
1343 2240 1547 2293 honore
1577 2240 1851 2294 celebrant
1874 2279 1889 2303 ,

294 2342 367 2393 ita
404 2349 458 2392 ut
487 2339 574 2392 alii
602 2338 841 2392 convivia
872 2337 1097 2398 faciant,
1130 2333 1218 2386 alii
1244 2340 1422 2386 autem
1453 2331 1729 2385 liberiores
1753 2328 1892 2384 dona

295 2433 590 2500 largiantur
620 2447 633 2482 :
664 2429 829 2482 multo
860 2428 1027 2495 magis
1055 2439 1152 2478 nos
1184 2425 1324 2478 hunc
1355 2423 1492 2477 diem
1526 2421 1766 2475 venerari
1799 2436 1894 2489 par

293 2534 396 2584 est,
429 2538 585 2593 quem
619 2537 724 2574 non
750 2520 1027 2584 erraverit,
1057 2517 1100 2571 si
1131 2518 1249 2586 quis
1273 2517 1434 2571 totius
1463 2516 1707 2568 humana:
1734 2524 1890 2568 natu-

292 2631 370 2670 ra:
397 2615 538 2668 diem
568 2613 794 2667 natalem
827 2610 1113 2665 vocaverit.
1165 2608 1359 2662 Pcrditi
1392 2607 1532 2661 enim
1559 2621 1805 2671 eramus,
1838 2615 1892 2659 et

294 2708 497 2761 inventi
531 2720 746 2767 sumus;
782 2704 1012 2768 mortui,
1044 2712 1096 2756 et
1125 2701 1439 2763 revisimus;
1474 2699 1696 2762 inimici,
1723 2707 1778 2752 ct
1802 2713 1892 2752 re-

292 2797 567 2852 conciliati
609 2809 812 2850 sumus.
859 2794 1198 2863 Quapropter
1226 2808 1346 2847 eum
1391 2791 1592 2844 honore
1629 2789 1891 2859 spirituali

292 2892 476 2946 eolcrc
502 2907 594 2962 par
617 2901 716 2955 est,
738 2904 839 2942 non
863 2889 1262 2950 conviviismon
1287 2887 1390 2939 vini
1418 2894 1562 2955 pottt,
1591 2902 1694 2939 non
1719 2885 1893 2940 ebrie-

295 2992 430 3046 tate,
458 2997 560 3034 non
590 2979 850 3049 tripudiis,
877 2978 968 3032 sed
996 2976 1245 3031 fratribus
1272 2977 1467 3029 nostris
1490 2975 1892 3045 pauperioribus

294 3073 364 3127 ad
396 3089 572 3127 rerum
603 3075 808 3141 copiam
839 3068 1102 3123 adductis.
1141 3068 1265 3121 llaec
1293 3067 1413 3120 dico
1444 3082 1548 3120 non
1581 3077 1636 3120 ut
1665 3066 1891 3120 laudetis

294 3172 525 3227 tantum,
559 3160 652 3215 sed
682 3169 739 3214 ut
767 3161 926 3215 etiam
961 3159 1260 3212 imitemini.
1291 3157 1368 3211 Ne
1391 3157 1585 3225 putetis
1613 3157 1753 3211 enim
1777 3156 1895 3212 haec

297 3254 365 3308 ad
389 3253 694 3308 Corinthios
711 3251 882 3306 stilum
905 3250 1044 3305 dicta
1069 3250 1250 3318 fuisse,
1272 3249 1366 3303 sed
1388 3250 1546 3304 etiam
1565 3250 1630 3303 ad
1651 3258 1890 3302 nostrum

293 3344 535 3413 singulos
553 3351 605 3398 et
627 3342 695 3396 ad
720 3343 1018 3403 universos,
1043 3341 1131 3411 qui
1155 3348 1272 3410 post
1296 3339 1459 3394 futuri
1483 3347 1628 3394 sunt.
1661 3340 1889 3409 ldipsum

294 3449 426 3488 vero
457 3433 708 3487 faciamus
728 3431 870 3502 quod
895 3431 1090 3485 Paulus
1119 3430 1369 3499 praecepit
1398 3448 1412 3484 :
1442 3439 1493 3484 ct
1513 3429 1600 3485 die
1625 3430 1892 3485 dominico

295 3524 663 3595 unusquisque
695 3533 936 3578 nostrum
966 3521 1110 3576 dumi
1141 3537 1271 3591 epes
1297 3522 1592 3577 dominicas
1624 3533 1846 3592 reponat
1877 3541 1888 3575 :

295 3618 472 3687 sitque
517 3615 618 3671 hoc
644 3615 728 3669 lex
758 3625 813 3670 et
838 3613 1168 3668 consuetudo
1199 3614 1560 3680 immutabilis,
1596 3630 1767 3684 neque
1793 3615 1890 3669 ad-

295 3707 595 3764 monitione
620 3706 876 3775 deinceps
905 3704 990 3759 vel
1016 3705 1239 3758 consilio
1264 3718 1397 3773 opus
1423 3704 1526 3758 erit
1556 3705 1710 3759 nobis
1741 3723 1754 3758 :
1782 3721 1890 3758 non

295 3799 440 3854 enim
470 3805 672 3852 tantum
711 3797 852 3851 valet
879 3809 1058 3850 sermo
1087 3801 1141 3848 et
1163 3793 1456 3848 admonitio
1476 3836 1492 3860 ,
1525 3803 1778 3866 quantum
1810 3797 1891 3850 in-

296 3899 541 3946 veterata
579 3888 930 3943 consuetudo.
965 3886 1021 3943 Si
1067 3886 1170 3941 hoc
1206 3895 1500 3941 statuamus
1525 3928 1539 3952 ,
1569 3895 1628 3941 ttt
1671 3887 1893 3957 singulis

297 3979 587 4035 dominicis
606 3978 805 4048 aliquid
832 3977 885 4032 in
907 3975 1203 4032 subsidium
1227 3992 1517 4046 pauperum
1542 3976 1891 4046 deponamus,

296 4087 367 4126 ne
396 4070 609 4141 quidem
638 4069 682 4123 si
709 4078 976 4125 sexcenta:
997 4078 1220 4139 urgeant
1242 4067 1609 4132 necessitates,
1643 4067 1779 4123 hanc
1812 4069 1888 4124 lc-

295 4177 420 4232 gem
452 4160 920 4230 transgrediemur.

374 4251 562 4305 Omnes
586 4252 953 4320 elumosynam
973 4265 1066 4318 pro
1087 4249 1270 4304 viribus
1291 4250 1415 4303 dare
1433 4259 1660 4318 oportet;
1689 4250 1895 4304 -

296 4358 428 4412 syna
448 4357 564 4394 cum
599 4338 787 4411 gaudio
825 4339 1117 4410 eroganda;
1146 4339 1473 4410 eleemosyme
1496 4340 1642 4392 ritus.
1746 4339 1895 4394 Post-

296 4447 460 4502 quam
489 4445 616 4484 vero
641 4429 810 4492 dixit,
842 4429 945 4483 Per
972 4431 1123 4482 unain
1149 4429 1378 4493 sabbati,
1411 4429 1681 4493 subdidit,
1719 4429 1892 4486 Unus-

295 4520 506 4589 quisque
534 4529 768 4572 vestrum.
799 4517 915 4573 Non
947 4517 1141 4572 divites
1172 4527 1374 4572 tantum
1403 4517 1668 4588 alloquor,
1702 4519 1892 4589 inquit,

297 4611 394 4665 sed
439 4610 597 4664 etiam
630 4623 926 4680 pauperes;
963 4623 1068 4663 non
1099 4609 1296 4664 liberos
1335 4618 1537 4664 tantum
1565 4651 1580 4677 ,
1612 4611 1706 4666 sed
1733 4612 1893 4667 etiam

296 4715 518 4765 servos;
564 4715 670 4754 non
695 4699 839 4755 viros
865 4700 1026 4755 modo
1052 4741 1065 4762 ,
1095 4700 1187 4756 sed
1214 4710 1269 4756 et
1294 4703 1545 4758 mulieres
1576 4722 1590 4757 :
1623 4704 1796 4758 nullus
1828 4704 1897 4759 sit

296 4793 366 4845 ab
394 4790 496 4846 hoc
521 4791 818 4847 ministerio
848 4791 1117 4857 immunis,
1145 4807 1318 4861 neque
1347 4792 1448 4848 hoc
1481 4795 1630 4848 lucro
1659 4809 1853 4849 vacuus
1873 4836 1887 4859 ,

296 4881 394 4935 sed
429 4881 793 4951 unusquisque
821 4880 1011 4936 otl'erat
1035 4897 1050 4934 :
1075 4897 1248 4950 neque
1277 4881 1547 4937 collationi
1574 4883 1697 4937 huic
1723 4883 1896 4939 obstet

296 4969 498 5040 inopia.
521 4968 1024 5040 Quantumcumque
1042 4971 1184 5026 enim
1208 4984 1409 5040 pauper
1428 4971 1522 5037 sis,
1550 4987 1658 5028 non
1683 4988 1744 5028 es
1765 4988 1896 5042 pau-

295 5062 479 5130 perior
503 5060 660 5114 vidua
690 5061 778 5116 illa
798 5101 814 5128 ,
847 5077 972 5130 qua:
992 5077 1206 5117 omnem
1235 5062 1587 5118 substantiam
1620 5078 1770 5119 suam
1799 5080 1893 5120 ex-

295 5149 480 5204 hausit
505 5150 523 5220 (
553 5148 677 5204 Lac.
699 5149 791 5204 2t.
816 5141 978 5222 2-4).'
1008 5151 1506 5224 Quantumcumque
1545 5169 1746 5225 pauper
1782 5157 1856 5210 sis
1876 5198 1890 5220 ,

295 5256 404 5296 non
428 5255 488 5297 es
510 5243 796 5312 pauperior
823 5244 1049 5299 muliere
1072 5242 1311 5310 Sidonia,
1339 5259 1460 5314 qua:
1487 5246 1608 5300 licet
1635 5246 1891 5316 pugillum

298 5331 486 5388 farina
517 5343 722 5389 tantum
755 5333 1010 5400 haberet,
1041 5351 1109 5389 ne
1137 5336 1214 5390 sic
1244 5335 1458 5405 quidem
1484 5336 1551 5390 ab
1577 5335 1894 5404 excipiendo

299 5424 560 5494 pt-Opheta
588 5425 820 5481 cohibita
842 5437 958 5490 est;
987 5428 1081 5482 sed
1115 5429 1235 5483 licet
1258 5429 1666 5484 circumstantes
1697 5429 1893 5484 liberos

299 5515 526 5579 videret,
560 5525 942 5588 urgentemque
970 5516 1161 5573 famem
1185 5559 1200 5583 ,
1233 5533 1406 5588 neque
1435 5518 1574 5572 aliud
1603 5519 1891 5589 quidquam

299 5609 523 5665 haberet
545 5609 848 5680 depositum
869 5651 883 5674 ,
915 5626 1101 5682 magna
1127 5627 1248 5666 cum
1279 5610 1549 5666 alacritate
1577 5612 1890 5682 prophetam

295 5700 506 5770 excepit
530 5700 606 5770 (3.
632 5700 759 5773 Reg.
796 5702 880 5756 17.
916 5702 1002 5758 10.
1035 5701 1190 5772 sqq.).
1220 5702 1334 5770 Qua
1365 5719 1492 5757 vero
1519 5704 1586 5758 de
1616 5719 1776 5758 causa
1804 5703 1888 5757 di-

297 5790 400 5858 xit,
425 5789 575 5862 Apud
601 5807 652 5846 se
676 5801 881 5862 reponat
907 5793 1249 5848 tltesattrisans
1273 5795 1318 5865 (
1334 5833 1346 5847 .
1375 5794 1490 5851 Cor.
1521 5796 1602 5851 16.
1628 5795 1722 5868 2)?
1747 5795 1882 5864 Quia

1579 386 1670 447 DE
1710 381 2197 444 ELEEIOSYNA.

3493 383 3600 442 968

2003 498 2237 555 fortasse
2265 510 2389 554 cum
2419 495 2689 552 modicum
2718 505 2896 562 esset,
2930 496 2980 550 id
3008 497 3293 554 ostendere
3322 500 3608 556 verebatur

2003 598 2058 644 et
2076 587 2450 643 erubescebat.
2474 585 2813 657 Quapropter
2831 587 2986 653 dixit,
3011 584 3092 642 Tu
3115 602 3270 643 serva
3288 599 3348 644 et
3367 590 3605 655 custodi.

1998 689 2195 733 etcum
2218 678 2550 734 oblationum
2574 676 2868 748 frequentia
2891 679 3034 750 quod
3060 694 3278 748 parvum
3301 691 3436 744 erat.
3463 682 3601 736 mul-

2003 780 2114 824 tum
2133 767 2380 824 cectum
2400 768 2580 831 fuerit,
2610 779 2736 822 tunc
2763 769 2816 823 in
2839 768 3072 823 medium
3095 770 3394 838 producito.
3419 771 3606 841 Neque

1997 859 2151 922 dixit,
2170 861 2446 930 colligens,
2466 858 2560 914 sed
2583 857 2989 923 Thesaurisans;
3007 869 3064 913 ttt
3089 862 3286 925 discas,
3307 876 3604 930 expensam

1999 951 2142 1006 illam
2171 965 2294 1006 esse
2315 951 2647 1018 thesaurum,
2667 952 2790 1021 quia
2815 958 3060 1020 sumptus
3077 951 3166 1006 ille
3183 953 3470 1008 thesaurus
3488 953 3606 1009 effi-

1997 1042 2138 1097 citur
2163 1061 2176 1098 :
2198 1041 2501 1108 thesaurus,
2525 1042 2763 1111 inquam,
2788 1042 2933 1096 omni
2959 1044 3210 1097 thesauro
3233 1043 3446 1100 melior.
3468 1045 3603 1100 Nam

1999 1134 2105 1197 hic,
2128 1134 2220 1206 qui
2245 1134 2344 1189 sub
2365 1147 2582 1189 sensum
2610 1134 2774 1200 cadit,
2795 1133 3084 1190 thesaurus
3102 1135 3307 1192 insidiis
3329 1137 3604 1206 impetitur

1997 1236 2052 1281 et
2078 1227 2442 1293 imminuitur,
2478 1241 2729 1297 stepeque
2758 1241 2886 1289 eos.
2914 1228 3003 1297 qni
3037 1227 3211 1296 ipsum
3242 1228 3598 1294 invenerant,

1999 1320 2232 1390 perdidit
2277 1337 2292 1374 :
2339 1319 2622 1375 thesaurus
2668 1333 2802 1374 vero
2846 1319 3079 1375 celestis
3120 1334 3316 1388 secus;
3361 1321 3602 1376 imminui

1999 1424 2231 1479 namque
2249 1418 2305 1465 et
2324 1410 2533 1465 insidiis
2559 1410 2744 1480 impeti
2786 1411 3000 1480 nequit,
3031 1409 3174 1465 salus
3201 1411 3605 1480 possidentibus

1997 1511 2053 1556 et
2079 1500 2488 1570 accipientibus.
2521 1499 2637 1556 Non
2669 1508 2912 1571 tempore
2941 1503 3295 1568 consumitur,
3327 1517 3436 1557 non
3465 1504 3606 1570 perit

1996 1585 2194 1644 invidia
2220 1632 2235 1656 ,
2268 1590 2363 1645 sed
2396 1591 2590 1645 talibus
2617 1604 2837 1660 prorsus
2862 1590 3070 1646 insidiis
3096 1591 3406 1648 inaccessas
3428 1635 3444 1659 ,
3472 1607 3600 1648 sex-

1997 1692 2153 1737 centa
2185 1683 2561 1754 colligentibus
2590 1682 2801 1739 confert
2830 1683 2991 1737 bona.

2069 1775 2123 1828 4.
2164 1774 2611 1844 Obtemperemus
2637 1774 2798 1844 igitur
2817 1813 2831 1837 ,
2858 1782 2912 1828 et
2935 1775 3017 1828 sic
3041 1788 3139 1828 nos
3165 1773 3264 1842 ipsi
3296 1775 3554 1829 faciamus
3584 1791 3600 1829 :

1998 1864 2211 1932 sintque
2233 1879 2400 1918 sacrae
2424 1865 2664 1932 pecunia:
2683 1864 2734 1918 in
2755 1863 3002 1919 domibus
3023 1866 3224 1919 nostris
3237 1876 3360 1919 cum
3384 1865 3604 1934 privatis

1999 1954 2190 2023 opibus
2211 1956 2481 2024 repositae,
2508 1964 2561 2007 ut
2585 1970 2678 2024 per
2701 1969 2794 2008 eas
2822 1955 3041 2024 privata:
3064 1954 3170 2009 illi:
3191 1966 3599 2010 conserventur.

1996 2045 2458 2112 Quemadmodum
2504 2045 2646 2102 enim
2674 2047 2728 2101 in
2757 2047 2917 2117 regiis
2943 2047 3172 2110 aerariis,
3201 2047 3244 2100 si
3275 2048 3474 2102 subditi
3502 2064 3601 2105 cu-

1993 2137 2206 2207 jusdam
2240 2140 2480 2209 pecunia:
2507 2139 2780 2202 intersint,
2813 2139 3033 2207 privata:
3061 2139 3327 2207 regiarum
3356 2155 3516 2194 causa
3546 2140 3599 2196 in

1999 2237 2114 2282 tuto
2137 2230 2469 2284 collocantur
2494 2249 2507 2285 :
2533 2231 2612 2286 sic
2637 2239 2690 2284 et
2716 2230 2759 2284 si
2787 2231 2930 2284 domi
2959 2231 3223 2300 repositas
3249 2231 3446 2287 habeas
3473 2249 3604 2303 pau-

1998 2333 2185 2388 perum
2210 2322 2480 2389 pecunias,
2510 2336 2642 2391 quas
2669 2319 2756 2375 die
2780 2320 3051 2375 dominico
3075 2320 3297 2392 colligas
3317 2365 3331 2384 ,
3363 2323 3469 2376 illa:
3495 2323 3603 2378 tuis

1997 2413 2338 2466 securitatem
2373 2415 2601 2482 parient.
2651 2413 2724 2467 Ita
2752 2413 3094 2480 dispensator
3117 2413 3225 2467 eris
3251 2414 3600 2484 pecuniarum

1999 2510 2210 2556 tuarum
2242 2519 2270 2556 a
2303 2503 2465 2557 Paulo
2494 2505 2837 2558 constitutus.
2879 2503 3015 2570 Quid
3046 2503 3205 2556 dico?
3236 2503 3326 2558 Em
3349 2520 3469 2574 quae
3487 2504 3601 2576 jam

1997 2594 2238 2648 collectae
2260 2595 2323 2647 ad
2354 2596 2531 2663 plures
2552 2595 2882 2665 colligendas
2902 2598 3240 2652 occasionem
3267 2597 3358 2652 tibi
3379 2612 3600 2652 ansam-

1997 2699 2101 2754 que
2132 2687 2466 2754 prmbebnnt.
2520 2687 2573 2741 Si
2606 2689 2748 2741 cnim
2777 2687 2932 2741 bona:
2959 2687 3085 2740 huic
3107 2688 3482 2742 consuetudini
3513 2689 3599 2743 in-

1998 2777 2146 2830 itium
2177 2777 2410 2839 dederis,
2438 2778 2551 2846 ipse
2581 2781 2808 2848 teipsum
2841 2779 3081 2833 excitare
3111 2781 3311 2848 poteris
3339 2779 3457 2836 sine
3489 2780 3604 2834 ttilo

1996 2868 2260 2938 symbolo.
2296 2869 2373 2921 Sit
2406 2869 2564 2938 igitur
2593 2869 2696 2923 hoc
2722 2870 2882 2924 modo
2911 2869 3170 2939 cujuSque
3196 2869 3388 2924 domus
3419 2871 3598 2924 ccclco

1997 2957 2096 3019 sia,
2130 2958 2296 3012 sacris
2329 2959 2567 3026 pecuniis
2608 2961 2750 3014 intus
2792 2961 3062 3030 repositis.
3114 2960 3406 3014 Enimvero
3436 2975 3603 3032 gazo-

2001 3048 2242 3118 phylacia
2265 3091 2278 3114 ,
2307 3065 2426 3120 quze
2452 3051 2536 3106 hic
2567 3051 2831 3106 habentur
2850 3093 2864 3115 ,
2891 3051 3100 3105 illarum
3127 3051 3432 3122 symbolum
3453 3059 3601 3108 sunt.

1998 3139 2098 3195 Ubi
2127 3156 2417 3211 pauperum
2443 3143 2682 3211 pecuniae
2705 3144 2910 3211 jacent,
2937 3143 3244 3198 inaccessos
3264 3143 3602 3200 daemonibus

1997 3248 2081 3293 est
2106 3239 2254 3294 locus
2285 3257 2298 3293 :
2328 3240 2570 3294 collecta:
2597 3255 2828 3309 namque
2847 3239 2914 3293 'ad
2937 3241 3339 3311 eleemosynam
3363 3242 3605 3310 pecuniae

1999 3332 2138 3403 plus,
2164 3347 2322 3402 quam
2347 3343 2577 3397 scutum,
2603 3332 2776 3397 hasta,
2801 3341 2852 3386 et
2873 3346 3052 3407 arma,
3071 3345 3337 3401 omneque
3362 3333 3606 3401 corporis

1999 3424 2288 3489 robur,aut
2310 3422 2534 3477 militum
2560 3437 2749 3477 manus
2776 3423 2966 3476 domos
2988 3421 3252 3482 muniunt.
3277 3423 3411 3477 Cum
3433 3422 3605 3477 dixis-

1998 3525 2081 3571 set
2118 3528 2246 3585 etgo
2270 3558 2285 3580 ,
2316 3514 2530 3584 quando
2558 3556 2572 3580 ,
2603 3530 2630 3567 a
2661 3514 2855 3583 quibus
2886 3522 2942 3569 et
2983 3513 3251 3582 quomodo
3297 3513 3603 3584 hujusmndi

2000 3611 2240 3678 pecunia:
2269 3606 2586 3679 colligendae
2615 3609 2744 3669 sint,
2774 3615 3002 3676 quantas
3045 3606 3162 3660 illas
3205 3621 3327 3661 esse
3355 3615 3603 3674 oporteat

1999 3699 2337 3754 offerentium
2355 3699 2577 3754 arbitrio
2595 3698 2866 3767 relinquit.
2889 3695 3006 3751 Non
3027 3696 3169 3750 enim
3187 3695 3350 3761 dixit,
3369 3695 3600 3751 Tantum

1999 3803 2053 3849 et
2084 3802 2290 3847 tantum
2324 3791 2476 3858 offer,
2507 3807 2574 3845 ne
2601 3803 2890 3844 onerosum
2921 3789 2990 3843 sit
3019 3797 3346 3859 praeceptum
3372 3829 3388 3853 ,
3421 3789 3604 3844 multis

2005 3894 2370 3954 paupertatem
2417 3882 2828 3952 objicientibus;
2877 3896 2946 3935 ne
2994 3895 3258 3949 pauperes
3311 3879 3552 3935 dicerent
3585 3921 3601 3943 ,

2004 3978 2141 4045 Quid
2166 3979 2323 4048 igitur
2348 3977 2392 4031 si
2416 3993 2520 4030 non
2547 3974 2853 4042 possimus?
2878 3972 2974 4028 sed
3003 3973 3239 4026 facultati
3263 3971 3605 4027 offerentium

2001 4068 2292 4123 oblationis
2317 4065 2536 4121 modum
2567 4065 2809 4134 permisit
2841 4081 2854 4116 :
2892 4061 3270 4134 Unusquisque,
3300 4064 3490 4134 inquit,
3523 4081 3602 4118 re.

2001 4170 2164 4214 atrurn
2188 4158 2335 4228 apud
2346 4175 2400 4213 se
2423 4166 2632 4228 seponat
2659 4155 3006 4210 tltesaarizans
3033 4153 3168 4225 quod
3213 4152 3314 4205 sibi
3351 4149 3611 4220 placuerit

2003 4250 2096 4322 (i.
2128 4249 2247 4304 Cor.
2281 4249 2364 4304 i6.
2399 4247 2478 4318 2)
2511 4268 2523 4303 :
2564 4263 2671 4302 non
2702 4246 2855 4307 dixit,
2887 4245 3029 4314 quod
3060 4244 3312 4314 potuerit,
3343 4251 3435 4298 aut
3461 4244 3604 4314 quod

2003 4350 2277 4411 repertum
2309 4341 2500 4403 fuerit;
2533 4339 2626 4395 sed
2653 4381 2668 4403 ,
2704 4337 2854 4403 Quod
2882 4337 2976 4390 sibi
3008 4337 3284 4406 placuerit,
3315 4337 3432 4391 sive
3457 4338 3601 4407 quod

2002 4431 2344 4488 commodum
2374 4431 2552 4488 fuerit.
2577 4429 2868 4484 ostendens
2899 4443 3191 4498 supernum
3220 4438 3410 4482 nutum
3437 4437 3490 4482 et
3512 4429 3606 4483 be-

2003 4520 2362 4576 nevolentiam
2389 4519 2489 4590 ipsi
2519 4517 2822 4573 adfuturam
2849 4531 2989 4573 esse.
3033 4516 3150 4571 Non
3175 4517 3317 4572 enim
3347 4516 3400 4572 id
3425 4517 3603 4572 solum

2003 4610 2278 4679 spectabat
2322 4609 2522 4664 Paulus
2554 4649 2569 4675 ,
2617 4617 2674 4662 ut
2725 4607 2964 4676 pecuniae
3012 4607 3338 4677 pauperibus
3395 4607 3603 4662 submi-

2005 4701 2364 4758 nistrarentur
2390 4743 2404 4766 ,
2433 4698 2527 4754 sed
2559 4707 2614 4754 ut
2650 4698 2702 4752 id
2733 4713 2922 4767 magna
2964 4713 3087 4751 cum
3115 4696 3392 4751 alacritate
3428 4696 3604 4752 eret.

2007 4791 2215 4846 Etenim
2243 4791 2382 4846 Deus
2400 4806 2505 4845 non
2526 4789 2596 4844 ob
2617 4788 2667 4844 id
2690 4797 2890 4842 tantum
2909 4787 3307 4860 eleemosynam
3326 4789 3606 4858 prtreepit,

2003 4894 2063 4939 ut
2085 4884 2298 4939 alantur
2326 4882 2502 4953 egeni,
2531 4880 2625 4937 sed
2653 4881 2816 4937 etiam
2849 4888 2907 4935 ut
2935 4879 3189 4935 dantibus
3220 4877 3480 4935 benecia
3507 4893 3603 4934 ac-

2003 4974 2290 5039 cederent;
2319 4982 2644 5042 propterque
2674 4970 2776 5025 hos
2797 4970 2965 5040 magis
2983 5009 3000 5037 ,
3028 4984 3188 5041 quam
3219 4978 3438 5039 propter
3463 4969 3603 5024 illos.

2001 5064 2137 5120 Nam
2165 5064 2209 5119 si
2237 5077 2530 5134 pauperum
2557 5061 2835 5116 dumtaxat
2861 5060 3136 5116 habuisset
3159 5060 3444 5124 rationem,
3470 5075 3611 5127 prmo

2002 5156 2235 5227 cepisset
2266 5163 2470 5208 tantum
2507 5162 2565 5207 ut
2596 5152 2837 5222 pecuniae
2863 5160 3214 5222 erogarentur
3236 5191 3252 5217 ,
3283 5165 3458 5221 neque
3485 5165 3610 5205 ero.

2001 5248 2237 5319 gantium
2252 5247 2578 5301 alacritatem
2598 5243 2960 5313 requisivisset
2982 5260 2996 5296 :
3011 5252 3065 5297 at
3082 5256 3222 5297 nunc
3233 5242 3386 5297 vides
3400 5250 3614 5311 aposto-

2005 5341 2114 5394 lum
2132 5339 2275 5392 omni
2295 5337 2650 5392 sollicitudine
2665 5336 3086 5406 prmeipientem,
3104 5346 3160 5389 ut
3174 5334 3278 5389 lzeti
3297 5333 3606 5405 hilaresque

2002 5432 2110 5486 sint
2135 5431 2432 5500 largitores.
2467 5429 2531 5482 Et
2554 5427 2844 5499 aliquando
2869 5426 3018 5494 dicit,
3049 5426 3168 5481 Non
3187 5441 3250 5481 ex
3269 5426 3494 5491 tristitia,
3517 5436 3608 5480 aut

2004 5541 2066 5579 ea:
2109 5526 2400 5580 necessitate
2427 5539 2446 5576 :
2471 5521 2684 5576 hilarem
2721 5523 2853 5575 enim
2889 5520 3116 5574 datorem
3145 5519 3310 5590 diligit
3342 5517 3477 5573 Deus
3508 5518 3604 5590 (3.

2005 5612 2124 5667 Cor.
2143 5613 2196 5669 9.
2228 5613 2319 5684 7);
2353 5627 2458 5667 non
2487 5611 2803 5682 simpliciter
2828 5610 3070 5666 datorem
3095 5651 3110 5674 ,
3143 5608 3239 5664 sed
3264 5625 3388 5664 eum
3417 5611 3506 5680 qui
3540 5610 3608 5664 li-

2002 5705 2194 5760 benter
2221 5703 2271 5759 id
2301 5705 2427 5778 agit.
2463 5704 2532 5760 Et
2562 5704 2754 5759 iterum
2787 5702 2912 5758 alibi
2945 5720 2958 5758 :
2994 5701 3095 5770 Qui
3123 5700 3296 5755 tribuit
3325 5702 3379 5756 in
3402 5702 3605 5770 simpli-

2003 5797 2288 5864 ritate,qtti
2313 5805 2493 5865 prtrest
2523 5795 2572 5849 in
2601 5793 2964 5859 sollicitudine,
2994 5793 3079 5863 qui
3107 5793 3373 5848 miseretur
3397 5791 3451 5845 in
3478 5789 3609 5845 bits-
