4228 6298
688 349 801 407 αν

676 466 846 517 oritau
871 456 1050 528 (Bon.
1080 456 1167 512 Β.
1192 452 1270 527 8).
1304 452 1430 508 liae
1452 460 1535 509 est
1559 454 1702 507 enim
1730 452 2066 523 eleemosyna
2087 490 2104 515 ,
2128 449 2177 505 si
2199 449 2272 505 ita

686 548 931 615 dederis,
951 542 1282 617 ntgaudeaa,
1308 550 1365 598 et
1386 549 1613 613 puteste
1638 541 1807 611 magis
1827 541 2091 608 accipere,
2112 551 2273 607 quam

691 639 844 696 dare.
876 637 1105 707 Ideoque
1139 633 1314 689 modis
1338 631 1589 689 omnibus
1612 637 1919 686 collaturut
1950 629 2069 684 leve
2115 626 2277 682 faciat

694 736 1037 801 Nam,
1054 741 1257 783 secum
1277 723 1554 780 alacritate
1574 721 1896 777 fiatoblatio.
1916 719 1983 773 Et
1994 716 2273 783 equidem

687 833 821 895 quot
844 817 1109 894 capilli!!!
1136 815 1392 889 [recepti
1416 814 1624 886 pondus
1657 810 1871 867 auferre
1896 815 2121 880 satagat.
2151 807 2273 864 Pri-

688 1187 871 1244 cundn
912 1180 1283 1255 accipientium
1326 1175 1571 1249 dignitati
1618 1173 1907 1245 prospicit;
1976 1188 2084 1227 non
2128 1171 2271 1227 enim

685 1276 843 1344 dixit,
870 1286 1155 1346 pauperes,
1182 1268 1276 1326 sed
1307 1266 1545 1324 Sanctae.
1574 1264 1757 1321 Tertio
1783 1263 2088 1333 exemplum
2115 1259 2274 1316 affert

689 1366 949 1431 aliorum,
964 1363 1057 1435 qui
1082 1360 1257 1419 simile
1278 1356 1529 1429 quiddam
1554 1354 1825 1420 fecerant:
1849 1354 1995 1410 seu
2018 1350 2271 1419 «dm,

691 1454 885 1526 inquit,
909 1451 1151 1509 laciniis
1172 1446 1405 1505 Galatia.
1437 1445 1518 1502 Ad
1548 1445 1665 1500 hac
1686 1443 1791 1500 diei
1818 1440 2272 1513 opportunitatem

686 1546 867 1615 adjicit
890 1561 905 1597 :
925 1542 1029 1599 Par
1046 1555 1203 1596 uasat
1220 1538 1563 1605 auctorum,
1580 1534 1676 1604 ait,
1697 1534 2037 1604 unusquisque
2054 1540 2271 1586 uestrum

685 1638 826 1709 apud
850 1652 906 1691 se
928 1642 1138 1705 reponat
1166 1630 1531 1686 tisanarium.
1561 1626 1765 1696 Quinto
1787 1665 1807 1694 ,
1835 1639 1943 1681 non
1967 1622 2120 1693 jubet
2147 1635 2272 1677 om-

686 1742 811 1784 nem
840 1724 1124 1784 confertim
1163 1720 1351 1779 inferri
1392 1721 1819 1791 eleemosynam;
1861 1713 1958 1771 sed
1994 1714 2193 1769 sensim
2218 1720 2274 1769 et

684 1818 962 1892 paulatim.
1006 1814 1123 1872 Non
1152 1816 1297 1871 enim
1322 1826 1423 1885 par
1451 1819 1536 1867 est
1562 1811 1700 1865 ratio
1726 1808 1907 1863 omnia
1937 1819 2044 1861 uno
2068 1804 2157 1860 die
2184 1804 2269 1859 in-

682 1908 810 1965 ferri
835 1904 1131 1978 praeipcre
1151 1944 1170 1971 ,
1191 1913 1287 1959 aut
1315 1903 1370 1957 in
1397 1901 1706 1957 diuturnum
1736 1906 1947 1967 tempus
1975 1895 2064 1950 illa
2094 1895 2273 1950 minu-

686 1996 838 2051 tatim
877 1994 1115 2051 dividere
1140 2011 1158 2048 :
1186 2007 1309 2048 nam
1352 1990 1456 2048 hoc
1482 1988 1643 2045 modo
1680 1988 1923 2059 impensa
1949 2001 2019 2041 ne
2040 1985 2273 2040 sentitur

682 2085 921 2156 quidem.
958 2085 1153 2150 Sexto,
1184 2096 1294 2137 non
1320 2079 1617 2151 pressi-ibit
1644 2093 1947 2135 mensuram
1971 2118 1987 2141 ,
2016 2078 2111 2131 sed
2133 2074 2271 2131 οσο-

689 2176 921 2232 rentium
958 2174 1181 2229 arbitrio
1207 2170 1459 2243 relinquit
1480 2195 1502 2237 ,~
1525 2179 1582 2226 st
1608 2168 1737 2224 illud
1770 2182 1803 2223 a
1834 2167 1945 2223 Deo
1967 2166 2150 2221 datum
2177 2163 2273 2220 de-

682 2266 852 2321 clarat
877 2281 893 2318 :
922 2277 1045 2318 nam
1070 2276 1192 2318 cum
1216 2260 1386 2327 dicit,
1419 2258 1572 2325 Quod
1595 2256 1913 2312 commodauit
1938 2256 2123 2327 fuerit,
2152 2252 2270 2309 hac

682 2356 845 2413 ambo
863 2355 1080 2411 indicat.
1104 2353 1402 2426 Septimum
1416 2366 1629 2423 quoque
1645 2350 1806 2407 alium
1824 2348 2043 2406 modum
2063 2348 2267 2418 adjicit,

682 2447 888 2513 dicens,
920 2444 991 2503 Ut
1018 2462 1142 2511 non,
1167 2460 1282 2499 cum
1306 2459 1508 2509 assero,
1535 2454 1657 2498 me
1677 2441 1901 2498 collecta
1925 2441 2073 2511 ﬁant.
2097 2439 2267 2497 Simul

681 2537 829 2592 enim
874 2550 970 2592 eos
1012 2536 1213 2591 excitat
1241 2542 1616 2604 exspectante:
1649 2533 1935 2601 adventum
1978 2547 2133 2587 suum
2156 2572 2174 2599 ,
2214 2542 2269 2589 et

680 2628 1010 2695 consolatur,
1032 2635 1236 2682 certum
1260 2626 1523 2682 adventus
1546 2624 1627 2679 sui
1650 2624 1793 2679 diem
1818 2623 2143 2694 signiﬁcans.
2167 2622 2269 2679 Ne-

678 2734 789 2789 que
830 2717 913 2773 bis
954 2725 1239 2774 contentus
1274 2727 1517 2771 octavum
1557 2714 1704 2770 aliud
1742 2714 1943 2784 adjicit.
1989 2713 2268 2783 Quodnam

680 2808 849 2863 illud?
872 2807 1003 2867 Cum
1020 2817 1185 2862 autem
1213 2822 1432 2877 me
1460 2810 1627 2878 fam,
1653 2805 1846 2876 inquit,
1868 2821 1996 2875 quos
2020 2807 2265 2874 probaue-

680 2902 795 2955 n'tis
815 2917 905 2970 per
928 2900 1187 2972 epistolas,
1208 2899 1301 2954 hos
1324 2900 1520 2954 suum
1543 2899 1772 2969 perferre
1792 2897 2010 2969 gratim
2028 2906 2262 2952 resinat.

685 2991 1985 3063 Quodsidigaumfusritutusgom,mat
2020 2989 2263 3059 suum.

620 3136 625 3140 .
682 3082 803 3139 Cor.
830 3084 918 3142 ιο.
940 3085 992 3141 δ.
1018 3082 1099 3154 ι).
1128 3083 1260 3138 Vide
1284 3095 1445 3152 quam
1467 3080 1636 3135 aliena
1658 3095 1689 3134 a
1718 3079 1857 3134 fastu
1884 3088 1940 3135 et
1964 3094 2125 3150 quam
2145 3092 2262 3132 mo-

680 3174 833 3229 desta
874 3174 947 3229 sit
990 3173 1146 3228 beata
1189 3181 1245 3227 et
1283 3184 1540 3243 generosa
1582 3169 1673 3225 illa
1706 3169 1882 3224 anima
1906 3210 1923 3235 ,
1953 3168 2075 3224 vide
2106 3182 2265 3239 quam

680 3266 906 3322 sollicita
930 3305 948 3332 ,
987 3279 1146 3335 quam
1188 3263 1387 3319 amoris
1429 3260 1606 3331 plena.
1645 3259 1825 3317 Noluit
1866 3260 2011 3316 enim
2034 3300 2051 3325 ,
2094 3272 2267 3330 neque

682 3370 870 3426 passus
897 3363 981 3411 est
1020 3362 1080 3410 ut
1106 3354 1141 3409 ii
1161 3393 1177 3420 ,
1217 3352 1306 3423 qui
1338 3351 1588 3421 pecunias
1614 3350 2037 3405 administraturi
2066 3356 2222 3405 erant
2247 3387 2264 3413 ,

680 3448 939 3505 arbitratu
981 3448 1065 3501 sui
1110 3445 1276 3517 ipsius
1307 3442 1781 3509 constituerentur,
1812 3442 1910 3497 sed
1938 3456 2125 3497 eorum
2150 3442 2264 3499 ele-

680 3540 911 3594 ctionem
934 3537 1061 3608 ipsis
1082 3535 1344 3607 permisit,
1360 3548 1533 3604 neque
1551 3532 1892 3588 contumeliae
1913 3532 2033 3589 loco
2054 3532 2260 3599 habuit,

682 3632 727 3685 si
764 3628 1163 3685 Corinthiorum
1193 3626 1400 3683 calculo
1430 3622 1592 3696 atque
1615 3624 1881 3682 sentemia
1905 3663 1922 3691 ,
1953 3639 2061 3679 non
2086 3632 2265 3680 autem

682 3721 870 3785 Pauli,
910 3720 1400 3782 constituerentur;
1438 3724 1627 3771 contra
1664 3729 1797 3771 vero
1835 3713 2125 3771 absurdum
2152 3716 2267 3771 fore

680 3811 929 3875 censuit,
960 3810 1004 3865 si
1048 3808 1249 3865 oblatio
1272 3822 1459 3863 eorum
1488 3816 1666 3874 esset,
1693 3806 2061 3862 ministrorum
2088 3814 2266 3862 autem

680 3906 871 3959 electio
894 3918 1013 3958 sua.
1043 3901 1275 3972 Ideoque
1301 3899 1356 3955 id
1384 3898 1488 3955 illis
1514 3897 1818 3966 commisit,
1845 3897 2163 3953 modestiam
2188 3898 2256 3955 si-

682 3996 791 4049 mul
810 4009 961 4049 suam
980 3991 1288 4057 ostendens,
1308 3999 1470 4061 atque
1487 4006 1703 4047 omnem
1719 4005 1904 4047 ansam
1919 3990 2269 4061 umbramque

683 4080 924 4135 adversae
945 4078 1264 4150 suspicionis
1288 4090 1560 4135 resecans.
1587 4076 1719 4133 Nam
1747 4078 1872 4133 licet
1892 4077 2010 4134 sole
2032 4077 2268 4148 splendi-

681 4170 802 4226 dior
835 4180 891 4226 et
932 4170 1003 4224 ab
1041 4169 1188 4225 omni
1752 4168 2268 4225 alienusesset:ex

607 4300 611 4304 ι
684 4260 971 4317 abundanti
988 4268 1165 4315 tamen
1177 4259 1400 4316 curabat
1414 4257 1799 4315 inﬁrmioribus
1812 4274 1873 4315 se
1887 4269 2266 4329 attemperare,

683 4362 739 4407 et
778 4351 935 4406 falsas
962 4350 1293 4420 suspiciones
1328 4348 1583 4421 en‘ugere.
1626 4349 1914 4421 Propterea
1942 4349 2113 4405 dicit:
2140 4350 2267 4405 Cant

682 4454 850 4498 autem
872 4457 1091 4514 presens
1114 4445 1275 4510 fuco,
1297 4456 1423 4511 quos
1446 4441 1791 4510 probaueritis,
1812 4443 1907 4498 Iros
1929 4442 2124 4496 arium
2152 4458 2267 4511 per-

683 4539 813 4607 ferre
848 4534 1065 4606 gratiam
1099 4540 1333 4587 uestram.
1363 4530 1504 4601 Quid
1544 4531 1719 4587 dicis?
1757 4531 1839 4587 Tu
1867 4546 1973 4586 non
2004 4533 2223 4605 navigas
2245 4574 2261 4601 ,

686 4642 861 4695 neque
890 4626 1143 4697 pecunias
1167 4624 1363 4695 accipis
1382 4666 1399 4689 ,
1426 4624 1520 4681 sed
1544 4624 1662 4680 aliis
1689 4638 1803 4680 rem
1830 4625 2159 4681 committis?
2186 4626 2266 4683 Ne

675 4715 842 4785 igitur
870 4716 992 4771 talia
1018 4716 1315 4786 cogitantes
1338 4715 1613 4785 segniores
1636 4713 1951 4781 evaderent,
1981 4714 2105 4771 vide
2126 4730 2261 4786 quo-

679 4811 843 4865 modo
868 4818 921 4864 et
951 4809 1051 4863 hoc
1080 4808 1268 4863 iterum
1294 4817 1501 4863 caveat.
1526 4806 1643 4862 Non
1670 4807 1812 4861 enim
1838 4806 2154 4876 simpliciter
2180 4807 2264 4863 di-

681 4907 779 4970 xit,
804 4903 951 4969 Quos
974 4900 1346 4971 probaveritis,
1382 4900 1607 4963 mittam,
1634 4898 1727 4954 sed
1757 4898 1929 4970 quid?
1958 4898 2059 4955 Per
2080 4901 2268 4972 episto-

674 4994 779 5048 iss.
826 4992 1049 5047 Etiamsi
1077 5004 1301 5060 corpore
1341 5005 1448 5045 non
1495 4988 1775 5044 adfuturus
1817 4990 1918 5044 sim
1945 5031 1959 5055 ,
1992 5000 2048 5045 at
2094 4991 2266 5047 literis

679 5083 815 5139 meis
843 5096 1080 5151 praesens
1104 5095 1219 5145 ero,
1250 5095 1542 5150 eorumque
1566 5080 1843 5135 ministerii
1872 5084 2154 5153 particeps.

750 5174 806 5228 5.
845 5171 980 5227 Num
1029 5172 1112 5227 vel
1158 5172 1346 5226 umbra
1397 5170 1570 5237 Pauli,
1610 5171 1698 5226 vel
1736 5173 2111 5229 calceamentis
2146 5174 2264 5243 ejus

676 5261 822 5329 digni
849 5276 1055 5328 sumus,
1076 5262 1289 5331 quando
1333 5261 1421 5317 ille
1466 5270 1614 5317 tanta
1670 5262 1811 5331 apud
1866 5278 2053 5319 omnes
2094 5264 2261 5333 gloria

679 5351 887 5421 fulgens
926 5353 1165 5407 omnium
1209 5352 1379 5421 rcjicit
1424 5352 1678 5418 honores,
1710 5369 1809 5408 nos
1835 5365 2012 5410 autem
2064 5364 2263 5409 stoma-

675 5440 903 5499 citamur
922 5449 979 5497 et
1005 5458 1147 5513 aegre
1190 5443 1427 5509 ferimus,
1450 5444 1494 5499 si
1520 5460 1625 5500 non
1660 5448 1925 5502 sententia
1959 5454 2015 5503 et
2057 5446 2263 5504 calculo

678 5540 863 5587 rostro
880 5532 1059 5587 talium
1079 5532 1423 5603 [Iecuniarum
1453 5536 1682 5605 prompti
1698 5545 1966 5603 creentur,
1984 5546 2260 5593 contume-

681 5620 910 5691 Iiamqtte
938 5621 1094 5675 nobis
1122 5620 1309 5677 inferri
1333 5632 1581 5693 putamus
1604 5639 1727 5680 cum
1760 5626 1916 5683 nobis
1946 5627 2260 5683 inconsultis

673 5710 911 5785 quipiam
944 5715 1193 5784 pecunias
1231 5714 1540 5785 impendunt
1579 5720 1737 5774 suas?
1783 5719 1915 5775 Vide
1961 5721 2119 5777 etiam
2150 5736 2249 5793 qua

1399 340 1458 397 S.
1496 336 1771 395 JOANNIS
1806 335 2278 397 οηκῖεοετοιιι
2316 335 2639 396 ARCHIEP.
2677 330 3217 396 CONSTANTINOP.

2376 450 2589 505 ratione
2623 447 3281 520 suiubiqncmentionem
3328 444 3509 513 faciat,
3551 460 3725 518 neque
3769 448 3976 517 uspiam

2376 539 2763 595 obliviscatur:
2786 554 2961 610 neque
2982 538 3126 594 enim
3154 538 3239 593 hic
3283 536 3593 594 mandatum
3620 547 3778 594 vocat
3803 538 3970 603 liud.

2378 644 2553 701 neque
2601 626 3979 702 eleemosynam,sed6rutisnt;ostendenssiun

2377 729 2625 775 mortuos
2689 720 2955 775 suscitare
2981 759 2998 786 ,
3047 718 3325 777 daemones
3375 719 3579 791 pellere
3620 728 3679 776 et
3732 720 3983 790 leprosos

2376 810 2673 876 mundare,
2701 810 2780 865 sic
2806 818 2861 865 et
2890 824 3155 880 pauperes
3188 809 3375 880 juvare
3409 810 3597 882 gratim
3629 822 3767 879 opus
3808 821 3972 875 esse;

2375 899 2488 956 imo
2514 898 2691 969 potius
2715 899 2819 954 hoc
2844 913 3004 971 quam
3032 899 3161 955 illud
3189 918 3205 954 :
3230 911 3392 971 atque
3432 899 3641 956 etiamsi
3668 901 3841 971 gratia
3863 901 3935 956 sit
3952 938 3975 968 ι

2373 988 2554 1045 studio
2572 997 2758 1047 tamen
2785 999 2843 1047 et
2864 988 3140 1045 alacritate
3157 1004 3295 1061 opus
3320 989 3479 1045 nobis
3513 998 3595 1046 est
3627 999 3688 1045 ut
3711 990 3974 1062 eligamus

2372 1088 2429 1135 et
2448 1078 2699 1145 velimus,
2727 1089 2784 1135 et
2801 1095 2900 1138 nos
2917 1080 3091 1152 gratia
3118 1080 3309 1151 dignos
3334 1079 3640 1137 reddamus.
3660 1081 3776 1138 Hoc
3797 1082 3975 1152 itaque

2373 1169 2443 1225 ad
2464 1170 2887 1227 consolatflinem
2920 1171 3140 1239 attulit,
3185 1170 3329 1240 quod
3356 1172 3543 1226 literas
3566 1185 3693 1227 suas
3718 1187 3843 1228 cum
3868 1172 3974 1229 illis

2373 1260 2641 1326 mitteret;
2663 1260 2809 1317 aliud
2826 1276 2954 1317 vero
2968 1261 3143 1331 majus
3156 1261 3373 1332 adjecit,
3390 1261 3531 1333 quod
3548 1276 3609 1317 se
3631 1263 3973 1333 polliceretur

2371 1350 2579 1406 itineris
2597 1350 2803 1407 socium
2824 1351 2938 1407 fore
2961 1350 3145 1416 :Quod
3160 1353 3207 1406 si
3224 1352 3437 1423 dignast
3450 1353 3622 1423 [aa-it,
3642 1352 3836 1424 inquit,
3851 1362 3910 1407 at
3926 1367 3978 1408 es

2368 1454 2607 1511 egressi,
2625 1442 2972 1495 semitam!
2988 1439 3291 1511 (i.Cor.i6.
3307 1442 3446 1510 ΞΛ).
3464 1441 3562 1498 ilic
3576 1440 3972 1498 animadva'tas

2371 1531 2534 1586 velim
2552 1532 2670 1602 ejus
2691 1530 3053 1604 prudentiam.
3091 1529 3278 1603 Neque
3295 1533 3439 1587 enim
3466 1533 3681 1604 negavit
3706 1546 3770 1588 se
3800 1534 3971 1590 simul

2372 1621 2571 1677 iturum
2592 1662 2611 1690 ,
2637 1636 2815 1695 neque
2840 1623 3065 1679 omnino
3089 1622 3361 1694 pollicitus
3378 1632 3497 1689 est;
3524 1623 3621 1681 sed
3647 1624 3780 1680 illud
3802 1625 3966 1681 etiam

2368 1702 2615 1769 dantium
2657 1713 2881 1769 arbitrio
2928 1713 3191 1784 permisit,
3222 1726 3427 1785 eosque
3465 1712 3815 1791 profectionis
3858 1729 3970 1770 sua

2369 1802 2620 1858 dominos
2661 1802 2816 1868 fecit;
2848 1802 3127 1870 indicans,
3155 1802 3203 1858 si
3226 1803 3429 1860 donum
3456 1812 3661 1859 tantum
3692 1802 3873 1871 foret,
3913 1812 3971 1859 ut

2368 1908 2435 1952 se
2478 1894 2704 1951 incitare
2743 1903 2957 1963 posset,
3002 1894 3107 1951 iter
3138 1909 3199 1951 se
3233 1904 3608 1966 suscepturum
3650 1908 3794 1951 ease.
3834 1894 3969 1950 Nam

2370 1999 2497 2041 cum
2553 1985 2706 2052 dicit,
2738 1984 2803 2042 Si
2848 1986 3062 2058 dignatas
3108 1986 3381 2056 fuerit,“
3425 1986 3817 2042 subindicantis
3862 1993 3966 2042 est.

2372 2074 2528 2145 Quod
2554 2076 2602 2132 si
2630 2075 3016 2147 profectionem
3060 2076 3205 2133 illam
3246 2076 3472 2133 omnino
3506 2085 3794 2149 negasset,
3823 2076 3971 2149 ipsos

2371 2169 2676 2241 ignaviores
2702 2169 3085 2241 maioresque
3114 2168 3477 2237 reddidisset;
3521 2170 3605 2226 sin
3647 2168 3813 2225 dubie
3841 2184 3968 2241 pro-

2368 2259 2625 2326 misisset,
2679 2258 3097 2330 negligentiam
3142 2258 3377 2316 fecisset.
3423 2258 3551 2315 ideo
3600 2272 3703 2315 nec
3745 2260 3969 2315 omnino

2370 2358 2552 2424 negat,
2576 2364 2749 2421 neque
2778 2348 3097 2421 pollicetur;
3124 2350 3220 2407 sed
3247 2350 3378 2407 illud
3398 2350 3623 2408 arbitrio
3656 2349 3967 2408 Corinthio-

2366 2458 2488 2499 rum
2514 2443 2771 2514 relinquit
2786 2442 2996 2511 dicens,
3024 2442 3175 2509 Quod
3194 2444 3241 2499 si
3264 2444 3479 2515 dignam
3506 2444 3677 2515 (trait.
3729 2443 3968 2500 Audien-

2370 2543 2452 2590 tes
2475 2534 2621 2590 enim
2650 2534 2873 2591 Paulum
2899 2534 3077 2605 ipsum
3101 2534 3403 2591 delaturum
3431 2535 3759 2591 oblationem
3790 2548 3965 2601 stram,

2367 2625 2559 2694 majori
2587 2624 2769 2680 studio
2793 2634 2850 2680 et
2870 2624 3150 2681 alacritate
3173 2623 3243 2680 ad
3268 2623 3322 2680 id
3341 2623 3421 2681 rei
3449 2623 3760 2681 ferebantur
3777 2667 3794 2691 ,
3824 2626 3969 2697 quod

2365 2724 2567 2769 uncta
2594 2714 2706 2770 illm
2756 2729 2947 2770 manus
2992 2714 3132 2771 dona
3172 2722 3483 2771 tractaturo
3520 2725 3735 2784 essent,
3760 2726 3819 2773 et
3847 2716 3971 2773 huic

2366 2804 2629 2862 sacrificio
2654 2819 2843 2877 preces
2862 2806 3004 2862 illius
3017 2805 3356 2863 accederent.
3396 2806 3569 2864 Porro
3590 2808 3638 2864 si
3662 2807 3832 2864 Paulo
3857 2817 3967 2864 tra-

2364 2896 2529 2953 dituri
2553 2897 2693 2952 dona
2721 2895 3026 2964 Corinthii,
3056 2897 3110 2953 id
3152 2912 3277 2954 cum
3322 2898 3530 2970 majore
3570 2898 3853 2956 alacritate
3894 2899 3972 2955 fa-

2364 2987 2579 3043 ciebant
2596 3028 2614 3053 ,
2640 2998 2694 3042 tu
2720 2986 2872 3043 Pauli
2905 2988 3135 3044 Domino
3158 2987 3382 3045 daturus
3408 2992 3556 3059 (nam
3582 3004 3679 3061 per
3706 3004 3974 3062 pauperes

2368 3076 2460 3133 ille
2478 3077 2743 3149 suscipit),
2770 3092 2930 3150 quam
2954 3078 3359 3136 excusationem
3394 3079 3675 3137 habiturus
3712 3081 3814 3137 es?
3861 3080 3973 3138 Ne-

2367 3183 2473 3240 que
2494 3170 2639 3225 enim
2661 3210 2678 3235 ,
2709 3170 2813 3225 nisi
2843 3183 3033 3241 magna
3072 3169 3264 3226 fuisset
3288 3172 3492 3227 oblatio
3525 3173 3797 3245 multaque
3839 3189 3971 3230 cura

2366 3259 2549 3330 digna,
2582 3260 2669 3317 ille
2690 3262 2779 3316 cui
2808 3270 2955 3317 totus
2979 3262 3130 3319 orbis
3160 3262 3433 3333 creditus,
3459 3273 3515 3320 et
3538 3264 3625 3321 cui
3645 3279 3791 3321 cura
3816 3277 3973 3323 erant

2367 3364 2559 3406 «nues
2580 3351 2681 3408 sub
2707 3351 2823 3407 sole
2848 3352 3105 3408 Ecclesia
3119 3394 3135 3419 ,
3164 3354 3436 3424 pollicitus
3458 3363 3606 3412 esset
3626 3370 3688 3412 se
3710 3356 3972 3427 pecunias

2367 3439 2867 3497 administraturum
2893 3456 3035 3499 esse.
3076 3442 3204 3499 Hac
3227 3444 3388 3515 igitur
3418 3446 3601 3501 animo
3633 3454 3967 3517 reputantes,

2365 3530 2482 3588 sive
2500 3532 2836 3604 largiendum
2864 3535 2958 3604 sit,
2990 3536 3104 3591 sive
3128 3536 3250 3592 aliis
3292 3537 3639 3609 largientibus
3658 3540 3971 3596 ministran-

2367 3620 2517 3689 dum,
2554 3638 2623 3679 ne
2658 3637 2852 3695 segnes
2872 3626 3060 3692 simus,
3090 3641 3263 3698 neque
3287 3628 3490 3697 musti,
3515 3628 3661 3701 quod
3687 3629 3971 3687 facultates

2368 3714 2524 3771 nobis
2548 3716 2875 3773 minuantur.
2913 3718 3196 3785 Quomodo
3232 3721 3379 3776 enim
3406 3721 3695 3777 absurdum
3717 3736 3827 3779 non
3857 3723 3969 3780 fue-

2368 3808 2473 3873 rit,
2505 3807 2633 3863 dum
2660 3808 2891 3879 agricola
2920 3824 3105 3866 semen
3136 3810 3377 3881 iaciens,
3404 3821 3461 3868 et
3484 3812 3625 3869 bona
3643 3812 3925 3870 claudens
3946 3856 3964 3881 ,

2370 3914 2477 3955 non
2501 3901 2761 3966 tristatur,
2786 3916 2885 3957 nec
2907 3902 3078 3971 dolet,
3101 3917 3277 3975 neque
3297 3903 3350 3959 id
3370 3912 3617 3976 sumptus
3637 3904 3757 3961 loco
3782 3905 3964 3971 habet.

2370 3992 2467 4048 sed
2496 3993 2703 4049 lucrum
2737 3995 2915 4065 potius
2957 4005 3014 4051 et
3040 4007 3359 4069 proventum
3380 4012 3503 4054 esse
3527 4007 3710 4068 putat,
3754 4000 3964 4055 tametsi

2368 4097 2493 4153 spes
2538 4085 3249 4160 sitincerta:te,quinon
3295 4104 3395 4162 pro
3438 4090 3815 4161 paribus,sed
3869 4105 3966 4162 pro

2369 4174 2537 4230 multo
2566 4175 2857 4247 majoribus
2884 4179 3141 4247 seminas,
3166 4188 3223 4236 et
3244 4181 3336 4251 qui
3365 4181 3420 4237 in
3448 4181 3592 4251 ipsas
3615 4180 3816 4237 Christi
3844 4196 3961 4261 ma-

2370 4280 2475 4321 nus
2515 4276 2795 4336 argentum
2832 4269 3075 4339 jacturus
3102 4285 3182 4337 es,
3224 4272 3492 4342 refugere,
3525 4282 3739 4344 torpere
3762 4314 3780 4337 ,
3809 4282 3865 4330 et
3885 4274 3964 4330 in-

2369 4355 2546 4427 opiam
2593 4358 2970 4427 praetendere?
2996 4361 3192 4418 Annon
3231 4370 3443 4433 poterat
3480 4363 3621 4419 Deus
3671 4365 3964 4437 przecipere

2370 4445 2567 4512 telluri,
2596 4455 2657 4503 ut
2700 4447 2970 4519 proferret
3013 4465 3205 4507 aurum
3237 4455 3469 4523 purum?
3504 4454 3605 4523 Qui
3634 4455 3779 4510 enim
3808 4455 3961 4522 dixit,

2368 4534 2625 4592 Cantiae!
2647 4547 2781 4600 terra
2797 4540 3003 4595 herbam
3026 4542 3149 4613 [miti
3186 4539 3339 4611 (Gai.
3372 4544 3425 4597 i.
3454 4540 3567 4614 il),
3604 4558 3848 4614 moxque
3873 4560 3966 4601 co-

2368 4638 2601 4682 mantem
2631 4627 2905 4695 exhibuit,
2936 4641 3142 4701 poterat
3189 4631 3331 4687 haud
3378 4631 3543 4688 dubie
3584 4634 3879 4704 praecipere
3907 4645 3966 4690 ut

2370 4715 2545 4771 fontes
2583 4726 2640 4773 et
2678 4717 2826 4774 fluvii
2867 4734 3059 4776 aurum
3096 4720 3298 4791 iugiter
3337 4720 3641 4779 funderent.
3683 4724 3881 4780 Verum
3910 4726 3962 4781 id

2368 4806 2558 4873 noluit,
2579 4806 2899 4867 sedmultos
2924 4812 2975 4865 in
3002 4823 3312 4883 paupertate
3348 4814 3551 4893 dimisit
3579 4822 3689 4869 tum
3716 4815 3789 4870 ob
3816 4817 3964 4887 ipso.

2368 4915 2528 4967 rum,
2583 4911 2695 4957 tum
2747 4901 2819 4957 ob
2867 4910 3011 4959 tuam
3062 4904 3365 4962 utilitatem.
3406 4908 3541 4965 Nam
3595 4905 3671 4961 ad
3712 4908 3962 4965 virtutem

2368 4995 2718 5063 opportunior
2742 5004 2824 5049 est
2850 5006 3135 5066 paupertas
3160 4996 3360 5054 divitiis
3382 5041 3398 5067 ,
3426 5012 3481 5057 et
3511 5002 3597 5069 iis,
3635 5000 3728 5074 φιί
3754 5000 3808 5054 in
3839 5016 3963 5071 pec-

2367 5086 2503 5140 catis
2522 5094 2666 5151 sunt,
2691 5102 2796 5141 non
2815 5102 2975 5157 parva
2997 5089 3291 5144 consolatio
3318 5092 3489 5146 oritur
3508 5093 3578 5147 ab
3601 5091 3806 5151 auxilio
3830 5107 3961 5163 ege-

2368 5175 2453 5229 nis
2494 5179 2752 5245 praestito.
2796 5178 3075 5249 Tantaque
3117 5181 3336 5251 hujusce
3371 5183 3448 5239 rei
3484 5199 3613 5240 cura
3635 5196 3719 5244 est
3745 5190 3876 5248 L‘eo,
3907 5193 3962 5240 ut

2367 5279 2489 5320 cum
2533 5268 2843 5325 advenisset
2884 5284 3151 5342 caraeque
3202 5272 3419 5329 indutus
3471 5290 3594 5331 cum
3652 5276 3961 5335 hominibus

2365 5370 2793 5429 conversaretur,
2826 5377 2931 5416 non
2952 5362 3292 5431 detrectaret,
3322 5381 3497 5435 neque
3521 5368 3962 5441 ignominiam“

2366 5446 2606 5515 haberet,
2634 5451 2776 5520 quod
2808 5453 2923 5520 ipse
2960 5467 3077 5523 qua
3115 5453 3183 5508 ad
3214 5470 3477 5525 pauperes
3508 5460 3823 5528 spectabant
3846 5463 3961 5517 dis-

2364 5550 2633 5609 pensaret.
2675 5542 2787 5596 Etsi
2826 5557 2957 5597 vero
2982 5552 3060 5599 tot
3104 5560 3268 5614 panes
3288 5546 3510 5616 fecerat,
3533 5558 3587 5605 et
3606 5563 3965 5624 quaecumque

2322 5700 2325 5701 ν
2364 5631 2525 5687 vellet
2544 5631 2696 5699 jussu
2719 5632 3047 5703 perficiebat,
3084 5636 3210 5691 licet
3233 5649 3420 5710 posset
3437 5650 3719 5698 sexcentos

2364 5736 2455 5777 ros
2502 5720 2784 5778 cmufertim
2832 5726 3137 5795 ostendere,
3167 5729 3337 5786 noluit
3368 5740 3581 5800 tamen;
3609 5732 3705 5790 sed
3740 5748 3969 5792 marsum
