4228 6298
219 405 320 463 1a!

223 523 364 589 pium
397 520 601 577 habere
636 521 932 594 discipulos
952 523 1109 594 jussit
1129 564 1144 590 ,
1171 531 1224 578 et
1248 536 1367 594 qua:
1399 522 1824 578 immittebantur

222 622 454 682 portare,
494 623 661 685 atque
692 616 816 670 inde
840 616 1026 685 egenis
1052 615 1483 670 subministrare.
1524 613 1657 668 Nam
1701 627 1825 668 cum

221 703 412 760 Iudam
456 708 798 778 aenigmatice
835 707 904 762 de
943 707 1251 778 proditione
1284 707 1672 778 alloquerctur,
1721 721 1827 759 non

226 795 588 865 intelligentes
623 797 870 867 discipuli
901 796 1043 866 quod
1073 797 1352 852 dicebatur
1377 837 1394 863 ,
1429 796 1684 866 putabant
1704 837 1718 861 ,
1749 795 1830 850 in-

223 885 356 955 quit,
385 885 562 953 ipsum
591 887 792 943 dixisse
830 885 904 943 illi
934 897 992 942 ut
1044 887 1368 960 pauperibus
1401 886 1600 956 aliquid
1641 884 1825 941 daret:

226 991 344 1031 nam
376 976 733 1047 Harsapisms,
760 978 964 1049 inquit,
993 979 1102 1046 ipse
1126 978 1361 1045 habebat,
1386 988 1431 1032 et
1451 994 1567 1048 qtae
1585 979 1829 1032 immitte-

227 1068 407 1120 bantur
446 1069 684 1137 portabat
713 1067 892 1139 (Joan.
927 1069 1016 1124 12.
1051 1069 1133 1141 6).
1164 1068 1408 1139 Magnam
1446 1067 1646 1139 quippe
1691 1067 1832 1124 Deus

226 1159 488 1213 rationem
518 1157 684 1214 habet
701 1159 770 1214 de
799 1159 1211 1226 misericordia,
1245 1175 1352 1215 non
1384 1159 1452 1215 de
1497 1174 1593 1214 sua
1626 1168 1831 1214 tantum

226 1263 348 1319 erga
372 1263 494 1316 n08,
523 1249 622 1304 sed
649 1250 719 1306 de
745 1262 931 1306 nostra
961 1251 1124 1306 etiam
1169 1253 1222 1306 in
1264 1265 1556 1307 conservos
1593 1268 1605 1304 :
1637 1265 1742 1322 qua
1764 1251 1836 1307 de

229 1354 288 1395 re
317 1341 516 1396 multas
542 1353 601 1396 et
636 1340 690 1396 in
721 1341 900 1397 Veteri
947 1353 1002 1398 et
1046 1345 1098 1398 in
1128 1343 1278 1399 Novo
1307 1343 1654 1399 Testamento
1690 1344 1835 1414 leges

228 1431 521 1498 constituit,
564 1432 839 1488 hominem
865 1433 1062 1504 iubens
1102 1443 1158 1491 et
1192 1435 1370 1491 verbis
1398 1445 1455 1490 ct
1498 1436 1739 1505 pecuniis
1779 1445 1838 1491 et

229 1521 480 1589 operibus
511 1521 802 1594 benignum
823 1538 965 1580 esse.
1009 1525 1120 1581 IIac
1146 1525 1214 1582 de
1233 1541 1294 1582 re
1320 1528 1519 1596 passim
1541 1527 1750 1598 Moyses
1777 1528 1831 1583 in

233 1609 433 1679 legibus
480 1626 789 1669 sermonem
827 1615 1016 1670 inserit
1047 1632 1062 1669 :
1089 1615 1191 1670 hoc
1229 1631 1294 1671 es
1327 1631 1558 1687 persona
1590 1617 1682 1672 Dei
1713 1632 1838 1687 pro-

235 1701 402 1770 “leta:
445 1703 704 1770 clamant,
758 1705 1167 1762 Misericordia»:
1212 1707 1345 1774 volo,
1402 1717 1449 1761 et
1489 1725 1593 1762 non
1633 1709 1836 1777 sacri/i-

229 1794 359 1847 cium
388 1794 544 1865 (Osee
573 1797 625 1852 6.
643 1795 700 1860 6)
723 1815 736 1849 :
761 1799 989 1868 apostoli
1005 1814 1221 1870 quoque
1237 1799 1298 1854 iis
1313 1814 1550 1856 consona
1568 1807 1624 1855 et
1638 1801 1838 1856 faciunt

232 1894 286 1938 et
306 1883 722 1958 dicunt(ﬂatth.
742 1888 794 1944 9.
819 1889 931 1959 15).
983 1889 1063 1945 Ne
1092 1891 1271 1961 itaque
1297 1907 1410 1946 rem
1430 1891 1572 1946 illam
1595 1893 1836 1963 negliga-

232 1993 375 2032 mus:
392 1994 499 2034 non
517 1980 662 2035 enim
677 1983 1000 2052 pauperibus
1021 1983 1345 2047 tantum,sed
1363 1983 1518 2040 nobis
1532 1985 1660 2054 ipsis
1677 1985 1837 2040 maxi-

233 2088 316 2128 me
339 2090 642 2143 prosumus,
665 2077 974 2146 majoraque
994 2078 1308 2147 accipimus,
1328 2093 1486 2147 quam
1512 2077 1833 2148 priebcmus.

302 2167 354 2218 ti.
397 2164 524 2220 Non
570 2169 910 2239 perquirenda
956 2184 1229 2239 egenorum
1270 2169 1374 2222 vita
1415 2179 1467 2222 ut
1517 2169 1836 2240 elecmosyna

233 2267 477 2325 (rogetur.
507 2258 738 2329 —_II:ec
769 2277 874 2314 non
898 2261 1018 2315 sine
1050 2274 1211 2314 causa
1242 2275 1385 2315 nunc
1413 2260 1566 2327 dico,
1591 2262 1685 2315 sed
1712 2262 1834 2331 quia

235 2346 467 2417 plerique
506 2365 708 2419 egenos
762 2353 973 2407 curiose
1028 2352 1379 2422 interrogant,
1429 2352 1698 2422 inquirunt
1741 2368 1834 2423 pa-

235 2441 408 2507 triam,
441 2442 628 2507 vitam,
660 2458 859 2508 mores,
899 2453 1093 2510 artem,
1143 2444 1384 2513 corporis
1427 2445 1786 2499 valetudinem
1819 2463 1832 2499 :

233 2531 604 2587 accusationes
649 2535 950 2602 intentant,
982 2543 1038 2590 et
1063 2544 1346 2590 sescentas
1378 2534 1447 2590 de
1484 2536 1713 2590 sanitate
1751 2552 1837 2591 ra-

235 2623 400 2678 tiones
431 2634 704 2696 repetunt.
748 2625 981 2696 Ideoque
1007 2627 1160 2681 multi
1189 2628 1436 2696 corporis
1468 2627 1836 2684 mtttilatioues

234 2714 512 2781 simulant,
550 2728 608 2772 ut
649 2719 785 2774 [icta
825 2719 1145 2774 calamitatis
1192 2719 1421 2774 artiﬁcio
1461 2719 1834 2776 crudelitatem

237 2806 730 2880 immanitatemtu
768 2819 1006 2864 nostram
1030 2811 1251 2866 flectere
1279 2810 1512 2868 valeant.
1555 2811 1622 2865 Et
1651 2821 1836 2865 aestate

234 2897 444 2964 quidem
487 2899 668 2954 taliter
705 2890 1005 2965 criminari,
1038 2915 1200 2970 grave
1239 2901 1364 2956 licet
1401 2900 1504 2964 sit,
1529 2917 1634 2955 non
1668 2916 1836 2971 usque

235 2984 365 3040 adeo
391 2997 571 3042 tamen
597 3004 760 3059 grave
779 2999 862 3043 est
886 3008 899 3042 :
933 2990 1125 3061 hyeme
1149 3005 1278 3045 vero
1295 3000 1517 3060 urgente
1544 2990 1739 3061 frigore
1763 2991 1833 3045 ita

237 3089 291 3128 se
320 3075 668 3132 inhumanum
697 3087 752 3133 et
796 3079 965 3134 ferum
1005 3088 1260 3150 prscstare
1295 3079 1563 3149 judicent,
1599 3082 1836 3135 veniam-

235 3182 335 3236 quo
375 3169 575 3224 nullam
622 3171 810 3226 otiosis
839 3172 1159 3235 concedere,
1189 3187 1366 3227 annon
1393 3187 1618 3229 summa:
1637 3175 1830 3230 crude-

239 3257 394 3312 litatis
423 3259 634 3315 l'uerit?
670 3259 780 3316 Cur
802 3262 979 3332 itaque
1007 3262 1223 3330 Paulus,
1248 3263 1390 3319 dicet
1417 3264 1630 3334 aliquis,
1662 3266 1835 3321 Thes-

237 3351 653 3409 salonicensibns
681 3356 820 3410 hanc
841 3356 1011 3422 legent
1037 3355 1242 3410 ferebat
1276 3373 1290 3409 :
1325 3355 1387 3410 Si
1421 3357 1535 3427 quis
1577 3375 1676 3412 non
1727 3362 1833 3413 rult

237 3441 474 3509 laborare,
505 3461 596 3499 nec
623 3447 891 3499 nsaudacet
912 3445 988 3516 (2.
1021 3445 1202 3502 Thess.
1222 3449 1276 3501 3.
1302 3447 1434 3518 I0)?
1468 3449 1533 3504 Ut
1558 3460 1613 3503 et
1634 3459 1689 3504 tu
1719 3451 1834 3505 lucc

236 3533 429 3599 audias,
482 3546 538 3591 et
573 3552 680 3592 non
713 3539 882 3608 ipsum
924 3547 1155 3607 tantum,
1189 3541 1282 3596 sed
1329 3551 1378 3595 te
1414 3557 1628 3613 quoquc
1686 3544 1832 3601 hisce

239 3622 376 3678 Pauli
403 3627 580 3682 verbis
619 3629 933 3697 compelles.
976 3630 1123 3685 Pauli
1156 3632 1352 3703 quippe
1379 3633 1523 3703 leges
1552 3652 1656 3689 non
1697 3651 1829 3704 pau-

238 3716 442 3781 peribus
465 3726 694 3785 tantum,
727 3721 821 3775 scd
852 3723 1014 3776 etiam
1045 3722 1200 3779 nobis
1232 3725 1418 3792 positre
1458 3735 1600 3780 sunt.
1647 3727 1828 3781 Dicam

237 3802 423 3874 aliquid
459 3823 750 3864 onerosum
796 3822 851 3867 et
905 3813 1191 3868 molestum
1242 3833 1255 3868 :
1303 3818 1416 3870 scio
1463 3816 1579 3872 fore
1631 3829 1689 3872 ut
1735 3836 1830 3875 vos

235 3900 623 3964 succenseatis;
651 3909 885 3958 attamen
917 3903 1089 3958 dicam
1115 3921 1129 3957 :
1159 3921 1264 3959 non
1283 3907 1425 3960 enim
1454 3917 1510 3962 ut
1537 3909 1826 3978 oﬂ‘eudam,

236 3986 322 4039 sed
345 3998 398 4042 ιιι
423 3992 706 4046 emendem
735 3995 876 4046 dico.
923 3995 1026 4048 Illis
1052 3997 1218 4050 otium
1233 3998 1536 4066 objiciunts,
1553 4016 1663 4054 rem
1684 4017 1827 4070 sa'pc

237 4079 377 4131 venia
405 4081 657 4150 dignam:
694 4101 790 4138 nos
821 4095 998 4139 autem
1030 4102 1092 4140 ea
1124 4098 1494 4156 perpetratnus
1516 4133 1530 4155 ,
1564 4106 1680 4160 qua:
1719 4094 1827 4146 otio

238 4166 386 4239 longe
413 4174 656 4241 graviora
681 4175 807 4229 sint.
848 4177 918 4229 At
946 4193 1066 4247 ego,
1095 4177 1323 4246 inquies,
1363 4188 1636 4248 paternam
1668 4181 1823 4236 lterc-

236 4257 445 4316 tlitatcm
477 4263 670 4319 habeo.
717 4267 796 4319 An
835 4282 986 4336 ergo,
1018 4268 1106 4324 dic
1141 4269 1270 4322 mihi
1294 4312 1309 4335 ,
1339 4271 1460 4338 quia
1494 4271 1583 4325 ille
1628 4287 1828 4341 pauper

234 4362 309 4403 εει
335 4361 386 4405 et
412 4368 475 4406 ex
518 4356 843 4424 pauperibus
887 4367 1058 4422 ortus,
1114 4374 1215 4412 nec
1265 4360 1549 4427 opulentos
1594 4362 1826 4431 majores

234 4438 423 4503 babnit,
457 4443 648 4513 dignus
696 4457 778 4499 est
821 4448 912 4516 qui
950 4449 1169 4515 pereat?
1227 4450 1474 4508 Profecto
1513 4467 1575 4507 ea
1619 4454 1730 4520 ipsa
1759 4453 1824 4508 de

231 4545 380 4585 causa
422 4537 894 4593 commiseratione
931 4549 986 4594 et
1035 4541 1398 4596 misericordia
1445 4544 1582 4612 apud
1633 4545 1825 4600 divites

231 4621 410 4692 dignus
435 4625 609 4680 fuerit.
639 4628 718 4682 Tu
743 4631 955 4697 quidem
981 4645 1122 4701 schc
1153 4633 1295 4686 diem
1317 4634 1368 4686 in
1401 4634 1626 4689 theatris
1650 4645 1816 4690 trans-

232 4713 388 4780 igens,
420 4719 499 4772 vel
551 4720 600 4772 in
641 4721 1018 4786 consessibus,
1057 4723 1444 4794 colloquiisque
1469 4767 1484 4789 ,
1516 4743 1582 4780 ex
1629 4730 1823 4797 quibus

231 4805 351 4859 nihil
376 4810 584 4863 accedit
613 4810 766 4872 lucri,
793 4812 971 4865 multis
988 4813 1314 4883 obloqucris,
1351 4815 1588 4884 nihilque
1620 4819 1742 4872 mali
1773 4831 1822 4873 tc

231 4894 395 4950 fame
420 4916 512 4952 aee
535 4907 765 4955 utiosum
795 4917 918 4956 esse
941 4913 1128 4970 putas:
1163 4903 1306 4957 hunc
1338 4921 1466 4959 vero
1489 4907 1742 4961 miserum
1766 4920 1820 4963 et

231 5005 618 5056 .1:rumn«..-.=um,
673 4995 853 5064 quiin
904 4997 1196 5063 precibus,
1255 5000 1505 5068 Iacrymis
1570 5001 1821 5070 millcque

228 5085 594 5139 mrtimnistoto
619 5085 705 5138 die
734 5095 996 5148 versatur,
1024 5088 1266 5149 danmas,
1292 5089 1357 5141 ad
1380 5089 1604 5142 tribunal
1631 5093 1817 5157 trabis,

229 5171 288 5223 de
313 5187 476 5241 coque
507 5177 743 5231 ratit‘ines
765 5178 1047 5246 exposcis?
1077 5179 1344 5242 Ila'ccine,
1370 5195 1576 5248 quaeso,
1598 5180 1816 5236 humani

230 5273 341 5315 sunt
365 5265 560 5321 animi?
585 5266 748 5336 Igitur
776 5271 990 5338 quando
1033 5270 1186 5331 dicis,
1233 5271 1367 5337 Quid
1400 5271 1640 5326 dicemus
1673 5274 1814 5326 Pan-

231 5354 304 5408 lo?
334 5369 383 5411 ιιι
412 5377 470 5414 ea
523 5362 635 5430 ipsa
675 5363 764 5414 tibi
789 5404 804 5427 ,
836 5380 939 5416 non
972 5366 1294 5433 pauperibus
1338 5366 1520 5420 dicito.
1565 5367 1814 5435 Alioquin

235 5464 366 5514 t't'ro,
397 5470 461 5506 ne
518 5455 691 5507 minas
738 5459 855 5522 ejus
909 5467 1111 5510 t:m:nni
1146 5459 1322 5528 legas,
1355 5458 1449 5511 sed
1505 5469 1555 5513 et
1605 5462 1810 5514 \‘Cttiattt

230 5541 422 5612 (pioque
451 5563 464 5599 :
495 5563 615 5602 nam
648 5548 740 5616 qui
767 5548 914 5613 dicit,
946 5549 1005 5603 Si
1030 5551 1139 5617 quis
1171 5567 1270 5602 non
1295 5553 1510 5615 laborat,
1546 5569 1633 5603 nec
1664 5570 1810 5604 man-

230 5631 380 5694 ducet,
407 5636 599 5704 adjecit
627 5655 644 5692 :
681 5636 780 5690 Vos
804 5649 970 5690 autem
988 5681 1003 5703 ,
1037 5640 1241 5707 fratres,
1268 5642 1422 5693 nolite
1456 5641 1669 5709 tie/icere
1693 5645 1812 5694 bene

233 5723 454 5788 facientes
499 5727 576 5798 (2.
609 5728 788 5782 Thess.
821 5730 874 5786 ὅ.
909 5731 1020 5801 15).
1054 5732 1121 5785 At
1162 5747 1395 5801 quonam
1445 5733 1520 5786 illi
1563 5735 1808 5802 Specioso

231 5815 430 5874 obtentu
458 5821 712 5877 utuntur?
745 5821 971 5893 Fugitivi
1004 5833 1167 5891 sunt,
1204 5825 1345 5895 inqui
1373 5833 1479 5892 nit,
1515 5828 1802 5896 peregrini,

1533 408 1623 466 DE
1659 407 2144 468 ELEEIIUSYNA.

3435 389 3541 447 270

1937 522 2289 588 verberones,
2339 521 2428 591 qui
2476 535 2571 577 sua
2627 521 2807 577 relicta
2852 522 3018 591 patria
3051 521 3104 576 in
3136 522 3406 580 civitatem
3439 537 3543 577 no.

1936 623 2103 669 stram
2130 612 2427 668 conﬂuunt.
2472 613 2670 668 Ideone
2691 653 2708 678 ,
2731 629 2915 682 qmeso
2933 655 2950 679 ,
2981 612 3357 680 stomacharis,
3385 623 3440 669 et
3460 613 3542 668 ci-

1936 704 2117 760 vitatis
2137 719 2394 760 coronam
2423 704 2661 770 vellicas,
2689 703 2812 773 quia
2837 719 3028 760 omnes
3052 720 3170 760 eam
3199 718 3542 760 communem

1936 807 2059 849 esse
2094 803 2307 862 portum
2334 793 2680 860 existimant,
2706 803 2762 848 et
2807 793 3036 864 propriae
3081 795 3316 850 alienam
3346 792 3543 864 prazfeo

1936 885 2095 938 runt?
2124 884 2237 939 Iino
2275 899 2404 939 vero
2431 886 2531 938 hac
2555 883 2626 938 de
2663 898 2825 940 causa
2871 884 3148 939 exsultare
3191 883 3431 953 oportuit
3478 897 3544 937 ac

1938 974 2129 1040 luctari,
2152 975 2275 1045 quia
2303 974 2372 1030 ad
2413 989 2603 1030 manus
2647 985 2874 1039 vestras,
2926 975 3082 1044 quasi
3136 974 3204 1030 ad
3253 989 3543 1030 commune

1936 1067 2206 1138 quoddam
2235 1068 2559 1138 emporium,
2579 1082 2769 1122 omnes
2794 1076 3103 1130 accurrunt,
3121 1073 3176 1122 et
3199 1079 3544 1121 communem

1939 1171 2164 1213 matrem
2196 1159 2334 1214 hanc
2360 1158 2630 1213 civitatem
2654 1172 2776 1213 esse
2804 1156 3156 1212 arbitrantur.
3199 1154 3310 1224 Ne,
3337 1171 3547 1228 qumso,

1939 1259 2148 1306 tantum
2168 1251 2473 1306 eacomium
2507 1249 2873 1315 labefactctis,
2905 1263 3079 1319 neque
3100 1248 3374 1319 antiquam
3407 1247 3548 1302 hane

1940 1352 2328 1413 paternamque
2357 1343 2568 1400 Iaudem
2617 1344 2897 1400 decidatis.
2939 1342 3081 1399 Olim
3128 1358 3360 1414 namque
3421 1357 3546 1398 cum

1939 1432 2111 1489 fames
2138 1442 2308 1489 totum
2337 1434 2524 1489 orbem
2556 1436 2801 1490 invasura
2826 1442 2991 1500 esset,
3021 1434 3182 1503 hujus
3209 1431 3440 1490 civitatis
3460 1430 3548 1487 in-

1940 1523 2083 1579 cola:
2106 1522 2593 1598 Jerosolymitanis,
2655 1525 2844 1581 iisdem
2889 1525 3042 1596 ipsis,
3088 1524 3158 1580 de
3202 1525 3397 1595 quibus
3434 1523 3546 1594 jam

1941 1630 2121 1671 sermo
2163 1617 2408 1683 habetur,
2451 1632 2550 1688 per
2587 1615 2886 1672 Barnabam
2929 1625 2985 1671 ct
3027 1617 3252 1672 Paulum
3294 1615 3549 1686 pecunias

1942 1724 2049 1764 non
2081 1725 2278 1779 paucas
2301 1710 2564 1765 miserunt
2597 1710 2734 1781 (Art.
2767 1711 2849 1765 II.
2883 1708 2997 1782 30).
3027 1709 3142 1776 Qua
3185 1708 3346 1779 igitur
3383 1707 3550 1762 fueri-

1942 1817 2063 1856 mus
2115 1801 2292 1867 venia,
2326 1817 2428 1870 qua
2481 1800 2795 1857 defensione
2841 1801 3008 1872 digni,
3055 1799 3270 1870 quando
3313 1799 3550 1871 majores

1941 1893 2160 1964 quidem
2209 1893 2378 1948 nostri
2425 1893 2587 1948 etiam
2635 1897 2816 1962 procul
2862 1894 3066 1964 positos
3118 1892 3230 1946 suis
3284 1890 3547 1961 pecuniis,

1942 1984 2103 2039 etiam
2127 1984 2192 2038 ad
2219 1985 2362 2055 ipsos
2391 1995 2765 2048 accnrrentes,
2803 1982 3055 2038 aluerunt
3085 2002 3099 2038 :
3131 1998 3230 2037 nos
3258 1997 3389 2036 veto
3411 1996 3507 2037 eos
3529 2022 3548 2047 ,

1941 2078 2030 2146 qui
2056 2077 2276 2132 aliunde
2306 2077 2373 2132 ad
2403 2094 2501 2132 nos
2527 2076 2844 2148 Confugiunt
2867 2119 2882 2142 ,
2911 2077 3161 2148 pellimus
3180 2119 3197 2144 ,
3224 2076 3398 2146 deque
3447 2075 3550 2130 iliis

1943 2168 2179 2224 rationes
2223 2169 2541 2239 expetimus,
2599 2185 2720 2224 cum
2763 2171 2996 2224 sciamus
3043 2182 3144 2223 nos
3198 2167 3548 2236 plurimorum

1944 2260 2208 2314 malorum
2250 2275 2371 2316 esse
2400 2258 2561 2315 reos?
2587 2260 2739 2327 Quod
2770 2261 2814 2315 si
2859 2261 3002 2316 Deus
3033 2260 3102 2314 ita
3124 2260 3410 2328 diligenter
3452 2276 3552 2313 nos

1942 2359 2294 2417 scrutaretur,
2327 2345 2383 2405 ut
2414 2366 2512 2406 nos
2537 2367 2754 2406 causam
2771 2367 3088 2423 pauperum,
3111 2351 3310 2405 nullam
3338 2351 3550 2405 veniam

1941 2441 2026 2497 vel
2051 2441 2475 2497 miscricordiam
2501 2456 2990 2512 consequeremur:
3020 2441 3087 2494 In
3109 2458 3207 2512 quo
3233 2442 3375 2496 enim
3397 2442 3520 2510 jndi
3537 2470 3550 2481 -

1940 2534 2041 2599 cio,
2073 2533 2263 2603 inquit,
2287 2533 2606 2605 judicabitis,
2623 2533 2982 2605 judicabimini
3012 2533 3227 2601 (Matth.
3253 2530 3396 2602 7.2).
3421 2531 3551 2587 Esto

1941 2623 2102 2694 igitur
2153 2625 2414 2695 benignus
2464 2623 2838 2695 Immanusqtte
2888 2639 3152 2679 conservo
3208 2641 3221 2676 :
3275 2623 3552 2693 multaque

1942 2725 2158 2784 peccata
2190 2715 2401 2770 dimitte
2421 2757 2437 2782 ,
2479 2732 2544 2772 ac
2573 2716 2995 2772 misericordiam
3024 2732 3246 2782 exerce,
3273 2725 3333 2770 ut
3356 2725 3411 2771 et
3436 2716 3550 2786 ipse

1941 2805 2103 2859 talem
2149 2803 2407 2875 impetres
2463 2807 2806 2862 sententiam.
2849 2805 2985 2874 Quid
3040 2807 3132 2860 tibi
3185 2806 3286 2875 ipsi
3338 2807 3548 2875 negotia

1940 2895 2204 2951 facessis?
2232 2896 2358 2968 quid
2387 2899 2601 2953 curiose
2631 2899 2927 2953 scrutaris?
2953 2898 3010 2954 Si
3044 2899 3183 2953 Deus
3208 2899 3551 2969 prmcepissct

1941 2997 1997 3041 ut
2017 2987 2244 3042 aliorum
2265 2989 2427 3042 vitam
2450 3000 2835 3054 scrutaremur,
2857 2990 3092 3044 rationes
3110 3005 3547 3060 exposceremus,

1941 3091 2224 3147 moresque
2256 3079 2472 3133 curiose
2492 3079 2934 3148 disquireremus,
2961 3095 3141 3135 annon
3171 3081 3320 3134 multi
3350 3080 3400 3134 id
3429 3095 3546 3134 mo-

1943 3165 2079 3223 leste
2100 3167 2339 3223 ferrent?
2358 3185 2539 3224 annon
2573 3172 2708 3224 intra
2732 3185 2792 3225 se
2817 3170 3078 3233 dicerent,
3107 3172 3244 3240 Quid
3267 3172 3426 3240 igitur
3447 3172 3550 3229 huc

1938 3259 2056 3313 est?
2084 3259 2358 3315 difﬁcilem
2389 3262 2543 3317 nobis
2587 3277 2701 3317 rem
2734 3264 2871 3317 Dens
2904 3264 3230 3333 prmseripsit
3259 3283 3274 3320 :
3306 3279 3372 3319 an
3421 3280 3547 3336 pos-

1939 3365 2125 3404 sumus
2148 3352 2377 3408 aliorum
2412 3353 2573 3407 vitam
2603 3355 2954 3409 examinare?
2994 3372 3118 3409 nqu
3157 3356 3360 3410 scimus
3397 3373 3548 3426 qua:-

1940 3457 2063 3496 nam
2093 3443 2184 3498 ille
2211 3445 2330 3499 talis
2363 3452 2579 3514 peccata
2601 3445 2920 3500 admiserit?
2946 3448 3138 3500 Annon
3171 3448 3320 3501 nitilti
3352 3450 3544 3503 similia

1939 3535 2170 3604 plurima
2195 3537 2476 3592 dicerent?
2504 3538 2655 3592 Nunc
2681 3555 2829 3605 vero,
2860 3554 2982 3594 cum
3016 3555 3113 3593 nos
3141 3541 3208 3594 ab
3240 3541 3545 3610 hujusnnuti

1939 3629 2324 3698 perquisitione
2353 3629 2615 3696 liberavit,
2638 3645 2700 3683 ac
2732 3630 3036 3684 mercedem
3066 3632 3222 3686 nobis
3254 3632 3545 3700 perlectam

1940 3736 2000 3774 se
2031 3721 2278 3775 daturum
2305 3723 2572 3790 pollicitus
2594 3733 2706 3787 cst,
2745 3723 2860 3778 sive
2895 3725 3020 3778 mali
3049 3725 3162 3778 sive
3199 3724 3326 3779 boui
3359 3726 3465 3780 sint
3488 3725 3544 3790 ii,

1937 3815 2025 3881 qtti
2080 3813 2367 3881 accipiunt,
2399 3813 2553 3867 nobis
2607 3813 2734 3882 ipsi-
2781 3815 3054 3882 negotium
3105 3814 3432 3870 lacessimus.
3484 3819 3547 3870 Iit

1940 3906 2080 3958 unde
2111 3905 2214 3960 hoc
2241 3907 2427 3974 liquet,
2459 3907 2689 3974 inquies,
2722 3906 2864 3976 quod
2897 3908 3009 3961 sive
3039 3906 3217 3970 bonis,
3249 3909 3363 3966 sive
3391 3911 3544 3964 tnalis

1937 3993 2267 4062 dederimus,
2293 3995 2594 4051 mercedem
2619 3997 2887 4066 accepturi
2918 3997 3128 4051 simus?
3155 3998 3231 4052 Eo
3251 4000 3394 4069 quod
3430 3999 3545 4068 ipsc

1937 4085 2131 4139 dixerit
2163 4105 2172 4137 :
2203 4087 2359 4140 Orate
2383 4105 2474 4155 pro
2500 4088 2878 4150 insectantibus,
2912 4099 2957 4140 et
2983 4088 3408 4142 calumniantibus
3432 4108 3534 4150 ros

1940 4187 1992 4228 ιιι
2020 4180 2126 4230 sitis
2148 4179 2336 4231 similes
2357 4177 2530 4231 Patris
2553 4181 2701 4231 restri
2722 4221 2734 4241 ,
2766 4181 2850 4249 qui
2879 4180 2930 4232 in
2959 4181 3096 4232 cwlis
3128 4190 3200 4232 est
3225 4224 3238 4245 ,
3261 4181 3346 4247 qui
3379 4183 3536 4233 solum

1935 4285 2080 4321 suum
2107 4271 2231 4322 oriri
2259 4271 2384 4340 facit
2423 4286 2576 4338 super
2621 4272 2776 4324 bonos
2806 4280 2850 4324 et
2882 4270 3064 4333 malos,
3114 4281 3161 4324 et
3217 4271 3345 4338 pluit
3384 4288 3539 4341 super

1927 4361 2097 4429 justas
2119 4373 2162 4414 et
2203 4362 2420 4431 injustas
2452 4362 2662 4429 (Matth.
2701 4363 2753 4415 5.
2789 4363 2878 4416 44.
2911 4363 3026 4430 45).
3069 4361 3534 4426 Quemadmodum

1935 4467 2062 4521 ergo
2091 4452 2348 4505 Dominus
2404 4462 2542 4516 tuus,
2598 4468 2719 4504 ctnn
2764 4452 3028 4505 innumeri
3076 4452 3250 4520 ipsum
3287 4451 3535 4520 bla-phc-

1935 4552 2102 4606 ment,
2125 4543 2390 4595 innumeri
2425 4541 2776 4609 l'orniccntur,
2810 4542 3074 4604 furentur,
3107 4543 3494 4596 latrocinentur
3515 4585 3531 4607 ,

1932 4633 2176 4701 sepulcra
2208 4633 2497 4695 etl‘odiant,
2535 4633 2736 4686 infinita
2781 4632 2921 4686 mala
2962 4643 3293 4701 perpetrent,
3340 4649 3370 4686 a
3421 4635 3536 4686 suis

1931 4740 2057 4784 erga
2106 4740 2294 4779 omnes
2326 4725 2602 4780 bencﬁciis
2638 4740 2741 4779 non
2774 4725 3019 4789 absistit;
3067 4725 3159 4778 sed
3218 4741 3534 4780 communes

1933 4818 2132 4884 radios,
2170 4832 2484 4871 eomnmnes
2539 4817 2740 4874 imbres
2783 4825 2839 4870 et
2881 4817 3088 4871 fructus
3115 4828 3271 4872 terra:
3300 4817 3527 4887 profert,

1931 4926 2081 4963 suam
2109 4910 2370 4966 exhibens
2392 4927 2515 4979 erga
2542 4911 2787 4967 homines
2805 4911 3214 4965 beneﬁcentiam
3253 4928 3264 4962 :
3292 4911 3369 4963 sic
3393 4920 3446 4963 ct
3475 4921 3531 4963 ta

1933 5004 2112 5068 facito,
2153 5014 2204 5056 et
2244 5020 2364 5056 cum
2412 5015 2621 5072 tempus
2654 5003 3035 5057 misericordia:
3079 5004 3534 5073 humanitatisque
3582 5072 3589 5078 -

1929 5094 2245 5148 exhibenda:
2289 5094 2533 5157 adfuerit,
2575 5109 2835 5163 pauperes
2863 5094 3001 5155 fove,
3036 5093 3229 5148 famem
3260 5095 3410 5160 seda,
3464 5095 3534 5148 ab

1929 5185 2182 5238 :crnmnis
2215 5186 2400 5249 libera,
2432 5185 2562 5238 nihil
2583 5185 2805 5240 ulterius
2832 5196 3093 5240 scrutare.
3137 5187 3268 5240 Nam
3293 5188 3336 5240 si
3368 5189 3530 5242 vitam

1930 5275 2203 5328 hominum
2235 5277 2446 5330 curiose
2471 5276 3059 5345 disquirannts,nullius
3087 5293 3335 5347 umquam
3364 5279 3532 5332 miSe-

1928 5368 2196 5419 rebimur:
2231 5366 2324 5420 sed
2357 5369 2456 5421 hac
2489 5368 2860 5436 intempestiva
2888 5369 3196 5421 curiositate
3225 5369 3526 5436 prmpcditi,

1927 5459 2129 5526 absque
2161 5459 2358 5524 fructu,
2383 5467 2436 5512 ct
2457 5459 2601 5512 omni
2629 5459 2940 5526 adjumento
2987 5459 3227 5512 destituti
3279 5460 3525 5512 manebi-

1929 5567 2066 5613 mus,
2097 5552 2430 5620 multumque
2460 5551 2661 5606 laboris
2697 5551 2892 5604 frustra
2939 5562 2994 5604 ct
3039 5552 3307 5604 incassum
3354 5553 3525 5604 susci-

1927 5646 2155 5712 pientus.
2198 5645 2538 5713 Quapropter
2560 5660 2709 5713 rogo,
2739 5645 3152 5712 inoliporlunatn
3185 5643 3323 5696 hanc
3349 5643 3527 5694 curio-

1922 5739 2134 5791 sitatem
2168 5738 2505 5806 abjicicnlcs,
2529 5738 2714 5805 egenis
2745 5739 2993 5791 omnibus
3025 5738 3335 5805 largiamur,
3367 5735 3521 5804 idque

1920 5829 2252 5885 abundanter
2302 5830 2582 5900 faciamus,
2616 5839 2667 5884 ut
2720 5841 2771 5886 ct
2803 5831 2900 5900 ipsi
2953 5830 3042 5884 illo
3088 5829 3172 5882 die
3204 5845 3450 5899 magnam
3494 5845 3517 5883 a
