4228 6298
250 398 359 453 273

254 508 465 569 etiamsi
502 504 824 564 contristavi
855 514 951 557 vos
978 513 1075 569 per
1103 494 1339 567 priorem
1382 481 1805 569 admonitionem
1830 513 1848 539 ,

255 568 367 657 non
414 614 502 655 me
549 590 1049 668 pcedtetJametsi
1100 584 1423 656 ponituerat
1456 595 1469 633 :
1498 573 1653 668 video
1707 568 1852 625 enim

256 691 682 749 admonitionem
715 686 859 742 illam
887 692 944 741 et
965 679 1274 745 consilium,
1295 671 1508 730 tametsi
1537 667 1605 723 ad
1636 675 1851 732 tempus

257 801 364 843 nos
383 780 744 844 oontristavit.
782 777 913 833 mihi
940 785 1124 830 tamen
1168 782 1413 840 magnam
1439 761 1682 819 ltetitiam
1709 764 1853 811 attu-

263 880 430 945 lisse,
462 872 585 929 Non
627 869 764 941 quod
792 865 1075 923 contristati
1100 861 1321 936 fueritis,
1351 856 1440 911 sed
1480 852 1618 925 quod
1659 845 1853 945 centri:

257 970 384 1026 stati
403 940 514 1023 sitis
540 964 608 1019 ad
630 940 1001 1034 paenitentiam.
1037 955 1177 1013 Ecce
1203 953 1348 1009 enim
1372 949 1475 1004 hoc
1514 948 1685 1017 ipsum
1711 940 1853 1013 quod

257 1059 563 1119 contristati
589 1057 723 1113 estis
752 1050 1047 1109 secundum
1092 1049 1293 1109 Deum.
1318 1050 1573 1115 quantum
1611 1038 1665 1093 in
1703 1034 1857 1089 vobis

258 1151 521 1209 excitavit
563 1147 901 1206 alacritatis?
957 1139 1304 1215 Luculentior
1349 1143 1434 1192 est
1469 1130 1631 1187 hodie
1673 1133 1858 1181 noster

259 1249 594 1304 conventus,
626 1238 865 1293 festivius
894 1245 1137 1290 nostrum
1188 1230 1455 1285 theatrum
1475 1264 1493 1289 ,
1521 1215 1859 1276 numerosior

262 1329 489 1383 fratrum
514 1327 730 1383 chorus.
759 1326 885 1382 Haec
914 1326 1027 1396 ipsa
1070 1320 1320 1379 alacritas
1348 1314 1579 1371 tristitia:
1604 1308 1749 1363 illius
1774 1312 1860 1361 est

260 1421 498 1475 fructus.

337 1498 492 1563 Dona
507 1508 795 1577 spirit-alta
814 1506 1084 1578 largitione
1096 1508 1355 1559 enarunt.
1386 1494 1622 1554 Corinthi
1644 1505 1860 1547 cornuto-

264 1602 376 1654 rari
439 1616 531 1655 cur
573 1602 752 1672 jussus
794 1598 1013 1653 Paulus.
1040 1594 1268 1652 —1deo
1308 1591 1567 1663 quantum
1605 1595 1732 1640 tunc
1777 1582 1860 1636 in-

264 1691 450 1757 dolui,
475 1699 683 1746 tantum
712 1706 855 1745 nunc
894 1688 1121 1760 gaudeo,
1139 1684 1328 1741 videns
1357 1677 1690 1755 spiritualem
1721 1674 1860 1728 hanc

256 1790 507 1837 nostram
536 1781 747 1835 vineam
772 1780 1032 1835 fructibus
1055 1776 1329 1833 refertam.
1350 1773 1408 1827 Si
1428 1770 1573 1826 enim
1600 1768 1654 1822 in
1680 1765 1860 1833 vulga-

266 1874 419 1928 ribus
459 1873 576 1928 istis
602 1872 873 1929 conviviis
918 1872 1178 1927 honorem
1230 1864 1516 1938 quemdam
1561 1869 1618 1916 et
1668 1857 1859 1914 hilari-

255 1973 437 2019 salem
502 1963 836 2021 convivatori
883 1962 1039 2020 aﬂ'ert
1101 1947 1458 2017 convivarum
1518 1947 1817 2023 trcqtmtﬁﬂ
1841 1988 1857 2013 ο

264 2064 474 2126 quanto
499 2057 669 2128 magis
698 2056 753 2111 in
781 2055 1149 2126 spiritualibus
1176 2052 1260 2107 his
1286 2046 1548 2107 conviviis
1568 2045 1713 2101 idem
1743 2040 1860 2097 fieri

258 2146 525 2217 cornvenit
556 2164 570 2201 :
596 2147 839 2217 quamvis
870 2146 980 2201 illic
1001 2145 1346 2200 invitatorum
1375 2136 1662 2195 multitudo
1688 2133 1861 2205 magis

264 2238 520 2292 absumat
535 2253 620 2303 ea,
642 2253 763 2308 quae
783 2245 1143 2309 apponuntur,
1163 2233 1459 2304 maiorique
1485 2230 1558 2285 sit
1574 2224 1808 2297 sumptui
1844 2238 1859 2280 :
1935 2288 1940 2292 .

262 2326 359 2384 hic
384 2336 565 2384 autem
596 2337 785 2385 contra
808 2369 824 2396 ,
852 2327 1048 2384 nedum
1096 2326 1345 2382 absumat
1385 2335 1604 2378 mensas
1639 2326 1861 2374 vocato-

261 2436 390 2475 rum
419 2420 707 2477 multitudo
726 2462 741 2488 ,
784 2418 1182 2475 abundantiam.
1197 2431 1410 2487 quoque
1430 2413 1597 2485 parit;
1628 2408 1772 2481 quod
1816 2408 1861 2463 si

261 2512 379 2569 illic
406 2521 652 2582 sumptus
694 2513 1025 2582 voluptatem
1075 2509 1230 2567 affert
1253 2550 1268 2570 .
1318 2515 1521 2578 quanto
1568 2504 1738 2574 magis
1776 2502 1864 2558 hic

263 2604 413 2659 idem
441 2604 598 2660 faciet
623 2604 865 2660 accessio
902 2613 957 2659 et
982 2602 1225 2659 reditus?
1253 2600 1385 2656 ilice
1402 2610 1487 2654 est
1517 2598 1659 2652 enim
1700 2593 1860 2665 spiri-

267 2694 492 2750 tualium
539 2712 719 2752 rerum
764 2705 988 2763 natura,
1020 2708 1128 2763 quo
1164 2691 1405 2763 pluribus
1449 2684 1859 2752 distribuuntur,

264 2786 374 2843 hoc
399 2788 629 2857 amplius
653 2795 925 2843 crescunt.
944 2786 1203 2855 Quoniam
1236 2782 1397 2854 igitur
1424 2780 1581 2835 video
1608 2779 1861 2834 refertam

265 2878 510 2934 convivis
548 2893 814 2941 mensam,
859 2885 1116 2947 exspecto
1164 2875 1325 2930 etiam
1369 2872 1604 2943 Spiritus
1636 2868 1861 2941 gratiam

262 2968 438 3023 menti
501 2977 699 3023 nostra:
754 2968 1140 3023 insonaturam.
1197 2962 1427 3031 Quando
1473 2962 1619 3017 enim
1666 2960 1864 3015 multos

266 3059 461 3115 adesse
484 3056 649 3125 videt,
670 3068 794 3114 tunc
820 3057 1155 3126 copiosiores
1185 3052 1372 3123 epulas
1398 3066 1671 3120 apponere
1691 3050 1862 3114 solet;

259 3166 380 3203 non
399 3148 542 3218 quod
567 3163 767 3218 paucos
793 3146 1026 3201 fastidiat
1052 3186 1068 3210 ,
1098 3144 1190 3199 sed
1218 3142 1361 3212 quod
1393 3142 1685 3196 multorum
1721 3139 1865 3194 salu-

257 3250 380 3295 ltem
402 3238 693 3295 desideret.
721 3238 835 3292 liae
854 3236 924 3293 de
948 3251 1109 3290 causa
1141 3234 1364 3288 Paulum
1402 3246 1614 3302 quoque
1641 3237 1865 3300 praster-

259 3338 574 3388 currentem
618 3339 846 3385 ceteras
891 3329 1057 3383 urbes
1085 3370 1100 3393 ,
1157 3326 1297 3398 apud
1346 3322 1663 3378 Corinthum
1716 3336 1866 3376 com-

260 3424 469 3476 morari
497 3419 741 3475 Christus
768 3435 864 3489 per
887 3419 1148 3474 visionem
1166 3415 1347 3487 jussit.
1376 3414 1561 3468 dicens
1597 3430 1610 3465 :
1647 3410 1774 3465 Noli
1801 3412 1869 3463 ti.

267 3529 437 3576 mere,
464 3510 552 3565 sed
585 3513 786 3579 lnquere
820 3517 869 3562 et
910 3524 976 3562 ne
1017 3516 1216 3569 taceas,
1246 3505 1491 3573 quoniam
1532 3501 1753 3573 populus
1795 3509 1867 3554 est

270 3583 398 3656 milli
432 3602 619 3654 multus
653 3600 706 3653 in
738 3600 831 3653 hac
864 3597 1067 3652 civitate
1096 3594 1232 3665 (Act.
1273 3595 1352 3647 l8.
1390 3594 1441 3648 9.
1484 3592 1593 3660 ιο).
1625 3589 1681 3647 Si
1722 3589 1865 3645 enim

264 3705 492 3766 propter
527 3708 692 3747 unam
722 3690 990 3746 ovicttlam
1032 3697 1245 3743 montes
1274 3696 1329 3742 et
1361 3700 1579 3740 nemora
1617 3692 1672 3738 ct
1718 3684 1867 3737 inac-

265 3802 422 3842 cessa
456 3787 569 3841 loca
596 3792 916 3855 pervagatus
945 3792 1027 3837 est
1055 3790 1274 3851 pastor,
1314 3780 1403 3850 qui
1441 3778 1555 3832 fieri
1595 3785 1772 3846 potest
1812 3785 1869 3831 ut

270 3898 380 3937 non
423 3882 579 3950 longe
624 3879 887 3947 majorem
930 3890 1111 3932 curam
1152 3872 1426 3939 adhibeat,
1448 3870 1661 3941 quoties
1687 3869 1869 3923 multae

266 3990 401 4027 oves
452 3988 481 4026 a
528 3971 780 4026 socordia
828 3980 882 4023 et
931 3982 1117 4023 errore
1160 3973 1287 4020 sunt
1338 3958 1867 4027 revocand:e?Qnod

262 4065 416 4119 enim
445 4077 513 4117 ne
529 4076 732 4130 paucas
746 4059 961 4131 quidem
980 4065 1311 4114 contemnat.
1332 4053 1455 4108 andi
1486 4054 1659 4123 ipsum
1680 4051 1870 4106 dicen-

269 4166 380 4209 tem
410 4171 426 4208 :
457 4153 571 4206 Non
594 4162 666 4206 est
695 4150 929 4204 voluntas
978 4148 1147 4201 Patris
1177 4147 1294 4206 inci.
1331 4155 1385 4198 ut
1410 4155 1579 4216 pereat
1620 4144 1696 4197 uel
1739 4160 1869 4195 unus

266 4264 336 4301 ea:
371 4247 480 4301 istis
510 4244 736 4315 paruulis
759 4241 971 4315 (Matth.
1007 4242 1094 4297 l8.
1126 4238 1235 4305 l4).
1275 4237 1459 4307 Neque
1492 4238 1753 4305 paucitas,
1782 4236 1867 4288 in-

267 4341 389 4409 quit
412 4382 428 4405 ,
459 4354 634 4410 neque
662 4337 840 4393 vilitas
876 4336 1085 4393 inducit
1115 4351 1263 4399 eum,
1295 4344 1351 4388 ut
1383 4332 1615 4403 negligat
1641 4332 1869 4385 salutem

270 4440 535 4485 nostram.
804 4422 807 4425 ⁷

344 4522 398 4575 2.
431 4520 655 4591 Quando
676 4520 836 4591 igitur
858 4528 1059 4574 tantam
1092 4517 1253 4572 habet
1284 4514 1628 4583 parvulorum
1656 4528 1719 4569 ac
1740 4529 1871 4582 pau-

272 4628 462 4667 corum
487 4626 692 4675 curam,
719 4618 920 4664 tantam
945 4609 1109 4663 etiam
1148 4608 1461 4671 tuultorum,
1496 4607 1592 4658 toti
1638 4604 1707 4657 ab
1745 4603 1869 4671 ejus

275 4703 459 4756 favore
486 4701 800 4771 pendentes,
830 4698 896 4751 ad
936 4698 1082 4753 Pauli
1138 4696 1299 4750 verba
1344 4710 1463 4761 qua:
1512 4692 1675 4747 hodie
1722 4693 1862 4747 lecta

273 4802 424 4858 sunt,
468 4804 777 4846 sermonem
835 4790 1129 4843 ﬂectamus.
1179 4785 1419 4850 Scimus,
1449 4783 1640 4853 inquit,
1667 4783 1803 4852 quod
1827 4780 1873 4836 si

275 4876 533 4936 terrenum
560 4891 787 4935 nostrum
807 4878 1126 4933 domicilium
1155 4878 1310 4947 hujus
1331 4874 1644 4929 tabernaculi
1671 4875 1873 4928 destru-

276 4983 413 5026 ctum
444 4973 595 5044 fuerit
629 4971 706 5041 (2.
722 4970 842 5027 Cor.
862 4972 917 5026 5.
949 4969 1025 5040 ι).
1044 4970 1155 5024 lmo
1180 4983 1309 5022 vero
1334 4966 1496 5021 altius
1521 4975 1577 5019 et
1605 4965 1670 5019 ad
1698 4966 1873 5035 ipsum

276 5067 563 5126 exordium
594 5062 753 5134 hujus
777 5062 1060 5117 sententia:
1084 5060 1389 5115 redeamus.
1412 5058 1877 5126 Quemadmodum

278 5163 425 5219 enim
451 5160 540 5230 qui
566 5158 766 5213 fontem
795 5153 1177 5226 pervestigant,
1198 5152 1416 5206 invento
1443 5150 1595 5220 riguo
1622 5149 1742 5204 loco
1767 5164 1877 5204 non

279 5254 396 5309 illic
437 5252 612 5307 solum
659 5248 896 5311 todiunt,
925 5246 1017 5300 sed
1073 5245 1355 5299 humorem
1405 5258 1553 5309 emn,
1585 5250 1640 5296 et
1686 5258 1877 5297 venam

279 5354 575 5415 sequentes
604 5341 829 5397 interius
856 5348 1185 5403 scrutantur,
1214 5336 1391 5393 donec
1423 5335 1489 5390 ad
1516 5346 1679 5404 caput
1705 5336 1876 5403 ipsum

279 5446 344 5491 et
371 5434 578 5489 initium
601 5431 926 5487 fluentorum
971 5428 1322 5498 perveniant,
1351 5426 1429 5481 sic
1469 5434 1524 5481 et
1575 5442 1672 5480 nos
1719 5425 1880 5480 faciao

281 5539 422 5580 mus.
462 5524 820 5590 Posteaquam
865 5519 1169 5576 invenimus
1213 5518 1547 5587 spiritualem
1601 5517 1801 5571 fontem
1842 5533 1875 5573 e

284 5613 508 5673 Paulina
537 5613 799 5684 sapientia
859 5622 1188 5673 manantem,
1241 5611 1399 5663 terba
1446 5610 1561 5663 ha‘c
1609 5620 1877 5679 tamquam

282 5720 476 5761 Venam
505 5706 813 5776 quampiam
856 5703 1132 5773 sequendo
1156 5702 1221 5755 ad
1251 5712 1413 5771 caput
1440 5702 1611 5770 ipsum
1656 5713 1879 5757 senten-

282 5798 379 5855 tite
399 5798 783 5855 ascendanms.
838 5793 991 5865 Quod
1017 5801 1100 5849 est
1138 5792 1295 5864 igitur
1326 5792 1455 5847 illud
1487 5791 1648 5849 fontis
1670 5794 1882 5864 caput?

939 384 1028 442 DE
1067 375 1315 438 VERBIS
1352 359 1703 429 APOS'I'OLI,
1741 345 2106 415 HABENTES
2142 351 2434 410 EUMDEM
2478 345 2827 409 SPlRl‘l‘UM.
2870 343 2911 399 l.

3449 346 3556 403 Ἧι

1965 474 2219 530 Habentes
2243 473 2401 546 igitur
2422 471 2654 527 eumdem
2683 469 2938 542 Spiritum
2962 468 3109 539 ﬁdei,
3139 469 3271 525 sicut
3289 468 3551 543 scriptum

1960 575 2055 633 est,
2079 562 2285 620 Credidi
2315 572 2520 635 propter
2559 562 2695 631 quod
2734 560 2974 631 loquutus
3022 576 3138 614 sum
3167 575 3187 614 :
3208 567 3254 614 et
3274 575 3367 613 nos
3388 559 3553 616 credi-

1959 673 2107 722 mus,
2140 665 2449 727 quapropter
2503 664 2550 709 et
2594 652 2962 723 'loquimur(2.
2992 650 3112 706 Cor.
3171 650 3227 705 ι.
3281 649 3371 714 13;
3407 646 3553 703 Psat.

1963 746 2087 802 113.
2118 746 2232 816 l0).
2258 744 2395 813 Quid
2422 744 2541 800 ais?
2570 743 2669 797 nisi
2692 741 3007 807 credideris,
3039 756 3148 795 non
3177 739 3439 811 loqueris,
3460 740 3558 795 sed

1956 848 2141 901 mutus
2196 836 2447 908 perstas?
2492 835 2695 899 Etiam,
2737 834 2935 905 inquit;
2967 849 3143 904 neque
3190 832 3448 889 diducere
3486 850 3551 891 os

1962 945 2180 1002 possum
2208 930 2325 986 sine
2354 928 2479 992 fide.
2503 943 2679 998 neque
2700 942 2920 982 movere
2947 926 3205 997 linguam,
3230 942 3407 997 neque
3427 940 3556 997 aps-

1962 1022 2072 1079 rire
2114 1022 2250 1077 labia
2272 1062 2288 1087 ,
2319 1021 2531 1076 ratione
2559 1019 2818 1089 praeditus
2856 1033 2977 1073 cum
3008 1017 3134 1084 sim,
3168 1026 3348 1073 mutus
3373 1023 3561 1087 persto

1962 1111 2064 1167 nisi
2088 1112 2223 1167 ﬁdes
2242 1112 2384 1182 loqui
2428 1127 2515 1168 me
2545 1111 2756 1167 doceat.
2784 1109 2934 1165 Sicut
2963 1109 3108 1165 enim
3142 1108 3323 1178 planta
3354 1109 3560 1179 absque

1962 1202 2143 1259 radice
2168 1202 2398 1257 fructum
2426 1218 2535 1257 non
2575 1201 2817 1271 profert,
2851 1202 2922 1255 ita
2960 1201 3166 1270 absque
3195 1200 3317 1256 fidei
3365 1200 3557 1257 funua-

1964 1303 2146 1347 mento
2173 1309 2280 1347 non
2311 1293 2560 1365 provenit
2586 1308 2771 1348 sermo
2812 1291 3073 1347 doctrina:
3107 1310 3120 1346 :
3148 1300 3477 1363 quapropter
3503 1302 3560 1347 et

1962 1383 2087 1439 alibi
2135 1384 2347 1454 inquit:
2379 1382 2544 1439 Corde
2561 1384 2788 1438 creditur
2826 1383 2896 1436 ad
2941 1385 3235 1453 justitiam,
3259 1400 3349 1441 ore
3384 1393 3555 1440 autem

1962 1477 2212 1545 confessio
2237 1477 2296 1545 fit
2320 1475 2390 1530 ad
2414 1476 2630 1529 saliuam
2651 1474 2828 1545 (Item.
2866 1474 2948 1531 ιθ.
2988 1474 3099 1545 l0).

2063 1565 2220 1621 Fides
2262 1582 2385 1619 cum
2437 1566 2615 1621 baculo
2672 1577 3001 1635 comparata;
3049 1565 3379 1638 philosophos
3428 1566 3561 1623 ridet

1966 1657 2268 1727 profanos:
2335 1657 2465 1727 ﬁdes
2550 1674 2667 1713 cum
2747 1675 2939 1713 ancora
3010 1658 3215 1712 collata.
3282 1688 3356 1701 --
3419 1658 3559 1728 Quid

1965 1751 2089 1805 huic
2118 1751 2297 1806 arbori
2350 1750 2435 1805 vel
2459 1751 2706 1822 przeferri
2747 1751 2832 1805 vel
2866 1749 3097 1806 conferri
3148 1759 3361 1821 potest,
3404 1750 3561 1822 citius

1963 1842 2180 1913 quidem
2222 1858 2328 1898 non
2362 1843 2498 1897 rami
2529 1843 2703 1898 solum
2724 1885 2740 1907 ,
2764 1842 2861 1898 sed
2887 1842 3037 1897 radix
3060 1858 3273 1914 quoque
3300 1844 3416 1914 ipsa
3457 1843 3563 1899 fert

1961 1930 2234 2000 fructum,
2276 1932 2393 1988 iure
2430 1932 2729 2003 justitiam.
2772 1931 2849 1987 illi
2894 1933 3159 1988 salutem?
3206 1934 3331 1991 Ideo
3378 1932 3509 1990 dicit
3544 1950 3559 1989 :
3607 1990 3611 1995 ,

1966 2022 2252 2089 Credimus,
2279 2032 2589 2094 quapropter
2611 2033 2659 2078 et
2676 2024 2949 2094 loquimur.
2967 2021 3119 2080 Sicut
3142 2024 3287 2080 enim
3315 2025 3561 2081 membra

1968 2114 2216 2179 tremula,
2236 2122 2579 2169 etseueetute
2599 2114 2868 2185 languida,
2887 2113 3080 2171 baculo
3101 2124 3216 2171 tuto
3236 2114 3562 2183 deducente,

1964 2204 2071 2260 labi
2113 2214 2169 2259 et
2192 2204 2388 2260 cadere
2424 2220 2531 2260 non
2563 2204 2945 2274 permittuntur
2973 2223 2989 2261 :
3021 2205 3099 2260 sic
3125 2206 3287 2261 etiam
3329 2206 3564 2264 animam

1966 2304 2207 2350 nostram
2255 2294 2483 2350 infirmis
2523 2295 3024 2351 ratiocinationibus
3071 2297 3453 2353 circumactam
3496 2312 3563 2353 ac

1961 2386 2215 2455 jactatam
2244 2385 2376 2442 tides
2397 2385 2588 2457 quovis
2612 2386 2802 2442 hacqu
2820 2388 2983 2443 tutius
3006 2380 3335 2455 §ttstentans,
3362 2402 3565 2458 suaque

1969 2478 2024 2534 vi
2052 2478 2337 2547 reficiens,
2370 2493 2715 2549 summopere
2752 2479 2963 2545 firmat,
2985 2495 3099 2537 nec
3124 2479 3249 2535 sinit
3284 2480 3562 2550 subverti,

1967 2570 2210 2625 infirmas
2239 2569 2592 2641 cogitationes
2619 2571 2898 2641 corrigens
2926 2572 3233 2640 pnestantia
3254 2587 3366 2629 sua:
3392 2576 3562 2629 virtu-

1970 2660 2056 2725 tis,
2080 2669 2136 2715 et
2160 2659 2441 2731 caliginem
2465 2659 2610 2715 illam
2636 2660 2950 2730 dispellens,
2969 2662 3309 2733 animamque
3338 2664 3486 2720 velut
3511 2664 3563 2720 in

1968 2753 2241 2809 domicilio
2278 2754 2570 2810 tenebroso
2615 2755 2754 2810 inter
2786 2755 3174 2810 tumultuantes
3210 2757 3567 2828 cogitationes

1967 2845 2245 2901 sedentem
2284 2860 2385 2899 suo
2419 2844 2626 2901 lumine
2662 2845 2954 2901 illustrans.
2988 2845 3124 2902 Hinc
3150 2846 3243 2910 fit,
3276 2847 3449 2919 utqui
3477 2850 3564 2903 illa

1962 2946 2189 3005 carent,
2222 2936 2394 2992 nihilo
2433 2937 2645 3009 potiore
2682 2937 2790 2991 sint
2815 2936 3159 3004 conditione,
3188 2952 3351 3007 quam
3392 2939 3482 3010 qui
3514 2939 3566 2995 in

1970 3028 2207 3083 tenebris
2231 3029 2392 3083 vitam
2412 3027 2615 3098 degunt
2646 3046 2659 3082 :
2685 3027 2780 3083 sed
2810 3029 2949 3084 sicttt
2975 3028 3048 3083 illi
3075 3038 3128 3083 et
3154 3028 3222 3083 ad
3254 3030 3484 3099 parietes
3512 3042 3569 3086 et

1970 3119 2023 3173 in
2046 3118 2203 3173 obvia
2227 3133 2455 3189 qumque
2478 3118 2801 3189 impingunt,
2819 3130 2874 3173 et
2898 3120 2951 3173 in
2980 3119 3161 3175 foveas
3184 3135 3248 3175 ac
3275 3120 3568 3192 prtecipitia

1966 3210 2357 3282 prolabuntur,
2384 3225 2492 3267 nec
2534 3211 2703 3265 ullum
2745 3226 2900 3265 usum
2930 3211 3210 3267 oculorum
3242 3212 3439 3269 habent
3461 3254 3478 3279 ,
3511 3223 3564 3269 ut

1969 3302 2164 3373 quibus
2192 3301 2321 3357 nihil
2351 3301 2641 3371 prazluceat
2686 3320 2699 3355 :
2745 3303 2823 3357 sic
2849 3302 3012 3358 etiam
3042 3311 3307 3374 quotquot
3344 3304 3449 3360 ﬁde
3473 3321 3569 3360 ca-

1970 3402 2127 3459 rent,
2160 3402 2215 3448 et
2254 3394 2394 3449 inter
2435 3408 2495 3448 se
2534 3394 2622 3448 alii
2657 3394 2711 3448 in
2752 3392 2887 3448 alios
2918 3395 3222 3459 incursant,
3260 3407 3319 3451 et
3347 3395 3398 3451 in
3426 3396 3572 3466 ipsos

1973 3484 2206 3552 parietes
2231 3525 2246 3546 .
2287 3494 2343 3539 et
2384 3492 2659 3553 postremo
2688 3484 2741 3547 in
2773 3484 3084 3540 baratth
3113 3486 3331 3557 aliquod
3357 3488 3573 3544 exitiale

1971 3575 2113 3629 ultro
2142 3591 2201 3630 se
2226 3575 2324 3643 ipsi
2358 3575 2710 3645 praecipitant.

2008 3667 2255 3723 3.Testes
2269 3668 2398 3723 mihi
2412 3677 2533 3723 sunt
2546 3666 2619 3723 illi
2632 3668 2720 3738 qui
2736 3666 3008 3739 profanam
3021 3669 3337 3740 sapientiam
3344 3670 3571 3742 iactant,

1972 3760 2061 3830 qui
2085 3760 2309 3814 multum
2327 3759 2427 3815 sibi
2451 3760 2714 3829 promissa
2740 3758 2927 3825 barba,
2948 3760 3184 3833 tritoque
3206 3761 3368 3833 pallio
3391 3777 3455 3818 ac
3477 3763 3570 3818 ba-

1972 3852 2095 3907 culo
2114 3852 2345 3920 placent.
2362 3852 2490 3907 Post
2504 3853 2690 3922 longas
2705 3852 2850 3908 enim
2867 3867 2932 3908 ac
2946 3868 3092 3923 sepe
3108 3855 3365 3924 repetitas
3380 3855 3574 3910 disser-

1976 3943 2224 4008 tationes,
2244 3943 2449 4014 lapides
2467 3960 2575 4014 prte
2590 3945 2761 4000 oculis
2777 3945 2911 4000 sitos
2931 3960 3037 4001 non
3056 3946 3267 4002 vident:
3287 3948 3331 4003 si
3353 3949 3498 4004 enim
3518 3960 3577 4004 ut

1973 4034 2177 4103 lapides
2198 4049 2292 4090 eos
2313 4044 2621 4098 cernerent,
2641 4051 2979 4107 nequaquam
3003 4052 3098 4092 eos
3121 4038 3257 4093 deos
3271 4053 3393 4094 esse
3412 4052 3571 4110 puta-

1974 4137 2114 4183 rent.
2139 4128 2274 4195 Quin
2295 4128 2395 4198 ipsi
2411 4144 2623 4199 quoque
2645 4129 2698 4183 in
2717 4130 2853 4183 alios
2868 4129 2958 4183 alii
2977 4130 3240 4195 feruntur,
3259 4140 3417 4201 atque
3436 4132 3577 4188 inter

1976 4234 2035 4275 se
2062 4218 2407 4285 eolliduntur,
2429 4229 2486 4274 ut
2508 4220 2560 4273 in
2586 4220 2758 4288 ipsum
2782 4220 3071 4289 impietatis
3098 4221 3575 4291 profundissimam

1976 4311 2331 4381 pra'cipitium
2363 4311 2752 4376 devolvantttr,
2784 4326 2893 4366 non
2936 4311 3094 4368 aliam
3119 4314 3192 4368 ob
3229 4330 3345 4369 rem
3365 4355 3382 4377 ,
3413 4332 3578 4384 quam

1978 4402 2118 4470 quod
2144 4402 2644 4457 ratiocinationibus
2674 4403 2784 4456 suis
2826 4404 3007 4458 omnia
3034 4420 3130 4459 sua
3155 4406 3491 4475 permittunt.
3522 4406 3578 4460 Id

1980 4510 2108 4548 mro
2137 4494 2333 4549 Paulus
2362 4494 2670 4564 significans
2708 4495 2841 4549 dicit
2888 4512 2899 4547 :
2944 4495 3275 4551 Evanucrunt
3303 4498 3354 4551 in
3386 4500 3580 4570 cogita~

1979 4586 2199 4639 tionibus
2223 4588 2330 4641 suis
2348 4627 2363 4652 ,
2387 4598 2432 4641 ct
2471 4587 2848 4641 obteucbratum
2874 4598 2946 4642 est
2985 4588 3233 4659 insipiens
3254 4606 3342 4644 cor
3359 4606 3536 4644 eorum
3564 4608 3582 4645 :

1979 4694 2094 4731 cum
2119 4695 2173 4733 se
2188 4680 2450 4735 ,:redereat
2476 4695 2583 4733 esse
2610 4680 2896 4749 sapientes,
2923 4681 3064 4735 stulti
3083 4683 3208 4752 facti
3229 4693 3345 4737 sunt
3395 4681 3573 4754 (Rom.

1985 4770 2033 4823 l.
2060 4769 2288 4839 $.22).
2329 4771 2619 4826 Declarans
2644 4770 2839 4826 deinde
2875 4788 3036 4843 quam
3063 4775 3313 4831 occmcati
3345 4784 3399 4831 et
3433 4776 3580 4831 stulti

1981 4872 2182 4925 essent,
2214 4862 2362 4917 addit
2392 4862 2507 4918 haec
2537 4864 2697 4918 verba
2731 4880 2745 4919 :
2783 4862 3203 4937 Halanorumque
3243 4868 3462 4939 glorians
3498 4869 3581 4921 iu-

1982 4954 2325 5023 corruptibilis
2351 4951 2447 5007 Dei
2473 4953 2525 5007 in
2562 4953 2947 5008 similitudinem
2982 4956 3217 5026 imaginis
3231 4957 3584 5029 corruptibilis

1984 5045 2203 5099 hominis
2226 5085 2243 5113 ,
2271 5054 2317 5098 et
2348 5043 2633 5099 volatiliunt
2657 5085 2672 5108 ,
2702 5056 2749 5099 et
2774 5045 3165 5118 quadrupedum
3189 5090 3201 5112 ,
3232 5060 3289 5101 et
3321 5050 3582 5120 reptilinm

1986 5136 2151 5206 (Ibid.
2186 5152 2238 5193 υ.
2260 5134 2376 5207 εδ).
2404 5135 2509 5193 Sed
2558 5136 2655 5193 has
2685 5136 2939 5194 teneln‘as
2970 5137 3105 5194 fides
3133 5139 3362 5196 adventu
3397 5156 3496 5195 suo
3527 5142 3581 5195 in

1986 5230 2295 5284 universum
2323 5228 2540 5283 discutit
2571 5229 2622 5283 in
2652 5227 2852 5293 anima,
2883 5244 3002 5299 quae
3028 5242 3089 5285 se
3105 5228 3345 5301 hospitio
3364 5220 3582 5302 dignata

1988 5318 2150 5376 fuerit
2189 5338 2204 5375 :
2243 5330 2297 5374 et
2330 5318 2783 5389 quemadmodum
2822 5336 3020 5376 navem
3061 5330 3342 5377 ventorum
3381 5323 3583 5392 impetu

1983 5411 2236 5481 iactatam
2263 5453 2278 5477 ,
2323 5420 2380 5467 et
2430 5410 2690 5466 ﬂuctuum
2730 5411 2940 5467 assultu
2982 5411 3318 5479 inundatam,
3351 5414 3584 5469 demissa

1987 5519 2186 5559 ancora
2216 5504 2437 5558 omnino
2458 5503 2700 5570 stabilit,
2733 5512 2788 5557 et
2816 5502 2902 5558 vel
2932 5504 2985 5558 in
3015 5504 3193 5559 medio
3221 5505 3409 5576 pelago
3438 5504 3582 5559 radi-

1986 5607 2076 5653 cat
2104 5615 2114 5650 :
2148 5596 2218 5650 ita
2246 5598 2405 5651 etiam
2432 5605 2665 5651 mentem
2688 5604 2927 5650 nostram
2948 5597 3225 5653 extraneis
3247 5597 3586 5667 cogitationi-

1990 5698 2090 5753 bus
2110 5698 2363 5767 jactatam
2386 5696 2617 5750 adventu
2640 5710 2739 5749 suo
2770 5694 2902 5750 ﬁdes
2926 5696 3091 5751 tutius
3116 5711 3277 5765 quam
3297 5710 3493 5749 ancora
3520 5710 3585 5751 ex

1992 5790 2292 5847 imminenti
2323 5787 2596 5859 naufragio
2631 5786 2844 5855 liberat,
2864 5788 3141 5860 tamquam
3171 5789 3222 5845 in
3247 5787 3591 5858 tranquillum
