  <div class='ocr_page' id='page_1' title='image "/cluster/home/n/w/nwhite01/storage/ocr_20150623/51/pst.000005712502/279.png"; bbox 0 0 4228 6298; ppageno 0'>
   <div class='ocr_carea' id='block_1_1' title="bbox 695 335 796 389">
    <p class='ocr_par' dir='ltr' id='par_1_1' title="bbox 695 335 796 389">
     <span class='ocr_line' id='line_1_1' title="bbox 695 335 796 389; baseline -0.01 0"><span class='ocrx_word' id='word_1_1' title='bbox 695 335 796 389; x_wconf 70' lang='lat'><strong>275</strong></span> 
     </span>
    </p>
   </div>
   <div class='ocr_carea' id='block_1_2' title="bbox 694 462 2268 542">
    <p class='ocr_par' dir='ltr' id='par_1_2' title="bbox 694 462 2268 542">
     <span class='ocr_line' id='line_1_2' title="bbox 694 462 2268 542; baseline 0.009 -28"><span class='ocrx_word' id='word_1_2' title='bbox 694 469 928 529; x_wconf 81' lang='lat' dir='ltr'><strong>portum,</strong></span> <span class='ocrx_word' id='word_1_3' title='bbox 965 462 1019 519; x_wconf 88' lang='lat' dir='ltr'><strong>lu</strong></span> <span class='ocrx_word' id='word_1_4' title='bbox 1045 462 1383 542; x_wconf 77' lang='lat' dir='ltr'><strong>conscientia:</strong></span> <span class='ocrx_word' id='word_1_5' title='bbox 1403 465 1774 523; x_wconf 86' lang='lat' dir='ltr'><strong>certitudinem</strong></span> <span class='ocrx_word' id='word_1_6' title='bbox 1801 469 2090 527; x_wconf 88' lang='lat' dir='ltr'><strong>deducens.</strong></span> <span class='ocrx_word' id='word_1_7' title='bbox 2117 473 2268 541; x_wconf 86' lang='lat' dir='ltr'><strong>Quod</strong></span> 
     </span>
    </p>
   </div>
   <div class='ocr_carea' id='block_1_3' title="bbox 691 555 2270 633">
    <p class='ocr_par' dir='ltr' id='par_1_3' title="bbox 691 555 2270 633">
     <span class='ocr_line' id='line_1_3' title="bbox 691 555 2270 633; baseline 0.007 -26"><span class='ocrx_word' id='word_1_8' title='bbox 691 564 747 607; x_wconf 86' lang='lat' dir='ltr'><strong>et</strong></span> <span class='ocrx_word' id='word_1_9' title='bbox 780 555 950 622; x_wconf 80' lang='lat' dir='ltr'><strong>ipsum</strong></span> <span class='ocrx_word' id='word_1_10' title='bbox 994 557 1186 610; x_wconf 79' lang='lat' dir='ltr'><strong>Paulus</strong></span> <span class='ocrx_word' id='word_1_11' title='bbox 1228 559 1530 626; x_wconf 83' lang='lat' dir='ltr'><strong>signiﬁcans</strong></span> <span class='ocrx_word' id='word_1_12' title='bbox 1581 561 1707 615; x_wconf 92' lang='lat' dir='ltr'><strong>dicit</strong></span> <span class='ocrx_word' id='word_1_13' title='bbox 1753 579 1767 614; x_wconf 89' lang='lat'><strong>:</strong></span> <span class='ocrx_word' id='word_1_14' title='bbox 1816 561 2089 633; x_wconf 84' lang='lat' dir='ltr'><strong>Propterea</strong></span> <span class='ocrx_word' id='word_1_15' title='bbox 2131 565 2270 618; x_wconf 83' lang='lat' dir='ltr'><strong>dedit</strong></span> 
     </span>
    </p>
   </div>
   <div class='ocr_carea' id='block_1_4' title="bbox 694 648 2272 718">
    <p class='ocr_par' dir='ltr' id='par_1_4' title="bbox 694 648 2272 718">
     <span class='ocr_line' id='line_1_4' title="bbox 694 648 2272 718; baseline 0.005 -16"><span class='ocrx_word' id='word_1_16' title='bbox 694 648 831 703; x_wconf 86' lang='lat' dir='ltr'><strong>Deus</strong></span> <span class='ocrx_word' id='word_1_17' title='bbox 860 649 1112 718; x_wconf 81' lang='lat' dir='ltr'><strong>apostolos</strong></span> <span class='ocrx_word' id='word_1_18' title='bbox 1145 649 1213 700; x_wconf 85' lang='lat' dir='ltr'><strong>ad</strong></span> <span class='ocrx_word' id='word_1_19' title='bbox 1245 652 1728 706; x_wconf 71' lang='lat' dir='ltr'><strong>consummationem</strong></span> <span class='ocrx_word' id='word_1_20' title='bbox 1756 660 2043 707; x_wconf 84' lang='lat' dir='ltr'><strong>sanctorum</strong></span> <span class='ocrx_word' id='word_1_21' title='bbox 2063 695 2079 718; x_wconf 95' lang='lat'><strong>,</strong></span> <span class='ocrx_word' id='word_1_22' title='bbox 2111 656 2272 710; x_wconf 85' lang='lat' dir='ltr'><strong>donec</strong></span> 
     </span>
    </p>
   </div>
   <div class='ocr_carea' id='block_1_5' title="bbox 690 743 2273 815">
    <p class='ocr_par' dir='ltr' id='par_1_5' title="bbox 690 743 2273 815">
     <span class='ocr_line' id='line_1_5' title="bbox 690 743 2273 815; baseline 0.001 -17"><span class='ocrx_word' id='word_1_23' title='bbox 690 757 1013 798; x_wconf 73' lang='lat' dir='ltr'><strong>occurramus</strong></span> <span class='ocrx_word' id='word_1_24' title='bbox 1038 756 1209 798; x_wconf 86' lang='lat' dir='ltr'><strong>omnes</strong></span> <span class='ocrx_word' id='word_1_25' title='bbox 1245 743 1300 796; x_wconf 87' lang='lat' dir='ltr'><strong>in</strong></span> <span class='ocrx_word' id='word_1_26' title='bbox 1333 745 1579 799; x_wconf 84' lang='lat' dir='ltr'><strong>unitatem</strong></span> <span class='ocrx_word' id='word_1_27' title='bbox 1603 747 1721 813; x_wconf 86' lang='lat' dir='ltr'><strong>ﬁdei</strong></span> <span class='ocrx_word' id='word_1_28' title='bbox 1748 757 1797 799; x_wconf 87' lang='lat' dir='ltr'><strong>et</strong></span> <span class='ocrx_word' id='word_1_29' title='bbox 1835 747 2108 815; x_wconf 80' lang='lat' dir='ltr'><strong>agnitionis</strong></span> <span class='ocrx_word' id='word_1_30' title='bbox 2149 746 2273 800; x_wconf 81' lang='lat' dir='ltr'><strong>Filii</strong></span> 
     </span>
    </p>
   </div>
   <div class='ocr_carea' id='block_1_6' title="bbox 691 829 2270 905">
    <p class='ocr_par' dir='ltr' id='par_1_6' title="bbox 691 829 2270 905">
     <span class='ocr_line' id='line_1_6' title="bbox 691 829 2270 905; baseline 0.001 -17"><span class='ocrx_word' id='word_1_31' title='bbox 691 833 816 899; x_wconf 85' lang='lat' dir='ltr'><strong>Dei,</strong></span> <span class='ocrx_word' id='word_1_32' title='bbox 850 845 901 887; x_wconf 75' lang='lat' dir='ltr'><strong>ut</strong></span> <span class='ocrx_word' id='word_1_33' title='bbox 923 842 984 888; x_wconf 85' lang='lat' dir='ltr'><strong>ne</strong></span> <span class='ocrx_word' id='word_1_34' title='bbox 1011 835 1234 905; x_wconf 78' lang='lat' dir='ltr'><strong>amplius</strong></span> <span class='ocrx_word' id='word_1_35' title='bbox 1264 835 1424 890; x_wconf 83' lang='lat' dir='ltr'><strong>simus</strong></span> <span class='ocrx_word' id='word_1_36' title='bbox 1446 836 1641 905; x_wconf 75' lang='lat' dir='ltr'><strong>parvuli</strong></span> <span class='ocrx_word' id='word_1_37' title='bbox 1663 829 1968 904; x_wconf 74' lang='lat' dir='ltr'><strong>ﬁuctuantes</strong></span> <span class='ocrx_word' id='word_1_38' title='bbox 1989 878 2002 900; x_wconf 92' lang='lat'><strong>,</strong></span> <span class='ocrx_word' id='word_1_39' title='bbox 2030 848 2077 890; x_wconf 90' lang='lat' dir='ltr'><strong>et</strong></span> <span class='ocrx_word' id='word_1_40' title='bbox 2097 838 2270 901; x_wconf 69' lang='lat' dir='ltr'><strong>quouis</strong></span> 
     </span>
    </p>
   </div>
   <div class='ocr_carea' id='block_1_7' title="bbox 687 924 2270 996">
    <p class='ocr_par' dir='ltr' id='par_1_7' title="bbox 687 924 2270 996">
     <span class='ocr_line' id='line_1_7' title="bbox 687 924 2270 996; baseline 0 -18"><span class='ocrx_word' id='word_1_41' title='bbox 687 936 832 978; x_wconf 80' lang='lat' dir='ltr'><strong>rente</strong></span> <span class='ocrx_word' id='word_1_42' title='bbox 853 925 949 978; x_wconf 87' lang='lat' dir='ltr'><strong>huc</strong></span> <span class='ocrx_word' id='word_1_43' title='bbox 975 933 1123 994; x_wconf 76' lang='lat' dir='ltr'><strong>atque</strong></span> <span class='ocrx_word' id='word_1_44' title='bbox 1148 925 1274 979; x_wconf 87' lang='lat' dir='ltr'><strong>illuc</strong></span> <span class='ocrx_word' id='word_1_45' title='bbox 1303 926 1476 991; x_wconf 77' lang='lat' dir='ltr'><strong>iactati</strong></span> <span class='ocrx_word' id='word_1_46' title='bbox 1516 924 1729 995; x_wconf 78' lang='lat' dir='ltr'><strong>(Ep/tes.</strong></span> <span class='ocrx_word' id='word_1_47' title='bbox 1767 927 1820 980; x_wconf 72' lang='grc'><strong>4.</strong></span> <span class='ocrx_word' id='word_1_48' title='bbox 1856 927 1914 980; x_wconf 81' lang='lat' dir='ltr'><strong>ll</strong></span> <span class='ocrx_word' id='word_1_49' title='bbox 1968 956 1995 967; x_wconf 88' lang='lat'><strong>-</strong></span> <span class='ocrx_word' id='word_1_50' title='bbox 2027 925 2149 996; x_wconf 73' lang='grc' dir='ltr'><strong>η).</strong></span> <span class='ocrx_word' id='word_1_51' title='bbox 2183 925 2270 979; x_wconf 70' lang='lat' dir='ltr'><strong>Vi-</strong></span> 
     </span>
    </p>
   </div>
   <div class='ocr_carea' id='block_1_8' title="bbox 685 1013 2264 1087">
    <p class='ocr_par' dir='ltr' id='par_1_8' title="bbox 685 1013 2264 1087">
     <span class='ocr_line' id='line_1_8' title="bbox 685 1013 2264 1087; baseline 0.001 -19"><span class='ocrx_word' id='word_1_52' title='bbox 685 1018 782 1069; x_wconf 88' lang='lat' dir='ltr'><strong>des</strong></span> <span class='ocrx_word' id='word_1_53' title='bbox 823 1013 944 1068; x_wconf 82' lang='lat' dir='ltr'><strong>ﬁdei</strong></span> <span class='ocrx_word' id='word_1_54' title='bbox 974 1015 1179 1070; x_wconf 80' lang='lat' dir='ltr'><strong>facinus</strong></span> <span class='ocrx_word' id='word_1_55' title='bbox 1209 1017 1520 1085; x_wconf 59' lang='lat' dir='ltr'><strong>praclarum</strong></span> <span class='ocrx_word' id='word_1_56' title='bbox 1545 1057 1558 1079; x_wconf 90' lang='lat'><strong>,</strong></span> <span class='ocrx_word' id='word_1_57' title='bbox 1588 1016 1730 1085; x_wconf 89' lang='lat' dir='ltr'><strong>quod</strong></span> <span class='ocrx_word' id='word_1_58' title='bbox 1759 1031 1856 1070; x_wconf 87' lang='lat' dir='ltr'><strong>ceu</strong></span> <span class='ocrx_word' id='word_1_59' title='bbox 1889 1031 2082 1070; x_wconf 90' lang='lat' dir='ltr'><strong>ancora</strong></span> <span class='ocrx_word' id='word_1_60' title='bbox 2119 1031 2264 1087; x_wconf 73' lang='lat' dir='ltr'><strong>qua:-</strong></span> 
     </span>
    </p>
   </div>
   <div class='ocr_carea' id='block_1_9' title="bbox 684 1105 2268 1176">
    <p class='ocr_par' dir='ltr' id='par_1_9' title="bbox 684 1105 2268 1176">
     <span class='ocr_line' id='line_1_9' title="bbox 684 1105 2268 1176; baseline 0.001 -19"><span class='ocrx_word' id='word_1_61' title='bbox 684 1109 830 1176; x_wconf 85' lang='lat' dir='ltr'><strong>piam</strong></span> <span class='ocrx_word' id='word_1_62' title='bbox 875 1107 1138 1161; x_wconf 84' lang='lat' dir='ltr'><strong>tutissima</strong></span> <span class='ocrx_word' id='word_1_63' title='bbox 1163 1148 1177 1166; x_wconf 91' lang='lat'><strong>.</strong></span> <span class='ocrx_word' id='word_1_64' title='bbox 1219 1122 1247 1160; x_wconf 92' lang='lat' dir='ltr'><strong>a</strong></span> <span class='ocrx_word' id='word_1_65' title='bbox 1296 1105 1638 1160; x_wconf 81' lang='lat' dir='ltr'><strong>ﬂuctuatione</strong></span> <span class='ocrx_word' id='word_1_66' title='bbox 1678 1106 1858 1160; x_wconf 75' lang='lat' dir='ltr'><strong>liberat</strong></span> <span class='ocrx_word' id='word_1_67' title='bbox 1896 1123 1909 1158; x_wconf 93' lang='lat'><strong>:</strong></span> <span class='ocrx_word' id='word_1_68' title='bbox 1950 1109 2085 1159; x_wconf 91' lang='lat' dir='ltr'><strong>sicut</strong></span> <span class='ocrx_word' id='word_1_69' title='bbox 2130 1107 2268 1159; x_wconf 89' lang='lat' dir='ltr'><strong>idem</strong></span> 
     </span>
    </p>
   </div>
   <div class='ocr_carea' id='block_1_10' title="bbox 687 1194 2266 1265">
    <p class='ocr_par' dir='ltr' id='par_1_10' title="bbox 687 1194 2266 1265">
     <span class='ocr_line' id='line_1_10' title="bbox 687 1194 2266 1265; baseline 0 -17"><span class='ocrx_word' id='word_1_70' title='bbox 687 1210 873 1249; x_wconf 80' lang='lat' dir='ltr'><strong>rursus</strong></span> <span class='ocrx_word' id='word_1_71' title='bbox 902 1195 967 1248; x_wconf 92' lang='lat' dir='ltr'><strong>ad</strong></span> <span class='ocrx_word' id='word_1_72' title='bbox 998 1195 1247 1248; x_wconf 68' lang='lat' dir='ltr'><strong>llehrmos</strong></span> <span class='ocrx_word' id='word_1_73' title='bbox 1275 1195 1479 1254; x_wconf 81' lang='lat' dir='ltr'><strong>scribit,</strong></span> <span class='ocrx_word' id='word_1_74' title='bbox 1505 1197 1604 1249; x_wconf 92' lang='lat' dir='ltr'><strong>hoc</strong></span> <span class='ocrx_word' id='word_1_75' title='bbox 1625 1197 1783 1248; x_wconf 89' lang='lat' dir='ltr'><strong>modo</strong></span> <span class='ocrx_word' id='word_1_76' title='bbox 1803 1197 1867 1248; x_wconf 86' lang='lat' dir='ltr'><strong>de</strong></span> <span class='ocrx_word' id='word_1_77' title='bbox 1890 1194 1991 1249; x_wconf 88' lang='lat' dir='ltr'><strong>ﬁde</strong></span> <span class='ocrx_word' id='word_1_78' title='bbox 2010 1197 2232 1265; x_wconf 87' lang='lat' dir='ltr'><strong>loquens</strong></span> <span class='ocrx_word' id='word_1_79' title='bbox 2255 1215 2266 1248; x_wconf 92' lang='lat'><strong>:</strong></span> 
     </span>
    </p>
   </div>
   <div class='ocr_carea' id='block_1_11' title="bbox 691 1287 2266 1360">
    <p class='ocr_par' dir='ltr' id='par_1_11' title="bbox 691 1287 2266 1360">
     <span class='ocr_line' id='line_1_11' title="bbox 691 1287 2266 1360; baseline 0.002 -21"><span class='ocrx_word' id='word_1_80' title='bbox 691 1288 857 1353; x_wconf 78' lang='lat' dir='ltr'><strong>Quam</strong></span> <span class='ocrx_word' id='word_1_81' title='bbox 888 1287 1019 1340; x_wconf 73' lang='lat' dir='ltr'><strong>velut</strong></span> <span class='ocrx_word' id='word_1_82' title='bbox 1039 1303 1279 1340; x_wconf 87' lang='lat' dir='ltr'><strong>ancoram</strong></span> <span class='ocrx_word' id='word_1_83' title='bbox 1301 1297 1524 1340; x_wconf 67' lang='lat' dir='ltr'><strong>tenemus</strong></span> <span class='ocrx_word' id='word_1_84' title='bbox 1547 1290 1748 1354; x_wconf 70' lang='lat' dir='ltr'><strong>animm,</strong></span> <span class='ocrx_word' id='word_1_85' title='bbox 1769 1301 1927 1342; x_wconf 88' lang='lat' dir='ltr'><strong>tutam</strong></span> <span class='ocrx_word' id='word_1_86' title='bbox 1950 1293 2266 1360; x_wconf 82' lang='lat' dir='ltr'><strong>ﬁrmamque,</strong></span> 
     </span>
    </p>
   </div>
   <div class='ocr_carea' id='block_1_12' title="bbox 688 1377 2267 1451">
    <p class='ocr_par' dir='ltr' id='par_1_12' title="bbox 688 1377 2267 1451">
     <span class='ocr_line' id='line_1_12' title="bbox 688 1377 2267 1451; baseline 0.003 -23"><span class='ocrx_word' id='word_1_87' title='bbox 688 1386 734 1428; x_wconf 87' lang='lat' dir='ltr'><strong>et</strong></span> <span class='ocrx_word' id='word_1_88' title='bbox 764 1377 1091 1428; x_wconf 66' lang='lat' dir='ltr'><strong>introeuntem</strong></span> <span class='ocrx_word' id='word_1_89' title='bbox 1118 1392 1275 1446; x_wconf 83' lang='lat' dir='ltr'><strong>usque</strong></span> <span class='ocrx_word' id='word_1_90' title='bbox 1294 1377 1360 1429; x_wconf 81' lang='lat' dir='ltr'><strong>ad</strong></span> <span class='ocrx_word' id='word_1_91' title='bbox 1387 1394 1444 1429; x_wconf 91' lang='lat' dir='ltr'><strong>ea</strong></span> <span class='ocrx_word' id='word_1_92' title='bbox 1471 1391 1584 1447; x_wconf 78' lang='lat' dir='ltr'><strong>qua:</strong></span> <span class='ocrx_word' id='word_1_93' title='bbox 1603 1390 1716 1430; x_wconf 85' lang='lat' dir='ltr'><strong>sunt</strong></span> <span class='ocrx_word' id='word_1_94' title='bbox 1739 1379 1870 1431; x_wconf 86' lang='lat' dir='ltr'><strong>intra</strong></span> <span class='ocrx_word' id='word_1_95' title='bbox 1894 1382 2054 1433; x_wconf 84' lang='lat' dir='ltr'><strong>velum</strong></span> <span class='ocrx_word' id='word_1_96' title='bbox 2083 1378 2267 1451; x_wconf 75' lang='lat' dir='ltr'><strong>(Hebr.</strong></span> 
     </span>
    </p>
   </div>
   <div class='ocr_carea' id='block_1_13' title="bbox 689 1467 2269 1538">
    <p class='ocr_par' dir='ltr' id='par_1_13' title="bbox 689 1467 2269 1538">
     <span class='ocr_line' id='line_1_13' title="bbox 689 1467 2269 1538; baseline 0.004 -17"><span class='ocrx_word' id='word_1_97' title='bbox 689 1468 741 1521; x_wconf 82' lang='lat'><strong>6.</strong></span> <span class='ocrx_word' id='word_1_98' title='bbox 789 1467 853 1521; x_wconf 86' lang='lat' dir='ltr'><strong>l9</strong></span> <span class='ocrx_word' id='word_1_99' title='bbox 881 1467 922 1536; x_wconf 88' lang='lat'><strong>).</strong></span> <span class='ocrx_word' id='word_1_100' title='bbox 969 1467 1042 1521; x_wconf 78' lang='lat' dir='ltr'><strong>Ne</strong></span> <span class='ocrx_word' id='word_1_101' title='bbox 1086 1469 1227 1521; x_wconf 88' lang='lat' dir='ltr'><strong>enim</strong></span> <span class='ocrx_word' id='word_1_102' title='bbox 1272 1468 1448 1521; x_wconf 91' lang='lat' dir='ltr'><strong>audita</strong></span> <span class='ocrx_word' id='word_1_103' title='bbox 1489 1483 1681 1522; x_wconf 91' lang='lat' dir='ltr'><strong>ancora</strong></span> <span class='ocrx_word' id='word_1_104' title='bbox 1729 1481 1882 1538; x_wconf 88' lang='lat' dir='ltr'><strong>putes</strong></span> <span class='ocrx_word' id='word_1_105' title='bbox 1922 1471 2175 1525; x_wconf 87' lang='lat' dir='ltr'><strong>deorsum</strong></span> <span class='ocrx_word' id='word_1_106' title='bbox 2219 1484 2269 1527; x_wconf 89' lang='lat' dir='ltr'><strong>te</strong></span> 
     </span>
    </p>
   </div>
   <div class='ocr_carea' id='block_1_14' title="bbox 688 1560 2269 1632">
    <p class='ocr_par' dir='ltr' id='par_1_14' title="bbox 688 1560 2269 1632">
     <span class='ocr_line' id='line_1_14' title="bbox 688 1560 2269 1632; baseline 0.002 -18"><span class='ocrx_word' id='word_1_107' title='bbox 688 1561 999 1614; x_wconf 75' lang='lat' dir='ltr'><strong>trahendum</strong></span> <span class='ocrx_word' id='word_1_108' title='bbox 1026 1601 1041 1626; x_wconf 91' lang='lat'><strong>,</strong></span> <span class='ocrx_word' id='word_1_109' title='bbox 1076 1560 1303 1614; x_wconf 82' lang='lat' dir='ltr'><strong>ostendit</strong></span> <span class='ocrx_word' id='word_1_110' title='bbox 1344 1576 1537 1614; x_wconf 69' lang='lat' dir='ltr'><strong>novum</strong></span> <span class='ocrx_word' id='word_1_111' title='bbox 1577 1576 1695 1615; x_wconf 82' lang='lat' dir='ltr'><strong>esse</strong></span> <span class='ocrx_word' id='word_1_112' title='bbox 1744 1562 2010 1632; x_wconf 86' lang='lat' dir='ltr'><strong>quoddam</strong></span> <span class='ocrx_word' id='word_1_113' title='bbox 2056 1577 2269 1618; x_wconf 76' lang='lat' dir='ltr'><strong>ancora:</strong></span> 
     </span>
    </p>
   </div>
   <div class='ocr_carea' id='block_1_15' title="bbox 687 1652 2266 1722">
    <p class='ocr_par' dir='ltr' id='par_1_15' title="bbox 687 1652 2266 1722">
     <span class='ocr_line' id='line_1_15' title="bbox 687 1652 2266 1722; baseline 0.001 -15"><span class='ocrx_word' id='word_1_114' title='bbox 687 1667 872 1722; x_wconf 72' lang='lat' dir='ltr'><strong>geuus,</strong></span> <span class='ocrx_word' id='word_1_115' title='bbox 901 1669 1017 1721; x_wconf 76' lang='lat' dir='ltr'><strong>qua:</strong></span> <span class='ocrx_word' id='word_1_116' title='bbox 1045 1667 1148 1705; x_wconf 89' lang='lat' dir='ltr'><strong>non</strong></span> <span class='ocrx_word' id='word_1_117' title='bbox 1170 1652 1454 1721; x_wconf 81' lang='lat' dir='ltr'><strong>deprimat,</strong></span> <span class='ocrx_word' id='word_1_118' title='bbox 1471 1653 1562 1706; x_wconf 87' lang='lat' dir='ltr'><strong>sed</strong></span> <span class='ocrx_word' id='word_1_119' title='bbox 1588 1668 1796 1707; x_wconf 61' lang='lat' dir='ltr'><strong>sursmu</strong></span> <span class='ocrx_word' id='word_1_120' title='bbox 1821 1663 2050 1708; x_wconf 89' lang='lat' dir='ltr'><strong>mentem</strong></span> <span class='ocrx_word' id='word_1_121' title='bbox 2074 1656 2266 1719; x_wconf 74' lang='lat' dir='ltr'><strong>elevet,</strong></span> 
     </span>
    </p>
   </div>
   <div class='ocr_carea' id='block_1_16' title="bbox 686 1745 2267 1814">
    <p class='ocr_par' dir='ltr' id='par_1_16' title="bbox 686 1745 2267 1814">
     <span class='ocr_line' id='line_1_16' title="bbox 686 1745 2267 1814; baseline 0.003 -16"><span class='ocrx_word' id='word_1_122' title='bbox 686 1745 751 1798; x_wconf 85' lang='lat' dir='ltr'><strong>ad</strong></span> <span class='ocrx_word' id='word_1_123' title='bbox 778 1746 967 1799; x_wconf 83' lang='lat' dir='ltr'><strong>ca-lum</strong></span> <span class='ocrx_word' id='word_1_124' title='bbox 996 1758 1162 1814; x_wconf 89' lang='lat' dir='ltr'><strong>usque</strong></span> <span class='ocrx_word' id='word_1_125' title='bbox 1192 1745 1488 1811; x_wconf 90' lang='lat' dir='ltr'><strong>sublatam,</strong></span> <span class='ocrx_word' id='word_1_126' title='bbox 1527 1756 1581 1801; x_wconf 91' lang='lat' dir='ltr'><strong>et</strong></span> <span class='ocrx_word' id='word_1_127' title='bbox 1613 1747 1746 1800; x_wconf 89' lang='lat' dir='ltr'><strong>intra</strong></span> <span class='ocrx_word' id='word_1_128' title='bbox 1779 1747 1950 1800; x_wconf 66' lang='lat' dir='ltr'><strong>telum</strong></span> <span class='ocrx_word' id='word_1_129' title='bbox 1980 1762 2076 1802; x_wconf 90' lang='lat' dir='ltr'><strong>ceu</strong></span> <span class='ocrx_word' id='word_1_130' title='bbox 2108 1763 2267 1802; x_wconf 88' lang='lat' dir='ltr'><strong>manu</strong></span> 
     </span>
    </p>
   </div>
   <div class='ocr_carea' id='block_1_17' title="bbox 684 1837 2265 1894">
    <p class='ocr_par' dir='ltr' id='par_1_17' title="bbox 684 1837 2265 1894">
     <span class='ocr_line' id='line_1_17' title="bbox 684 1837 2265 1894; baseline 0.003 -4"><span class='ocrx_word' id='word_1_131' title='bbox 684 1837 970 1890; x_wconf 85' lang='lat' dir='ltr'><strong>deductam</strong></span> <span class='ocrx_word' id='word_1_132' title='bbox 1016 1855 1029 1890; x_wconf 95' lang='lat'>:</span> <span class='ocrx_word' id='word_1_133' title='bbox 1079 1837 1253 1891; x_wconf 77' lang='lat' dir='ltr'><strong>velum</strong></span> <span class='ocrx_word' id='word_1_134' title='bbox 1297 1838 1437 1891; x_wconf 87' lang='lat' dir='ltr'><strong>enim</strong></span> <span class='ocrx_word' id='word_1_135' title='bbox 1489 1838 1589 1892; x_wconf 85' lang='lat' dir='ltr'><strong>hoc</strong></span> <span class='ocrx_word' id='word_1_136' title='bbox 1637 1840 1752 1892; x_wconf 91' lang='lat' dir='ltr'><strong>loco</strong></span> <span class='ocrx_word' id='word_1_137' title='bbox 1794 1840 1985 1893; x_wconf 58' lang='lat' dir='ltr'><strong>osclum</strong></span> <span class='ocrx_word' id='word_1_138' title='bbox 2037 1841 2265 1894; x_wconf 80' lang='lat' dir='ltr'><strong>vocavit.</strong></span> 
     </span>
    </p>
   </div>
   <div class='ocr_carea' id='block_1_18' title="bbox 684 1927 2263 1996">
    <p class='ocr_par' dir='ltr' id='par_1_18' title="bbox 684 1927 2263 1996">
     <span class='ocr_line' id='line_1_18' title="bbox 684 1927 2263 1996; baseline 0.003 -15"><span class='ocrx_word' id='word_1_139' title='bbox 684 1929 810 1992; x_wconf 76' lang='lat' dir='ltr'><strong>Cur,</strong></span> <span class='ocrx_word' id='word_1_140' title='bbox 838 1937 928 1982; x_wconf 90' lang='lat' dir='ltr'><strong>aut</strong></span> <span class='ocrx_word' id='word_1_141' title='bbox 955 1933 1112 1996; x_wconf 86' lang='lat' dir='ltr'><strong>quam</strong></span> <span class='ocrx_word' id='word_1_142' title='bbox 1141 1927 1211 1982; x_wconf 92' lang='lat' dir='ltr'><strong>ob</strong></span> <span class='ocrx_word' id='word_1_143' title='bbox 1235 1942 1448 1981; x_wconf 85' lang='lat' dir='ltr'><strong>causam</strong></span> <span class='ocrx_word' id='word_1_144' title='bbox 1466 1929 1489 1979; x_wconf 79' lang='lat' dir='ltr'><strong>‘t</strong></span> <span class='ocrx_word' id='word_1_145' title='bbox 1508 1929 1640 1994; x_wconf 85' lang='lat' dir='ltr'><strong>Quia</strong></span> <span class='ocrx_word' id='word_1_146' title='bbox 1666 1929 1804 1984; x_wconf 85' lang='lat' dir='ltr'><strong>sicut</strong></span> <span class='ocrx_word' id='word_1_147' title='bbox 1827 1930 2002 1984; x_wconf 76' lang='lat' dir='ltr'><strong>Velum</strong></span> <span class='ocrx_word' id='word_1_148' title='bbox 2024 1931 2092 1985; x_wconf 89' lang='lat' dir='ltr'><strong>ab</strong></span> <span class='ocrx_word' id='word_1_149' title='bbox 2116 1941 2263 1986; x_wconf 62' lang='lat' dir='ltr'><strong>estc-</strong></span> 
     </span>
    </p>
   </div>
   <div class='ocr_carea' id='block_1_19' title="bbox 686 2017 2263 2089">
    <p class='ocr_par' dir='ltr' id='par_1_19' title="bbox 686 2017 2263 2089">
     <span class='ocr_line' id='line_1_19' title="bbox 686 2017 2263 2089; baseline 0.001 -18"><span class='ocrx_word' id='word_1_150' title='bbox 686 2019 826 2071; x_wconf 88' lang='lat' dir='ltr'><strong>riorc</strong></span> <span class='ocrx_word' id='word_1_151' title='bbox 861 2027 1008 2087; x_wconf 87' lang='lat' dir='ltr'><strong>parte</strong></span> <span class='ocrx_word' id='word_1_152' title='bbox 1035 2018 1360 2073; x_wconf 75' lang='lat' dir='ltr'><strong>tabernaculi</strong></span> <span class='ocrx_word' id='word_1_153' title='bbox 1391 2017 1677 2073; x_wconf 84' lang='lat' dir='ltr'><strong>dirimebat</strong></span> <span class='ocrx_word' id='word_1_154' title='bbox 1707 2030 1892 2074; x_wconf 84' lang='lat' dir='ltr'><strong>sancta</strong></span> <span class='ocrx_word' id='word_1_155' title='bbox 1916 2031 2222 2080; x_wconf 82' lang='lat' dir='ltr'><strong>sanctorum</strong></span> <span class='ocrx_word' id='word_1_156' title='bbox 2247 2063 2263 2089; x_wconf 88' lang='lat'><strong>,</strong></span> 
     </span>
    </p>
   </div>
   <div class='ocr_carea' id='block_1_20' title="bbox 682 2107 2268 2177">
    <p class='ocr_par' dir='ltr' id='par_1_20' title="bbox 682 2107 2268 2177">
     <span class='ocr_line' id='line_1_20' title="bbox 682 2107 2268 2177; baseline 0.001 -14"><span class='ocrx_word' id='word_1_157' title='bbox 682 2107 756 2164; x_wconf 66' lang='lat' dir='ltr'><strong>ita</strong></span> <span class='ocrx_word' id='word_1_158' title='bbox 781 2109 970 2161; x_wconf 71' lang='lat' dir='ltr'><strong>ctutum</strong></span> <span class='ocrx_word' id='word_1_159' title='bbox 1013 2107 1151 2161; x_wconf 82' lang='lat' dir='ltr'><strong>istud</strong></span> <span class='ocrx_word' id='word_1_160' title='bbox 1184 2116 1450 2177; x_wconf 84' lang='lat' dir='ltr'><strong>tamquam</strong></span> <span class='ocrx_word' id='word_1_161' title='bbox 1477 2108 1654 2162; x_wconf 82' lang='lat' dir='ltr'><strong>velum</strong></span> <span class='ocrx_word' id='word_1_162' title='bbox 1693 2109 1924 2164; x_wconf 90' lang='lat' dir='ltr'><strong>medium</strong></span> <span class='ocrx_word' id='word_1_163' title='bbox 1953 2111 2091 2166; x_wconf 89' lang='lat' dir='ltr'><strong>inter</strong></span> <span class='ocrx_word' id='word_1_164' title='bbox 2119 2124 2268 2165; x_wconf 84' lang='lat' dir='ltr'><strong>crea-</strong></span> 
     </span>
    </p>
   </div>
   <div class='ocr_carea' id='block_1_21' title="bbox 687 2199 2268 2267">
    <p class='ocr_par' dir='ltr' id='par_1_21' title="bbox 687 2199 2268 2267">
     <span class='ocr_line' id='line_1_21' title="bbox 687 2199 2268 2267; baseline 0.006 -16"><span class='ocrx_word' id='word_1_165' title='bbox 687 2207 857 2252; x_wconf 87' lang='lat' dir='ltr'><strong>turam</strong></span> <span class='ocrx_word' id='word_1_166' title='bbox 895 2199 1160 2267; x_wconf 68' lang='lat' dir='ltr'><strong>illleCllllll</strong></span> <span class='ocrx_word' id='word_1_167' title='bbox 1185 2240 1199 2263; x_wconf 93' lang='lat'><strong>,</strong></span> <span class='ocrx_word' id='word_1_168' title='bbox 1229 2201 1296 2253; x_wconf 86' lang='lat' dir='ltr'><strong>ab</strong></span> <span class='ocrx_word' id='word_1_169' title='bbox 1331 2200 1598 2254; x_wconf 73' lang='lat' dir='ltr'><strong>exteriore</strong></span> <span class='ocrx_word' id='word_1_170' title='bbox 1627 2203 2002 2267; x_wconf 88' lang='lat' dir='ltr'><strong>tabernaculo,</strong></span> <span class='ocrx_word' id='word_1_171' title='bbox 2047 2204 2147 2259; x_wconf 90' lang='lat' dir='ltr'><strong>hoc</strong></span> <span class='ocrx_word' id='word_1_172' title='bbox 2185 2215 2268 2260; x_wconf 92' lang='lat' dir='ltr'><strong>est</strong></span> 
     </span>
    </p>
   </div>
   <div class='ocr_carea' id='block_1_22' title="bbox 685 2289 2274 2364">
    <p class='ocr_par' dir='ltr' id='par_1_22' title="bbox 685 2289 2274 2364">
     <span class='ocr_line' id='line_1_22' title="bbox 685 2289 2274 2364; baseline 0.005 -23"><span class='ocrx_word' id='word_1_173' title='bbox 685 2291 882 2341; x_wconf 87' lang='lat' dir='ltr'><strong>tnttmlo</strong></span> <span class='ocrx_word' id='word_1_174' title='bbox 909 2289 1008 2343; x_wconf 87' lang='lat' dir='ltr'><strong>hoc</strong></span> <span class='ocrx_word' id='word_1_175' title='bbox 1027 2303 1182 2358; x_wconf 84' lang='lat' dir='ltr'><strong>quem</strong></span> <span class='ocrx_word' id='word_1_176' title='bbox 1215 2291 1475 2358; x_wconf 72' lang='lat' dir='ltr'><strong>videmus,</strong></span> <span class='ocrx_word' id='word_1_177' title='bbox 1502 2291 1702 2346; x_wconf 84' lang='lat' dir='ltr'><strong>dirimit</strong></span> <span class='ocrx_word' id='word_1_178' title='bbox 1725 2303 1904 2347; x_wconf 84' lang='lat' dir='ltr'><strong>sancta</strong></span> <span class='ocrx_word' id='word_1_179' title='bbox 1936 2304 2274 2364; x_wconf 60' lang='lat' dir='ltr'><strong>sanctorum~</strong></span> 
     </span>
    </p>
   </div>
   <div class='ocr_carea' id='block_1_23' title="bbox 686 2378 2265 2456">
    <p class='ocr_par' dir='ltr' id='par_1_23' title="bbox 686 2378 2265 2456">
     <span class='ocr_line' id='line_1_23' title="bbox 686 2378 2265 2456; baseline 0.009 -29"><span class='ocrx_word' id='word_1_180' title='bbox 686 2378 933 2433; x_wconf 75' lang='lat' dir='ltr'><strong>videlleet</strong></span> <span class='ocrx_word' id='word_1_181' title='bbox 955 2394 1016 2434; x_wconf 89' lang='lat' dir='ltr'><strong>ea</strong></span> <span class='ocrx_word' id='word_1_182' title='bbox 1049 2396 1167 2449; x_wconf 75' lang='lat' dir='ltr'><strong>qttze</strong></span> <span class='ocrx_word' id='word_1_183' title='bbox 1198 2396 1360 2449; x_wconf 84' lang='lat' dir='ltr'><strong>supra</strong></span> <span class='ocrx_word' id='word_1_184' title='bbox 1393 2397 1450 2437; x_wconf 89' lang='lat' dir='ltr'><strong>se</strong></span> <span class='ocrx_word' id='word_1_185' title='bbox 1489 2390 1644 2446; x_wconf 89' lang='lat' dir='ltr'><strong>sunt,</strong></span> <span class='ocrx_word' id='word_1_186' title='bbox 1684 2396 1791 2452; x_wconf 88' lang='lat' dir='ltr'><strong>quo</strong></span> <span class='ocrx_word' id='word_1_187' title='bbox 1832 2399 2133 2454; x_wconf 69' lang='lat' dir='ltr'><strong>praeeursor</strong></span> <span class='ocrx_word' id='word_1_188' title='bbox 2169 2401 2265 2456; x_wconf 90' lang='lat' dir='ltr'><strong>pro</strong></span> 
     </span>
    </p>
   </div>
   <div class='ocr_carea' id='block_1_24' title="bbox 683 2471 1621 2542">
    <p class='ocr_par' dir='ltr' id='par_1_24' title="bbox 683 2471 1621 2542">
     <span class='ocr_line' id='line_1_24' title="bbox 683 2471 1621 2542; baseline 0.004 -18"><span class='ocrx_word' id='word_1_189' title='bbox 683 2472 837 2525; x_wconf 89' lang='lat' dir='ltr'><strong>nobis</strong></span> <span class='ocrx_word' id='word_1_190' title='bbox 868 2471 1224 2542; x_wconf 79' lang='lat' dir='ltr'><strong>introgressus</strong></span> <span class='ocrx_word' id='word_1_191' title='bbox 1253 2483 1334 2527; x_wconf 89' lang='lat' dir='ltr'><strong>est</strong></span> <span class='ocrx_word' id='word_1_192' title='bbox 1356 2472 1621 2528; x_wconf 83' lang='lat' dir='ltr'><strong>Christus.</strong></span> 
     </span>
    </p>
   </div>
   <div class='ocr_carea' id='block_1_25' title="bbox 750 2561 2265 2637">
    <p class='ocr_par' dir='ltr' id='par_1_25' title="bbox 750 2561 2265 2637">
     <span class='ocr_line' id='line_1_25' title="bbox 750 2561 2265 2637; baseline 0.005 -21"><span class='ocrx_word' id='word_1_193' title='bbox 750 2563 805 2616; x_wconf 79' lang='grc'><strong>4.</strong></span> <span class='ocrx_word' id='word_1_194' title='bbox 833 2561 983 2628; x_wconf 85' lang='lat' dir='ltr'><strong>Quod</strong></span> <span class='ocrx_word' id='word_1_195' title='bbox 1007 2573 1181 2617; x_wconf 86' lang='lat' dir='ltr'><strong>autem</strong></span> <span class='ocrx_word' id='word_1_196' title='bbox 1213 2563 1340 2618; x_wconf 87' lang='lat' dir='ltr'><strong>dicit</strong></span> <span class='ocrx_word' id='word_1_197' title='bbox 1369 2603 1382 2624; x_wconf 91' lang='lat'><strong>,</strong></span> <span class='ocrx_word' id='word_1_198' title='bbox 1415 2566 1492 2618; x_wconf 86' lang='lat' dir='ltr'><strong>sic</strong></span> <span class='ocrx_word' id='word_1_199' title='bbox 1521 2565 1920 2636; x_wconf 76' lang='lat' dir='ltr'><strong>intelligendum</strong></span> <span class='ocrx_word' id='word_1_200' title='bbox 1953 2575 2034 2622; x_wconf 83' lang='lat' dir='ltr'><strong>est</strong></span> <span class='ocrx_word' id='word_1_201' title='bbox 2067 2587 2078 2619; x_wconf 93' lang='lat'><strong>:</strong></span> <span class='ocrx_word' id='word_1_202' title='bbox 2113 2566 2265 2637; x_wconf 81' lang='lat' dir='ltr'><strong>Illuc,</strong></span> 
     </span>
    </p>
   </div>
   <div class='ocr_carea' id='block_1_26' title="bbox 685 2652 2263 2724">
    <p class='ocr_par' dir='ltr' id='par_1_26' title="bbox 685 2652 2263 2724">
     <span class='ocr_line' id='line_1_26' title="bbox 685 2652 2263 2724; baseline 0.005 -19"><span class='ocrx_word' id='word_1_203' title='bbox 685 2652 872 2720; x_wconf 90' lang='lat' dir='ltr'><strong>inquit,</strong></span> <span class='ocrx_word' id='word_1_204' title='bbox 903 2653 1134 2706; x_wconf 85' lang='lat' dir='ltr'><strong>animam</strong></span> <span class='ocrx_word' id='word_1_205' title='bbox 1168 2663 1402 2708; x_wconf 88' lang='lat' dir='ltr'><strong>nostram</strong></span> <span class='ocrx_word' id='word_1_206' title='bbox 1429 2656 1709 2711; x_wconf 80' lang='lat' dir='ltr'><strong>sublimem</strong></span> <span class='ocrx_word' id='word_1_207' title='bbox 1733 2657 1928 2711; x_wconf 85' lang='lat' dir='ltr'><strong>attollit</strong></span> <span class='ocrx_word' id='word_1_208' title='bbox 1958 2659 2089 2713; x_wconf 86' lang='lat' dir='ltr'><strong>ﬁdes</strong></span> <span class='ocrx_word' id='word_1_209' title='bbox 2108 2701 2123 2724; x_wconf 93' lang='lat'><strong>,</strong></span> <span class='ocrx_word' id='word_1_210' title='bbox 2158 2676 2263 2714; x_wconf 91' lang='lat' dir='ltr'><strong>non</strong></span> 
     </span>
    </p>
   </div>
   <div class='ocr_carea' id='block_1_27' title="bbox 680 2743 2263 2820">
    <p class='ocr_par' dir='ltr' id='par_1_27' title="bbox 680 2743 2263 2820">
     <span class='ocr_line' id='line_1_27' title="bbox 680 2743 2263 2820; baseline 0.006 -24"><span class='ocrx_word' id='word_1_211' title='bbox 680 2743 866 2797; x_wconf 81' lang='lat' dir='ltr'><strong>sinetis</strong></span> <span class='ocrx_word' id='word_1_212' title='bbox 897 2745 1018 2798; x_wconf 89' lang='lat' dir='ltr'><strong>ullis</strong></span> <span class='ocrx_word' id='word_1_213' title='bbox 1037 2747 1392 2815; x_wconf 64' lang='lat' dir='ltr'><strong>praesentibus</strong></span> <span class='ocrx_word' id='word_1_214' title='bbox 1417 2749 1568 2801; x_wconf 88' lang='lat' dir='ltr'><strong>malis</strong></span> <span class='ocrx_word' id='word_1_215' title='bbox 1598 2747 1844 2816; x_wconf 84' lang='lat' dir='ltr'><strong>deprimi,</strong></span> <span class='ocrx_word' id='word_1_216' title='bbox 1877 2751 1972 2804; x_wconf 89' lang='lat' dir='ltr'><strong>sed</strong></span> <span class='ocrx_word' id='word_1_217' title='bbox 1996 2767 2092 2820; x_wconf 81' lang='lat' dir='ltr'><strong>spe</strong></span> <span class='ocrx_word' id='word_1_218' title='bbox 2122 2753 2263 2805; x_wconf 61' lang='lat' dir='ltr'><strong>tutu.</strong></span> 
     </span>
    </p>
   </div>
   <div class='ocr_carea' id='block_1_28' title="bbox 681 2836 2260 2909">
    <p class='ocr_par' dir='ltr' id='par_1_28' title="bbox 681 2836 2260 2909">
     <span class='ocr_line' id='line_1_28' title="bbox 681 2836 2260 2909; baseline 0.005 -21"><span class='ocrx_word' id='word_1_219' title='bbox 681 2850 863 2888; x_wconf 77' lang='lat' dir='ltr'><strong>rerum</strong></span> <span class='ocrx_word' id='word_1_220' title='bbox 917 2836 1126 2890; x_wconf 83' lang='lat' dir='ltr'><strong>labores</strong></span> <span class='ocrx_word' id='word_1_221' title='bbox 1163 2837 1420 2891; x_wconf 80' lang='lat' dir='ltr'><strong>allevans.</strong></span> <span class='ocrx_word' id='word_1_222' title='bbox 1472 2838 1570 2904; x_wconf 80' lang='lat' dir='ltr'><strong>Qui</strong></span> <span class='ocrx_word' id='word_1_223' title='bbox 1619 2839 1759 2893; x_wconf 92' lang='lat' dir='ltr'><strong>enim</strong></span> <span class='ocrx_word' id='word_1_224' title='bbox 1803 2839 1972 2894; x_wconf 81' lang='lat' dir='ltr'><strong>ﬁttura</strong></span> <span class='ocrx_word' id='word_1_225' title='bbox 2019 2852 2260 2909; x_wconf 71' lang='lat' dir='ltr'><strong>Spectat,</strong></span> 
     </span>
    </p>
   </div>
   <div class='ocr_carea' id='block_1_29' title="bbox 680 2923 2263 3000">
    <p class='ocr_par' dir='ltr' id='par_1_29' title="bbox 680 2923 2263 3000">
     <span class='ocr_line' id='line_1_29' title="bbox 680 2923 2263 3000; baseline 0.006 -23"><span class='ocrx_word' id='word_1_226' title='bbox 680 2923 913 2978; x_wconf 69' lang='lat' dir='ltr'><strong>caelestia</strong></span> <span class='ocrx_word' id='word_1_227' title='bbox 953 2939 1175 2993; x_wconf 81' lang='lat' dir='ltr'><strong>sperans</strong></span> <span class='ocrx_word' id='word_1_228' title='bbox 1195 2968 1208 2990; x_wconf 92' lang='lat'><strong>,</strong></span> <span class='ocrx_word' id='word_1_229' title='bbox 1256 2937 1307 2980; x_wconf 90' lang='lat' dir='ltr'><strong>et</strong></span> <span class='ocrx_word' id='word_1_230' title='bbox 1353 2930 1546 2981; x_wconf 89' lang='lat' dir='ltr'><strong>mentis</strong></span> <span class='ocrx_word' id='word_1_231' title='bbox 1574 2929 1754 2983; x_wconf 89' lang='lat' dir='ltr'><strong>oculos</strong></span> <span class='ocrx_word' id='word_1_232' title='bbox 1784 2930 1875 2984; x_wconf 91' lang='lat' dir='ltr'><strong>illo</strong></span> <span class='ocrx_word' id='word_1_233' title='bbox 1905 2932 2137 3000; x_wconf 84' lang='lat' dir='ltr'><strong>dirigens</strong></span> <span class='ocrx_word' id='word_1_234' title='bbox 2158 2975 2170 2997; x_wconf 89' lang='lat'><strong>,</strong></span> <span class='ocrx_word' id='word_1_235' title='bbox 2197 2949 2263 2987; x_wconf 91' lang='lat' dir='ltr'><strong>ne</strong></span> 
     </span>
    </p>
   </div>
   <div class='ocr_carea' id='block_1_30' title="bbox 680 3014 2258 3088">
    <p class='ocr_par' dir='ltr' id='par_1_30' title="bbox 680 3014 2258 3088">
     <span class='ocr_line' id='line_1_30' title="bbox 680 3014 2258 3088; baseline 0.005 -21"><span class='ocrx_word' id='word_1_236' title='bbox 680 3014 842 3069; x_wconf 86' lang='lat' dir='ltr'><strong>sentit</strong></span> <span class='ocrx_word' id='word_1_237' title='bbox 907 3015 1118 3085; x_wconf 84' lang='lat' dir='ltr'><strong>quidem</strong></span> <span class='ocrx_word' id='word_1_238' title='bbox 1183 3018 1524 3086; x_wconf 69' lang='lat' dir='ltr'><strong>prtesentimu</strong></span> <span class='ocrx_word' id='word_1_239' title='bbox 1591 3021 1850 3074; x_wconf 88' lang='lat' dir='ltr'><strong>malorum</strong></span> <span class='ocrx_word' id='word_1_240' title='bbox 1919 3023 2258 3088; x_wconf 79' lang='lat' dir='ltr'><strong>molestiam,</strong></span> 
     </span>
    </p>
   </div>
   <div class='ocr_carea' id='block_1_31' title="bbox 679 3107 2262 3184">
    <p class='ocr_par' dir='ltr' id='par_1_31' title="bbox 679 3107 2262 3184">
     <span class='ocr_line' id='line_1_31' title="bbox 679 3107 2262 3184; baseline 0.008 -27"><span class='ocrx_word' id='word_1_241' title='bbox 679 3107 1128 3174; x_wconf 81' lang='lat' dir='ltr'><strong>quemadmodum</strong></span> <span class='ocrx_word' id='word_1_242' title='bbox 1177 3119 1348 3177; x_wconf 88' lang='lat' dir='ltr'><strong>neque</strong></span> <span class='ocrx_word' id='word_1_243' title='bbox 1394 3108 1591 3164; x_wconf 78' lang='lat' dir='ltr'><strong>Paulus</strong></span> <span class='ocrx_word' id='word_1_244' title='bbox 1639 3112 1942 3178; x_wconf 88' lang='lat' dir='ltr'><strong>sentiebat,</strong></span> <span class='ocrx_word' id='word_1_245' title='bbox 2001 3125 2054 3166; x_wconf 87' lang='lat' dir='ltr'><strong>et</strong></span> <span class='ocrx_word' id='word_1_246' title='bbox 2108 3114 2262 3184; x_wconf 85' lang='lat' dir='ltr'><strong>hujus</strong></span> 
     </span>
    </p>
   </div>
   <div class='ocr_carea' id='block_1_32' title="bbox 681 3197 2264 3267">
    <p class='ocr_par' dir='ltr' id='par_1_32' title="bbox 681 3197 2264 3267">
     <span class='ocr_line' id='line_1_32' title="bbox 681 3197 2264 3267; baseline 0.006 -18"><span class='ocrx_word' id='word_1_247' title='bbox 681 3197 1032 3267; x_wconf 73' lang='lat' dir='ltr'><strong>philosophia:</strong></span> <span class='ocrx_word' id='word_1_248' title='bbox 1063 3211 1277 3252; x_wconf 80' lang='lat' dir='ltr'><strong>causam</strong></span> <span class='ocrx_word' id='word_1_249' title='bbox 1303 3200 1528 3253; x_wconf 88' lang='lat' dir='ltr'><strong>docebat</strong></span> <span class='ocrx_word' id='word_1_250' title='bbox 1556 3199 1741 3254; x_wconf 87' lang='lat' dir='ltr'><strong>dicens</strong></span> <span class='ocrx_word' id='word_1_251' title='bbox 1777 3222 1788 3256; x_wconf 89' lang='lat'><strong>:</strong></span> <span class='ocrx_word' id='word_1_252' title='bbox 1822 3201 1959 3255; x_wconf 83' lang='lat' dir='ltr'><strong>Nam</strong></span> <span class='ocrx_word' id='word_1_253' title='bbox 1989 3217 2264 3259; x_wconf 80' lang='lat' dir='ltr'><strong>momenta-</strong></span> 
     </span>
    </p>
   </div>
   <div class='ocr_carea' id='block_1_33' title="bbox 681 3288 2265 3363">
    <p class='ocr_par' dir='ltr' id='par_1_33' title="bbox 681 3288 2265 3363">
     <span class='ocr_line' id='line_1_33' title="bbox 681 3288 2265 3363; baseline 0.009 -25"><span class='ocrx_word' id='word_1_254' title='bbox 681 3303 776 3339; x_wconf 88' lang='lat' dir='ltr'><strong>nea</strong></span> <span class='ocrx_word' id='word_1_255' title='bbox 841 3288 1018 3342; x_wconf 82' lang='lat' dir='ltr'><strong>levitas</strong></span> <span class='ocrx_word' id='word_1_256' title='bbox 1083 3289 1365 3359; x_wconf 72' lang='lat' dir='ltr'><strong>afﬂictionis</strong></span> <span class='ocrx_word' id='word_1_257' title='bbox 1419 3301 1605 3343; x_wconf 77' lang='lat' dir='ltr'><strong>nostra:</strong></span> <span class='ocrx_word' id='word_1_258' title='bbox 1664 3293 1787 3345; x_wconf 85' lang='lat' dir='ltr'><strong>mire</strong></span> <span class='ocrx_word' id='word_1_259' title='bbox 1839 3309 1994 3363; x_wconf 81' lang='lat' dir='ltr'><strong>supra</strong></span> <span class='ocrx_word' id='word_1_260' title='bbox 2059 3297 2265 3351; x_wconf 85' lang='lat' dir='ltr'><strong>modum</strong></span> 
     </span>
    </p>
   </div>
   <div class='ocr_carea' id='block_1_34' title="bbox 682 3379 2264 3461">
    <p class='ocr_par' dir='ltr' id='par_1_34' title="bbox 682 3379 2264 3461">
     <span class='ocr_line' id='line_1_34' title="bbox 682 3379 2264 3461; baseline 0.011 -32"><span class='ocrx_word' id='word_1_261' title='bbox 682 3387 928 3430; x_wconf 75' lang='lat' dir='ltr'><strong>teteruum</strong></span> <span class='ocrx_word' id='word_1_262' title='bbox 969 3379 1165 3447; x_wconf 79' lang='lat' dir='ltr'><strong>pondus</strong></span> <span class='ocrx_word' id='word_1_263' title='bbox 1205 3382 1383 3448; x_wconf 75' lang='lat' dir='ltr'><strong>gloriae</strong></span> <span class='ocrx_word' id='word_1_264' title='bbox 1422 3382 1556 3447; x_wconf 83' lang='lat' dir='ltr'><strong>parit</strong></span> <span class='ocrx_word' id='word_1_265' title='bbox 1599 3382 1738 3434; x_wconf 88' lang='lat' dir='ltr'><strong>nobis</strong></span> <span class='ocrx_word' id='word_1_266' title='bbox 1779 3381 1869 3450; x_wconf 66' lang='grc' dir='ltr'><strong>(ἓ.</strong></span> <span class='ocrx_word' id='word_1_267' title='bbox 1916 3384 2030 3438; x_wconf 76' lang='lat' dir='ltr'><strong>Car.</strong></span> <span class='ocrx_word' id='word_1_268' title='bbox 2070 3390 2122 3444; x_wconf 83' lang='grc'><strong>4.</strong></span> <span class='ocrx_word' id='word_1_269' title='bbox 2158 3392 2264 3461; x_wconf 86' lang='lat' dir='ltr'><strong>l7).</strong></span> 
     </span>
    </p>
   </div>
   <div class='ocr_carea' id='block_1_35' title="bbox 683 3467 2265 3548">
    <p class='ocr_par' dir='ltr' id='par_1_35' title="bbox 683 3467 2265 3548">
     <span class='ocr_line' id='line_1_35' title="bbox 683 3467 2265 3548; baseline 0.008 -29"><span class='ocrx_word' id='word_1_270' title='bbox 683 3467 961 3535; x_wconf 81' lang='lat' dir='ltr'><strong>Quomodo</strong></span> <span class='ocrx_word' id='word_1_271' title='bbox 982 3479 1032 3523; x_wconf 88' lang='lat' dir='ltr'><strong>et</strong></span> <span class='ocrx_word' id='word_1_272' title='bbox 1053 3485 1154 3538; x_wconf 83' lang='lat' dir='ltr'><strong>qua</strong></span> <span class='ocrx_word' id='word_1_273' title='bbox 1185 3471 1426 3524; x_wconf 85' lang='lat' dir='ltr'><strong>ratione?</strong></span> <span class='ocrx_word' id='word_1_274' title='bbox 1455 3470 1592 3523; x_wconf 89' lang='lat' dir='ltr'><strong>Dum</strong></span> <span class='ocrx_word' id='word_1_275' title='bbox 1619 3490 1716 3525; x_wconf 88' lang='lat' dir='ltr'><strong>non</strong></span> <span class='ocrx_word' id='word_1_276' title='bbox 1742 3486 2026 3543; x_wconf 76' lang='lat' dir='ltr'><strong>spectamus</strong></span> <span class='ocrx_word' id='word_1_277' title='bbox 2067 3491 2125 3531; x_wconf 82' lang='lat' dir='ltr'><strong>ea</strong></span> <span class='ocrx_word' id='word_1_278' title='bbox 2149 3493 2265 3548; x_wconf 76' lang='lat' dir='ltr'><strong>qua:</strong></span> 
     </span>
    </p>
   </div>
   <div class='ocr_carea' id='block_1_36' title="bbox 680 3561 2261 3634">
    <p class='ocr_par' dir='ltr' id='par_1_36' title="bbox 680 3561 2261 3634">
     <span class='ocr_line' id='line_1_36' title="bbox 680 3561 2261 3634; baseline 0.009 -24"><span class='ocrx_word' id='word_1_279' title='bbox 680 3561 929 3624; x_wconf 78' lang='lat' dir='ltr'><strong>videntur,</strong></span> <span class='ocrx_word' id='word_1_280' title='bbox 955 3561 1043 3613; x_wconf 86' lang='lat' dir='ltr'><strong>sed</strong></span> <span class='ocrx_word' id='word_1_281' title='bbox 1063 3577 1119 3612; x_wconf 91' lang='lat' dir='ltr'><strong>ea</strong></span> <span class='ocrx_word' id='word_1_282' title='bbox 1138 3577 1250 3628; x_wconf 67' lang='lat' dir='ltr'><strong>quae</strong></span> <span class='ocrx_word' id='word_1_283' title='bbox 1272 3579 1368 3614; x_wconf 89' lang='lat' dir='ltr'><strong>non</strong></span> <span class='ocrx_word' id='word_1_284' title='bbox 1395 3564 1624 3616; x_wconf 82' lang='lat' dir='ltr'><strong>videntur</strong></span> <span class='ocrx_word' id='word_1_285' title='bbox 1647 3564 1748 3634; x_wconf 87' lang='lat' dir='ltr'><strong>(Ib.</strong></span> <span class='ocrx_word' id='word_1_286' title='bbox 1778 3584 1823 3618; x_wconf 68' lang='lat' dir='ltr'><strong>tt.</strong></span> <span class='ocrx_word' id='word_1_287' title='bbox 1851 3567 1916 3621; x_wconf 76' lang='lat'><strong>18</strong></span> <span class='ocrx_word' id='word_1_288' title='bbox 1949 3569 1986 3631; x_wconf 90' lang='lat'><strong>),</strong></span> <span class='ocrx_word' id='word_1_289' title='bbox 2013 3571 2261 3624; x_wconf 87' lang='lat' dir='ltr'><strong>nimirum</strong></span> 
     </span>
    </p>
   </div>
   <div class='ocr_carea' id='block_1_37' title="bbox 682 3650 2261 3722">
    <p class='ocr_par' dir='ltr' id='par_1_37' title="bbox 682 3650 2261 3722">
     <span class='ocr_line' id='line_1_37' title="bbox 682 3650 2261 3722; baseline 0.008 -19"><span class='ocrx_word' id='word_1_290' title='bbox 682 3650 852 3703; x_wconf 88' lang='lat' dir='ltr'><strong>oculis</strong></span> <span class='ocrx_word' id='word_1_291' title='bbox 891 3651 1033 3704; x_wconf 88' lang='lat' dir='ltr'><strong>lidei.</strong></span> <span class='ocrx_word' id='word_1_292' title='bbox 1074 3651 1226 3705; x_wconf 86' lang='lat' dir='ltr'><strong>Sicut</strong></span> <span class='ocrx_word' id='word_1_293' title='bbox 1263 3655 1404 3706; x_wconf 91' lang='lat' dir='ltr'><strong>enim</strong></span> <span class='ocrx_word' id='word_1_294' title='bbox 1447 3658 1689 3722; x_wconf 86' lang='lat' dir='ltr'><strong>corporis</strong></span> <span class='ocrx_word' id='word_1_295' title='bbox 1734 3659 1872 3711; x_wconf 83' lang='lat' dir='ltr'><strong>oculi</strong></span> <span class='ocrx_word' id='word_1_296' title='bbox 1916 3659 2042 3714; x_wconf 82' lang='lat' dir='ltr'><strong>nihil</strong></span> <span class='ocrx_word' id='word_1_297' title='bbox 2085 3663 2261 3716; x_wconf 70' lang='lat' dir='ltr'><strong>vident</strong></span> 
     </span>
    </p>
   </div>
   <div class='ocr_carea' id='block_1_38' title="bbox 683 3743 2260 3813">
    <p class='ocr_par' dir='ltr' id='par_1_38' title="bbox 683 3743 2260 3813">
     <span class='ocr_line' id='line_1_38' title="bbox 683 3743 2260 3813; baseline 0.01 -18"><span class='ocrx_word' id='word_1_298' title='bbox 683 3743 1036 3813; x_wconf 75' lang='lat' dir='ltr'><strong>intelligihile,</strong></span> <span class='ocrx_word' id='word_1_299' title='bbox 1067 3745 1137 3798; x_wconf 84' lang='lat' dir='ltr'><strong>ita</strong></span> <span class='ocrx_word' id='word_1_300' title='bbox 1165 3747 1301 3799; x_wconf 86' lang='lat' dir='ltr'><strong>oculi</strong></span> <span class='ocrx_word' id='word_1_301' title='bbox 1338 3747 1456 3800; x_wconf 89' lang='lat' dir='ltr'><strong>ﬁdei</strong></span> <span class='ocrx_word' id='word_1_302' title='bbox 1492 3748 1618 3801; x_wconf 89' lang='lat' dir='ltr'><strong>nihil</strong></span> <span class='ocrx_word' id='word_1_303' title='bbox 1653 3750 1830 3803; x_wconf 79' lang='lat' dir='ltr'><strong>vident</strong></span> <span class='ocrx_word' id='word_1_304' title='bbox 1852 3753 2121 3807; x_wconf 71' lang='lat' dir='ltr'><strong>sensibile.</strong></span> <span class='ocrx_word' id='word_1_305' title='bbox 2157 3755 2260 3810; x_wconf 84' lang='lat' dir='ltr'><strong>Sed</strong></span> 
     </span>
    </p>
   </div>
   <div class='ocr_carea' id='block_1_39' title="bbox 684 3833 2261 3906">
    <p class='ocr_par' dir='ltr' id='par_1_39' title="bbox 684 3833 2261 3906">
     <span class='ocr_line' id='line_1_39' title="bbox 684 3833 2261 3906; baseline 0.009 -20"><span class='ocrx_word' id='word_1_306' title='bbox 684 3833 752 3890; x_wconf 88' lang='lat' dir='ltr'><strong>de</strong></span> <span class='ocrx_word' id='word_1_307' title='bbox 778 3851 878 3904; x_wconf 92' lang='lat' dir='ltr'><strong>qua</strong></span> <span class='ocrx_word' id='word_1_308' title='bbox 906 3835 1006 3891; x_wconf 89' lang='lat' dir='ltr'><strong>lide</strong></span> <span class='ocrx_word' id='word_1_309' title='bbox 1035 3835 1118 3889; x_wconf 90' lang='lat' dir='ltr'><strong>hic</strong></span> <span class='ocrx_word' id='word_1_310' title='bbox 1146 3837 1377 3906; x_wconf 90' lang='lat' dir='ltr'><strong>loquitur</strong></span> <span class='ocrx_word' id='word_1_311' title='bbox 1400 3838 1632 3893; x_wconf 84' lang='lat' dir='ltr'><strong>Paulus?</strong></span> <span class='ocrx_word' id='word_1_312' title='bbox 1656 3857 1773 3894; x_wconf 87' lang='lat' dir='ltr'><strong>nam</strong></span> <span class='ocrx_word' id='word_1_313' title='bbox 1804 3843 1919 3896; x_wconf 89' lang='lat' dir='ltr'><strong>lldei</strong></span> <span class='ocrx_word' id='word_1_314' title='bbox 1948 3846 2261 3900; x_wconf 80' lang='lat' dir='ltr'><strong>vocabulum</strong></span> 
     </span>
    </p>
   </div>
   <div class='ocr_carea' id='block_1_40' title="bbox 681 3924 2260 4002">
    <p class='ocr_par' dir='ltr' id='par_1_40' title="bbox 681 3924 2260 4002">
     <span class='ocr_line' id='line_1_40' title="bbox 681 3924 2260 4002; baseline 0.008 -27"><span class='ocrx_word' id='word_1_315' title='bbox 681 3924 945 3993; x_wconf 78' lang='lat' dir='ltr'><strong>duplicem</strong></span> <span class='ocrx_word' id='word_1_316' title='bbox 977 3926 1138 3980; x_wconf 81' lang='lat' dir='ltr'><strong>habet</strong></span> <span class='ocrx_word' id='word_1_317' title='bbox 1163 3928 1621 3996; x_wconf 74' lang='lat' dir='ltr'><strong>signiﬁcationum.</strong></span> <span class='ocrx_word' id='word_1_318' title='bbox 1651 3929 1858 3984; x_wconf 82' lang='lat' dir='ltr'><strong>Etenim</strong></span> <span class='ocrx_word' id='word_1_319' title='bbox 1891 3932 2021 3986; x_wconf 88' lang='lat' dir='ltr'><strong>ﬁdes</strong></span> <span class='ocrx_word' id='word_1_320' title='bbox 2047 3931 2260 4002; x_wconf 83' lang='lat' dir='ltr'><strong>dicitur,</strong></span> 
     </span>
    </p>
   </div>
   <div class='ocr_carea' id='block_1_41' title="bbox 682 4017 2263 4094">
    <p class='ocr_par' dir='ltr' id='par_1_41' title="bbox 682 4017 2263 4094">
     <span class='ocr_line' id='line_1_41' title="bbox 682 4017 2263 4094; baseline 0.011 -32"><span class='ocrx_word' id='word_1_321' title='bbox 682 4025 780 4082; x_wconf 77' lang='lat' dir='ltr'><strong>per</strong></span> <span class='ocrx_word' id='word_1_322' title='bbox 807 4027 964 4083; x_wconf 84' lang='lat' dir='ltr'><strong>quam</strong></span> <span class='ocrx_word' id='word_1_323' title='bbox 999 4017 1233 4086; x_wconf 76' lang='lat' dir='ltr'><strong>prodigia</strong></span> <span class='ocrx_word' id='word_1_324' title='bbox 1279 4027 1403 4072; x_wconf 77' lang='lat' dir='ltr'><strong>lttttc</strong></span> <span class='ocrx_word' id='word_1_325' title='bbox 1446 4017 1707 4073; x_wconf 74' lang='lat' dir='ltr'><strong>iaciebant</strong></span> <span class='ocrx_word' id='word_1_326' title='bbox 1748 4020 2008 4090; x_wconf 70' lang='lat' dir='ltr'><strong>aposlo“,</strong></span> <span class='ocrx_word' id='word_1_327' title='bbox 2053 4024 2120 4079; x_wconf 90' lang='lat' dir='ltr'><strong>de</strong></span> <span class='ocrx_word' id='word_1_328' title='bbox 2161 4041 2263 4094; x_wconf 90' lang='lat' dir='ltr'><strong>qua</strong></span> 
     </span>
    </p>
   </div>
   <div class='ocr_carea' id='block_1_42' title="bbox 682 4107 2265 4186">
    <p class='ocr_par' dir='ltr' id='par_1_42' title="bbox 682 4107 2265 4186">
     <span class='ocr_line' id='line_1_42' title="bbox 682 4107 2265 4186; baseline 0.006 -26"><span class='ocrx_word' id='word_1_329' title='bbox 682 4107 923 4161; x_wconf 82' lang='lat' dir='ltr'><strong>Christus</strong></span> <span class='ocrx_word' id='word_1_330' title='bbox 949 4107 1160 4161; x_wconf 87' lang='lat' dir='ltr'><strong>dicebat</strong></span> <span class='ocrx_word' id='word_1_331' title='bbox 1203 4126 1216 4161; x_wconf 88' lang='lat'><strong>:</strong></span> <span class='ocrx_word' id='word_1_332' title='bbox 1260 4109 1321 4162; x_wconf 87' lang='lat' dir='ltr'><strong>Si</strong></span> <span class='ocrx_word' id='word_1_333' title='bbox 1365 4110 1638 4165; x_wconf 74' lang='lat' dir='ltr'><strong>habueritis</strong></span> <span class='ocrx_word' id='word_1_334' title='bbox 1681 4114 1834 4180; x_wconf 85' lang='lat' dir='ltr'><strong>ﬁdem</strong></span> <span class='ocrx_word' id='word_1_335' title='bbox 1883 4117 2008 4168; x_wconf 80' lang='lat' dir='ltr'><strong>sicut</strong></span> <span class='ocrx_word' id='word_1_336' title='bbox 2048 4127 2265 4186; x_wconf 84' lang='lat' dir='ltr'><strong>granum</strong></span> 
     </span>
    </p>
   </div>
   <div class='ocr_carea' id='block_1_43' title="bbox 682 4197 2263 4275">
    <p class='ocr_par' dir='ltr' id='par_1_43' title="bbox 682 4197 2263 4275">
     <span class='ocr_line' id='line_1_43' title="bbox 682 4197 2263 4275; baseline 0.008 -28"><span class='ocrx_word' id='word_1_337' title='bbox 682 4197 882 4263; x_wconf 90' lang='lat' dir='ltr'><strong>sinapi,</strong></span> <span class='ocrx_word' id='word_1_338' title='bbox 915 4197 1086 4251; x_wconf 80' lang='lat' dir='ltr'><strong>dicetis</strong></span> <span class='ocrx_word' id='word_1_339' title='bbox 1106 4198 1270 4250; x_wconf 82' lang='lat' dir='ltr'><strong>monti</strong></span> <span class='ocrx_word' id='word_1_340' title='bbox 1299 4199 1415 4251; x_wconf 83' lang='lat' dir='ltr'><strong>huic</strong></span> <span class='ocrx_word' id='word_1_341' title='bbox 1438 4243 1451 4262; x_wconf 89' lang='lat'><strong>,</strong></span> <span class='ocrx_word' id='word_1_342' title='bbox 1488 4199 1539 4251; x_wconf 84' lang='grc' dir='ltr'><em>Μ</em></span> <span class='ocrx_word' id='word_1_343' title='bbox 1547 4202 1656 4270; x_wconf 85' lang='lat' dir='ltr'><strong>igra</strong></span> <span class='ocrx_word' id='word_1_344' title='bbox 1677 4243 1692 4266; x_wconf 95' lang='lat'><strong>,</strong></span> <span class='ocrx_word' id='word_1_345' title='bbox 1721 4213 1767 4255; x_wconf 88' lang='lat' dir='ltr'><strong>et</strong></span> <span class='ocrx_word' id='word_1_346' title='bbox 1798 4205 2027 4273; x_wconf 85' lang='lat' dir='ltr'><strong>migrabit</strong></span> <span class='ocrx_word' id='word_1_347' title='bbox 2049 4205 2263 4275; x_wconf 78' lang='lat' dir='ltr'><strong>(Matth.</strong></span> 
     </span>
    </p>
   </div>
   <div class='ocr_carea' id='block_1_44' title="bbox 686 4285 2265 4364">
    <p class='ocr_par' dir='ltr' id='par_1_44' title="bbox 686 4285 2265 4364">
     <span class='ocr_line' id='line_1_44' title="bbox 686 4285 2265 4364; baseline 0.008 -24"><span class='ocrx_word' id='word_1_348' title='bbox 686 4287 771 4340; x_wconf 79' lang='grc' dir='ltr'><strong>Π.</strong></span> <span class='ocrx_word' id='word_1_349' title='bbox 807 4285 917 4357; x_wconf 78' lang='grc'><strong>19).</strong></span> <span class='ocrx_word' id='word_1_350' title='bbox 975 4287 1038 4340; x_wconf 87' lang='lat' dir='ltr'><strong>Et</strong></span> <span class='ocrx_word' id='word_1_351' title='bbox 1065 4302 1274 4341; x_wconf 88' lang='lat' dir='ltr'><strong>rursum</strong></span> <span class='ocrx_word' id='word_1_352' title='bbox 1301 4303 1417 4342; x_wconf 91' lang='lat' dir='ltr'><strong>cum</strong></span> <span class='ocrx_word' id='word_1_353' title='bbox 1445 4290 1688 4359; x_wconf 90' lang='lat' dir='ltr'><strong>discipuli</strong></span> <span class='ocrx_word' id='word_1_354' title='bbox 1727 4309 1830 4346; x_wconf 90' lang='lat' dir='ltr'><strong>non</strong></span> <span class='ocrx_word' id='word_1_355' title='bbox 1863 4307 2079 4364; x_wconf 88' lang='lat' dir='ltr'><strong>possent</strong></span> <span class='ocrx_word' id='word_1_356' title='bbox 2108 4298 2265 4352; x_wconf 82' lang='lat' dir='ltr'><strong>luna-</strong></span> 
     </span>
    </p>
   </div>
   <div class='ocr_carea' id='block_1_45' title="bbox 686 4376 2262 4457">
    <p class='ocr_par' dir='ltr' id='par_1_45' title="bbox 686 4376 2262 4457">
     <span class='ocr_line' id='line_1_45' title="bbox 686 4376 2262 4457; baseline 0.008 -27"><span class='ocrx_word' id='word_1_357' title='bbox 686 4376 847 4430; x_wconf 88' lang='lat' dir='ltr'><strong>ticum</strong></span> <span class='ocrx_word' id='word_1_358' title='bbox 870 4377 1097 4431; x_wconf 87' lang='lat' dir='ltr'><strong>liberare</strong></span> <span class='ocrx_word' id='word_1_359' title='bbox 1122 4393 1150 4430; x_wconf 87' lang='lat' dir='ltr'><strong>a</strong></span> <span class='ocrx_word' id='word_1_360' title='bbox 1179 4377 1451 4444; x_wconf 66' lang='lat' dir='ltr'><strong>daemone,</strong></span> <span class='ocrx_word' id='word_1_361' title='bbox 1482 4395 1800 4452; x_wconf 84' lang='lat' dir='ltr'><strong>causamque</strong></span> <span class='ocrx_word' id='word_1_362' title='bbox 1829 4387 2262 4457; x_wconf 82' lang='lat' dir='ltr'><strong>sciscitarentur,</strong></span> 
     </span>
    </p>
   </div>
   <div class='ocr_carea' id='block_1_46' title="bbox 687 4469 2263 4549">
    <p class='ocr_par' dir='ltr' id='par_1_46' title="bbox 687 4469 2263 4549">
     <span class='ocr_line' id='line_1_46' title="bbox 687 4469 2263 4549; baseline 0.011 -29"><span class='ocrx_word' id='word_1_363' title='bbox 687 4469 821 4522; x_wconf 90' lang='lat' dir='ltr'><strong>hanc</strong></span> <span class='ocrx_word' id='word_1_364' title='bbox 843 4469 922 4524; x_wconf 88' lang='lat' dir='ltr'><strong>eis</strong></span> <span class='ocrx_word' id='word_1_365' title='bbox 944 4469 1318 4537; x_wconf 78' lang='lat' dir='ltr'><strong>subiudicavit,</strong></span> <span class='ocrx_word' id='word_1_366' title='bbox 1334 4473 1473 4542; x_wconf 87' lang='lat' dir='ltr'><strong>quod</strong></span> <span class='ocrx_word' id='word_1_367' title='bbox 1500 4474 1633 4527; x_wconf 88' lang='lat' dir='ltr'><strong>ﬁdes</strong></span> <span class='ocrx_word' id='word_1_368' title='bbox 1654 4492 1745 4529; x_wconf 90' lang='lat' dir='ltr'><strong>eos</strong></span> <span class='ocrx_word' id='word_1_369' title='bbox 1770 4477 2040 4542; x_wconf 85' lang='lat' dir='ltr'><strong>deﬁceret,</strong></span> <span class='ocrx_word' id='word_1_370' title='bbox 2057 4483 2263 4549; x_wconf 88' lang='lat' dir='ltr'><strong>dicens,</strong></span> 
     </span>
    </p>
   </div>
   <div class='ocr_carea' id='block_1_47' title="bbox 687 4561 2265 4637">
    <p class='ocr_par' dir='ltr' id='par_1_47' title="bbox 687 4561 2265 4637">
     <span class='ocr_line' id='line_1_47' title="bbox 687 4561 2265 4637; baseline 0.011 -23"><span class='ocrx_word' id='word_1_371' title='bbox 687 4561 904 4631; x_wconf 78' lang='lat' dir='ltr'><strong>Propter</strong></span> <span class='ocrx_word' id='word_1_372' title='bbox 925 4561 1326 4617; x_wconf 81' lang='lat' dir='ltr'><strong>incredulitatem</strong></span> <span class='ocrx_word' id='word_1_373' title='bbox 1356 4575 1566 4618; x_wconf 69' lang='lat' dir='ltr'><strong>uestram</strong></span> <span class='ocrx_word' id='word_1_374' title='bbox 1591 4567 1720 4637; x_wconf 81' lang='lat' dir='ltr'><strong>(1b.)</strong></span> <span class='ocrx_word' id='word_1_375' title='bbox 1758 4570 1821 4625; x_wconf 89' lang='lat' dir='ltr'><strong>Et</strong></span> <span class='ocrx_word' id='word_1_376' title='bbox 1858 4571 2049 4627; x_wconf 86' lang='lat' dir='ltr'><strong>Paulus</strong></span> <span class='ocrx_word' id='word_1_377' title='bbox 2076 4575 2140 4631; x_wconf 88' lang='lat' dir='ltr'><strong>de</strong></span> <span class='ocrx_word' id='word_1_378' title='bbox 2171 4592 2265 4632; x_wconf 75' lang='lat' dir='ltr'><strong>ea~</strong></span> 
     </span>
    </p>
   </div>
   <div class='ocr_carea' id='block_1_48' title="bbox 684 4653 2266 4738">
    <p class='ocr_par' dir='ltr' id='par_1_48' title="bbox 684 4653 2266 4738">
     <span class='ocr_line' id='line_1_48' title="bbox 684 4653 2266 4738; baseline 0.009 -32"><span class='ocrx_word' id='word_1_379' title='bbox 684 4653 806 4707; x_wconf 91' lang='lat' dir='ltr'><strong>dem</strong></span> <span class='ocrx_word' id='word_1_380' title='bbox 833 4653 1046 4708; x_wconf 84' lang='lat' dir='ltr'><strong>dicebat</strong></span> <span class='ocrx_word' id='word_1_381' title='bbox 1076 4672 1090 4708; x_wconf 91' lang='lat'><em>:</em></span> <span class='ocrx_word' id='word_1_382' title='bbox 1121 4653 1181 4708; x_wconf 86' lang='lat' dir='ltr'><strong>Si</strong></span> <span class='ocrx_word' id='word_1_383' title='bbox 1207 4656 1428 4710; x_wconf 79' lang='lat' dir='ltr'><strong>habuero</strong></span> <span class='ocrx_word' id='word_1_384' title='bbox 1461 4658 1615 4725; x_wconf 86' lang='lat' dir='ltr'><strong>ﬁdem</strong></span> <span class='ocrx_word' id='word_1_385' title='bbox 1655 4662 1724 4714; x_wconf 90' lang='lat' dir='ltr'><strong>ita</strong></span> <span class='ocrx_word' id='word_1_386' title='bbox 1749 4673 1803 4715; x_wconf 87' lang='lat' dir='ltr'><strong>ut</strong></span> <span class='ocrx_word' id='word_1_387' title='bbox 1828 4675 2018 4720; x_wconf 84' lang='lat' dir='ltr'><strong>montes</strong></span> <span class='ocrx_word' id='word_1_388' title='bbox 2047 4672 2266 4738; x_wconf 76' lang='lat' dir='ltr'><strong>transfe-</strong></span> 
     </span>
    </p>
   </div>
   <div class='ocr_carea' id='block_1_49' title="bbox 685 4741 2268 4822">
    <p class='ocr_par' dir='ltr' id='par_1_49' title="bbox 685 4741 2268 4822">
     <span class='ocr_line' id='line_1_49' title="bbox 685 4741 2268 4822; baseline 0.012 -27"><span class='ocrx_word' id='word_1_389' title='bbox 685 4759 796 4796; x_wconf 89' lang='lat' dir='ltr'><strong>ram</strong></span> <span class='ocrx_word' id='word_1_390' title='bbox 827 4745 906 4813; x_wconf 89' lang='lat' dir='ltr'><strong>(l.</strong></span> <span class='ocrx_word' id='word_1_391' title='bbox 934 4741 1052 4798; x_wconf 86' lang='lat' dir='ltr'><strong>Cor.</strong></span> <span class='ocrx_word' id='word_1_392' title='bbox 1087 4744 1174 4799; x_wconf 72' lang='lat'><strong>15.</strong></span> <span class='ocrx_word' id='word_1_393' title='bbox 1204 4745 1283 4815; x_wconf 78' lang='grc'><strong>2).</strong></span> <span class='ocrx_word' id='word_1_394' title='bbox 1308 4746 1372 4801; x_wconf 81' lang='lat' dir='ltr'><strong>Et</strong></span> <span class='ocrx_word' id='word_1_395' title='bbox 1417 4749 1602 4804; x_wconf 77' lang='lat' dir='ltr'><strong>l’clrus</strong></span> <span class='ocrx_word' id='word_1_396' title='bbox 1631 4760 1751 4806; x_wconf 83' lang='lat' dir='ltr'><strong>eum</strong></span> <span class='ocrx_word' id='word_1_397' title='bbox 1782 4755 2174 4822; x_wconf 83' lang='lat' dir='ltr'><strong>periclitaretur</strong></span> <span class='ocrx_word' id='word_1_398' title='bbox 2202 4773 2268 4814; x_wconf 88' lang='lat' dir='ltr'><strong>ne</strong></span> 
     </span>
    </p>
   </div>
   <div class='ocr_carea' id='block_1_50' title="bbox 689 4837 2266 4907">
    <p class='ocr_par' dir='ltr' id='par_1_50' title="bbox 689 4837 2266 4907">
     <span class='ocr_line' id='line_1_50' title="bbox 689 4837 2266 4907; baseline 0.012 -22"><span class='ocrx_word' id='word_1_399' title='bbox 689 4843 1020 4904; x_wconf 80' lang='lat' dir='ltr'><strong>mergeretur</strong></span> <span class='ocrx_word' id='word_1_400' title='bbox 1074 4837 1295 4905; x_wconf 89' lang='lat' dir='ltr'><strong>pedibus</strong></span> <span class='ocrx_word' id='word_1_401' title='bbox 1349 4853 1442 4907; x_wconf 87' lang='lat' dir='ltr'><strong>per</strong></span> <span class='ocrx_word' id='word_1_402' title='bbox 1489 4857 1636 4894; x_wconf 80' lang='lat' dir='ltr'><strong>mare</strong></span> <span class='ocrx_word' id='word_1_403' title='bbox 1686 4843 1969 4907; x_wconf 80' lang='lat' dir='ltr'><strong>incedens,</strong></span> <span class='ocrx_word' id='word_1_404' title='bbox 2021 4849 2266 4904; x_wconf 79' lang='lat' dir='ltr'><strong>eatudem</strong></span> 
     </span>
    </p>
   </div>
   <div class='ocr_carea' id='block_1_51' title="bbox 689 4926 2272 5011">
    <p class='ocr_par' dir='ltr' id='par_1_51' title="bbox 689 4926 2272 5011">
     <span class='ocr_line' id='line_1_51' title="bbox 689 4926 2272 5011; baseline 0.009 -33"><span class='ocrx_word' id='word_1_405' title='bbox 689 4926 1104 4994; x_wconf 74' lang='lat' dir='ltr'><strong>increpationem</strong></span> <span class='ocrx_word' id='word_1_406' title='bbox 1144 4928 1344 4982; x_wconf 66' lang='lat' dir='ltr'><strong>audivit</strong></span> <span class='ocrx_word' id='word_1_407' title='bbox 1382 4944 1409 4980; x_wconf 91' lang='lat' dir='ltr'><strong>a</strong></span> <span class='ocrx_word' id='word_1_408' title='bbox 1442 4929 1673 4993; x_wconf 80' lang='lat' dir='ltr'><strong>Chrism,</strong></span> <span class='ocrx_word' id='word_1_409' title='bbox 1703 4934 1916 4989; x_wconf 78' lang='lat' dir='ltr'><strong>dlodica:</strong></span> <span class='ocrx_word' id='word_1_410' title='bbox 1948 4938 2084 5001; x_wconf 80' lang='lat' dir='ltr'><strong>ﬁdei,</strong></span> <span class='ocrx_word' id='word_1_411' title='bbox 2114 4949 2272 5011; x_wconf 78' lang='lat' dir='ltr'><strong>quare</strong></span> 
     </span>
    </p>
   </div>
   <div class='ocr_carea' id='block_1_52' title="bbox 688 5015 2267 5100">
    <p class='ocr_par' dir='ltr' id='par_1_52' title="bbox 688 5015 2267 5100">
     <span class='ocr_line' id='line_1_52' title="bbox 688 5015 2267 5100; baseline 0.011 -33"><span class='ocrx_word' id='word_1_412' title='bbox 688 5015 925 5070; x_wconf 84' lang='lat' dir='ltr'><strong>dubitasti</strong></span> <span class='ocrx_word' id='word_1_413' title='bbox 960 5017 1180 5089; x_wconf 79' lang='lat' dir='ltr'><strong>(Matth.</strong></span> <span class='ocrx_word' id='word_1_414' title='bbox 1234 5020 1313 5073; x_wconf 75' lang='lat' dir='ltr'><strong>l4.</strong></span> <span class='ocrx_word' id='word_1_415' title='bbox 1353 5019 1412 5073; x_wconf 83' lang='lat' dir='ltr'><strong>5i</strong></span> <span class='ocrx_word' id='word_1_416' title='bbox 1437 5018 1493 5092; x_wconf 88' lang='lat'><strong>)?</strong></span> <span class='ocrx_word' id='word_1_417' title='bbox 1528 5021 1705 5091; x_wconf 86' lang='lat' dir='ltr'><strong>Itaque</strong></span> <span class='ocrx_word' id='word_1_418' title='bbox 1752 5024 1882 5080; x_wconf 88' lang='lat' dir='ltr'><strong>ﬁdes</strong></span> <span class='ocrx_word' id='word_1_419' title='bbox 1924 5027 2117 5083; x_wconf 90' lang='lat' dir='ltr'><strong>dicitur</strong></span> <span class='ocrx_word' id='word_1_420' title='bbox 2165 5043 2267 5100; x_wconf 81' lang='lat' dir='ltr'><strong>qua</strong></span> 
     </span>
    </p>
   </div>
   <div class='ocr_carea' id='block_1_53' title="bbox 691 5110 2270 5181">
    <p class='ocr_par' dir='ltr' id='par_1_53' title="bbox 691 5110 2270 5181">
     <span class='ocr_line' id='line_1_53' title="bbox 691 5110 2270 5181; baseline 0.01 -18"><span class='ocrx_word' id='word_1_421' title='bbox 691 5110 946 5164; x_wconf 89' lang='lat' dir='ltr'><strong>miracula</strong></span> <span class='ocrx_word' id='word_1_422' title='bbox 986 5120 1038 5164; x_wconf 88' lang='lat' dir='ltr'><strong>et</strong></span> <span class='ocrx_word' id='word_1_423' title='bbox 1083 5110 1319 5180; x_wconf 75' lang='lat' dir='ltr'><strong>prodigia</strong></span> <span class='ocrx_word' id='word_1_424' title='bbox 1369 5124 1643 5181; x_wconf 85' lang='lat' dir='ltr'><strong>patrantur</strong></span> <span class='ocrx_word' id='word_1_425' title='bbox 1680 5133 1692 5168; x_wconf 90' lang='lat'><strong>:</strong></span> <span class='ocrx_word' id='word_1_426' title='bbox 1733 5117 1928 5172; x_wconf 89' lang='lat' dir='ltr'><strong>dicitur</strong></span> <span class='ocrx_word' id='word_1_427' title='bbox 1965 5122 2089 5178; x_wconf 88' lang='lat' dir='ltr'><strong>item</strong></span> <span class='ocrx_word' id='word_1_428' title='bbox 2136 5123 2270 5179; x_wconf 89' lang='lat' dir='ltr'><strong>lides</strong></span> 
     </span>
    </p>
   </div>
   <div class='ocr_carea' id='block_1_54' title="bbox 688 5203 2269 5284">
    <p class='ocr_par' dir='ltr' id='par_1_54' title="bbox 688 5203 2269 5284">
     <span class='ocr_line' id='line_1_54' title="bbox 688 5203 2269 5284; baseline 0.008 -29"><span class='ocrx_word' id='word_1_429' title='bbox 688 5217 808 5271; x_wconf 74' lang='lat' dir='ltr'><strong>qua:</strong></span> <span class='ocrx_word' id='word_1_430' title='bbox 835 5214 934 5258; x_wconf 86' lang='lat' dir='ltr'><strong>nos</strong></span> <span class='ocrx_word' id='word_1_431' title='bbox 959 5203 1026 5257; x_wconf 89' lang='lat' dir='ltr'><strong>ad</strong></span> <span class='ocrx_word' id='word_1_432' title='bbox 1058 5205 1383 5273; x_wconf 78' lang='lat' dir='ltr'><strong>agnitionem</strong></span> <span class='ocrx_word' id='word_1_433' title='bbox 1415 5207 1505 5261; x_wconf 91' lang='lat' dir='ltr'><strong>Dei</strong></span> <span class='ocrx_word' id='word_1_434' title='bbox 1538 5208 1772 5276; x_wconf 88' lang='lat' dir='ltr'><strong>perducit</strong></span> <span class='ocrx_word' id='word_1_435' title='bbox 1801 5251 1815 5275; x_wconf 91' lang='lat'><strong>,</strong></span> <span class='ocrx_word' id='word_1_436' title='bbox 1845 5211 1913 5264; x_wconf 90' lang='lat' dir='ltr'><strong>ob</strong></span> <span class='ocrx_word' id='word_1_437' title='bbox 1942 5229 2098 5281; x_wconf 87' lang='lat' dir='ltr'><strong>quam</strong></span> <span class='ocrx_word' id='word_1_438' title='bbox 2121 5217 2269 5284; x_wconf 86' lang='lat' dir='ltr'><strong>quis-</strong></span> 
     </span>
    </p>
   </div>
   <div class='ocr_carea' id='block_1_55' title="bbox 690 5295 2271 5364">
    <p class='ocr_par' dir='ltr' id='par_1_55' title="bbox 690 5295 2271 5364">
     <span class='ocr_line' id='line_1_55' title="bbox 690 5295 2271 5364; baseline 0.008 -15"><span class='ocrx_word' id='word_1_439' title='bbox 690 5311 798 5364; x_wconf 91' lang='lat' dir='ltr'><strong>que</strong></span> <span class='ocrx_word' id='word_1_440' title='bbox 826 5304 1064 5350; x_wconf 86' lang='lat' dir='ltr'><strong>nostrum</strong></span> <span class='ocrx_word' id='word_1_441' title='bbox 1096 5295 1268 5350; x_wconf 89' lang='lat' dir='ltr'><strong>ﬁdelis</strong></span> <span class='ocrx_word' id='word_1_442' title='bbox 1297 5306 1381 5352; x_wconf 89' lang='lat' dir='ltr'><strong>est</strong></span> <span class='ocrx_word' id='word_1_443' title='bbox 1414 5315 1427 5353; x_wconf 89' lang='lat'><strong>:</strong></span> <span class='ocrx_word' id='word_1_444' title='bbox 1465 5299 1603 5352; x_wconf 89' lang='lat' dir='ltr'><strong>sicut</strong></span> <span class='ocrx_word' id='word_1_445' title='bbox 1637 5300 1703 5353; x_wconf 91' lang='lat' dir='ltr'><strong>ad</strong></span> <span class='ocrx_word' id='word_1_446' title='bbox 1732 5301 1999 5356; x_wconf 78' lang='lat' dir='ltr'><strong>Romanos</strong></span> <span class='ocrx_word' id='word_1_447' title='bbox 2029 5307 2271 5361; x_wconf 84' lang='lat' dir='ltr'><strong>scribens</strong></span> 
     </span>
    </p>
   </div>
   <div class='ocr_carea' id='block_1_56' title="bbox 695 5387 2264 5463">
    <p class='ocr_par' dir='ltr' id='par_1_56' title="bbox 695 5387 2264 5463">
     <span class='ocr_line' id='line_1_56' title="bbox 695 5387 2264 5463; baseline 0.008 -22"><span class='ocrx_word' id='word_1_448' title='bbox 695 5389 828 5442; x_wconf 72' lang='lat' dir='ltr'><strong>dicit</strong></span> <span class='ocrx_word' id='word_1_449' title='bbox 864 5406 878 5442; x_wconf 90' lang='lat'><strong>:</strong></span> <span class='ocrx_word' id='word_1_450' title='bbox 916 5387 1128 5442; x_wconf 75' lang='lat' dir='ltr'><strong>Gratias</strong></span> <span class='ocrx_word' id='word_1_451' title='bbox 1173 5406 1271 5458; x_wconf 80' lang='lat' dir='ltr'><strong>agn</strong></span> <span class='ocrx_word' id='word_1_452' title='bbox 1317 5390 1422 5443; x_wconf 87' lang='lat' dir='ltr'><strong>Deo</strong></span> <span class='ocrx_word' id='word_1_453' title='bbox 1457 5404 1568 5446; x_wconf 84' lang='lat' dir='ltr'><strong>utea</strong></span> <span class='ocrx_word' id='word_1_454' title='bbox 1606 5400 1697 5460; x_wconf 82' lang='lat' dir='ltr'><strong>per</strong></span> <span class='ocrx_word' id='word_1_455' title='bbox 1736 5391 1920 5449; x_wconf 73' lang='lat' dir='ltr'><strong>Iesum</strong></span> <span class='ocrx_word' id='word_1_456' title='bbox 1971 5395 2264 5463; x_wconf 86' lang='lat' dir='ltr'><strong>Christum,</strong></span> 
     </span>
    </p>
   </div>
   <div class='ocr_carea' id='block_1_57' title="bbox 702 5478 2262 5557">
    <p class='ocr_par' dir='ltr' id='par_1_57' title="bbox 702 5478 2262 5557">
     <span class='ocr_line' id='line_1_57' title="bbox 702 5478 2262 5557; baseline 0.006 -24"><span class='ocrx_word' id='word_1_457' title='bbox 702 5478 830 5533; x_wconf 83' lang='lat' dir='ltr'><strong>mod</strong></span> <span class='ocrx_word' id='word_1_458' title='bbox 859 5479 988 5547; x_wconf 87' lang='lat' dir='ltr'><strong>ﬁdes</strong></span> <span class='ocrx_word' id='word_1_459' title='bbox 1021 5489 1189 5532; x_wconf 74' lang='lat' dir='ltr'><strong>vestra</strong></span> <span class='ocrx_word' id='word_1_460' title='bbox 1219 5483 1569 5534; x_wconf 82' lang='lat' dir='ltr'><strong>annuntiatur</strong></span> <span class='ocrx_word' id='word_1_461' title='bbox 1610 5485 1663 5536; x_wconf 86' lang='lat' dir='ltr'><strong>in</strong></span> <span class='ocrx_word' id='word_1_462' title='bbox 1700 5495 1809 5538; x_wconf 81' lang='lat' dir='ltr'><strong>toto</strong></span> <span class='ocrx_word' id='word_1_463' title='bbox 1857 5487 2052 5541; x_wconf 88' lang='lat' dir='ltr'><strong>mundo</strong></span> <span class='ocrx_word' id='word_1_464' title='bbox 2088 5487 2262 5557; x_wconf 81' lang='lat' dir='ltr'><strong>(Rom.</strong></span> 
     </span>
    </p>
   </div>
   <div class='ocr_carea' id='block_1_58' title="bbox 697 5569 2267 5637">
    <p class='ocr_par' dir='ltr' id='par_1_58' title="bbox 697 5569 2267 5637">
     <span class='ocr_line' id='line_1_58' title="bbox 697 5569 2267 5637; baseline 0.009 -17"><span class='ocrx_word' id='word_1_465' title='bbox 697 5573 744 5620; x_wconf 70' lang='grc' dir='ltr'><strong>α.</strong></span> <span class='ocrx_word' id='word_1_466' title='bbox 782 5569 872 5637; x_wconf 88' lang='lat'><strong>8);</strong></span> <span class='ocrx_word' id='word_1_467' title='bbox 923 5583 986 5622; x_wconf 86' lang='lat' dir='ltr'><strong>ac</strong></span> <span class='ocrx_word' id='word_1_468' title='bbox 1037 5584 1260 5624; x_wconf 91' lang='lat' dir='ltr'><strong>rursum</strong></span> <span class='ocrx_word' id='word_1_469' title='bbox 1315 5571 1379 5625; x_wconf 87' lang='lat' dir='ltr'><strong>ad</strong></span> <span class='ocrx_word' id='word_1_470' title='bbox 1421 5571 1989 5630; x_wconf 75' lang='lat' dir='ltr'><strong>TheSsalouicenses:</strong></span> <span class='ocrx_word' id='word_1_471' title='bbox 2036 5579 2076 5630; x_wconf 80' lang='grc' dir='ltr'><em>Α</em></span> <span class='ocrx_word' id='word_1_472' title='bbox 2125 5581 2267 5634; x_wconf 71' lang='lat' dir='ltr'><strong>vobis</strong></span> 
     </span>
    </p>
   </div>
   <div class='ocr_carea' id='block_1_59' title="bbox 689 5663 2354 5730">
    <p class='ocr_par' dir='ltr' id='par_1_59' title="bbox 689 5663 2354 5730">
     <span class='ocr_line' id='line_1_59' title="bbox 689 5663 2354 5730; baseline 0.005 -16"><span class='ocrx_word' id='word_1_473' title='bbox 689 5663 827 5715; x_wconf 85' lang='lat' dir='ltr'><strong>enim</strong></span> <span class='ocrx_word' id='word_1_474' title='bbox 877 5665 1145 5730; x_wconf 83' lang='lat' dir='ltr'><strong>personuit</strong></span> <span class='ocrx_word' id='word_1_475' title='bbox 1190 5680 1362 5718; x_wconf 82' lang='lat' dir='ltr'><strong>sermo</strong></span> <span class='ocrx_word' id='word_1_476' title='bbox 1403 5664 1650 5728; x_wconf 77' lang='lat' dir='ltr'><strong>Domini,</strong></span> <span class='ocrx_word' id='word_1_477' title='bbox 1701 5685 1805 5722; x_wconf 89' lang='lat' dir='ltr'><strong>non</strong></span> <span class='ocrx_word' id='word_1_478' title='bbox 1854 5671 2026 5722; x_wconf 87' lang='lat' dir='ltr'><strong>solum</strong></span> <span class='ocrx_word' id='word_1_479' title='bbox 2061 5673 2114 5724; x_wconf 88' lang='lat' dir='ltr'><strong>in</strong></span> <span class='ocrx_word' id='word_1_480' title='bbox 2147 5671 2260 5725; x_wconf 78' lang='lat' dir='ltr'><strong>Ma—</strong></span> <span class='ocrx_word' id='word_1_481' title='bbox 2351 5720 2354 5722; x_wconf 30' lang='grc' dir='ltr'><strong>ν</strong></span> 
     </span>
    </p>
   </div>
   <div class='ocr_carea' id='block_1_60' title="bbox 692 5755 2264 5831">
    <p class='ocr_par' dir='ltr' id='par_1_60' title="bbox 692 5755 2264 5831">
     <span class='ocr_line' id='line_1_60' title="bbox 692 5755 2264 5831; baseline 0.008 -27"><span class='ocrx_word' id='word_1_482' title='bbox 692 5755 910 5807; x_wconf 77' lang='lat' dir='ltr'><strong>rrdonia</strong></span> <span class='ocrx_word' id='word_1_483' title='bbox 954 5764 1000 5808; x_wconf 81' lang='lat' dir='ltr'><strong>st</strong></span> <span class='ocrx_word' id='word_1_484' title='bbox 1045 5755 1282 5813; x_wconf 73' lang='lat' dir='ltr'><strong>Achaia.</strong></span> <span class='ocrx_word' id='word_1_485' title='bbox 1335 5772 1507 5812; x_wconf 76' lang='lat' dir='ltr'><strong>verum</strong></span> <span class='ocrx_word' id='word_1_486' title='bbox 1545 5760 1704 5813; x_wconf 86' lang='lat' dir='ltr'><strong>etiam</strong></span> <span class='ocrx_word' id='word_1_487' title='bbox 1737 5763 1787 5813; x_wconf 90' lang='lat' dir='ltr'><strong>in</strong></span> <span class='ocrx_word' id='word_1_488' title='bbox 1821 5763 1962 5814; x_wconf 89' lang='lat' dir='ltr'><strong>omni</strong></span> <span class='ocrx_word' id='word_1_489' title='bbox 1997 5760 2109 5815; x_wconf 83' lang='lat' dir='ltr'><strong>loco</strong></span> <span class='ocrx_word' id='word_1_490' title='bbox 2137 5764 2264 5831; x_wconf 75' lang='lat' dir='ltr'><strong>ﬁdes</strong></span> 
     </span>
    </p>
   </div>
   <div class='ocr_carea' id='block_1_61' title="bbox 1399 349 3228 419">
    <p class='ocr_par' dir='ltr' id='par_1_61' title="bbox 1399 349 3228 419">
     <span class='ocr_line' id='line_1_61' title="bbox 1399 349 3228 419; baseline 0.006 -12"><span class='ocrx_word' id='word_1_491' title='bbox 1399 353 1456 408; x_wconf 86' lang='lat' dir='ltr'><strong>S.</strong></span> <span class='ocrx_word' id='word_1_492' title='bbox 1494 349 1772 412; x_wconf 72' lang='lat' dir='ltr'><strong>IOANNlS</strong></span> <span class='ocrx_word' id='word_1_493' title='bbox 1810 355 2280 414; x_wconf 72' lang='lat' dir='ltr'><strong>CHRYSOSTOMI</strong></span> <span class='ocrx_word' id='word_1_494' title='bbox 2323 359 2640 419; x_wconf 68' lang='lat' dir='ltr'><strong>AliClllEP.</strong></span> <span class='ocrx_word' id='word_1_495' title='bbox 2684 359 3228 419; x_wconf 65' lang='lat' dir='ltr'><strong>CONSTANTINOP.</strong></span> 
     </span>
    </p>
   </div>
   <div class='ocr_carea' id='block_1_62' title="bbox 3859 351 3974 414">
    <p class='ocr_par' dir='ltr' id='par_1_62' title="bbox 3859 351 3974 414">
     <span class='ocr_line' id='line_1_62' title="bbox 3859 351 3974 414; baseline -0.009 0"><span class='ocrx_word' id='word_1_496' title='bbox 3859 351 3974 414; x_wconf 70' lang='lat'><strong>976</strong></span> 
     </span>
    </p>
   </div>
   <div class='ocr_carea' id='block_1_63' title="bbox 2381 473 3962 548">
    <p class='ocr_par' dir='ltr' id='par_1_63' title="bbox 2381 473 3962 548">
     <span class='ocr_line' id='line_1_63' title="bbox 2381 473 3962 548; baseline -0.001 -18"><span class='ocrx_word' id='word_1_497' title='bbox 2381 487 2574 538; x_wconf 75' lang='lat' dir='ltr'><strong>vestra.</strong></span> <span class='ocrx_word' id='word_1_498' title='bbox 2597 494 2714 548; x_wconf 77' lang='lat' dir='ltr'><strong>aute</strong></span> <span class='ocrx_word' id='word_1_499' title='bbox 2736 486 2814 532; x_wconf 84' lang='lat' dir='ltr'><strong>est</strong></span> <span class='ocrx_word' id='word_1_500' title='bbox 2845 479 2899 532; x_wconf 88' lang='lat' dir='ltr'><strong>in</strong></span> <span class='ocrx_word' id='word_1_501' title='bbox 2933 477 3116 544; x_wconf 83' lang='lat' dir='ltr'><strong>Deum,</strong></span> <span class='ocrx_word' id='word_1_502' title='bbox 3148 478 3440 533; x_wconf 73' lang='lat' dir='ltr'><strong>dimanarit</strong></span> <span class='ocrx_word' id='word_1_503' title='bbox 3471 476 3546 547; x_wconf 92' lang='lat' dir='ltr'><strong>(l.</strong></span> <span class='ocrx_word' id='word_1_504' title='bbox 3581 473 3762 532; x_wconf 78' lang='lat' dir='ltr'><strong>Thess.</strong></span> <span class='ocrx_word' id='word_1_505' title='bbox 3801 478 3848 531; x_wconf 92' lang='lat' dir='ltr'><strong>l.</strong></span> <span class='ocrx_word' id='word_1_506' title='bbox 3881 477 3962 542; x_wconf 75' lang='lat'><strong>8).</strong></span> 
     </span>
    </p>
   </div>
   <div class='ocr_carea' id='block_1_64' title="bbox 2469 573 3966 650">
    <p class='ocr_par' dir='ltr' id='par_1_64' title="bbox 2469 573 3966 650">
     <span class='ocr_line' id='line_1_64' title="bbox 2469 573 3966 650; baseline 0.005 -25"><span class='ocrx_word' id='word_1_507' title='bbox 2469 573 2517 625; x_wconf 78' lang='lat' dir='ltr'><em>F</em></span> <span class='ocrx_word' id='word_1_508' title='bbox 2519 576 2650 628; x_wconf 83' lang='lat' dir='ltr'><strong>idem</strong></span> <span class='ocrx_word' id='word_1_509' title='bbox 2685 580 2986 647; x_wconf 85' lang='lat' dir='ltr'><strong>cognitionis</strong></span> <span class='ocrx_word' id='word_1_510' title='bbox 3025 598 3114 634; x_wconf 83' lang='lat' dir='ltr'><strong>cur</strong></span> <span class='ocrx_word' id='word_1_511' title='bbox 3155 580 3406 650; x_wconf 85' lang='lat' dir='ltr'><strong>Spiritum</strong></span> <span class='ocrx_word' id='word_1_512' title='bbox 3450 578 3571 648; x_wconf 85' lang='lat' dir='ltr'><strong>ﬁdei</strong></span> <span class='ocrx_word' id='word_1_513' title='bbox 3617 586 3794 639; x_wconf 66' lang='lat' dir='ltr'><strong>roret;</strong></span> <span class='ocrx_word' id='word_1_514' title='bbox 3832 574 3966 642; x_wconf 61' lang='lat' dir='ltr'><strong>ﬁt“!</strong></span> 
     </span>
    </p>
   </div>
   <div class='ocr_carea' id='block_1_65' title="bbox 2376 663 3965 739">
    <p class='ocr_par' dir='ltr' id='par_1_65' title="bbox 2376 663 3965 739">
     <span class='ocr_line' id='line_1_65' title="bbox 2376 663 3965 739; baseline 0.001 -26"><span class='ocrx_word' id='word_1_515' title='bbox 2376 678 2531 730; x_wconf 76' lang='lat' dir='ltr'><strong>quare</strong></span> <span class='ocrx_word' id='word_1_516' title='bbox 2554 667 2747 719; x_wconf 77' lang='lat' dir='ltr'><strong>auxilio</strong></span> <span class='ocrx_word' id='word_1_517' title='bbox 2777 668 3002 737; x_wconf 85' lang='lat' dir='ltr'><strong>Spiritus</strong></span> <span class='ocrx_word' id='word_1_518' title='bbox 3031 670 3270 739; x_wconf 83' lang='lat' dir='ltr'><strong>indigeat.</strong></span> <span class='ocrx_word' id='word_1_519' title='bbox 3301 699 3370 710; x_wconf 91' lang='lat'><strong><em>—</em></strong></span> <span class='ocrx_word' id='word_1_520' title='bbox 3393 669 3615 738; x_wconf 82' lang='lat' dir='ltr'><strong>Qualem</strong></span> <span class='ocrx_word' id='word_1_521' title='bbox 3644 667 3805 735; x_wconf 77' lang='lat' dir='ltr'><strong>igitur</strong></span> <span class='ocrx_word' id='word_1_522' title='bbox 3829 663 3965 717; x_wconf 84' lang='lat' dir='ltr'><strong>sub-</strong></span> 
     </span>
    </p>
   </div>
   <div class='ocr_carea' id='block_1_66' title="bbox 2379 752 3965 830">
    <p class='ocr_par' dir='ltr' id='par_1_66' title="bbox 2379 752 3965 830">
     <span class='ocr_line' id='line_1_66' title="bbox 2379 752 3965 830; baseline 0.003 -25"><span class='ocrx_word' id='word_1_523' title='bbox 2379 752 2575 807; x_wconf 79' lang='lat' dir='ltr'><strong>indit&#39;at</strong></span> <span class='ocrx_word' id='word_1_524' title='bbox 2600 756 2649 807; x_wconf 87' lang='lat' dir='ltr'><strong>in</strong></span> <span class='ocrx_word' id='word_1_525' title='bbox 2674 755 2775 810; x_wconf 78' lang='lat' dir='ltr'><strong>hoc</strong></span> <span class='ocrx_word' id='word_1_526' title='bbox 2802 758 2919 812; x_wconf 89' lang='lat' dir='ltr'><strong>loco</strong></span> <span class='ocrx_word' id='word_1_527' title='bbox 2947 760 3145 814; x_wconf 82' lang='lat' dir='ltr'><strong>ﬁdem?</strong></span> <span class='ocrx_word' id='word_1_528' title='bbox 3174 761 3344 816; x_wconf 87' lang='lat' dir='ltr'><strong>Dubio</strong></span> <span class='ocrx_word' id='word_1_529' title='bbox 3379 761 3559 830; x_wconf 83' lang='lat' dir='ltr'><strong>procul</strong></span> <span class='ocrx_word' id='word_1_530' title='bbox 3591 757 3746 811; x_wconf 90' lang='lat' dir='ltr'><strong>ﬁdem</strong></span> <span class='ocrx_word' id='word_1_531' title='bbox 3771 752 3965 823; x_wconf 70' lang='lat' dir='ltr'><strong>mgni-</strong></span> 
     </span>
    </p>
   </div>
   <div class='ocr_carea' id='block_1_67' title="bbox 2376 843 3969 921">
    <p class='ocr_par' dir='ltr' id='par_1_67' title="bbox 2376 843 3969 921">
     <span class='ocr_line' id='line_1_67' title="bbox 2376 843 3969 921; baseline 0.001 -25"><span class='ocrx_word' id='word_1_532' title='bbox 2376 843 2534 897; x_wconf 85' lang='lat' dir='ltr'><strong>tionis</strong></span> <span class='ocrx_word' id='word_1_533' title='bbox 2563 863 2576 898; x_wconf 89' lang='lat'><strong>:</strong></span> <span class='ocrx_word' id='word_1_534' title='bbox 2608 845 2658 898; x_wconf 89' lang='lat' dir='ltr'><strong>id</strong></span> <span class='ocrx_word' id='word_1_535' title='bbox 2697 848 2838 916; x_wconf 90' lang='lat' dir='ltr'><strong>quod</strong></span> <span class='ocrx_word' id='word_1_536' title='bbox 2881 864 2945 904; x_wconf 74' lang='lat' dir='ltr'><strong>ex</strong></span> <span class='ocrx_word' id='word_1_537' title='bbox 2987 854 3333 919; x_wconf 84' lang='lat' dir='ltr'><strong>sequentibus</strong></span> <span class='ocrx_word' id='word_1_538' title='bbox 3379 861 3542 921; x_wconf 84' lang='lat' dir='ltr'><strong>patet.</strong></span> <span class='ocrx_word' id='word_1_539' title='bbox 3573 847 3856 906; x_wconf 74' lang='lat' dir='ltr'><strong>Credimus,</strong></span> <span class='ocrx_word' id='word_1_540' title='bbox 3883 844 3969 898; x_wconf 88' lang='lat' dir='ltr'><strong>in-</strong></span> 
     </span>
    </p>
   </div>
   <div class='ocr_carea' id='block_1_68' title="bbox 2375 933 3971 1008">
    <p class='ocr_par' dir='ltr' id='par_1_68' title="bbox 2375 933 3971 1008">
     <span class='ocr_line' id='line_1_68' title="bbox 2375 933 3971 1008; baseline 0.006 -25"><span class='ocrx_word' id='word_1_541' title='bbox 2375 933 2509 1001; x_wconf 88' lang='lat' dir='ltr'><strong>quit,</strong></span> <span class='ocrx_word' id='word_1_542' title='bbox 2537 947 2844 1007; x_wconf 79' lang='lat' dir='ltr'><strong>quapropter</strong></span> <span class='ocrx_word' id='word_1_543' title='bbox 2881 949 2927 993; x_wconf 90' lang='lat' dir='ltr'><strong>et</strong></span> <span class='ocrx_word' id='word_1_544' title='bbox 2969 939 3244 1007; x_wconf 78' lang='lat' dir='ltr'><strong>loquimur.</strong></span> <span class='ocrx_word' id='word_1_545' title='bbox 3279 941 3418 1008; x_wconf 87' lang='lat' dir='ltr'><strong>Qttid</strong></span> <span class='ocrx_word' id='word_1_546' title='bbox 3463 938 3772 995; x_wconf 79' lang='lat' dir='ltr'><strong>credimus?</strong></span> <span class='ocrx_word' id='word_1_547' title='bbox 3814 935 3971 1002; x_wconf 69' lang='lat' dir='ltr'><strong>Quod</strong></span> 
     </span>
    </p>
   </div>
   <div class='ocr_carea' id='block_1_69' title="bbox 2375 1023 3969 1095">
    <p class='ocr_par' dir='ltr' id='par_1_69' title="bbox 2375 1023 3969 1095">
     <span class='ocr_line' id='line_1_69' title="bbox 2375 1023 3969 1095; baseline 0.006 -23"><span class='ocrx_word' id='word_1_548' title='bbox 2375 1023 2461 1089; x_wconf 86' lang='lat' dir='ltr'><strong>qui</strong></span> <span class='ocrx_word' id='word_1_549' title='bbox 2500 1028 2810 1080; x_wconf 72' lang='lat' dir='ltr'><strong>resuscitabit</strong></span> <span class='ocrx_word' id='word_1_550' title='bbox 2853 1029 3141 1095; x_wconf 79' lang='lat' dir='ltr'><strong>Christum,</strong></span> <span class='ocrx_word' id='word_1_551' title='bbox 3183 1033 3334 1084; x_wconf 85' lang='lat' dir='ltr'><strong>etiam</strong></span> <span class='ocrx_word' id='word_1_552' title='bbox 3378 1049 3470 1085; x_wconf 86' lang='lat' dir='ltr'><strong>nos</strong></span> <span class='ocrx_word' id='word_1_553' title='bbox 3518 1029 3830 1085; x_wconf 82' lang='lat' dir='ltr'><strong>resuscitabit</strong></span> <span class='ocrx_word' id='word_1_554' title='bbox 3876 1043 3969 1095; x_wconf 78' lang='lat' dir='ltr'><strong>per</strong></span> 
     </span>
    </p>
   </div>
   <div class='ocr_carea' id='block_1_70' title="bbox 2375 1112 3970 1189">
    <p class='ocr_par' dir='ltr' id='par_1_70' title="bbox 2375 1112 3970 1189">
     <span class='ocr_line' id='line_1_70' title="bbox 2375 1112 3970 1189; baseline 0.011 -28"><span class='ocrx_word' id='word_1_555' title='bbox 2375 1112 2604 1164; x_wconf 68' lang='lat' dir='ltr'><strong>virtutem</strong></span> <span class='ocrx_word' id='word_1_556' title='bbox 2631 1131 2777 1169; x_wconf 87' lang='lat' dir='ltr'><strong>suam</strong></span> <span class='ocrx_word' id='word_1_557' title='bbox 2808 1117 2883 1188; x_wconf 76' lang='lat'><strong>(2.</strong></span> <span class='ocrx_word' id='word_1_558' title='bbox 2921 1117 3040 1173; x_wconf 85' lang='lat' dir='ltr'><strong>Cor.</strong></span> <span class='ocrx_word' id='word_1_559' title='bbox 3081 1121 3129 1175; x_wconf 71' lang='grc'><strong>4.</strong></span> <span class='ocrx_word' id='word_1_560' title='bbox 3165 1121 3276 1184; x_wconf 59' lang='lat' dir='ltr'><strong>is).</strong></span> <span class='ocrx_word' id='word_1_561' title='bbox 3304 1121 3408 1176; x_wconf 89' lang='lat' dir='ltr'><strong>Sed</strong></span> <span class='ocrx_word' id='word_1_562' title='bbox 3453 1135 3618 1189; x_wconf 80' lang='lat' dir='ltr'><strong>quare</strong></span> <span class='ocrx_word' id='word_1_563' title='bbox 3660 1134 3779 1173; x_wconf 75' lang='lat' dir='ltr'><strong>eam</strong></span> <span class='ocrx_word' id='word_1_564' title='bbox 3811 1123 3970 1170; x_wconf 63' lang='grc' dir='ltr'><strong>νοῡθι</strong></span> 
     </span>
    </p>
   </div>
   <div class='ocr_carea' id='block_1_71' title="bbox 2375 1201 3971 1268">
    <p class='ocr_par' dir='ltr' id='par_1_71' title="bbox 2375 1201 3971 1268">
     <span class='ocr_line' id='line_1_71' title="bbox 2375 1201 3971 1268; baseline 0.002 -13"><span class='ocrx_word' id='word_1_565' title='bbox 2375 1201 2628 1268; x_wconf 78' lang='lat' dir='ltr'><strong>Spiritum</strong></span> <span class='ocrx_word' id='word_1_566' title='bbox 2655 1207 2792 1268; x_wconf 90' lang='lat' dir='ltr'><strong>ﬁdei,</strong></span> <span class='ocrx_word' id='word_1_567' title='bbox 2823 1218 2878 1262; x_wconf 89' lang='lat' dir='ltr'><strong>et</strong></span> <span class='ocrx_word' id='word_1_568' title='bbox 2901 1210 2949 1261; x_wconf 91' lang='lat' dir='ltr'><strong>in</strong></span> <span class='ocrx_word' id='word_1_569' title='bbox 2973 1210 3318 1266; x_wconf 87' lang='lat' dir='ltr'><strong>donationum</strong></span> <span class='ocrx_word' id='word_1_570' title='bbox 3346 1210 3590 1264; x_wconf 87' lang='lat' dir='ltr'><strong>ordinem</strong></span> <span class='ocrx_word' id='word_1_571' title='bbox 3616 1207 3971 1262; x_wconf 77' lang='lat' dir='ltr'><strong>auuumcrat?</strong></span> 
     </span>
    </p>
   </div>
   <div class='ocr_carea' id='block_1_72' title="bbox 2374 1290 3967 1368">
    <p class='ocr_par' dir='ltr' id='par_1_72' title="bbox 2374 1290 3967 1368">
     <span class='ocr_line' id='line_1_72' title="bbox 2374 1290 3967 1368; baseline 0.002 -24"><span class='ocrx_word' id='word_1_572' title='bbox 2374 1290 2504 1345; x_wconf 77' lang='lat' dir='ltr'><strong>Nam</strong></span> <span class='ocrx_word' id='word_1_573' title='bbox 2542 1295 2584 1347; x_wconf 87' lang='lat' dir='ltr'><strong>si</strong></span> <span class='ocrx_word' id='word_1_574' title='bbox 2629 1297 2828 1350; x_wconf 90' lang='lat' dir='ltr'><strong>donum</strong></span> <span class='ocrx_word' id='word_1_575' title='bbox 2865 1308 2947 1353; x_wconf 83' lang='lat' dir='ltr'><strong>est</strong></span> <span class='ocrx_word' id='word_1_576' title='bbox 2977 1300 3134 1364; x_wconf 90' lang='lat' dir='ltr'><strong>ﬁdes,</strong></span> <span class='ocrx_word' id='word_1_577' title='bbox 3176 1312 3229 1355; x_wconf 93' lang='lat' dir='ltr'><strong>ct</strong></span> <span class='ocrx_word' id='word_1_578' title='bbox 3271 1302 3434 1355; x_wconf 87' lang='lat' dir='ltr'><strong>solius</strong></span> <span class='ocrx_word' id='word_1_579' title='bbox 3465 1300 3696 1368; x_wconf 77' lang='lat' dir='ltr'><strong>Spirizus</strong></span> <span class='ocrx_word' id='word_1_580' title='bbox 3725 1299 3927 1352; x_wconf 87' lang='lat' dir='ltr'><strong>donum</strong></span> <span class='ocrx_word' id='word_1_581' title='bbox 3950 1329 3967 1357; x_wconf 85' lang='lat'><strong>,</strong></span> 
     </span>
    </p>
   </div>
   <div class='ocr_carea' id='block_1_73' title="bbox 2377 1389 3970 1460">
    <p class='ocr_par' dir='ltr' id='par_1_73' title="bbox 2377 1389 3970 1460">
     <span class='ocr_line' id='line_1_73' title="bbox 2377 1389 3970 1460; baseline 0.006 -26"><span class='ocrx_word' id='word_1_582' title='bbox 2377 1399 2480 1435; x_wconf 90' lang='lat' dir='ltr'><strong>non</strong></span> <span class='ocrx_word' id='word_1_583' title='bbox 2513 1393 2753 1440; x_wconf 87' lang='lat' dir='ltr'><strong>nostrum</strong></span> <span class='ocrx_word' id='word_1_584' title='bbox 2797 1389 3085 1454; x_wconf 89' lang='lat' dir='ltr'><strong>meritum,</strong></span> <span class='ocrx_word' id='word_1_585' title='bbox 3127 1406 3302 1460; x_wconf 88' lang='lat' dir='ltr'><strong>neque</strong></span> <span class='ocrx_word' id='word_1_586' title='bbox 3345 1389 3604 1444; x_wconf 88' lang='lat' dir='ltr'><strong>increduli</strong></span> <span class='ocrx_word' id='word_1_587' title='bbox 3645 1389 3970 1456; x_wconf 71' lang='lat' dir='ltr'><strong>punientur.</strong></span> 
     </span>
    </p>
   </div>
   <div class='ocr_carea' id='block_1_74' title="bbox 2375 1475 3972 1551">
    <p class='ocr_par' dir='ltr' id='par_1_74' title="bbox 2375 1475 3972 1551">
     <span class='ocr_line' id='line_1_74' title="bbox 2375 1475 3972 1551; baseline -0.001 -23"><span class='ocrx_word' id='word_1_588' title='bbox 2375 1491 2546 1545; x_wconf 86' lang='lat' dir='ltr'><strong>neque</strong></span> <span class='ocrx_word' id='word_1_589' title='bbox 2575 1476 2858 1534; x_wconf 87' lang='lat' dir='ltr'><strong>credentes</strong></span> <span class='ocrx_word' id='word_1_590' title='bbox 2900 1480 3110 1535; x_wconf 82' lang='lat' dir='ltr'><strong>laudent</strong></span> <span class='ocrx_word' id='word_1_591' title='bbox 3145 1482 3613 1551; x_wconf 89' lang='lat' dir='ltr'><strong>promerebuntur.</strong></span> <span class='ocrx_word' id='word_1_592' title='bbox 3639 1479 3783 1533; x_wconf 82' lang='lat' dir='ltr'><strong>Talis</strong></span> <span class='ocrx_word' id='word_1_593' title='bbox 3823 1475 3972 1529; x_wconf 76' lang='lat' dir='ltr'><strong>enim</strong></span> 
     </span>
    </p>
   </div>
   <div class='ocr_carea' id='block_1_75' title="bbox 2372 1566 3970 1638">
    <p class='ocr_par' dir='ltr' id='par_1_75' title="bbox 2372 1566 3970 1638">
     <span class='ocr_line' id='line_1_75' title="bbox 2372 1566 3970 1638; baseline 0.005 -18"><span class='ocrx_word' id='word_1_594' title='bbox 2372 1577 2451 1620; x_wconf 83' lang='lat' dir='ltr'><strong>est</strong></span> <span class='ocrx_word' id='word_1_595' title='bbox 2480 1566 2826 1624; x_wconf 86' lang='lat' dir='ltr'><strong>douationum</strong></span> <span class='ocrx_word' id='word_1_596' title='bbox 2857 1579 3064 1632; x_wconf 88' lang='lat' dir='ltr'><strong>natura,</strong></span> <span class='ocrx_word' id='word_1_597' title='bbox 3095 1587 3199 1625; x_wconf 90' lang='lat' dir='ltr'><strong>non</strong></span> <span class='ocrx_word' id='word_1_598' title='bbox 3222 1581 3344 1626; x_wconf 88' lang='lat' dir='ltr'><strong>sunt</strong></span> <span class='ocrx_word' id='word_1_599' title='bbox 3365 1587 3600 1635; x_wconf 63' lang='lat' dir='ltr'><strong>coronas,</strong></span> <span class='ocrx_word' id='word_1_600' title='bbox 3629 1585 3800 1638; x_wconf 81' lang='lat' dir='ltr'><strong>neque</strong></span> <span class='ocrx_word' id='word_1_601' title='bbox 3828 1581 3970 1636; x_wconf 69' lang='lat' dir='ltr'><strong>pm!-</strong></span> 
     </span>
    </p>
   </div>
   <div class='ocr_carea' id='block_1_76' title="bbox 2374 1650 3972 1725">
    <p class='ocr_par' dir='ltr' id='par_1_76' title="bbox 2374 1650 3972 1725">
     <span class='ocr_line' id='line_1_76' title="bbox 2374 1650 3972 1725; baseline 0.003 -23"><span class='ocrx_word' id='word_1_602' title='bbox 2374 1650 2494 1702; x_wconf 86' lang='lat' dir='ltr'><strong>mia.</strong></span> <span class='ocrx_word' id='word_1_603' title='bbox 2533 1651 2738 1706; x_wconf 89' lang='lat' dir='ltr'><strong>Donum</strong></span> <span class='ocrx_word' id='word_1_604' title='bbox 2765 1655 2908 1708; x_wconf 89' lang='lat' dir='ltr'><strong>enim</strong></span> <span class='ocrx_word' id='word_1_605' title='bbox 2939 1671 3046 1709; x_wconf 87' lang='lat' dir='ltr'><strong>non</strong></span> <span class='ocrx_word' id='word_1_606' title='bbox 3077 1666 3156 1710; x_wconf 89' lang='lat' dir='ltr'><strong>est</strong></span> <span class='ocrx_word' id='word_1_607' title='bbox 3199 1656 3511 1725; x_wconf 86' lang='lat' dir='ltr'><strong>accipientis</strong></span> <span class='ocrx_word' id='word_1_608' title='bbox 3552 1655 3802 1709; x_wconf 88' lang='lat' dir='ltr'><strong>meritum</strong></span> <span class='ocrx_word' id='word_1_609' title='bbox 3824 1695 3840 1716; x_wconf 90' lang='lat'><strong>,</strong></span> <span class='ocrx_word' id='word_1_610' title='bbox 3869 1651 3972 1706; x_wconf 89' lang='lat' dir='ltr'><strong>sed</strong></span> 
     </span>
    </p>
   </div>
   <div class='ocr_carea' id='block_1_77' title="bbox 2375 1739 3970 1816">
    <p class='ocr_par' dir='ltr' id='par_1_77' title="bbox 2375 1739 3970 1816">
     <span class='ocr_line' id='line_1_77' title="bbox 2375 1739 3970 1816; baseline 0.004 -26"><span class='ocrx_word' id='word_1_611' title='bbox 2375 1739 2639 1809; x_wconf 81' lang='lat' dir='ltr'><strong>largitoris</strong></span> <span class='ocrx_word' id='word_1_612' title='bbox 2665 1742 2998 1799; x_wconf 88' lang='lat' dir='ltr'><strong>liberalitatis</strong></span> <span class='ocrx_word' id='word_1_613' title='bbox 3023 1747 3361 1816; x_wconf 78' lang='lat' dir='ltr'><strong>gratiﬁcatio.</strong></span> <span class='ocrx_word' id='word_1_614' title='bbox 3394 1744 3540 1800; x_wconf 81' lang='lat' dir='ltr'><strong>lianc</strong></span> <span class='ocrx_word' id='word_1_615' title='bbox 3565 1748 3636 1798; x_wconf 87' lang='lat' dir='ltr'><strong>ob</strong></span> <span class='ocrx_word' id='word_1_616' title='bbox 3663 1758 3776 1797; x_wconf 87' lang='lat' dir='ltr'><strong>rem</strong></span> <span class='ocrx_word' id='word_1_617' title='bbox 3805 1743 3970 1796; x_wconf 86' lang='lat' dir='ltr'><strong>etiam</strong></span> 
     </span>
    </p>
   </div>
   <div class='ocr_carea' id='block_1_78' title="bbox 2373 1833 3967 1907">
    <p class='ocr_par' dir='ltr' id='par_1_78' title="bbox 2373 1833 3967 1907">
     <span class='ocr_line' id='line_1_78' title="bbox 2373 1833 3967 1907; baseline 0 -21"><span class='ocrx_word' id='word_1_618' title='bbox 2373 1833 2661 1902; x_wconf 78' lang='lat' dir='ltr'><strong>discipulos</strong></span> <span class='ocrx_word' id='word_1_619' title='bbox 2685 1835 2846 1904; x_wconf 89' lang='lat' dir='ltr'><strong>jussit</strong></span> <span class='ocrx_word' id='word_1_620' title='bbox 2877 1852 2980 1891; x_wconf 91' lang='lat' dir='ltr'><strong>non</strong></span> <span class='ocrx_word' id='word_1_621' title='bbox 3022 1838 3256 1907; x_wconf 81' lang='lat' dir='ltr'><strong>gaudere</strong></span> <span class='ocrx_word' id='word_1_622' title='bbox 3284 1853 3351 1892; x_wconf 91' lang='lat' dir='ltr'><strong>eo</strong></span> <span class='ocrx_word' id='word_1_623' title='bbox 3385 1837 3526 1907; x_wconf 89' lang='lat' dir='ltr'><strong>quod</strong></span> <span class='ocrx_word' id='word_1_624' title='bbox 3557 1835 3836 1890; x_wconf 67' lang='lat' dir='ltr'><strong>daemonas</strong></span> <span class='ocrx_word' id='word_1_625' title='bbox 3862 1833 3967 1902; x_wconf 85' lang='lat' dir='ltr'><strong>eji-</strong></span> 
     </span>
    </p>
   </div>
   <div class='ocr_carea' id='block_1_79' title="bbox 2371 1927 3971 1998">
    <p class='ocr_par' dir='ltr' id='par_1_79' title="bbox 2371 1927 3971 1998">
     <span class='ocr_line' id='line_1_79' title="bbox 2371 1927 3971 1998; baseline -0.001 -21"><span class='ocrx_word' id='word_1_626' title='bbox 2371 1936 2576 1990; x_wconf 90' lang='lat' dir='ltr'><strong>cerent,</strong></span> <span class='ocrx_word' id='word_1_627' title='bbox 2604 1935 2660 1981; x_wconf 91' lang='lat' dir='ltr'><strong>et</strong></span> <span class='ocrx_word' id='word_1_628' title='bbox 2679 1941 2772 1982; x_wconf 87' lang='lat' dir='ltr'><strong>eos</strong></span> <span class='ocrx_word' id='word_1_629' title='bbox 2797 1929 2886 1998; x_wconf 88' lang='lat' dir='ltr'><strong>qui</strong></span> <span class='ocrx_word' id='word_1_630' title='bbox 2919 1930 2970 1984; x_wconf 92' lang='lat' dir='ltr'><strong>in</strong></span> <span class='ocrx_word' id='word_1_631' title='bbox 3002 1931 3219 1984; x_wconf 91' lang='lat' dir='ltr'><strong>nomine</strong></span> <span class='ocrx_word' id='word_1_632' title='bbox 3257 1945 3356 1984; x_wconf 90' lang='lat' dir='ltr'><strong>suo</strong></span> <span class='ocrx_word' id='word_1_633' title='bbox 3392 1927 3877 1998; x_wconf 63' lang='lat' dir='ltr'><strong>prophetare-rant.</strong></span> <span class='ocrx_word' id='word_1_634' title='bbox 3913 1932 3971 1977; x_wconf 86' lang='lat' dir='ltr'><strong>et</strong></span> 
     </span>
    </p>
   </div>
   <div class='ocr_carea' id='block_1_80' title="bbox 2373 2014 3965 2089">
    <p class='ocr_par' dir='ltr' id='par_1_80' title="bbox 2373 2014 3965 2089">
     <span class='ocr_line' id='line_1_80' title="bbox 2373 2014 3965 2089; baseline 0.002 -23"><span class='ocrx_word' id='word_1_635' title='bbox 2373 2014 2597 2068; x_wconf 77' lang='lat' dir='ltr'><strong>virtutes</strong></span> <span class='ocrx_word' id='word_1_636' title='bbox 2636 2018 2828 2072; x_wconf 85' lang='lat' dir='ltr'><strong>multas</strong></span> <span class='ocrx_word' id='word_1_637' title='bbox 2860 2019 3095 2074; x_wconf 81' lang='lat' dir='ltr'><strong>iecerant</strong></span> <span class='ocrx_word' id='word_1_638' title='bbox 3119 2063 3134 2085; x_wconf 91' lang='lat'><strong>,</strong></span> <span class='ocrx_word' id='word_1_639' title='bbox 3167 2020 3368 2089; x_wconf 71' lang='lat' dir='ltr'><strong>expulit</strong></span> <span class='ocrx_word' id='word_1_640' title='bbox 3394 2034 3424 2074; x_wconf 88' lang='lat' dir='ltr'><strong>e</strong></span> <span class='ocrx_word' id='word_1_641' title='bbox 3451 2032 3619 2087; x_wconf 77' lang='lat' dir='ltr'><strong>regno</strong></span> <span class='ocrx_word' id='word_1_642' title='bbox 3659 2015 3918 2070; x_wconf 50' lang='lat' dir='ltr'><strong>castorum</strong></span> <span class='ocrx_word' id='word_1_643' title='bbox 3951 2033 3965 2067; x_wconf 89' lang='lat'><strong>:</strong></span> 
     </span>
    </p>
   </div>
   <div class='ocr_carea' id='block_1_81' title="bbox 2371 2105 3966 2172">
    <p class='ocr_par' dir='ltr' id='par_1_81' title="bbox 2371 2105 3966 2172">
     <span class='ocr_line' id='line_1_81' title="bbox 2371 2105 3966 2172; baseline 0.001 -16"><span class='ocrx_word' id='word_1_644' title='bbox 2371 2105 2621 2172; x_wconf 85' lang='lat' dir='ltr'><strong>quoniam</strong></span> <span class='ocrx_word' id='word_1_645' title='bbox 2650 2122 2717 2162; x_wconf 80' lang='lat' dir='ltr'><strong>ex</strong></span> <span class='ocrx_word' id='word_1_646' title='bbox 2756 2110 2864 2162; x_wconf 87' lang='lat' dir='ltr'><strong>suis</strong></span> <span class='ocrx_word' id='word_1_647' title='bbox 2906 2111 3110 2166; x_wconf 86' lang='lat' dir='ltr'><strong>meritis</strong></span> <span class='ocrx_word' id='word_1_648' title='bbox 3141 2113 3338 2165; x_wconf 88' lang='lat' dir='ltr'><strong>nullam</strong></span> <span class='ocrx_word' id='word_1_649' title='bbox 3371 2109 3640 2164; x_wconf 84' lang='lat' dir='ltr'><strong>habebant</strong></span> <span class='ocrx_word' id='word_1_650' title='bbox 3678 2106 3927 2161; x_wconf 73' lang='lat' dir='ltr'><strong>fiduciam</strong></span> <span class='ocrx_word' id='word_1_651' title='bbox 3948 2145 3966 2170; x_wconf 93' lang='lat'><strong>,</strong></span> 
     </span>
    </p>
   </div>
   <div class='ocr_carea' id='block_1_82' title="bbox 2371 2193 3672 2256">
    <p class='ocr_par' dir='ltr' id='par_1_82' title="bbox 2371 2193 3672 2256">
     <span class='ocr_line' id='line_1_82' title="bbox 2371 2193 3672 2256; baseline 0.002 -9"><span class='ocrx_word' id='word_1_652' title='bbox 2371 2193 2464 2247; x_wconf 87' lang='lat' dir='ltr'><strong>sed</strong></span> <span class='ocrx_word' id='word_1_653' title='bbox 2493 2194 2561 2248; x_wconf 91' lang='lat' dir='ltr'><strong>ob</strong></span> <span class='ocrx_word' id='word_1_654' title='bbox 2590 2197 2732 2250; x_wconf 87' lang='lat' dir='ltr'><strong>solas</strong></span> <span class='ocrx_word' id='word_1_655' title='bbox 2760 2199 3074 2256; x_wconf 86' lang='lat' dir='ltr'><strong>donationes</strong></span> <span class='ocrx_word' id='word_1_656' title='bbox 3099 2202 3230 2256; x_wconf 80' lang='lat' dir='ltr'><strong>salvi</strong></span> <span class='ocrx_word' id='word_1_657' title='bbox 3264 2201 3378 2255; x_wconf 88' lang='lat' dir='ltr'><strong>ﬁeri</strong></span> <span class='ocrx_word' id='word_1_658' title='bbox 3404 2201 3672 2254; x_wconf 80' lang='lat' dir='ltr'><strong>volebant.</strong></span> 
     </span>
    </p>
   </div>
   <div class='ocr_carea' id='block_1_83' title="bbox 2442 2283 3965 2360">
    <p class='ocr_par' dir='ltr' id='par_1_83' title="bbox 2442 2283 3965 2360">
     <span class='ocr_line' id='line_1_83' title="bbox 2442 2283 3965 2360; baseline 0.001 -23"><span class='ocrx_word' id='word_1_659' title='bbox 2442 2283 2495 2337; x_wconf 87' lang='lat'><strong>5.</strong></span> <span class='ocrx_word' id='word_1_660' title='bbox 2527 2283 2582 2339; x_wconf 85' lang='lat' dir='ltr'><strong>Si</strong></span> <span class='ocrx_word' id='word_1_661' title='bbox 2607 2286 2764 2355; x_wconf 75' lang='lat' dir='ltr'><strong>igitur</strong></span> <span class='ocrx_word' id='word_1_662' title='bbox 2787 2290 2948 2342; x_wconf 88' lang='lat' dir='ltr'><strong>etiam</strong></span> <span class='ocrx_word' id='word_1_663' title='bbox 2991 2290 3124 2346; x_wconf 85' lang='lat' dir='ltr'><strong>ﬁdes</strong></span> <span class='ocrx_word' id='word_1_664' title='bbox 3156 2291 3260 2345; x_wconf 88' lang='lat' dir='ltr'><strong>tale</strong></span> <span class='ocrx_word' id='word_1_665' title='bbox 3289 2289 3541 2360; x_wconf 86' lang='lat' dir='ltr'><strong>quiddam</strong></span> <span class='ocrx_word' id='word_1_666' title='bbox 3584 2297 3702 2353; x_wconf 79' lang='lat' dir='ltr'><strong>est,</strong></span> <span class='ocrx_word' id='word_1_667' title='bbox 3737 2297 3793 2341; x_wconf 87' lang='lat' dir='ltr'><strong>et</strong></span> <span class='ocrx_word' id='word_1_668' title='bbox 3831 2286 3965 2340; x_wconf 89' lang='lat' dir='ltr'><strong>nihil</strong></span> 
     </span>
    </p>
   </div>
   <div class='ocr_carea' id='block_1_84' title="bbox 2368 2377 3963 2450">
    <p class='ocr_par' dir='ltr' id='par_1_84' title="bbox 2368 2377 3963 2450">
     <span class='ocr_line' id='line_1_84' title="bbox 2368 2377 3963 2450; baseline 0 -24"><span class='ocrx_word' id='word_1_669' title='bbox 2368 2387 2434 2426; x_wconf 74' lang='lat' dir='ltr'><strong>ex</strong></span> <span class='ocrx_word' id='word_1_670' title='bbox 2456 2385 2641 2429; x_wconf 89' lang='lat' dir='ltr'><strong>nostro</strong></span> <span class='ocrx_word' id='word_1_671' title='bbox 2668 2378 3010 2443; x_wconf 90' lang='lat' dir='ltr'><strong>contulimus,</strong></span> <span class='ocrx_word' id='word_1_672' title='bbox 3043 2380 3134 2436; x_wconf 90' lang='lat' dir='ltr'><strong>sed</strong></span> <span class='ocrx_word' id='word_1_673' title='bbox 3165 2390 3332 2434; x_wconf 88' lang='lat' dir='ltr'><strong>totum</strong></span> <span class='ocrx_word' id='word_1_674' title='bbox 3363 2389 3446 2436; x_wconf 92' lang='lat' dir='ltr'><strong>est</strong></span> <span class='ocrx_word' id='word_1_675' title='bbox 3474 2379 3660 2450; x_wconf 75' lang='lat' dir='ltr'><strong>gratia:</strong></span> <span class='ocrx_word' id='word_1_676' title='bbox 3687 2377 3926 2447; x_wconf 86' lang='lat' dir='ltr'><strong>Spiritus</strong></span> <span class='ocrx_word' id='word_1_677' title='bbox 3947 2415 3963 2437; x_wconf 94' lang='lat'><strong>,</strong></span> 
     </span>
    </p>
   </div>
   <div class='ocr_carea' id='block_1_85' title="bbox 2369 2465 3963 2541">
    <p class='ocr_par' dir='ltr' id='par_1_85' title="bbox 2369 2465 3963 2541">
     <span class='ocr_line' id='line_1_85' title="bbox 2369 2465 3963 2541; baseline -0.002 -20"><span class='ocrx_word' id='word_1_678' title='bbox 2369 2474 2423 2519; x_wconf 89' lang='lat' dir='ltr'><strong>et</strong></span> <span class='ocrx_word' id='word_1_679' title='bbox 2446 2465 2558 2534; x_wconf 89' lang='lat' dir='ltr'><strong>ipsa</strong></span> <span class='ocrx_word' id='word_1_680' title='bbox 2593 2469 2732 2522; x_wconf 90' lang='lat' dir='ltr'><strong>ultro</strong></span> <span class='ocrx_word' id='word_1_681' title='bbox 2766 2484 2824 2524; x_wconf 87' lang='lat' dir='ltr'><strong>se</strong></span> <span class='ocrx_word' id='word_1_682' title='bbox 2849 2471 2904 2528; x_wconf 88' lang='lat' dir='ltr'><strong>in</strong></span> <span class='ocrx_word' id='word_1_683' title='bbox 2927 2473 3134 2526; x_wconf 85' lang='lat' dir='ltr'><strong>animas</strong></span> <span class='ocrx_word' id='word_1_684' title='bbox 3161 2482 3374 2526; x_wconf 87' lang='lat' dir='ltr'><strong>nostras</strong></span> <span class='ocrx_word' id='word_1_685' title='bbox 3404 2470 3646 2541; x_wconf 76' lang='lat' dir='ltr'><strong>ingessit,</strong></span> <span class='ocrx_word' id='word_1_686' title='bbox 3674 2477 3728 2522; x_wconf 90' lang='lat' dir='ltr'><strong>et</strong></span> <span class='ocrx_word' id='word_1_687' title='bbox 3759 2467 3963 2520; x_wconf 90' lang='lat' dir='ltr'><strong>nullam</strong></span> 
     </span>
    </p>
   </div>
   <div class='ocr_carea' id='block_1_86' title="bbox 2372 2556 3964 2629">
    <p class='ocr_par' dir='ltr' id='par_1_86' title="bbox 2372 2556 3964 2629">
     <span class='ocr_line' id='line_1_86' title="bbox 2372 2556 3964 2629; baseline 0.004 -24"><span class='ocrx_word' id='word_1_688' title='bbox 2372 2569 2468 2623; x_wconf 91' lang='lat' dir='ltr'><strong>pro</strong></span> <span class='ocrx_word' id='word_1_689' title='bbox 2504 2571 2565 2610; x_wconf 89' lang='lat' dir='ltr'><strong>ea</strong></span> <span class='ocrx_word' id='word_1_690' title='bbox 2603 2561 2868 2627; x_wconf 88' lang='lat' dir='ltr'><strong>recepturi</strong></span> <span class='ocrx_word' id='word_1_691' title='bbox 2911 2575 3099 2624; x_wconf 82' lang='lat' dir='ltr'><strong>sumus</strong></span> <span class='ocrx_word' id='word_1_692' title='bbox 3135 2560 3470 2620; x_wconf 88' lang='lat' dir='ltr'><strong>mercedem.</strong></span> <span class='ocrx_word' id='word_1_693' title='bbox 3501 2556 3773 2629; x_wconf 86' lang='lat' dir='ltr'><strong>quomodo</strong></span> <span class='ocrx_word' id='word_1_694' title='bbox 3803 2558 3964 2625; x_wconf 77' lang='lat' dir='ltr'><strong>igitur</strong></span> 
     </span>
    </p>
   </div>
   <div class='ocr_carea' id='block_1_87' title="bbox 2370 2645 3963 2720">
    <p class='ocr_par' dir='ltr' id='par_1_87' title="bbox 2370 2645 3963 2720">
     <span class='ocr_line' id='line_1_87' title="bbox 2370 2645 3963 2720; baseline -0.001 -23"><span class='ocrx_word' id='word_1_695' title='bbox 2370 2645 2497 2698; x_wconf 88' lang='lat' dir='ltr'><strong>dicit</strong></span> <span class='ocrx_word' id='word_1_696' title='bbox 2531 2664 2544 2698; x_wconf 90' lang='lat'><strong>:</strong></span> <span class='ocrx_word' id='word_1_697' title='bbox 2574 2646 2736 2702; x_wconf 82' lang='lat' dir='ltr'><strong>Corde</strong></span> <span class='ocrx_word' id='word_1_698' title='bbox 2776 2651 2910 2703; x_wconf 86' lang='lat' dir='ltr'><strong>enim</strong></span> <span class='ocrx_word' id='word_1_699' title='bbox 2959 2653 3180 2703; x_wconf 82' lang='lat' dir='ltr'><strong>creditur</strong></span> <span class='ocrx_word' id='word_1_700' title='bbox 3225 2651 3294 2704; x_wconf 81' lang='lat' dir='ltr'><strong>ad</strong></span> <span class='ocrx_word' id='word_1_701' title='bbox 3334 2649 3625 2720; x_wconf 79' lang='lat' dir='ltr'><strong>justitiam,</strong></span> <span class='ocrx_word' id='word_1_702' title='bbox 3667 2662 3754 2700; x_wconf 87' lang='lat' dir='ltr'><strong>ore</strong></span> <span class='ocrx_word' id='word_1_703' title='bbox 3789 2655 3963 2699; x_wconf 70' lang='lat' dir='ltr'><strong>autem</strong></span> 
     </span>
    </p>
   </div>
   <div class='ocr_carea' id='block_1_88' title="bbox 2369 2739 3964 2813">
    <p class='ocr_par' dir='ltr' id='par_1_88' title="bbox 2369 2739 3964 2813">
     <span class='ocr_line' id='line_1_88' title="bbox 2369 2739 3964 2813; baseline 0.002 -26"><span class='ocrx_word' id='word_1_704' title='bbox 2369 2739 2616 2806; x_wconf 75' lang='lat' dir='ltr'><strong>confessio</strong></span> <span class='ocrx_word' id='word_1_705' title='bbox 2655 2739 2714 2806; x_wconf 90' lang='lat' dir='ltr'><strong>ﬁt</strong></span> <span class='ocrx_word' id='word_1_706' title='bbox 2754 2741 2821 2793; x_wconf 87' lang='lat' dir='ltr'><strong>ad</strong></span> <span class='ocrx_word' id='word_1_707' title='bbox 2855 2742 3068 2795; x_wconf 84' lang='lat' dir='ltr'><strong>salutem</strong></span> <span class='ocrx_word' id='word_1_708' title='bbox 3096 2741 3270 2811; x_wconf 79' lang='lat' dir='ltr'><strong>(Rom.</strong></span> <span class='ocrx_word' id='word_1_709' title='bbox 3300 2741 3387 2797; x_wconf 75' lang='lat' dir='ltr'><strong>i0.</strong></span> <span class='ocrx_word' id='word_1_710' title='bbox 3417 2740 3551 2813; x_wconf 82' lang='lat' dir='ltr'><strong>l0)?</strong></span> <span class='ocrx_word' id='word_1_711' title='bbox 3599 2739 3866 2807; x_wconf 86' lang='lat' dir='ltr'><strong>Quoniam</strong></span> <span class='ocrx_word' id='word_1_712' title='bbox 3906 2747 3964 2792; x_wconf 87' lang='lat' dir='ltr'><strong>ct</strong></span> 
     </span>
    </p>
   </div>
   <div class='ocr_carea' id='block_1_89' title="bbox 2367 2827 3963 2898">
    <p class='ocr_par' dir='ltr' id='par_1_89' title="bbox 2367 2827 3963 2898">
     <span class='ocr_line' id='line_1_89' title="bbox 2367 2827 3963 2898; baseline 0.001 -18"><span class='ocrx_word' id='word_1_713' title='bbox 2367 2827 2482 2894; x_wconf 91' lang='lat' dir='ltr'><strong>ejus</strong></span> <span class='ocrx_word' id='word_1_714' title='bbox 2511 2829 2602 2897; x_wconf 86' lang='lat' dir='ltr'><strong>qui</strong></span> <span class='ocrx_word' id='word_1_715' title='bbox 2622 2829 2847 2885; x_wconf 89' lang='lat' dir='ltr'><strong>credidit</strong></span> <span class='ocrx_word' id='word_1_716' title='bbox 2867 2875 2882 2898; x_wconf 92' lang='lat'><strong>,</strong></span> <span class='ocrx_word' id='word_1_717' title='bbox 2913 2834 3127 2888; x_wconf 81' lang='lat' dir='ltr'><strong>virtutis</strong></span> <span class='ocrx_word' id='word_1_718' title='bbox 3148 2835 3394 2888; x_wconf 87' lang='lat' dir='ltr'><strong>meritum</strong></span> <span class='ocrx_word' id='word_1_719' title='bbox 3425 2843 3507 2888; x_wconf 89' lang='lat' dir='ltr'><strong>est</strong></span> <span class='ocrx_word' id='word_1_720' title='bbox 3543 2832 3692 2886; x_wconf 89' lang='lat' dir='ltr'><strong>ﬁdes.</strong></span> <span class='ocrx_word' id='word_1_721' title='bbox 3721 2831 3839 2898; x_wconf 87' lang='lat' dir='ltr'><strong>Quo</strong></span> <span class='ocrx_word' id='word_1_722' title='bbox 3865 2845 3963 2883; x_wconf 78' lang='lat' dir='ltr'><strong>su-</strong></span> 
     </span>
    </p>
   </div>
   <div class='ocr_carea' id='block_1_90' title="bbox 2370 2922 3963 2989">
    <p class='ocr_par' dir='ltr' id='par_1_90' title="bbox 2370 2922 3963 2989">
     <span class='ocr_line' id='line_1_90' title="bbox 2370 2922 3963 2989; baseline 0.001 -17"><span class='ocrx_word' id='word_1_723' title='bbox 2370 2927 2473 2972; x_wconf 78' lang='lat' dir='ltr'><strong>tcm</strong></span> <span class='ocrx_word' id='word_1_724' title='bbox 2507 2922 2665 2978; x_wconf 91' lang='lat' dir='ltr'><strong>modo</strong></span> <span class='ocrx_word' id='word_1_725' title='bbox 2691 2924 2813 2980; x_wconf 87' lang='lat' dir='ltr'><strong>alibi</strong></span> <span class='ocrx_word' id='word_1_726' title='bbox 2849 2926 2900 2980; x_wconf 88' lang='lat' dir='ltr'><strong>id</strong></span> <span class='ocrx_word' id='word_1_727' title='bbox 2928 2940 3138 2981; x_wconf 88' lang='lat' dir='ltr'><strong>rursum</strong></span> <span class='ocrx_word' id='word_1_728' title='bbox 3165 2925 3468 2982; x_wconf 86' lang='lat' dir='ltr'><strong>subindicat</strong></span> <span class='ocrx_word' id='word_1_729' title='bbox 3501 2925 3718 2989; x_wconf 88' lang='lat' dir='ltr'><strong>dicens,</strong></span> <span class='ocrx_word' id='word_1_730' title='bbox 3754 2922 3822 2976; x_wconf 79' lang='lat' dir='ltr'><strong>Ei</strong></span> <span class='ocrx_word' id='word_1_731' title='bbox 3846 2937 3963 2976; x_wconf 85' lang='lat' dir='ltr'><strong>rero</strong></span> 
     </span>
    </p>
   </div>
   <div class='ocr_carea' id='block_1_91' title="bbox 2365 3011 3965 3086">
    <p class='ocr_par' dir='ltr' id='par_1_91' title="bbox 2365 3011 3965 3086">
     <span class='ocr_line' id='line_1_91' title="bbox 2365 3011 3965 3086; baseline 0.003 -25"><span class='ocrx_word' id='word_1_732' title='bbox 2365 3011 2452 3078; x_wconf 81' lang='lat' dir='ltr'><strong>qui</strong></span> <span class='ocrx_word' id='word_1_733' title='bbox 2488 3029 2587 3065; x_wconf 90' lang='lat' dir='ltr'><strong>non</strong></span> <span class='ocrx_word' id='word_1_734' title='bbox 2613 3025 2891 3082; x_wconf 84' lang='lat' dir='ltr'><strong>operatur,</strong></span> <span class='ocrx_word' id='word_1_735' title='bbox 2923 3019 3011 3070; x_wconf 88' lang='lat' dir='ltr'><strong>sed</strong></span> <span class='ocrx_word' id='word_1_736' title='bbox 3044 3019 3200 3071; x_wconf 83' lang='lat' dir='ltr'><strong>credit</strong></span> <span class='ocrx_word' id='word_1_737' title='bbox 3223 3019 3275 3071; x_wconf 88' lang='lat' dir='ltr'><strong>in</strong></span> <span class='ocrx_word' id='word_1_738' title='bbox 3314 3034 3426 3072; x_wconf 88' lang='lat' dir='ltr'><strong>eum</strong></span> <span class='ocrx_word' id='word_1_739' title='bbox 3455 3017 3539 3084; x_wconf 87' lang='lat' dir='ltr'><strong>qui</strong></span> <span class='ocrx_word' id='word_1_740' title='bbox 3575 3016 3835 3086; x_wconf 83' lang='lat' dir='ltr'><strong>justiﬁcat</strong></span> <span class='ocrx_word' id='word_1_741' title='bbox 3864 3015 3965 3066; x_wconf 79' lang='lat' dir='ltr'><strong>ius-</strong></span> 
     </span>
    </p>
   </div>
   <div class='ocr_carea' id='block_1_92' title="bbox 2368 3103 3959 3179">
    <p class='ocr_par' dir='ltr' id='par_1_92' title="bbox 2368 3103 3959 3179">
     <span class='ocr_line' id='line_1_92' title="bbox 2368 3103 3959 3179; baseline 0.003 -25"><span class='ocrx_word' id='word_1_742' title='bbox 2368 3103 2534 3168; x_wconf 85' lang='lat' dir='ltr'><strong>pium,</strong></span> <span class='ocrx_word' id='word_1_743' title='bbox 2572 3104 2851 3174; x_wconf 84' lang='lat' dir='ltr'><strong>imputatur</strong></span> <span class='ocrx_word' id='word_1_744' title='bbox 2886 3108 3012 3176; x_wconf 82' lang='lat' dir='ltr'><strong>ﬁdes</strong></span> <span class='ocrx_word' id='word_1_745' title='bbox 3041 3126 3137 3161; x_wconf 86' lang='lat' dir='ltr'><strong>sua</strong></span> <span class='ocrx_word' id='word_1_746' title='bbox 3173 3108 3239 3161; x_wconf 85' lang='lat' dir='ltr'><strong>ad</strong></span> <span class='ocrx_word' id='word_1_747' title='bbox 3272 3108 3528 3179; x_wconf 83' lang='lat' dir='ltr'><strong>justitiam</strong></span> <span class='ocrx_word' id='word_1_748' title='bbox 3573 3105 3624 3175; x_wconf 89' lang='grc' dir='ltr'><strong>(ι</strong></span> <span class='ocrx_word' id='word_1_749' title='bbox 3634 3104 3741 3159; x_wconf 82' lang='lat' dir='ltr'><strong>bid.</strong></span> <span class='ocrx_word' id='word_1_750' title='bbox 3768 3105 3823 3158; x_wconf 81' lang='grc'><strong>4.</strong></span> <span class='ocrx_word' id='word_1_751' title='bbox 3853 3104 3888 3158; x_wconf 86' lang='grc'><strong>5</strong></span> <span class='ocrx_word' id='word_1_752' title='bbox 3911 3105 3959 3172; x_wconf 78' lang='grc'><strong>),</strong></span> 
     </span>
    </p>
   </div>
   <div class='ocr_carea' id='block_1_93' title="bbox 2367 3196 3963 3270">
    <p class='ocr_par' dir='ltr' id='par_1_93' title="bbox 2367 3196 3963 3270">
     <span class='ocr_line' id='line_1_93' title="bbox 2367 3196 3963 3270; baseline 0.001 -25"><span class='ocrx_word' id='word_1_753' title='bbox 2367 3197 2410 3246; x_wconf 87' lang='lat' dir='ltr'><strong>si</strong></span> <span class='ocrx_word' id='word_1_754' title='bbox 2437 3206 2602 3249; x_wconf 80' lang='lat' dir='ltr'><strong>totum</strong></span> <span class='ocrx_word' id='word_1_755' title='bbox 2631 3210 2708 3251; x_wconf 87' lang='lat' dir='ltr'><strong>est</strong></span> <span class='ocrx_word' id='word_1_756' title='bbox 2735 3201 2918 3268; x_wconf 77' lang='lat' dir='ltr'><strong>gratia:</strong></span> <span class='ocrx_word' id='word_1_757' title='bbox 2946 3200 3209 3270; x_wconf 86' lang='lat' dir='ltr'><strong>Spiritus?</strong></span> <span class='ocrx_word' id='word_1_758' title='bbox 3235 3202 3322 3270; x_wconf 87' lang='lat' dir='ltr'><strong>qui</strong></span> <span class='ocrx_word' id='word_1_759' title='bbox 3357 3201 3501 3254; x_wconf 82' lang='lat' dir='ltr'><strong>enim</strong></span> <span class='ocrx_word' id='word_1_760' title='bbox 3533 3199 3696 3253; x_wconf 89' lang='lat' dir='ltr'><strong>etiam</strong></span> <span class='ocrx_word' id='word_1_761' title='bbox 3734 3196 3963 3266; x_wconf 80' lang='lat' dir='ltr'><strong>patriar-</strong></span> 
     </span>
    </p>
   </div>
   <div class='ocr_carea' id='block_1_94' title="bbox 2367 3283 3956 3358">
    <p class='ocr_par' dir='ltr' id='par_1_94' title="bbox 2367 3283 3956 3358">
     <span class='ocr_line' id='line_1_94' title="bbox 2367 3283 3956 3358; baseline -0.002 -20"><span class='ocrx_word' id='word_1_762' title='bbox 2367 3283 2521 3338; x_wconf 86' lang='lat' dir='ltr'><strong>cham</strong></span> <span class='ocrx_word' id='word_1_763' title='bbox 2552 3287 2816 3341; x_wconf 80' lang='lat' dir='ltr'><strong>Abraham</strong></span> <span class='ocrx_word' id='word_1_764' title='bbox 2861 3289 3107 3358; x_wconf 87' lang='lat' dir='ltr'><strong>plurimis</strong></span> <span class='ocrx_word' id='word_1_765' title='bbox 3142 3290 3411 3344; x_wconf 73' lang='lat' dir='ltr'><strong>I&#39;Cdlﬂll\&#39;il</strong></span> <span class='ocrx_word' id='word_1_766' title='bbox 3452 3287 3666 3341; x_wconf 86' lang='lat' dir='ltr'><strong>laudum</strong></span> <span class='ocrx_word' id='word_1_767' title='bbox 3701 3285 3956 3347; x_wconf 86' lang='lat' dir='ltr'><strong>coronis,</strong></span> 
     </span>
    </p>
   </div>
   <div class='ocr_carea' id='block_1_95' title="bbox 2367 3378 3959 3452">
    <p class='ocr_par' dir='ltr' id='par_1_95' title="bbox 2367 3378 3959 3452">
     <span class='ocr_line' id='line_1_95' title="bbox 2367 3378 3959 3452; baseline -0.002 -22"><span class='ocrx_word' id='word_1_768' title='bbox 2367 3391 2432 3430; x_wconf 90' lang='lat' dir='ltr'><strong>eo</strong></span> <span class='ocrx_word' id='word_1_769' title='bbox 2459 3378 2597 3446; x_wconf 87' lang='lat' dir='ltr'><strong>quod</strong></span> <span class='ocrx_word' id='word_1_770' title='bbox 2633 3383 2951 3450; x_wconf 80' lang='lat' dir='ltr'><strong>contemptis</strong></span> <span class='ocrx_word' id='word_1_771' title='bbox 2992 3382 3151 3436; x_wconf 87' lang='lat' dir='ltr'><strong>rebus</strong></span> <span class='ocrx_word' id='word_1_772' title='bbox 3189 3380 3558 3452; x_wconf 70' lang='lat' dir='ltr'><strong>prmseutibus,</strong></span> <span class='ocrx_word' id='word_1_773' title='bbox 3583 3386 3784 3446; x_wconf 64' lang='lat' dir='ltr'><strong>praeter</strong></span> <span class='ocrx_word' id='word_1_774' title='bbox 3804 3389 3959 3444; x_wconf 88' lang='lat' dir='ltr'><strong>spem</strong></span> 
     </span>
    </p>
   </div>
   <div class='ocr_carea' id='block_1_96' title="bbox 2370 3465 3958 3541">
    <p class='ocr_par' dir='ltr' id='par_1_96' title="bbox 2370 3465 3958 3541">
     <span class='ocr_line' id='line_1_96' title="bbox 2370 3465 3958 3541; baseline -0.001 -23"><span class='ocrx_word' id='word_1_775' title='bbox 2370 3466 2420 3518; x_wconf 91' lang='lat' dir='ltr'><strong>in</strong></span> <span class='ocrx_word' id='word_1_776' title='bbox 2449 3482 2598 3537; x_wconf 88' lang='lat' dir='ltr'><strong>spem</strong></span> <span class='ocrx_word' id='word_1_777' title='bbox 2622 3471 2884 3525; x_wconf 78' lang='lat' dir='ltr'><strong>credidit?</strong></span> <span class='ocrx_word' id='word_1_778' title='bbox 2907 3472 3074 3540; x_wconf 89' lang='lat' dir='ltr'><strong>Quam</strong></span> <span class='ocrx_word' id='word_1_779' title='bbox 3107 3475 3174 3527; x_wconf 89' lang='lat' dir='ltr'><strong>ob</strong></span> <span class='ocrx_word' id='word_1_780' title='bbox 3205 3487 3318 3527; x_wconf 89' lang='lat' dir='ltr'><strong>rem</strong></span> <span class='ocrx_word' id='word_1_781' title='bbox 3358 3472 3517 3541; x_wconf 77' lang='lat' dir='ltr'><strong>igitur</strong></span> <span class='ocrx_word' id='word_1_782' title='bbox 3542 3469 3801 3539; x_wconf 88' lang='lat' dir='ltr'><strong>Spiritum</strong></span> <span class='ocrx_word' id='word_1_783' title='bbox 3833 3465 3958 3518; x_wconf 87' lang='lat' dir='ltr'><strong>ﬁdei</strong></span> 
     </span>
    </p>
   </div>
   <div class='ocr_carea' id='block_1_97' title="bbox 2368 3555 3958 3628">
    <p class='ocr_par' dir='ltr' id='par_1_97' title="bbox 2368 3555 3958 3628">
     <span class='ocr_line' id='line_1_97' title="bbox 2368 3555 3958 3628; baseline 0.003 -18"><span class='ocrx_word' id='word_1_784' title='bbox 2368 3571 2521 3614; x_wconf 69' lang='lat' dir='ltr'><strong>vocat</strong></span> <span class='ocrx_word' id='word_1_785' title='bbox 2555 3563 2716 3616; x_wconf 85' lang='lat' dir='ltr'><strong>eam?</strong></span> <span class='ocrx_word' id='word_1_786' title='bbox 2747 3563 2878 3618; x_wconf 88' lang='lat' dir='ltr'><strong>lllttd</strong></span> <span class='ocrx_word' id='word_1_787' title='bbox 2921 3565 3172 3618; x_wconf 91' lang='lat' dir='ltr'><strong>nimirum</strong></span> <span class='ocrx_word' id='word_1_788' title='bbox 3215 3564 3500 3618; x_wconf 86' lang='lat' dir='ltr'><strong>ostendere</strong></span> <span class='ocrx_word' id='word_1_789' title='bbox 3545 3561 3771 3624; x_wconf 73' lang='lat' dir='ltr'><strong>Voleus,</strong></span> <span class='ocrx_word' id='word_1_790' title='bbox 3812 3555 3958 3628; x_wconf 78' lang='lat' dir='ltr'><strong>quod</strong></span> 
     </span>
    </p>
   </div>
   <div class='ocr_carea' id='block_1_98' title="bbox 2370 3647 3960 3725">
    <p class='ocr_par' dir='ltr' id='par_1_98' title="bbox 2370 3647 3960 3725">
     <span class='ocr_line' id='line_1_98' title="bbox 2370 3647 3960 3725; baseline -0.001 -22"><span class='ocrx_word' id='word_1_791' title='bbox 2370 3652 2518 3705; x_wconf 88' lang='lat' dir='ltr'><strong>initio</strong></span> <span class='ocrx_word' id='word_1_792' title='bbox 2542 3653 2796 3720; x_wconf 82' lang='lat' dir='ltr'><strong>credere,</strong></span> <span class='ocrx_word' id='word_1_793' title='bbox 2828 3664 2882 3710; x_wconf 92' lang='lat' dir='ltr'><strong>et</strong></span> <span class='ocrx_word' id='word_1_794' title='bbox 2925 3670 3115 3725; x_wconf 88' lang='lat' dir='ltr'><strong>parere</strong></span> <span class='ocrx_word' id='word_1_795' title='bbox 3155 3654 3361 3708; x_wconf 77' lang='lat' dir='ltr'><strong>vocanti</strong></span> <span class='ocrx_word' id='word_1_796' title='bbox 3385 3695 3398 3715; x_wconf 91' lang='lat'><strong>,</strong></span> <span class='ocrx_word' id='word_1_797' title='bbox 3442 3661 3642 3706; x_wconf 83' lang='lat' dir='ltr'><strong>nostrae</strong></span> <span class='ocrx_word' id='word_1_798' title='bbox 3681 3660 3766 3704; x_wconf 87' lang='lat' dir='ltr'><strong>est</strong></span> <span class='ocrx_word' id='word_1_799' title='bbox 3799 3647 3960 3703; x_wconf 62' lang='lat' dir='ltr'><strong>bona</strong></span> 
     </span>
    </p>
   </div>
   <div class='ocr_carea' id='block_1_99' title="bbox 2371 3741 3958 3821">
    <p class='ocr_par' dir='ltr' id='par_1_99' title="bbox 2371 3741 3958 3821">
     <span class='ocr_line' id='line_1_99' title="bbox 2371 3741 3958 3821; baseline -0.003 -25"><span class='ocrx_word' id='word_1_800' title='bbox 2371 3748 2561 3799; x_wconf 73' lang='lat' dir='ltr'><strong>tuentis</strong></span> <span class='ocrx_word' id='word_1_801' title='bbox 2592 3763 2604 3797; x_wconf 88' lang='lat'><strong>:</strong></span> <span class='ocrx_word' id='word_1_802' title='bbox 2638 3757 2693 3800; x_wconf 91' lang='lat' dir='ltr'><strong>at</strong></span> <span class='ocrx_word' id='word_1_803' title='bbox 2721 3759 3001 3817; x_wconf 90' lang='lat' dir='ltr'><strong>postquam</strong></span> <span class='ocrx_word' id='word_1_804' title='bbox 3029 3749 3169 3817; x_wconf 85' lang='lat' dir='ltr'><strong>jacta</strong></span> <span class='ocrx_word' id='word_1_805' title='bbox 3196 3747 3392 3821; x_wconf 82' lang='lat' dir='ltr'><strong>iuerint</strong></span> <span class='ocrx_word' id='word_1_806' title='bbox 3425 3745 3546 3799; x_wconf 85' lang='lat' dir='ltr'><strong>ﬁdei</strong></span> <span class='ocrx_word' id='word_1_807' title='bbox 3574 3741 3958 3802; x_wconf 77' lang='lat' dir='ltr'><strong>fundamenta,</strong></span> 
     </span>
    </p>
   </div>
   <div class='ocr_carea' id='block_1_100' title="bbox 2364 3834 3958 3906">
    <p class='ocr_par' dir='ltr' id='par_1_100' title="bbox 2364 3834 3958 3906">
     <span class='ocr_line' id='line_1_100' title="bbox 2364 3834 3958 3906; baseline -0.001 -22"><span class='ocrx_word' id='word_1_808' title='bbox 2364 3834 2472 3904; x_wconf 82' lang='lat' dir='ltr'><strong>jam</strong></span> <span class='ocrx_word' id='word_1_809' title='bbox 2499 3851 2633 3904; x_wconf 79' lang='lat' dir='ltr'><strong>Opus</strong></span> <span class='ocrx_word' id='word_1_810' title='bbox 2659 3849 2742 3890; x_wconf 89' lang='lat' dir='ltr'><strong>est</strong></span> <span class='ocrx_word' id='word_1_811' title='bbox 2778 3839 2974 3892; x_wconf 83' lang='lat' dir='ltr'><strong>auxilio</strong></span> <span class='ocrx_word' id='word_1_812' title='bbox 3014 3839 3273 3906; x_wconf 87' lang='lat' dir='ltr'><strong>Spiritus,</strong></span> <span class='ocrx_word' id='word_1_813' title='bbox 3315 3847 3369 3889; x_wconf 93' lang='lat' dir='ltr'><strong>ut</strong></span> <span class='ocrx_word' id='word_1_814' title='bbox 3411 3837 3462 3890; x_wconf 93' lang='lat' dir='ltr'><strong>in</strong></span> <span class='ocrx_word' id='word_1_815' title='bbox 3504 3834 3659 3888; x_wconf 87' lang='lat' dir='ltr'><strong>nobis</strong></span> <span class='ocrx_word' id='word_1_816' title='bbox 3696 3839 3958 3901; x_wconf 86' lang='lat' dir='ltr'><strong>perpetuo</strong></span> 
     </span>
    </p>
   </div>
   <div class='ocr_carea' id='block_1_101' title="bbox 2370 3920 3957 3997">
    <p class='ocr_par' dir='ltr' id='par_1_101' title="bbox 2370 3920 3957 3997">
     <span class='ocr_line' id='line_1_101' title="bbox 2370 3920 3957 3997; baseline -0.001 -19"><span class='ocrx_word' id='word_1_817' title='bbox 2370 3935 2581 3978; x_wconf 86' lang='lat' dir='ltr'><strong>maneat</strong></span> <span class='ocrx_word' id='word_1_818' title='bbox 2633 3929 2946 3982; x_wconf 86' lang='lat' dir='ltr'><strong>inconcussa</strong></span> <span class='ocrx_word' id='word_1_819' title='bbox 2993 3937 3047 3982; x_wconf 90' lang='lat' dir='ltr'><strong>et</strong></span> <span class='ocrx_word' id='word_1_820' title='bbox 3089 3926 3534 3997; x_wconf 80' lang='lat' dir='ltr'><strong>inexpugnabilis.</strong></span> <span class='ocrx_word' id='word_1_821' title='bbox 3587 3922 3771 3992; x_wconf 79' lang='lat' dir='ltr'><strong>Neque</strong></span> <span class='ocrx_word' id='word_1_822' title='bbox 3812 3920 3957 3974; x_wconf 87' lang='lat' dir='ltr'><strong>enim</strong></span> 
     </span>
    </p>
   </div>
   <div class='ocr_carea' id='block_1_102' title="bbox 2371 4013 3959 4088">
    <p class='ocr_par' dir='ltr' id='par_1_102' title="bbox 2371 4013 3959 4088">
     <span class='ocr_line' id='line_1_102' title="bbox 2371 4013 3959 4088; baseline -0.003 -20"><span class='ocrx_word' id='word_1_823' title='bbox 2371 4015 2530 4080; x_wconf 83' lang='lat' dir='ltr'><strong>Deus,</strong></span> <span class='ocrx_word' id='word_1_824' title='bbox 2562 4032 2734 4085; x_wconf 84' lang='lat' dir='ltr'><strong>neque</strong></span> <span class='ocrx_word' id='word_1_825' title='bbox 2755 4017 2986 4088; x_wconf 91' lang='lat' dir='ltr'><strong>Spiritus</strong></span> <span class='ocrx_word' id='word_1_826' title='bbox 3010 4020 3176 4088; x_wconf 74' lang='lat' dir='ltr'><strong>gratia</strong></span> <span class='ocrx_word' id='word_1_827' title='bbox 3207 4028 3448 4073; x_wconf 88' lang='lat' dir='ltr'><strong>nostrum</strong></span> <span class='ocrx_word' id='word_1_828' title='bbox 3478 4013 3734 4085; x_wconf 66' lang='lat' dir='ltr'><strong>praevenit</strong></span> <span class='ocrx_word' id='word_1_829' title='bbox 3764 4024 3959 4082; x_wconf 81' lang='lat' dir='ltr'><strong>propo-</strong></span> 
     </span>
    </p>
   </div>
   <div class='ocr_carea' id='block_1_103' title="bbox 2373 4107 3961 4181">
    <p class='ocr_par' dir='ltr' id='par_1_103' title="bbox 2373 4107 3961 4181">
     <span class='ocr_line' id='line_1_103' title="bbox 2373 4107 3961 4181; baseline 0.001 -23"><span class='ocrx_word' id='word_1_830' title='bbox 2373 4107 2532 4159; x_wconf 88' lang='lat' dir='ltr'><strong>sitmu</strong></span> <span class='ocrx_word' id='word_1_831' title='bbox 2559 4127 2570 4157; x_wconf 91' lang='lat'><strong>-.</strong></span> <span class='ocrx_word' id='word_1_832' title='bbox 2602 4109 2695 4163; x_wconf 89' lang='lat' dir='ltr'><strong>sed</strong></span> <span class='ocrx_word' id='word_1_833' title='bbox 2727 4111 2936 4164; x_wconf 86' lang='lat' dir='ltr'><strong>tametsi</strong></span> <span class='ocrx_word' id='word_1_834' title='bbox 2961 4120 3132 4175; x_wconf 77' lang='lat' dir='ltr'><strong>vocet,</strong></span> <span class='ocrx_word' id='word_1_835' title='bbox 3157 4119 3432 4181; x_wconf 72' lang='lat' dir='ltr'><strong>esspeetat</strong></span> <span class='ocrx_word' id='word_1_836' title='bbox 3454 4118 3652 4170; x_wconf 75' lang='lat' dir='ltr'><strong>tameu,</strong></span> <span class='ocrx_word' id='word_1_837' title='bbox 3680 4114 3738 4159; x_wconf 91' lang='lat' dir='ltr'><strong>ut</strong></span> <span class='ocrx_word' id='word_1_838' title='bbox 3766 4112 3961 4172; x_wconf 81' lang='lat' dir='ltr'><strong>sponte</strong></span> 
     </span>
    </p>
   </div>
   <div class='ocr_carea' id='block_1_104' title="bbox 2373 4198 3958 4267">
    <p class='ocr_par' dir='ltr' id='par_1_104' title="bbox 2373 4198 3958 4267">
     <span class='ocr_line' id='line_1_104' title="bbox 2373 4198 3958 4267; baseline -0.003 -17"><span class='ocrx_word' id='word_1_839' title='bbox 2373 4206 2426 4251; x_wconf 90' lang='lat' dir='ltr'><strong>et</strong></span> <span class='ocrx_word' id='word_1_840' title='bbox 2450 4201 2658 4267; x_wconf 84' lang='lat' dir='ltr'><strong>propria</strong></span> <span class='ocrx_word' id='word_1_841' title='bbox 2683 4201 2952 4256; x_wconf 74' lang='lat' dir='ltr'><strong>voluntate</strong></span> <span class='ocrx_word' id='word_1_842' title='bbox 2980 4201 3295 4256; x_wconf 82' lang='lat' dir='ltr'><strong>accedamus</strong></span> <span class='ocrx_word' id='word_1_843' title='bbox 3321 4243 3335 4264; x_wconf 89' lang='lat'><strong>,</strong></span> <span class='ocrx_word' id='word_1_844' title='bbox 3368 4216 3430 4254; x_wconf 90' lang='lat' dir='ltr'><strong>ac</strong></span> <span class='ocrx_word' id='word_1_845' title='bbox 3452 4209 3559 4252; x_wconf 87' lang='lat' dir='ltr'><strong>ttnu</strong></span> <span class='ocrx_word' id='word_1_846' title='bbox 3589 4198 3807 4252; x_wconf 89' lang='lat' dir='ltr'><strong>demum</strong></span> <span class='ocrx_word' id='word_1_847' title='bbox 3835 4208 3958 4248; x_wconf 92' lang='lat' dir='ltr'><strong>eum</strong></span> 
     </span>
    </p>
   </div>
   <div class='ocr_carea' id='block_1_105' title="bbox 2373 4286 3958 4348">
    <p class='ocr_par' dir='ltr' id='par_1_105' title="bbox 2373 4286 3958 4348">
     <span class='ocr_line' id='line_1_105' title="bbox 2373 4286 3958 4348; baseline -0.005 -4"><span class='ocrx_word' id='word_1_848' title='bbox 2373 4293 2760 4346; x_wconf 82' lang='lat' dir='ltr'><strong>accesserimus</strong></span> <span class='ocrx_word' id='word_1_849' title='bbox 2805 4294 2958 4347; x_wconf 90' lang='lat' dir='ltr'><strong>nobis</strong></span> <span class='ocrx_word' id='word_1_850' title='bbox 3003 4310 3156 4348; x_wconf 81' lang='lat' dir='ltr'><strong>stutm</strong></span> <span class='ocrx_word' id='word_1_851' title='bbox 3198 4302 3365 4346; x_wconf 90' lang='lat' dir='ltr'><strong>totum</strong></span> <span class='ocrx_word' id='word_1_852' title='bbox 3413 4290 3634 4345; x_wconf 77' lang='lat' dir='ltr'><strong>exhibet</strong></span> <span class='ocrx_word' id='word_1_853' title='bbox 3676 4286 3958 4340; x_wconf 72' lang='lat' dir='ltr'><strong>auxilium.</strong></span> 
     </span>
    </p>
   </div>
   <div class='ocr_carea' id='block_1_106' title="bbox 2374 4379 3960 4453">
    <p class='ocr_par' dir='ltr' id='par_1_106' title="bbox 2374 4379 3960 4453">
     <span class='ocr_line' id='line_1_106' title="bbox 2374 4379 3960 4453; baseline -0.003 -19"><span class='ocrx_word' id='word_1_854' title='bbox 2374 4383 2632 4451; x_wconf 87' lang='lat' dir='ltr'><strong>Quoniam</strong></span> <span class='ocrx_word' id='word_1_855' title='bbox 2658 4384 2797 4438; x_wconf 59' lang='lat' dir='ltr'><strong>enim</strong></span> <span class='ocrx_word' id='word_1_856' title='bbox 2829 4385 3088 4446; x_wconf 84' lang='lat' dir='ltr'><strong>diabolus,</strong></span> <span class='ocrx_word' id='word_1_857' title='bbox 3113 4393 3457 4453; x_wconf 85' lang='lat' dir='ltr'><strong>posteaquam</strong></span> <span class='ocrx_word' id='word_1_858' title='bbox 3481 4380 3548 4435; x_wconf 87' lang='lat' dir='ltr'><strong>ad</strong></span> <span class='ocrx_word' id='word_1_859' title='bbox 3579 4379 3739 4434; x_wconf 88' lang='lat' dir='ltr'><strong>ﬁdem</strong></span> <span class='ocrx_word' id='word_1_860' title='bbox 3772 4391 3960 4430; x_wconf 79' lang='lat' dir='ltr'><strong>acces-</strong></span> 
     </span>
    </p>
   </div>
   <div class='ocr_carea' id='block_1_107' title="bbox 2373 4471 3964 4546">
    <p class='ocr_par' dir='ltr' id='par_1_107' title="bbox 2373 4471 3964 4546">
     <span class='ocr_line' id='line_1_107' title="bbox 2373 4471 3964 4546; baseline -0.004 -17"><span class='ocrx_word' id='word_1_861' title='bbox 2373 4476 2539 4529; x_wconf 87' lang='lat' dir='ltr'><strong>simus</strong></span> <span class='ocrx_word' id='word_1_862' title='bbox 2564 4516 2576 4539; x_wconf 92' lang='lat'><strong>,</strong></span> <span class='ocrx_word' id='word_1_863' title='bbox 2607 4477 2860 4529; x_wconf 90' lang='lat' dir='ltr'><strong>eontiuuo</strong></span> <span class='ocrx_word' id='word_1_864' title='bbox 2889 4476 3126 4546; x_wconf 82' lang='lat' dir='ltr'><strong>subrepit</strong></span> <span class='ocrx_word' id='word_1_865' title='bbox 3154 4477 3340 4530; x_wconf 72' lang='lat' dir='ltr'><strong>volens</strong></span> <span class='ocrx_word' id='word_1_866' title='bbox 3381 4474 3648 4545; x_wconf 76' lang='lat' dir='ltr'><strong>egregiam</strong></span> <span class='ocrx_word' id='word_1_867' title='bbox 3696 4471 3836 4524; x_wconf 84' lang='lat' dir='ltr'><strong>hanc</strong></span> <span class='ocrx_word' id='word_1_868' title='bbox 3877 4484 3964 4522; x_wconf 80' lang='lat' dir='ltr'><strong>ra-</strong></span> 
     </span>
    </p>
   </div>
   <div class='ocr_carea' id='block_1_108' title="bbox 2371 4565 3962 4634">
    <p class='ocr_par' dir='ltr' id='par_1_108' title="bbox 2371 4565 3962 4634">
     <span class='ocr_line' id='line_1_108' title="bbox 2371 4565 3962 4634; baseline -0.004 -16"><span class='ocrx_word' id='word_1_869' title='bbox 2371 4565 2542 4620; x_wconf 87' lang='lat' dir='ltr'><strong>dicem</strong></span> <span class='ocrx_word' id='word_1_870' title='bbox 2600 4565 2870 4627; x_wconf 72' lang='lat' dir='ltr'><strong>evellere,</strong></span> <span class='ocrx_word' id='word_1_871' title='bbox 2921 4575 2974 4618; x_wconf 82' lang='lat' dir='ltr'><strong>ct</strong></span> <span class='ocrx_word' id='word_1_872' title='bbox 3023 4567 3220 4619; x_wconf 81' lang='lat' dir='ltr'><strong>zizania</strong></span> <span class='ocrx_word' id='word_1_873' title='bbox 3263 4579 3552 4634; x_wconf 87' lang='lat' dir='ltr'><strong>properans</strong></span> <span class='ocrx_word' id='word_1_874' title='bbox 3602 4566 3962 4619; x_wconf 85' lang='lat' dir='ltr'><strong>intersercre.</strong></span> 
     </span>
    </p>
   </div>
   <div class='ocr_carea' id='block_1_109' title="bbox 2371 4649 3962 4727">
    <p class='ocr_par' dir='ltr' id='par_1_109' title="bbox 2371 4649 3962 4727">
     <span class='ocr_line' id='line_1_109' title="bbox 2371 4649 3962 4727; baseline -0.005 -17"><span class='ocrx_word' id='word_1_875' title='bbox 2371 4673 2791 4727; x_wconf 70' lang='lat' dir='ltr'><strong>germanamque</strong></span> <span class='ocrx_word' id='word_1_876' title='bbox 2813 4673 2877 4711; x_wconf 89' lang='lat' dir='ltr'><strong>ac</strong></span> <span class='ocrx_word' id='word_1_877' title='bbox 2899 4673 3087 4726; x_wconf 89' lang='lat' dir='ltr'><strong>purqu</strong></span> <span class='ocrx_word' id='word_1_878' title='bbox 3118 4673 3299 4712; x_wconf 85' lang='lat' dir='ltr'><strong>semen</strong></span> <span class='ocrx_word' id='word_1_879' title='bbox 3329 4657 3694 4723; x_wconf 66' lang='grc' dir='ltr'><strong>Ιςιέάρτε,ορυ8</strong></span> <span class='ocrx_word' id='word_1_880' title='bbox 3722 4665 3831 4706; x_wconf 91' lang='lat' dir='ltr'><strong>tum</strong></span> <span class='ocrx_word' id='word_1_881' title='bbox 3857 4649 3962 4703; x_wconf 82' lang='lat' dir='ltr'><strong>ha-</strong></span> 
     </span>
    </p>
   </div>
   <div class='ocr_carea' id='block_1_110' title="bbox 2378 4747 3965 4819">
    <p class='ocr_par' dir='ltr' id='par_1_110' title="bbox 2378 4747 3965 4819">
     <span class='ocr_line' id='line_1_110' title="bbox 2378 4747 3965 4819; baseline -0.006 -15"><span class='ocrx_word' id='word_1_882' title='bbox 2378 4751 2564 4804; x_wconf 88' lang='lat' dir='ltr'><strong>bemus</strong></span> <span class='ocrx_word' id='word_1_883' title='bbox 2610 4751 2808 4803; x_wconf 79' lang='lat' dir='ltr'><strong>auxilio</strong></span> <span class='ocrx_word' id='word_1_884' title='bbox 2836 4749 3097 4817; x_wconf 72' lang='lat' dir='ltr'><strong>Spiritus,</strong></span> <span class='ocrx_word' id='word_1_885' title='bbox 3137 4761 3193 4803; x_wconf 93' lang='lat' dir='ltr'><strong>ut</strong></span> <span class='ocrx_word' id='word_1_886' title='bbox 3233 4747 3679 4819; x_wconf 89' lang='lat' dir='ltr'><strong>quemadmodum</strong></span> <span class='ocrx_word' id='word_1_887' title='bbox 3711 4755 3965 4798; x_wconf 87' lang='lat' dir='ltr'><strong>strenuus</strong></span> 
     </span>
    </p>
   </div>
   <div class='ocr_carea' id='block_1_111' title="bbox 2376 4832 3970 4907">
    <p class='ocr_par' dir='ltr' id='par_1_111' title="bbox 2376 4832 3970 4907">
     <span class='ocr_line' id='line_1_111' title="bbox 2376 4832 3970 4907; baseline -0.003 -15"><span class='ocrx_word' id='word_1_888' title='bbox 2376 4841 2605 4907; x_wconf 74' lang='lat' dir='ltr'><strong>agricola</strong></span> <span class='ocrx_word' id='word_1_889' title='bbox 2631 4841 2825 4894; x_wconf 72' lang='lat' dir='ltr'><strong>animm</strong></span> <span class='ocrx_word' id='word_1_890' title='bbox 2852 4848 3048 4892; x_wconf 74' lang='lat' dir='ltr'><strong>nostra:</strong></span> <span class='ocrx_word' id='word_1_891' title='bbox 3073 4839 3328 4903; x_wconf 87' lang='lat' dir='ltr'><strong>insidens,</strong></span> <span class='ocrx_word' id='word_1_892' title='bbox 3363 4841 3525 4894; x_wconf 83' lang='lat' dir='ltr'><strong>multa</strong></span> <span class='ocrx_word' id='word_1_893' title='bbox 3552 4851 3680 4891; x_wconf 76' lang='lat' dir='ltr'><strong>cura</strong></span> <span class='ocrx_word' id='word_1_894' title='bbox 3708 4845 3762 4890; x_wconf 88' lang='lat' dir='ltr'><strong>et</strong></span> <span class='ocrx_word' id='word_1_895' title='bbox 3789 4832 3970 4900; x_wconf 80' lang='lat' dir='ltr'><strong>provi-</strong></span> 
     </span>
    </p>
   </div>
   <div class='ocr_carea' id='block_1_112' title="bbox 2379 4922 3968 4999">
    <p class='ocr_par' dir='ltr' id='par_1_112' title="bbox 2379 4922 3968 4999">
     <span class='ocr_line' id='line_1_112' title="bbox 2379 4922 3968 4999; baseline -0.008 -14"><span class='ocrx_word' id='word_1_896' title='bbox 2379 4932 2556 4986; x_wconf 87' lang='lat' dir='ltr'><strong>dentia</strong></span> <span class='ocrx_word' id='word_1_897' title='bbox 2597 4933 2859 4985; x_wconf 75' lang='lat' dir='ltr'><strong>novellam</strong></span> <span class='ocrx_word' id='word_1_898' title='bbox 2896 4929 3017 4985; x_wconf 81' lang='lat' dir='ltr'><strong>ﬁdei</strong></span> <span class='ocrx_word' id='word_1_899' title='bbox 3065 4930 3298 4999; x_wconf 88' lang='lat' dir='ltr'><strong>plantam</strong></span> <span class='ocrx_word' id='word_1_900' title='bbox 3347 4930 3704 4998; x_wconf 82' lang='lat' dir='ltr'><strong>undequaqtte</strong></span> <span class='ocrx_word' id='word_1_901' title='bbox 3737 4922 3968 4977; x_wconf 84' lang='lat' dir='ltr'><strong>muniat.</strong></span> 
     </span>
    </p>
   </div>
   <div class='ocr_carea' id='block_1_113' title="bbox 2381 5016 3971 5093">
    <p class='ocr_par' dir='ltr' id='par_1_113' title="bbox 2381 5016 3971 5093">
     <span class='ocr_line' id='line_1_113' title="bbox 2381 5016 3971 5093; baseline -0.008 -14"><span class='ocrx_word' id='word_1_902' title='bbox 2381 5025 2501 5080; x_wconf 88' lang='lat' dir='ltr'><strong>Ideo</strong></span> <span class='ocrx_word' id='word_1_903' title='bbox 2538 5022 3106 5080; x_wconf 81' lang='lat' dir='ltr'><strong>Thessalonicensibus</strong></span> <span class='ocrx_word' id='word_1_904' title='bbox 3145 5037 3358 5093; x_wconf 83' lang='lat' dir='ltr'><strong>quoque</strong></span> <span class='ocrx_word' id='word_1_905' title='bbox 3407 5019 3677 5076; x_wconf 82' lang='lat' dir='ltr'><strong>scribebat</strong></span> <span class='ocrx_word' id='word_1_906' title='bbox 3719 5016 3909 5071; x_wconf 83' lang='lat' dir='ltr'><strong>dicens</strong></span> <span class='ocrx_word' id='word_1_907' title='bbox 3955 5031 3971 5067; x_wconf 87' lang='lat'><strong>:</strong></span> 
     </span>
    </p>
   </div>
   <div class='ocr_carea' id='block_1_114' title="bbox 2382 5112 3970 5188">
    <p class='ocr_par' dir='ltr' id='par_1_114' title="bbox 2382 5112 3970 5188">
     <span class='ocr_line' id='line_1_114' title="bbox 2382 5112 3970 5188; baseline -0.009 -16"><span class='ocrx_word' id='word_1_908' title='bbox 2382 5117 2629 5188; x_wconf 80' lang='lat' dir='ltr'><strong>Spiritum</strong></span> <span class='ocrx_word' id='word_1_909' title='bbox 2665 5135 2727 5172; x_wconf 87' lang='lat' dir='ltr'><strong>ne</strong></span> <span class='ocrx_word' id='word_1_910' title='bbox 2751 5116 3082 5186; x_wconf 75' lang='lat' dir='ltr'><strong>exstinguatis</strong></span> <span class='ocrx_word' id='word_1_911' title='bbox 3118 5115 3193 5187; x_wconf 88' lang='lat' dir='ltr'><strong>(l.</strong></span> <span class='ocrx_word' id='word_1_912' title='bbox 3231 5115 3404 5170; x_wconf 83' lang='lat' dir='ltr'><strong>Thess.</strong></span> <span class='ocrx_word' id='word_1_913' title='bbox 3517 5112 3605 5181; x_wconf 73' lang='lat' dir='ltr'><strong>l9)</strong></span> <span class='ocrx_word' id='word_1_914' title='bbox 3641 5128 3656 5165; x_wconf 91' lang='lat'>:</span> <span class='ocrx_word' id='word_1_915' title='bbox 3691 5118 3750 5164; x_wconf 86' lang='lat' dir='ltr'><strong>ut</strong></span> <span class='ocrx_word' id='word_1_916' title='bbox 3776 5116 3970 5162; x_wconf 80' lang='lat' dir='ltr'><strong>osten-</strong></span> 
     </span>
    </p>
   </div>
   <div class='ocr_carea' id='block_1_115' title="bbox 2381 5204 3976 5279">
    <p class='ocr_par' dir='ltr' id='par_1_115' title="bbox 2381 5204 3976 5279">
     <span class='ocr_line' id='line_1_115' title="bbox 2381 5204 3976 5279; baseline -0.008 -16"><span class='ocrx_word' id='word_1_917' title='bbox 2381 5210 2498 5274; x_wconf 82' lang='lat' dir='ltr'><strong>dat,</strong></span> <span class='ocrx_word' id='word_1_918' title='bbox 2539 5208 2824 5265; x_wconf 84' lang='lat' dir='ltr'><strong>accedente</strong></span> <span class='ocrx_word' id='word_1_919' title='bbox 2868 5208 3096 5279; x_wconf 85' lang='lat' dir='ltr'><strong>Spiritus</strong></span> <span class='ocrx_word' id='word_1_920' title='bbox 3133 5211 3335 5278; x_wconf 80' lang='lat' dir='ltr'><strong>gratia,</strong></span> <span class='ocrx_word' id='word_1_921' title='bbox 3385 5204 3826 5275; x_wconf 73' lang='lat' dir='ltr'><strong>inexpugnabiles</strong></span> <span class='ocrx_word' id='word_1_922' title='bbox 3867 5215 3976 5253; x_wconf 80' lang='lat' dir='ltr'><strong>nos</strong></span> 
     </span>
    </p>
   </div>
   <div class='ocr_carea' id='block_1_116' title="bbox 2382 5295 3971 5370">
    <p class='ocr_par' dir='ltr' id='par_1_116' title="bbox 2382 5295 3971 5370">
     <span class='ocr_line' id='line_1_116' title="bbox 2382 5295 3971 5370; baseline -0.008 -14"><span class='ocrx_word' id='word_1_923' title='bbox 2382 5302 2520 5356; x_wconf 87' lang='lat' dir='ltr'><strong>malo</strong></span> <span class='ocrx_word' id='word_1_924' title='bbox 2537 5301 2763 5356; x_wconf 76' lang='lat' dir='ltr'><strong>dzemoni</strong></span> <span class='ocrx_word' id='word_1_925' title='bbox 2783 5312 2940 5370; x_wconf 88' lang='lat' dir='ltr'><strong>atque</strong></span> <span class='ocrx_word' id='word_1_926' title='bbox 2961 5301 3208 5355; x_wconf 91' lang='lat' dir='ltr'><strong>omnibus</strong></span> <span class='ocrx_word' id='word_1_927' title='bbox 3229 5301 3348 5368; x_wconf 84' lang='lat' dir='ltr'><strong>ejus</strong></span> <span class='ocrx_word' id='word_1_928' title='bbox 3370 5298 3572 5353; x_wconf 88' lang='lat' dir='ltr'><strong>insidiis</strong></span> <span class='ocrx_word' id='word_1_929' title='bbox 3596 5295 3802 5350; x_wconf 76' lang='lat' dir='ltr'><strong>futuros</strong></span> <span class='ocrx_word' id='word_1_930' title='bbox 3823 5306 3971 5346; x_wconf 71' lang='lat' dir='ltr'><strong>esse.</strong></span> 
     </span>
    </p>
   </div>
   <div class='ocr_carea' id='block_1_117' title="bbox 2381 5382 3972 5464">
    <p class='ocr_par' dir='ltr' id='par_1_117' title="bbox 2381 5382 3972 5464">
     <span class='ocr_line' id='line_1_117' title="bbox 2381 5382 3972 5464; baseline -0.009 -15"><span class='ocrx_word' id='word_1_931' title='bbox 2381 5394 2512 5449; x_wconf 82' lang='lat' dir='ltr'><strong>Nam</strong></span> <span class='ocrx_word' id='word_1_932' title='bbox 2544 5394 2587 5447; x_wconf 89' lang='lat' dir='ltr'><strong>si</strong></span> <span class='ocrx_word' id='word_1_933' title='bbox 2618 5408 2772 5448; x_wconf 88' lang='lat' dir='ltr'><strong>nemo</strong></span> <span class='ocrx_word' id='word_1_934' title='bbox 2817 5402 2992 5464; x_wconf 89' lang='lat' dir='ltr'><strong>potest</strong></span> <span class='ocrx_word' id='word_1_935' title='bbox 3029 5392 3206 5446; x_wconf 78' lang='lat' dir='ltr'><strong>dicere</strong></span> <span class='ocrx_word' id='word_1_936' title='bbox 3248 5392 3530 5446; x_wconf 89' lang='lat' dir='ltr'><strong>Dominum</strong></span> <span class='ocrx_word' id='word_1_937' title='bbox 3568 5387 3754 5443; x_wconf 79' lang='lat' dir='ltr'><strong>Jesum</strong></span> <span class='ocrx_word' id='word_1_938' title='bbox 3781 5382 3884 5438; x_wconf 84' lang='lat' dir='ltr'><strong>nisi</strong></span> <span class='ocrx_word' id='word_1_939' title='bbox 3915 5385 3972 5436; x_wconf 89' lang='lat' dir='ltr'><strong>in</strong></span> 
     </span>
    </p>
   </div>
   <div class='ocr_carea' id='block_1_118' title="bbox 2382 5476 3974 5551">
    <p class='ocr_par' dir='ltr' id='par_1_118' title="bbox 2382 5476 3974 5551">
     <span class='ocr_line' id='line_1_118' title="bbox 2382 5476 3974 5551; baseline -0.009 -9"><span class='ocrx_word' id='word_1_940' title='bbox 2382 5487 2583 5542; x_wconf 78' lang='lat' dir='ltr'><strong>Sniritu</strong></span> <span class='ocrx_word' id='word_1_941' title='bbox 2615 5496 2818 5550; x_wconf 85' lang='lat' dir='ltr'><strong>sancto,</strong></span> <span class='ocrx_word' id='word_1_942' title='bbox 2842 5485 3010 5539; x_wconf 90' lang='lat' dir='ltr'><strong>multo</strong></span> <span class='ocrx_word' id='word_1_943' title='bbox 3033 5484 3198 5551; x_wconf 82' lang='lat' dir='ltr'><strong>magis</strong></span> <span class='ocrx_word' id='word_1_944' title='bbox 3225 5483 3381 5537; x_wconf 84' lang='lat' dir='ltr'><strong>ﬁdem</strong></span> <span class='ocrx_word' id='word_1_945' title='bbox 3405 5489 3571 5533; x_wconf 89' lang='lat' dir='ltr'><strong>tutam</strong></span> <span class='ocrx_word' id='word_1_946' title='bbox 3593 5487 3648 5533; x_wconf 87' lang='lat' dir='ltr'><strong>et</strong></span> <span class='ocrx_word' id='word_1_947' title='bbox 3675 5476 3974 5532; x_wconf 74' lang='lat' dir='ltr'><strong>radicatam</strong></span> 
     </span>
    </p>
   </div>
   <div class='ocr_carea' id='block_1_119' title="bbox 2388 5575 3623 5648">
    <p class='ocr_par' dir='ltr' id='par_1_119' title="bbox 2388 5575 3623 5648">
     <span class='ocr_line' id='line_1_119' title="bbox 2388 5575 3623 5648; baseline -0.008 -15"><span class='ocrx_word' id='word_1_948' title='bbox 2388 5597 2492 5633; x_wconf 88' lang='lat' dir='ltr'><strong>non</strong></span> <span class='ocrx_word' id='word_1_949' title='bbox 2528 5587 2721 5648; x_wconf 81' lang='lat' dir='ltr'><strong>poterit</strong></span> <span class='ocrx_word' id='word_1_950' title='bbox 2751 5577 2950 5632; x_wconf 86' lang='lat' dir='ltr'><strong>habere</strong></span> <span class='ocrx_word' id='word_1_951' title='bbox 2976 5577 3074 5631; x_wconf 91' lang='lat' dir='ltr'><strong>nisi</strong></span> <span class='ocrx_word' id='word_1_952' title='bbox 3110 5577 3160 5628; x_wconf 93' lang='lat' dir='ltr'><strong>iu</strong></span> <span class='ocrx_word' id='word_1_953' title='bbox 3191 5575 3390 5644; x_wconf 88' lang='lat' dir='ltr'><strong>Spiritu</strong></span> <span class='ocrx_word' id='word_1_954' title='bbox 3417 5581 3623 5628; x_wconf 84' lang='lat' dir='ltr'><strong>saneto.</strong></span> 
     </span>
    </p>
   </div>
   <div class='ocr_carea' id='block_1_120' title="bbox 2455 5661 3951 5736">
    <p class='ocr_par' dir='ltr' id='par_1_120' title="bbox 2455 5661 3951 5736">
     <span class='ocr_line' id='line_1_120' title="bbox 2455 5661 3951 5736; baseline -0.01 -14"><span class='ocrx_word' id='word_1_955' title='bbox 2455 5669 2504 5722; x_wconf 86' lang='lat'><strong>6.</strong></span> <span class='ocrx_word' id='word_1_956' title='bbox 2553 5668 2817 5734; x_wconf 79' lang='lat' dir='ltr'><strong>Quomodo</strong></span> <span class='ocrx_word' id='word_1_957' title='bbox 2863 5667 3088 5736; x_wconf 77' lang='lat' dir='ltr'><strong>Spiritus</strong></span> <span class='ocrx_word' id='word_1_958' title='bbox 3133 5674 3338 5719; x_wconf 83' lang='lat' dir='ltr'><strong>sanctus</strong></span> <span class='ocrx_word' id='word_1_959' title='bbox 3380 5665 3429 5716; x_wconf 89' lang='lat' dir='ltr'><strong>in</strong></span> <span class='ocrx_word' id='word_1_960' title='bbox 3477 5662 3620 5715; x_wconf 86' lang='lat' dir='ltr'><strong>nobis</strong></span> <span class='ocrx_word' id='word_1_961' title='bbox 3672 5661 3951 5714; x_wconf 81' lang='lat' dir='ltr'><strong>retineatur</strong></span> 
     </span>
    </p>
   </div>
   <div class='ocr_carea' id='block_1_121' title="bbox 2397 5754 3975 5834">
    <p class='ocr_par' dir='ltr' id='par_1_121' title="bbox 2397 5754 3975 5834">
     <span class='ocr_line' id='line_1_121' title="bbox 2397 5754 3975 5834; baseline -0.008 -18"><span class='ocrx_word' id='word_1_962' title='bbox 2397 5763 2668 5834; x_wconf 68' lang='lat' dir='ltr'><strong>l&#39;irgiititas</strong></span> <span class='ocrx_word' id='word_1_963' title='bbox 2710 5763 2972 5829; x_wconf 83' lang='lat' dir='ltr'><strong>sitjttnrta</strong></span> <span class='ocrx_word' id='word_1_964' title='bbox 2991 5760 3382 5831; x_wconf 75' lang='lat' dir='ltr'><strong>benignitati.—-—</strong></span> <span class='ocrx_word' id='word_1_965' title='bbox 3415 5761 3475 5813; x_wconf 63' lang='lat' dir='ltr'><strong>At</strong></span> <span class='ocrx_word' id='word_1_966' title='bbox 3506 5754 3774 5827; x_wconf 78' lang='lat' dir='ltr'><strong>quomodo</strong></span> <span class='ocrx_word' id='word_1_967' title='bbox 3818 5760 3975 5822; x_wconf 47' lang='lat' dir='ltr'><strong>potv-</strong></span> 
     </span>
    </p>
   </div>
  </div>
