4228 6298
361 355 430 411 Π
1009 344 1097 403 DE
1136 339 1389 401 VERBIS
1429 338 1789 409 APOSTOLI,
1833 334 2199 395 IIABENTES
2240 334 2530 396 EUMDEDI
2570 333 2916 393 SPIRITUII.
2957 331 2999 392 f.

319 471 494 523 rimus
522 462 745 518 allicere
772 459 1029 514 auxilium
1058 457 1313 527 Spiritus,
1336 458 1493 526 eique
1513 451 1842 525 persuadere
1873 462 1933 507 ut

320 559 468 627 apud
500 570 599 610 nos
626 569 846 609 manere
877 551 1043 606 velit?
1083 550 1187 605 Per
1212 564 1375 620 opera
1410 548 1549 603 bona
1576 558 1632 602 et
1671 546 1931 617 optimam

324 647 542 705 vivendi
586 645 871 702 rationem.
915 644 1067 702 Sicut
1112 642 1255 698 enim
1304 642 1538 695 lucerna:
1578 639 1759 693 lumen
1809 636 1935 691 oleo

323 740 611 802 retinetur,
628 747 684 793 et
699 744 1019 805 consumpto
1040 750 1107 789 eo
1127 734 1298 803 ipsum
1316 747 1529 803 quoque
1552 748 1654 785 una
1676 745 1933 785 consum-

324 840 479 900 ptum
509 828 788 885 evanescit
818 827 919 881 :ita
945 826 1106 880 etiam
1137 824 1367 893 Spiritus
1394 822 1587 893 gratia,
1607 821 1735 876 dtttn
1768 820 1934 875 habe-

323 936 450 976 mus
498 935 661 991 Opera
707 920 884 985 bona,
929 923 983 969 et
1030 916 1236 971 crebris
1286 915 1649 984 eleemosynis
1696 914 1933 966 animam

324 1016 589 1084 rigamus,
616 1020 798 1066 manet
820 1025 926 1065 non
951 1011 1109 1064 aliter
1130 1025 1287 1079 quatn
1312 1008 1525 1061 ﬂamma
1549 1008 1670 1062 oleo
1694 1016 1933 1061 retenta:

322 1122 451 1176 qua:
476 1104 519 1159 si
544 1119 652 1157 non
681 1103 883 1168 adsint,
909 1102 1111 1158 recedit
1137 1116 1167 1154 a
1196 1100 1350 1154 nobis
1371 1110 1425 1155 et
1447 1100 1585 1164 abit;
1610 1099 1751 1169 quod
1773 1099 1936 1154 etiam

324 1197 569 1265 quinque
592 1193 696 1247 illis
725 1192 1023 1262 virginibus
1043 1191 1258 1249 accidit.
1278 1187 1489 1244 Etenim
1520 1190 1625 1243 illa:
1650 1198 1768 1259 post
1795 1189 1936 1243 mul-

327 1295 418 1340 tos
450 1284 667 1339 labores
693 1299 757 1337 ac
782 1283 1007 1338 sudores
1027 1321 1041 1346 ,
1070 1296 1192 1335 cum
1226 1280 1427 1334 nullum
1458 1281 1719 1335 haberent
1749 1297 1812 1336 ex
1843 1296 1935 1335 sua

326 1376 662 1445 benignitate
690 1374 999 1445 pmsidinm
1025 1415 1040 1437 ,
1074 1388 1179 1427 non
1215 1383 1500 1443 potuerunt
1530 1373 1672 1442 apud
1714 1389 1771 1427 se
1814 1373 1939 1427 reti-

327 1483 464 1524 nere
503 1466 735 1537 Spiritus
758 1466 983 1539 gratiam
1021 1484 1034 1520 :
1066 1476 1229 1536 atque
1283 1466 1407 1519 ideo
1452 1474 1579 1520 sunt
1624 1481 1655 1519 a
1702 1464 1939 1519 thalamo

327 1562 593 1632 repulsae,
630 1575 930 1630 vocemque
958 1560 1102 1614 illam
1136 1558 1429 1614 terribilem
1461 1559 1750 1613 audierunt
1791 1576 1803 1611 :
1843 1557 1936 1611 Di-

326 1656 539 1719 scedite,
563 1671 664 1708 non
687 1654 801 1707 novi
823 1670 909 1707 vos
935 1652 1149 1725 (Matth.
1184 1652 1276 1708 25.
1303 1653 1392 1720 1‘2)
1417 1671 1430 1706 :
1451 1668 1571 1722 quin
1593 1653 1675 1707 vel
1693 1651 1937 1722 gt-hcnna

328 1746 429 1800 fuit.
458 1746 709 1817 gravior;
733 1755 952 1815 pr0pter
974 1744 1075 1798 hoc
1095 1744 1256 1799 etiam
1280 1744 1459 1797 stulta:
1486 1754 1610 1797 sunt
1634 1743 1936 1813 appellatur;

329 1845 390 1890 et
434 1837 675 1890 merito:
708 1836 962 1905 quoniam
1000 1850 1121 1889 cum
1167 1834 1575 1904 impotentiores
1617 1835 1941 1904 cupiditates

328 1926 609 1991 vicissent,
635 1941 664 1980 a
706 1927 883 1983 minus
920 1927 1093 1983 valida
1132 1934 1257 1981 stmt
1298 1927 1471 1982 victm.
1508 1926 1665 1992 Vide,
1706 1939 1891 1997 quaeso
1921 1943 1936 1980 :

328 2028 544 2073 natura:
592 2019 899 2074 violentiam
940 2029 1359 2091 superaverunt,
1402 2019 1643 2074 rabidam
1676 2020 1939 2074 insaniam

327 2111 682 2167 frenaverunt
708 2152 725 2178 ,
756 2112 1065 2181 cupidinnm
1098 2110 1294 2167 ﬂuctus
1318 2111 1641 2167 scdavcrunt
1664 2153 1679 2177 ,
1714 2114 1764 2165 in
1797 2126 1937 2166 terra

328 2202 594 2272 degentes
620 2203 919 2273 angelicam
948 2203 1110 2257 vitam
1140 2203 1424 2267 vixerunt,
1462 2217 1691 2271 corpore
1734 2202 1941 2256 vestitte

330 2292 689 2363 incorporeas
729 2295 956 2349 virtutes
995 2295 1260 2349 annulatze
1302 2304 1464 2360 sunt,
1510 2303 1566 2349 et
1605 2303 1725 2362 post
1766 2304 1941 2349 Lautus

329 2383 548 2439 labores
588 2400 936 2454 pccmnarum
976 2385 1323 2454 cupiditatem
1372 2401 1476 2440 non
1509 2394 1938 2454 snperaveruut,

330 2476 513 2529 stultae
545 2490 731 2530 revera
764 2485 819 2530 et
844 2476 1132 2530 insensata:
1161 2494 1175 2530 :
1204 2486 1534 2547 quapropter
1555 2492 1624 2531 ne
1645 2479 1797 2531 venia
1822 2477 1910 2546 qui

326 2566 457 2621 dein
496 2566 674 2637 digna:
709 2580 835 2622 sunt
874 2567 1090 2621 babitm.
1122 2567 1328 2637 Lapsus
1356 2569 1497 2621 enim
1529 2584 1714 2624 earmn
1752 2583 1939 2621 socor-

326 2658 436 2712 dia:
466 2660 562 2713 fuit
584 2659 751 2714 solius
790 2678 802 2714 :
833 2674 953 2730 qua:
983 2660 1127 2714 enim
1158 2660 1209 2714 in
1244 2669 1388 2713 tanta
1422 2659 1634 2714 ﬂamma
1667 2660 1939 2714 fornacem

330 2759 617 2819 potuerant
644 2750 955 2819 cupidinum
978 2751 1339 2821 exstinguere,
1370 2760 1424 2805 et
1460 2752 1594 2805 tdtra
1616 2759 1765 2820 septa
1799 2764 1942 2805 tran-

332 2842 619 2902 silierant.
665 2852 719 2897 et
768 2842 921 2912 plura
964 2858 1122 2912 quatn
1163 2843 1328 2911 jussm
1373 2852 1528 2898 erant
1582 2844 1944 2912 prmstiterant

337 2934 505 3003 (nulla
547 2934 689 2988 enim
731 2934 815 2988 lex
866 2934 1226 3004 virginitatem
1273 2934 1515 3004 praecipit
1557 2951 1570 2986 :
1613 2935 1796 2989 libene
1840 2934 1944 2989 hoc

331 3024 593 3078 voluntati
622 3024 927 3080 auditorum
959 3023 1321 3096 relinquitur),
1360 3034 1476 3095 post
1510 3024 1623 3078 lucc
1650 3026 1828 3078 omnia
1858 3026 1939 3079 vi-

330 3125 436 3168 cta:
461 3124 586 3169 sunt
622 3130 654 3169 a
686 3116 908 3184 pecunia
941 3133 953 3171 :
986 3132 1095 3186 quo
1130 3116 1257 3185 quid
1286 3132 1407 3171 esse
1451 3116 1807 3171 mi-erabirius
1849 3132 1942 3187 po-

333 3215 473 3274 test,
514 3207 558 3259 si
590 3218 808 3275 propter
840 3208 1118 3275 paululum
1161 3208 1368 3278 argenti
1406 3224 1663 3263 coronam
1700 3224 1731 3263 e
1765 3209 1945 3279 capite

334 3298 665 3367 projiciant?
695 3297 819 3353 llzcc
845 3298 990 3364 dico,
1020 3313 1126 3352 non
1155 3298 1297 3369 quod
1326 3314 1517 3354 manus
1548 3302 1811 3371 virginum
1834 3300 1943 3355 dis-

332 3393 539 3445 solvatn
564 3434 581 3458 ,
614 3407 789 3462 neque
816 3392 959 3462 quod
984 3392 1345 3464 virginitatem
1386 3394 1733 3465 exstinguere
1756 3395 1942 3461 velim,

334 3481 530 3537 sedne
570 3484 831 3538 inutiliter
853 3496 1107 3553 currant,
1142 3502 1208 3541 ne
1249 3497 1369 3557 post
1414 3487 1675 3557 plurimos
1716 3489 1944 3544 sudores

331 3590 535 3629 corona
560 3577 781 3645 privata:
803 3586 858 3631 et
889 3579 1093 3645 pudore
1121 3579 1292 3647 plena:
1321 3594 1386 3634 ex
1429 3596 1589 3635 arena
1635 3581 1936 3637 tlist'edattl.

336 3667 487 3722 Bona
530 3684 619 3724 res
666 3678 743 3723 est
790 3671 1097 3741 virginitas,
1126 3682 1179 3725 et
1208 3672 1381 3740 majus
1407 3688 1565 3742 quam
1608 3689 1704 3743 pro
1736 3684 1939 3729 natum

335 3760 541 3815 viribus
568 3762 818 3815 meritum
855 3780 867 3815 :
903 3762 996 3817 sed
1026 3763 1163 3817 bona
1192 3764 1305 3817 haec
1332 3779 1421 3818 res
1451 3775 1505 3819 et
1531 3781 1721 3834 magna
1760 3776 1813 3820 et
1842 3783 1943 3821 na-

332 3861 512 3905 tttram
543 3868 829 3923 superans,
856 3856 957 3909 nisi
982 3855 1361 3925 benignitatem
1394 3856 1585 3910 habeat
1608 3856 1939 3926 adjunctam,

334 3960 406 4000 ne
454 3946 505 3998 in
554 3946 875 4001 vestibulum
923 3948 1139 4017 quidem
1190 3948 1407 4003 thalami
1460 3949 1669 4019 ingredi
1722 3952 1940 4019 poterit.

334 4039 514 4106 Atque
537 4036 621 4092 hic
648 4038 783 4092 tttihi
810 4039 1093 4095 considera
1125 4040 1471 4111 benignitatis
1497 4043 1604 4095 vim
1629 4052 1681 4097 et
1707 4043 1939 4099 clccmo-

331 4146 484 4201 syna:
510 4132 820 4198 potentiam.
849 4132 1136 4203 Virginitas
1158 4134 1274 4187 sine
1298 4134 1643 4205 eleemosyna
1676 4151 1741 4190 ne
1772 4137 1823 4190 in
1853 4152 1942 4193 vc-

330 4222 595 4276 stibulutn
628 4223 845 4293 quidem
878 4224 1098 4278 thalami
1132 4226 1427 4295 perducere
1457 4228 1629 4298 putuit
1654 4244 1669 4293 ;
1699 4228 1941 4285 eleemo-

330 4327 467 4384 syna
515 4328 644 4367 vero
695 4314 777 4368 vel
825 4316 941 4370 sine
987 4316 1292 4387 virginitate
1340 4318 1588 4374 alumnos
1640 4336 1769 4375 suos
1819 4337 1941 4376 cum

333 4418 528 4474 magna
560 4403 718 4459 laude
751 4404 802 4458 in
834 4421 1059 4476 regnum
1088 4418 1213 4463 ante
1257 4410 1533 4464 Conditum
1576 4412 1763 4465 urbem
1808 4430 1943 4481 prm-

334 4504 582 4562 paratutn
608 4512 765 4550 manu
793 4497 1025 4553 deducit.
1055 4499 1147 4553 lla:
1168 4501 1433 4570 siquidem
1457 4504 1709 4572 quoniam
1741 4504 1940 4573 largam

333 4590 739 4660 cleemosynam
764 4608 868 4645 non
893 4591 1272 4659 exhibuerant,
1296 4594 1583 4649 audierunt
1609 4614 1622 4648 :
1646 4596 1812 4663 Abite,
1841 4614 1942 4653 non

335 4686 453 4735 novi
477 4698 563 4735 ros
595 4697 614 4736 :
646 4682 718 4735 illi
759 4698 887 4738 vero
914 4685 1002 4754 qtti
1042 4686 1311 4739 sitientem
1344 4696 1659 4755 potaverunt
1681 4730 1695 4754 ,
1725 4699 1779 4743 et
1819 4705 1943 4744 esu-

336 4772 566 4826 rientem
594 4772 842 4845 alncrunt
871 4775 1142 4830 Christum
1161 4818 1176 4841 ,
1208 4778 1417 4832 tametsi
1448 4780 1801 4849 virginitatem
1835 4799 1939 4837 non

342 4864 650 4933 proferrent
694 4866 746 4919 in
792 4867 1054 4933 medium,
1099 4870 1427 4923 audierunt:
1468 4871 1661 4939 Venite,
1695 4874 1941 4929 benedicti

342 4953 518 5009 Putris
546 4957 641 5007 mei
662 4998 677 5022 ,
711 4960 962 5025 possidete
995 4977 1203 5029 regnum
1234 4972 1471 5029 paratum
1512 4964 1647 5018 vobis
1686 4983 1716 5017 tt
1755 4968 1944 5020 consti-

334 5046 531 5098 tutione
578 5048 753 5101 mundi
802 5048 821 5117 (
845 5047 984 5104 Ibid.
1016 5067 1063 5103 υ.
1094 5052 1163 5107 3i
1190 5050 1232 5123 ).
1288 5053 1353 5106 Et
1396 5055 1625 5108 merito:
1657 5056 1743 5123 qui
1797 5060 1939 5112 enim

338 5136 703 5207 virginitatem
734 5149 943 5205 servnt,
987 5149 1041 5195 et
1079 5141 1291 5209 jejunat
1314 5183 1329 5206 ,
1359 5145 1458 5199 sibi
1505 5146 1601 5215 ipsi
1642 5147 1786 5201 utilis
1815 5159 1937 5203 est:

333 5231 428 5296 qui
448 5243 577 5282 vero
594 5229 895 5295 miseretur,
915 5234 1216 5287 communis
1233 5246 1313 5287 est
1331 5235 1708 5307 naufragorum
1733 5250 1939 5309 portus,

336 5320 707 5388 proximorum
732 5335 1098 5394 paupertatem
1125 5326 1433 5394 sublevans,
1453 5339 1507 5384 et
1530 5331 1717 5385 alienis
1755 5348 1941 5387 neces-

336 5412 590 5466 sitatibus
615 5431 955 5470 succurrens.
981 5418 1245 5472 Cmtcrtttn
1268 5435 1330 5473 ex
1362 5420 1652 5477 benefactis
1673 5441 1942 5492 qua-cum—

335 5520 443 5576 que
463 5506 528 5561 ad
552 5508 776 5563 aliorum
798 5512 1078 5567 utilitatem
1106 5516 1254 5577 liuut,
1277 5530 1337 5567 ea
1362 5498 1698 5583 potissiatum
1728 5519 1939 5573 luUthlll

337 5600 637 5667 promereri
670 5604 867 5656 solent.

411 5691 464 5745 7.
504 5691 629 5756 Qme
654 5705 907 5764 prarcepta
932 5694 1041 5749 Deo
1067 5711 1201 5751 cura:
1226 5700 1324 5749 sint
1353 5715 1457 5767 prta
1483 5702 1693 5754 arteria.
1725 5702 1941 5772 Virgini-

338 5784 458 5836 tatis
487 5784 725 5855 dignitas.
753 5815 819 5825 νοη
854 5787 918 5841 Et
949 5798 1004 5842 ttt
1035 5789 1169 5847 sci.“
1203 5790 1321 5844 talia
1353 5802 1613 5862 prwccpta
1644 5809 1749 5865 pra:
1781 5805 1938 5851 tacte-

3543 338 3651 396 178

2046 450 2122 505 ris
2152 450 2263 506 Deo
2287 465 2431 506 curm
2452 464 2605 515 esse,
2636 448 2705 506 de
2728 447 2937 519 jejunio
2962 456 3019 504 et
3048 446 3352 519 virginitate
3376 448 3653 506 disserens

2042 544 2190 614 regni
2220 543 2475 599 czclorum
2509 542 2752 598 meminit
2780 559 2795 596 :
2830 541 2921 598 ubi
2952 556 3083 598 vero
3120 541 3190 596 de
3226 542 3567 613 eleemosyna
3598 552 3655 597 et

2044 636 2363 691 liberalitate
2392 636 2536 706 agit,
2569 644 2623 689 et
2648 644 2706 690 ut
2733 650 2833 689 nos
2862 633 3242 689 misericordes
3270 632 3653 699 exhibeamus,

2044 728 2307 798 praecipit,
2339 727 2498 796 longe
2524 728 2757 797 amplius
2784 742 2945 797 quam
2973 740 3197 796 regnum
3228 725 3499 785 caelorum,
3517 741 3654 794 pra:-

2043 819 2208 873 tnium
2231 819 2482 889 proponit
2512 834 2527 871 :
2556 816 2626 873 Ut
2652 818 2810 887 ﬁalis,
2837 817 3029 888 inqttit.
3056 817 3248 871 similes
3278 814 3451 870 Patris
3479 817 3653 879 vestri,

2042 913 2131 981 qui
2155 913 2207 966 in
2234 914 2372 967 cretis
2398 923 2470 966 est
2502 911 2717 981 (Matth.
2748 912 2804 967 5.
2834 911 2949 977 45).
3002 911 3111 965 Illa:
3140 910 3286 965 enim
3316 910 3654 979 potissimum
3748 982 3761 989 Ι

2046 1003 2191 1073 leges
2227 1004 2498 1059 hominem
2543 1006 2775 1059 similem
2821 1004 2931 1059 Deo
2974 1002 3223 1067 reddunt,
3256 1012 3519 1071 quatenus
3546 1003 3656 1057 Deo

2044 1095 2275 1150 similem
2318 1096 2431 1151 ﬁeri
2472 1095 2744 1150 hominem
2788 1095 2931 1157 licet.
2963 1110 3084 1164 qtae
3111 1094 3177 1147 ad
3211 1092 3476 1162 publicam
3510 1093 3654 1147 utili-

2047 1196 2209 1243 tatem
2244 1187 2464 1244 faciunt.
2497 1187 2563 1241 Et
2585 1186 2688 1242 hoc
2710 1186 3016 1257 significans
3046 1184 3292 1241 Christus
3313 1184 3445 1242 dicit
3477 1202 3490 1239 :
3523 1183 3657 1251 Quia

2042 1282 2203 1335 solent
2242 1297 2392 1334 suum
2437 1280 2561 1334 oriri
2604 1279 2725 1349 facit
2763 1296 2918 1347 super
2956 1280 3113 1333 bonos
3138 1294 3201 1331 ac
3228 1278 3423 1339 malos,
3450 1287 3497 1330 et
3526 1274 3659 1347 pluit

2044 1390 2198 1443 super
2214 1374 2384 1445 justas
2406 1389 2468 1425 ac
2492 1373 2730 1444 injustas.
2779 1370 2853 1425 Ita
2885 1362 2981 1425 vos
3015 1385 3229 1439 quoque
3258 1384 3356 1439 pro
3384 1384 3479 1423 sua
3505 1368 3659 1439 quis-

2045 1482 2150 1535 que
2176 1466 2313 1519 virili
2343 1463 2685 1518 {aculeitibus
2718 1464 2915 1517 vestris
2957 1463 3009 1517 in
3047 1477 3392 1518 communem
3432 1460 3659 1516 fratrum

2048 1557 2330 1610 utilitatem
2362 1556 2595 1621 utendo,
2638 1554 2919 1609 imitamini
2952 1569 3076 1609 eum
3104 1554 3194 1624 qui
3224 1553 3361 1608 bona
3396 1568 3490 1608 sua
3529 1568 3661 1624 pro-

2048 1648 2195 1715 ponit
2217 1662 2286 1700 ex
2312 1661 2470 1716 :equo
2490 1644 2763 1699 omnibus.
2800 1644 2993 1715 Ingens
3018 1654 3103 1699 est
3128 1643 3450 1714 virginitatis
3478 1645 3658 1715 digni-

2047 1750 2149 1807 tas,
2182 1740 2411 1810 ideoque
2440 1740 2585 1793 illam
2614 1738 2905 1792 admodum
2931 1738 3038 1793 coli
3079 1747 3135 1793 et
3172 1737 3434 1793 celebrari
3474 1739 3657 1808 cupio.

2048 1836 2143 1890 Est
2178 1837 2323 1891 enim
2357 1835 2591 1906 dignitas
2618 1835 2956 1905 virginitatis,
2991 1848 3097 1888 non
3124 1833 3298 1889 solum
3337 1833 3608 1887 abstinere
3629 1847 3658 1885 a

2048 1926 2287 1997 nuptiis,
2334 1942 2519 1981 verum
2564 1928 2726 1981 etiam
2774 1927 3066 1995 benignum
3117 1939 3280 1991 esse,
3331 1934 3387 1979 et
3434 1924 3660 1979 fratrum

2044 2029 2339 2084 amantem,
2363 2029 2416 2073 et
2449 2034 2674 2088 pronum
2697 2016 2763 2072 ad
2794 2017 3343 2073 commiserationetn.
3360 2017 3490 2084 Qua:
3514 2016 3660 2073 enim

2046 2121 2131 2167 est
2161 2110 2368 2165 utilitas
2392 2111 2716 2181 virginitatis
2742 2124 2863 2164 cum
2892 2108 3252 2164 crudelitate?
3277 2107 3404 2178 quid
3434 2108 3565 2162 lucri
3592 2121 3662 2162 ex

2049 2203 2403 2275 temperantia
2453 2219 2574 2258 cum
2622 2201 3017 2257 inhumaniutte
3060 2200 3390 2269 conjuncta?
3436 2198 3553 2254 Non
3600 2212 3663 2253 es

2045 2308 2201 2368 capta
2229 2312 2518 2368 corporum
2550 2295 3011 2367 concupiscentia,
3047 2292 3141 2347 sed
3170 2300 3324 2362 capta
3356 2306 3415 2347 es
3448 2288 3663 2359 cupidi-

2050 2400 2159 2445 tate
2188 2390 2537 2460 pecuniarum
2570 2403 2718 2445 :non
2762 2401 2825 2443 es
2863 2386 3127 2440 admirata
3165 2385 3399 2440 hominis
3445 2383 3659 2449 faciem,

2048 2484 2143 2537 sed
2169 2482 2429 2537 admirata
2472 2495 2534 2535 es
2574 2479 2692 2534 auri
2734 2478 3189 2549 pulchritudinem
3224 2495 3238 2531 :
3272 2477 3530 2544 majorem
3560 2474 3660 2529 ad-

2048 2573 2342 2630 versarium
2375 2572 2577 2636 vicisti,
2610 2570 2705 2626 sed
2744 2569 2938 2624 minori
2983 2579 3039 2623 et
3084 2567 3423 2623 imbeetlliori
3468 2580 3663 2622 succu-

2050 2666 2229 2721 lmisti.
2282 2667 2459 2735 Atque
2498 2664 2620 2719 ideo
2667 2661 2875 2733 turpius
2920 2661 3057 2716 victa
3102 2676 3198 2725 es;
3248 2659 3369 2715 ideo
3408 2676 3478 2714 ne
3507 2658 3662 2713 venia

2047 2757 2264 2828 quidem
2292 2757 2451 2828 digna
2491 2770 2585 2823 es,
2617 2754 2866 2810 videlicet
2890 2770 3012 2824 qua:
3041 2762 3243 2808 tantam
3270 2754 3379 2807 vim
3403 2750 3665 2806 sustinui-

2047 2850 2139 2916 sti,
2164 2858 2219 2905 et
2247 2850 2509 2905 adversus
2539 2849 2711 2919 ipsam
2740 2856 2988 2901 naturam
3036 2846 3283 2916 pugnasti
3312 2884 3329 2911 ,
3375 2844 3445 2899 ab
3487 2842 3668 2897 avari—

2050 2941 2121 2997 tia
2170 2955 2300 2995 vero
2346 2940 2649 3011 expugnata
2694 2954 2753 2994 es
2777 2979 2794 3005 ,
2829 2954 2989 3007 quam
3030 2948 3085 2992 et
3127 2937 3392 3006 mancipia
3419 2950 3666 3005 saepenu-

2048 3046 2201 3086 mero
2226 3074 2240 3097 ,
2279 3041 2335 3087 et
2368 3030 2580 3087 barbari
2613 3029 2859 3085 homines
2888 3030 3115 3085 minimo
3152 3027 3371 3099 negatio
3407 3040 3666 3096 superare

2050 3130 2361 3193 potuerunt.

2121 3214 2176 3270 8.
2207 3213 2335 3268 ΙΙωο
2362 3211 2523 3283 igitur
2546 3209 2726 3266 omnia
2752 3208 2987 3265 scientes
3010 3251 3025 3277 ,
3054 3207 3273 3275 dilecti,
3306 3208 3420 3263 sive
3451 3208 3502 3264 in
3527 3222 3665 3263 eon-

2044 3306 2215 3376 jugio,
2260 3306 2374 3360 sive
2415 3305 2469 3359 in
2510 3304 2815 3374 virginitate
2857 3302 3139 3371 degentes.
3168 3316 3361 3371 magna
3387 3300 3662 3370 diligentia

2048 3399 2450 3468 eleemosyuam
2488 3409 2863 3460 exerceamus,
2893 3392 3328 3465 quandoquidem
3369 3391 3512 3446 nulla
3554 3391 3661 3447 alia

2050 3491 2259 3545 ratione
2300 3490 2421 3544 licet
2461 3488 2528 3542 ad
2567 3503 2787 3559 regnum
2819 3486 3075 3541 ca'lorum
3109 3487 3410 3557 pervenire.
3454 3484 3586 3539 Nam
3617 3485 3663 3540 si

2052 3582 2330 3654 virginitas
2359 3580 2565 3650 absque
2606 3580 2948 3650 eleentosyna
2994 3580 3059 3634 ad
3105 3594 3327 3649 regnum
3359 3593 3464 3632 non
3494 3578 3664 3632 valuit

2052 3676 2367 3747 pet-ducere,
2409 3674 2679 3745 quodnam
2722 3674 2867 3728 aliud
2917 3672 3252 3727 beru-facturn
3301 3671 3406 3727 hoc
3446 3672 3667 3728 efﬁcere

2051 3769 2169 3823 sine
2196 3766 2294 3821 hac
2317 3765 2555 3838 poterit?
2581 3765 2828 3820 Profecto
2852 3764 3079 3820 tmllum.
3117 3764 3255 3818 Toto
3276 3763 3437 3832 igitur
3456 3763 3663 3830 animo,

2053 3862 2284 3930 totisque
2311 3859 2512 3913 viribus
2543 3857 2719 3912 oleum
2746 3856 3084 3911 affnndamns
3125 3856 3462 3925 lampadibus
3505 3855 3665 3925 idque

2052 3952 2267 4023 largiter
2310 3966 2373 4005 ac
2421 3949 2819 4013 indesinenter,
2856 3959 2910 4000 ut
2943 3947 3112 4001 hilare
3137 3962 3201 3999 ae
3230 3946 3436 4016 largum
3481 3946 3663 4001 lumen

2053 4054 2382 4116 permaneat.
2412 4043 2521 4099 Nec
2548 4057 2839 4113 pauperem
2880 4041 3136 4110 respicias
3164 4040 3542 4109 accipientem.
3566 4040 3665 4094 sed

2055 4138 2220 4192 Deum
2252 4135 2588 4190 redditurum
2623 4151 2637 4186 :
2673 4148 2779 4187 non
2811 4148 2934 4186 eum
2963 4132 3052 4201 qui
3083 4131 3279 4200 stipem
3311 4130 3534 4199 accipit,
3568 4130 3665 4185 sed

2050 4243 2171 4284 eum
2201 4228 2288 4297 qui
2318 4243 2378 4282 se
2410 4226 2503 4281 tibi
2525 4224 2825 4280 debitorem
2848 4224 3068 4294 obligat.
3100 4221 3232 4278 Nam
3262 4222 3385 4277 idco
3406 4224 3543 4277 alius
3570 4238 3661 4277 ac-

2050 4324 2199 4391 cipit,
2229 4323 2363 4375 alius
2394 4320 2590 4387 reddit,
2624 4328 2680 4373 ut
2702 4312 3016 4388 accipientis
3050 4326 3337 4388 paupertas
3366 4326 3420 4371 et
3448 4316 3664 4372 calami-

2053 4425 2133 4468 tas
2154 4413 2217 4467 ad
2243 4412 2666 4467 miscriCordiam
2690 4420 2741 4465 te
2768 4410 2987 4464 ﬂectant
3011 4424 3075 4463 ac
3094 4410 3623 4464 conuuiseratiuncm
3649 4427 3662 4463 :

2049 4506 2249 4560 divitia:
2272 4520 2399 4558 vero
2431 4502 2523 4557 Dei
2554 4502 2830 4565 reddituri,
2860 4501 3200 4569 lidejnbentis
3228 4500 3389 4553 etiam
3416 4516 3537 4553 cum
3566 4517 3662 4553 au-

2050 4596 2221 4650 ctario
2251 4594 2573 4648 solutionem
2609 4592 2861 4653 futuram,
2895 4590 3152 4658 majorem
3186 4589 3277 4664 tibi
3310 4589 3377 4643 de
3406 4587 3579 4643 fructu
3611 4598 3667 4644 ct

2052 4703 2210 4741 usura
2261 4686 2509 4739 ﬁduciam
2560 4683 2775 4747 indant,
2827 4692 2876 4736 et
2930 4682 2996 4735 ad
3047 4681 3330 4751 largiorem
3365 4683 3667 4752 eleemosy-

2052 4795 2175 4833 nam
2206 4786 2516 4848 provocent.
2544 4774 2677 4842 Quis
2700 4773 2867 4838 enim,
2897 4788 3046 4843 rogo,
3076 4776 3385 4841 centuplum
3416 4783 3663 4840 receptu-

2054 4886 2177 4933 rus,
2212 4878 2267 4921 et
2294 4871 2360 4923 de
2392 4865 2699 4921 recipiendo
2729 4880 2988 4931 securus,
3023 4879 3128 4917 non
3157 4865 3336 4916 ontnia
3368 4879 3460 4916 sua
3491 4864 3666 4918 libens

2050 4961 2273 5030 eroget?

2124 5054 2426 5107 Colmrtatur
2482 5051 2549 5104 nd
2608 5052 2978 5119 elecmosynam
3038 5048 3446 5116 impertiendum.
3477 5078 3547 5089 ——
3590 5048 3666 5102 Ne

2053 5147 2211 5217 igitur
2256 5163 2534 5216 pareamus
2576 5144 2849 5213 pecunim,
2884 5145 2991 5197 ima
3020 5157 3149 5196 vero
3180 5157 3467 5212 pareamus
3504 5158 3663 5212 pecu-

2054 5241 2157 5294 niae
2186 5258 2200 5294 :
2231 5255 2351 5292 nam
2389 5238 2477 5307 qui
2526 5237 2867 5291 facultatibus
2894 5237 3005 5289 suis
3041 5234 3241 5303 parcit,
3282 5234 3333 5287 in
3366 5250 3661 5304 pauperum

2054 5348 2244 5387 manus
2274 5348 2365 5386 eas
2395 5332 2648 5401 deponit,
2679 5330 2729 5384 in
2765 5330 3073 5383 thesaurum
3105 5338 3532 5391 sacrosanctum,
3556 5344 3665 5397 quo

2055 5442 2155 5481 nec
2182 5428 2436 5483 latrones.
2470 5440 2569 5479 nec
2594 5424 2757 5487 St‘rVi,
2789 5437 2887 5476 nec.
2913 5420 3259 5492 sycophanta!
3286 5420 3540 5485 malefici,
3564 5435 3663 5475 nec

2054 5522 2175 5574 ulla:
2228 5518 2533 5573 mortalium
2583 5517 2789 5571 insidia:
2832 5526 3113 5584 penetrare
3156 5514 3384 5567 valeant.
3436 5512 3586 5579 Quod
3614 5512 3661 5567 si

2052 5612 2213 5664 etiam
2262 5609 2345 5663 his
2384 5608 2579 5661 auditis
2619 5608 2760 5677 piget
2804 5617 2853 5659 te
2892 5622 2921 5659 e
2959 5605 3114 5658 bonis
3140 5606 3244 5657 tuis
3272 5603 3510 5657 nonnihil
3538 5618 3661 5656 ero-

2052 5721 2200 5775 gare,
2245 5714 2298 5756 ot
2347 5719 2520 5771 neque
2564 5702 2870 5769 centuplum
2906 5698 3294 5768 recipiendum,
3324 5712 3497 5765 neque
3526 5710 3659 5765 pan-

2008 5821 2014 5827 -
2055 5798 2198 5870 peris
2226 5798 2528 5859 calamitas,
2560 5810 2729 5865 neque
2758 5792 2898 5847 aliud
2929 5793 3215 5864 quidquam
3245 5795 3459 5848 lict'trrc
3490 5799 3539 5845 te
3571 5802 3665 5858 po-
