4228 6298
639 302 749 362 υθ

646 429 779 487 test,
823 430 1007 490 reputa
1049 432 1206 489 quam
1252 421 1416 476 multa
1465 419 1802 493 peccaveris,
1854 420 2131 491 ingredere
2176 422 2230 477 in

646 512 1024 566 conscientiam
1042 509 1382 574 delictorum.
1403 522 1592 568 excute
1610 528 1823 567 omnem
1844 522 2018 567 actam
2044 514 2229 578 vitam,

644 611 890 656 accurate
930 612 1104 657 errata
1144 611 1231 657 tua
1270 619 1553 674 cognosce,
1583 614 1636 658 et
1676 606 1749 658 sis
1791 606 1915 660 licet
1956 605 2229 660 hominum

644 691 881 745 omnium
926 682 1420 761 inhumanissimus,
1462 704 1606 750 certe
1650 711 1844 765 pavore
1890 706 2230 766 peccaturum

644 782 789 835 omni
837 790 1077 851 tempore
1120 785 1459 852 compulsus,
1504 795 1555 841 et
1601 787 1968 842 remissionem
2015 798 2233 858 propter

641 868 1038 943 cleemosynam
1078 888 1330 943 sperans,
1362 876 1444 930 vel
1481 891 1675 945 corpus
1701 888 1845 930 ltlllm
1880 875 2095 948 insuper
2134 879 2230 932 im-

647 961 867 1028 pendes,
898 964 1089 1019 nedum
1119 968 1414 1036 pecuniam.
1460 969 1514 1024 Si
1543 970 1683 1024 enim
1712 971 1874 1026 saucii
1893 1014 1909 1034 .
1936 982 1991 1028 et
2017 973 2232 1027 morbos

646 1054 955 1121 corporales
1001 1055 1274 1125 depellere
1319 1059 1633 1127 cupientes,
1686 1063 1847 1117 nullis
1895 1062 2233 1117 facultatibus

650 1146 934 1211 parcimus,
951 1146 1161 1202 etiamsi
1175 1147 1541 1204 indumentum
1558 1153 1725 1221 ipsum
1738 1152 2130 1208 divendendnm
2143 1153 2232 1218 sit,

650 1244 707 1289 ut
731 1236 796 1289 ab
828 1237 1130 1295 inﬁrmitate
1155 1241 1243 1295 illa
1280 1242 1569 1297 liberemur
1598 1261 1613 1298 :
1646 1245 1811 1297 multo
1842 1247 2008 1315 magis
2038 1247 2232 1300 anima:

650 1326 1006 1382 infirmitatem
1038 1338 1091 1383 et
1122 1331 1432 1400 gravissima
1464 1344 1801 1402 peccatorqu
1827 1338 2045 1390 vulnera
2075 1351 2232 1389 cura-

647 1421 748 1472 turi
796 1436 891 1489 per
928 1422 1339 1493 eleemosynam,
1371 1439 1493 1479 cum
1543 1442 1749 1479 summa
1800 1427 2073 1481 alacritate
2113 1444 2231 1482 eam

646 1512 1035 1566 exercebimus.
1070 1515 1226 1583 Atqui
1252 1516 1462 1583 quoties
1487 1528 1748 1585 :rgrmas,
1787 1533 1891 1571 non
1922 1519 2101 1572 statim
2130 1534 2233 1573 nu-

649 1609 849 1655 merata
879 1604 1099 1671 pecunia
1131 1603 1377 1659 liberaris
1404 1620 1431 1658 a
1464 1607 1652 1660 morbo
1678 1648 1691 1670 ,
1722 1608 1815 1661 sed
1860 1623 2236 1677 stcpenumero

649 1703 703 1745 et
730 1692 963 1746 sectione
992 1708 1127 1763 epus
1156 1705 1257 1760 est,
1278 1704 1333 1749 et
1357 1698 1583 1759 uSIione,
1609 1706 1663 1751 et
1688 1698 1884 1752 amaris
1912 1698 2235 1766 pharmacis,

649 1793 702 1834 et
731 1782 886 1847 fame,
915 1796 968 1837 et
996 1784 1207 1855 frigore,
1238 1797 1291 1839 et
1320 1788 1436 1841 aliis
1463 1790 1795 1858 gravioribus
1824 1790 2085 1853 mandatis
2111 1807 2123 1843 :
2152 1790 2237 1844 hic

648 1886 825 1925 ann-nt
858 1888 959 1927 non
991 1875 1099 1940 sic,
1127 1876 1218 1929 sed
1248 1878 1379 1931 satis
1409 1889 1493 1932 est
1516 1879 1643 1933 dare
1671 1896 1915 1935 nummos
1954 1882 2006 1934 in
2050 1896 2239 1935 manus

652 1973 1038 2031 pauperum,“
1057 1967 1233 2021 statim
1262 1966 1497 2023 ablueris
1526 1972 1701 2024 onmia
1731 1983 1965 2042 peccata,
1996 1973 2110 2028 sine
2134 1974 2240 2027 ullo

630 2046 733 2106 'vel
760 2054 946 2110 dolore
977 2058 1055 2111 vel
1088 2058 1290 2113 labore.
1335 2060 1570 2116 Medicus
1598 2064 1739 2117 enim
1768 2065 1855 2134 qui
1884 2066 2113 2119 animam
2148 2081 2243 2120 cu-

654 2153 756 2208 rat,
784 2162 887 2200 non
919 2163 1052 2215 opus
1084 2149 1241 2205 habet
1269 2161 1400 2217 arte,
1431 2169 1537 2207 non
1567 2156 1934 2210 instrumentis
1956 2159 2107 2219 artis,
2133 2173 2239 2211 non

652 2236 791 2290 ferro
815 2248 904 2293 aut
927 2238 1049 2309 igne
1075 2258 1088 2295 :
1112 2241 1204 2296 sed
1233 2243 1379 2297 solus
1410 2254 1569 2300 nutus
1596 2246 1814 2313 sufﬁcit,
1832 2263 1895 2302 ac
1916 2264 2038 2303 mox
2060 2250 2239 2303 omnia

651 2340 865 2398 peccata
895 2331 961 2385 ab
984 2332 1160 2387 anima
1187 2336 1495 2391 auferuntur
1515 2346 1569 2393 et
1595 2348 1936 2395 evanescunt.

724 2419 777 2472 9.
822 2418 1194 2477 Monac/torum
1240 2430 1368 2479 dura
1417 2428 1611 2481 vivendi
1659 2431 1807 2484 ratio.
1841 2462 1910 2471 —
1946 2432 2060 2487 Non
2093 2433 2243 2488 vides

653 2512 943 2567 menachos
972 2513 1101 2568 istos
1122 2518 1208 2585 qui
1230 2518 1523 2573 solitariam
1549 2522 1708 2575 vitam
1740 2524 2158 2593 amplectuntur,
2187 2536 2241 2579 et

653 2600 706 2654 iu
746 2605 972 2659 vertices
1001 2606 1259 2661 montium
1291 2610 1585 2676 secedunt,
1618 2627 1774 2679 quam
1805 2614 1992 2666 duram
2033 2615 2244 2669 vivendi

658 2694 915 2749 rationem
946 2696 1244 2765 perferant?
1275 2699 1482 2755 Etenim
1507 2702 1743 2757 cinerem
1765 2704 1863 2757 sibi
1892 2705 2243 2760 substernen-

656 2792 758 2848 tes,
802 2793 855 2837 et
898 2800 1111 2840 saccum
1159 2786 1461 2855 induentes,
1504 2800 1558 2844 et
1593 2793 1796 2847 catenis
1843 2792 2033 2849 ferreis
2077 2805 2242 2849 totum

656 2889 851 2943 corpus
879 2874 1248 2945 degravantes,
1278 2889 1333 2933 et
1372 2881 1422 2933 in
1464 2895 1586 2935 casa
1626 2882 1831 2952 seipsos
1866 2883 2245 2940 concludentes

655 2965 871 3019 assidue
895 2981 1017 3019 cum
1050 2966 1187 3023 fame
1208 2969 1496 3037 luctantur,
1531 2972 1582 3025 in
1612 2972 1740 3028 ﬂetu
1766 2976 1952 3029 vivunt
1978 2987 2029 3030 et
2054 2977 2244 3047 vigiliis

656 3053 1099 3121 intolerabilibus,
1140 3065 1201 3112 u‘.
1245 3070 1447 3129 partem
1496 3063 1725 3131 aliquam
1774 3076 2114 3133 peccatorum
2155 3069 2248 3122 ab-

664 3152 807 3201 luant
838 3165 851 3200 :
886 3150 977 3203 tibi
1001 3166 1127 3205 vero
1153 3152 1275 3206 licet
1301 3154 1415 3208 sine
1441 3156 1587 3208 omni
1623 3156 1713 3210 illo
1745 3157 1880 3210 duro
1905 3158 2043 3213 rictu
2082 3158 2247 3229 expe-

660 3237 827 3291 ditam
873 3238 1009 3295 hanc
1038 3250 1092 3296 et
1123 3241 1329 3297 facilem
1376 3244 1587 3313 pietatis
1624 3246 1761 3299 viam
1794 3246 2020 3315 ingredi.
2065 3248 2249 3315 Qualis

659 3328 825 3395 enim,
858 3344 1008 3396 rogo,
1040 3331 1192 3386 labor
1229 3341 1328 3393 est.
1364 3334 1445 3389 his
1480 3350 1599 3404 quze
1627 3335 1821 3389 adsunt
1856 3336 1955 3390 frui
1978 3379 1991 3401 ,
2025 3346 2079 3392 et
2107 3339 2248 3408 quod

659 3429 907 3489 superest
930 3420 978 3474 in
1010 3437 1207 3491 egenos
1228 3422 1529 3479 insumere?
1557 3425 1686 3481 Nam
1711 3428 1916 3481 etiamsi
1941 3430 2083 3483 nulla
2106 3446 2247 3485 mer-

659 3528 753 3567 ces
776 3527 918 3568 esset
948 3516 1238 3583 proposita,
1270 3516 1475 3569 etiamsi
1507 3533 1609 3570 non
1636 3526 1740 3571 tam
1767 3520 1938 3587 ampla
1971 3522 2249 3576 retributio

660 3606 921 3677 pnelinita
952 3617 1112 3671 esset,
1145 3622 1319 3662 annon
1350 3610 1433 3662 vel
1456 3610 1566 3678 ipsa
1598 3610 1673 3664 rei
1702 3622 1887 3667 natura
1910 3617 2249 3681 quantumvis

666 3697 969 3753 inhumanis
1000 3700 1319 3767 persuadere
1351 3711 1571 3769 poterat,
1594 3712 1647 3756 ut
1665 3718 1728 3757 eo
1748 3704 1886 3773 quod
1910 3704 2037 3775 ipsis
2058 3720 2249 3775 super-

663 3799 746 3843 est
772 3788 837 3842 ad
862 3805 1163 3860 egenorum
1180 3793 1418 3848 solamen
1460 3796 1771 3849 uterentur?
1800 3796 1947 3851 Nunc
1977 3813 2097 3852 cum
2131 3808 2251 3851 tan-

664 3888 773 3933 tum
796 3895 1114 3936 coronarum
1134 3924 1149 3949 ,
1184 3892 1386 3937 tantum
1414 3884 1818 3939 retributionem
1843 3926 1858 3949 ,
1890 3897 2031 3942 tanta
2058 3903 2250 3958 pecca-

667 3982 841 4027 torum
870 3973 1066 4027 oblivio
1094 3989 1190 4043 per
1208 3976 1605 4047 eleemosynam
1637 3986 1872 4045 paretur,
1895 3994 2073 4047 quam,
2098 3994 2247 4049 rogo,

663 4064 1061 4119 excusationem
1088 4064 1376 4129 habebunt,
1408 4068 1496 4136 qui
1522 4068 1758 4136 pecuniae
1787 4083 2028 4139 parcunt,
2062 4080 2116 4125 et
2139 4073 2251 4125 ani-

667 4170 809 4209 mam
861 4172 1008 4210 suam
1059 4156 1111 4211 in
1159 4158 1479 4228 profundum
1525 4170 1861 4230 peccatorum
1909 4161 2252 4232 demergunt?

669 4244 802 4300 Nam
834 4246 1040 4301 etiamsi
1079 4247 1208 4302 nihil
1236 4249 1375 4303 aliud
1407 4260 1457 4304 te
1490 4260 1697 4304 moveat
1724 4261 1779 4305 et
1808 4252 2002 4306 excitet
2028 4253 2092 4306 ad
2124 4266 2255 4305 con-

669 4336 956 4393 dolemlum
988 4349 1040 4393 et
1068 4339 1134 4393 ad
1160 4340 1388 4395 dandam
1418 4345 1828 4413 eleemosynam,
1853 4346 2039 4400 saltem
2069 4357 2252 4414 reputa

669 4442 828 4497 quam
872 4429 1105 4484 incertus
1148 4431 1219 4485 sit
1258 4433 1378 4486 vitzc
1423 4433 1563 4497 linis,
1592 4444 1646 4488 et
1674 4436 1844 4505 cogita
1874 4437 2013 4505 quod
2044 4438 2250 4491 etiamsi

672 4520 994 4588 pauperibus
1016 4535 1121 4574 non
1150 4519 1264 4587 des,
1296 4534 1469 4578 morte
1497 4534 1673 4579 tamen
1700 4528 2126 4595 superveniente,
2160 4544 2254 4583 νεα

673 4609 738 4662 lis
779 4609 934 4674 nolis,
969 4618 1085 4664 tuas
1120 4625 1205 4665 res
1238 4613 1355 4667 aliis
1389 4628 1447 4667 es
1474 4628 1740 4670 cessurus.
1788 4617 1925 4687 Ergo
1952 4618 2257 4686 dispensato

674 4698 883 4753 divitias
914 4708 1049 4765 tuas,
1082 4711 1136 4754 et
1163 4700 1288 4755 dum
1321 4703 1438 4759 licet
1459 4746 1472 4769 ,
1505 4704 1769 4761 humanus
1806 4716 1941 4761 esto.
1992 4708 2256 4763 Extrema:

669 4792 816 4846 enim
850 4797 1079 4848 vesania:
1109 4794 1286 4860 fuerit,
1310 4811 1370 4849 ea
1395 4799 1584 4866 quibus
1608 4799 1686 4853 vel
1712 4800 1904 4854 invitus
1931 4801 2051 4855 aliis
2077 4816 2255 4855 cessu-

674 4898 766 4939 rus
796 4901 886 4947 es,
928 4886 1066 4938 nolle
1098 4886 1450 4955 indigentibus
1479 4890 1873 4945 communicare
1902 4891 2071 4955 ultro,
2102 4891 2260 4961 idque

676 4994 797 5033 cum
826 4986 971 5033 Lauta
1002 4981 1136 5033 bona
1176 4996 1240 5034 ex
1286 4981 1385 5035 hac
1426 4981 1747 5051 benignitate
1777 4983 1868 5037 tibi
1896 4984 2000 5037 sint
2027 5000 2257 5054 proven-

680 5082 812 5125 tura.
861 5071 930 5126 Ut
960 5081 1141 5138 uestra,
1171 5072 1357 5142 inquit,
1388 5074 1534 5141 copia
1554 5085 1814 5125 succurrat
1845 5076 2045 5129 illorum
2073 5077 2262 5144 inapiie

681 5164 755 5233 (2.
791 5164 906 5219 Cor.
930 5166 983 5220 8.
1017 5167 1129 5235 Η).
1176 5167 1311 5233 Quid
1347 5176 1429 5221 est
1468 5177 1644 5220 autem
1683 5166 1823 5235 quod
1862 5165 2022 5219 dicit?
2063 5168 2259 5236 .‘llajora

682 5260 896 5327 accipis,
915 5275 1071 5328 quam
1096 5260 1209 5314 das.
1244 5260 1347 5314 Das
1376 5260 1666 5323 sensibilia,
1692 5260 1889 5327 accipis
1912 5260 2257 5331 intelligibilia

684 5360 733 5404 vt
779 5352 1107 5421 spiritualia;
1153 5353 1248 5407 das
1299 5354 1574 5422 pecuniam
1602 5396 1616 5416 ,
1650 5354 1847 5421 accipis
1893 5353 2259 5406 remissionem

678 5452 1057 5509 peccatorum;
1088 5444 1279 5500 liberas
1312 5461 1595 5513 pauperem
1626 5460 1655 5497 a
1689 5442 1849 5507 fame,
1882 5442 1967 5497 ille
1998 5452 2048 5497 te
2074 5443 2264 5496 liberat

678 5534 748 5587 ab
778 5535 850 5589 ira
876 5535 1075 5590 divina.
1112 5535 1488 5590 Retribntionis
1521 5535 1620 5588 hoc
1646 5550 1810 5604 genus
1836 5541 1917 5587 est
1944 5541 1995 5587 et
2023 5535 2261 5602 negotiav

682 5626 872 5686 tionis,
922 5627 1063 5694 quod
1117 5627 1370 5694 majorem
1413 5644 1475 5681 ac
1518 5628 1781 5681 utiliorem
1831 5624 2057 5679 reditum
2107 5623 2263 5677 habet

679 5732 840 5787 q‘unm
863 5730 1149 5790 sumptum.
1182 5720 1312 5775 Nam
1338 5732 1574 5789 sutttpitls
1603 5722 1947 5791 pecuniarum
1977 5728 2054 5773 est
2084 5737 2092 5768 :
2126 5716 2262 5771 redi~

1474 309 1531 365 s.
1563 308 1839 364 JOANNiS
1879 298 2353 365 Ctmt‘sos’rtuu
2397 307 2711 365 Λιιωιιωι.
2752 307 3283 369 CONSTANTINOP.

3829 299 3939 353 230

2342 431 2426 476 tus
2454 438 2583 477 vero
2595 438 2701 478 non
2716 426 2966 493 pecunias
2989 425 3144 480 affert
3172 432 3401 488 tantum,
3428 422 3521 478 sed
3547 423 3707 480 etiam
3737 435 3935 478 renus-

2339 513 2544 568 sionem
2568 526 2930 584 peccatorum,
2953 514 3221 586 simulque
3247 515 3494 571 ﬁduciam
3513 530 3639 585 erga
3660 514 3851 580 Deum,
3882 522 3941 566 et

2339 619 2561 675 regnum
2591 605 2867 668 cartorum,
2897 616 2950 661 et
2990 607 3126 661 bona
3165 607 3249 661 illa
3280 621 3401 677 quae
3431 620 3607 674 neque
3631 606 3816 659 oculus
3846 602 3935 656 vi-

2337 694 2447 758 dit,
2480 711 2579 750 nec
2604 696 2749 750 auris
2775 697 3010 761 audivit,
3039 712 3139 753 nec
3163 697 3215 752 in
3245 711 3339 751 cor
3366 695 3601 751 hominis
3638 693 3940 749 adscende—

2338 793 2464 839 runt
2496 785 2569 856 (Ι.
2600 785 2717 839 Cor.
2749 784 2803 839 2.
2838 786 2916 855 9).
2968 787 3163 841 Annon
3210 787 3370 858 igitur
3410 784 3736 849 absurdum,
3788 782 3938 854 quod

2339 879 2693 946 negotiatores
2724 878 2854 932 nulli
2900 878 2974 933 rei
3012 888 3264 949 parcant,
3312 878 3473 948 idque
3508 893 3627 933 eum
3668 890 3774 931 non
3814 877 3939 931 sin-

2337 970 2538 1039 gularia
2582 970 2824 1038 quaedam
2849 1011 2863 1032 ,
2908 969 3003 1024 sed
3043 970 3188 1039 paria
3232 970 3344 1024 fere
3384 968 3600 1037 paribus
3627 975 3938 1037 permutare

2337 1068 2543 1122 soleant
2568 1086 2579 1119 :
2602 1081 2699 1121 nos
2718 1081 2865 1131 vero,
2885 1081 3004 1119 cum
3033 1080 3138 1119 non
3163 1062 3529 1133 corruptibilia
3552 1072 3607 1117 et
3633 1070 3940 1116 momenta-

2341 1173 2438 1212 nea
2463 1200 2479 1222 ,
2507 1160 2601 1213 sed
2651 1156 3073 1225 incorruptibilia
3100 1165 3152 1210 et
3175 1142 3501 1224 sempiterna
3533 1154 3690 1208 liceat
3712 1166 3813 1223 pro
3838 1166 3939 1205 no-

2340 1249 2465 1302 stris
2490 1248 2923 1317 corruptibilibus
2947 1261 3011 1300 ac
3039 1244 3429 1301 momentaneis
3452 1252 3803 1306 commutare.
3827 1254 3940 1295 non

2340 1337 2583 1393 eamdem
2614 1351 2773 1406 quam
2806 1338 2877 1391 illi
2906 1336 3236 1407 diligentiam
3265 1332 3649 1389 adhibeamus?

2412 1427 2569 1482 Fides
2594 1428 2781 1496 indiget
2808 1428 3000 1481 auxilio
3031 1426 3278 1495 Spiritus.
3334 1422 3417 1479 Ea:
3457 1424 3703 1494 pravitate
3738 1436 3943 1475 mantnt

2344 1519 2509 1572 oritur
2534 1518 2876 1571 incredulitas.
2896 1547 2969 1558 —
2995 1516 3112 1571 Non
3140 1516 3230 1581 ita,
3256 1515 3468 1577 fratres,
3501 1528 3607 1568 non
3639 1513 3707 1566 ita
3739 1520 3945 1565 nostra:

2340 1606 2499 1662 saluti
2528 1606 2665 1661 male
2692 1606 3053 1670 consulamus,
3084 1605 3177 1660 sed
3210 1606 3339 1660 moti
3367 1605 3614 1681 exemplo
3644 1602 3939 1668 virginum.

2342 1707 2396 1752 et
2420 1709 2606 1750 eorum
2644 1696 2735 1765 qui
2778 1694 3045 1749 ducuntur
3070 1695 3122 1748 in
3154 1694 3330 1764 ignem
3366 1704 3607 1763 paratum
3644 1690 3861 1746 diabolo
3886 1697 3945 1742 et

2341 1788 2547 1859 angelis
2572 1788 2719 1859 ejus,
2754 1802 2820 1842 eo
2845 1787 2985 1857 quod
3009 1802 3113 1841 non
3143 1786 3395 1847 aluerint,
3437 1800 3609 1856 neque
3638 1781 3942 1855 potaverint

2342 1881 2614 1936 Christum
2638 1920 2653 1945 ,
2685 1879 3013 1933 retineamus
3042 1877 3212 1932 sancti
3241 1876 3476 1946 Spiritus
3501 1875 3674 1945 ignem
3705 1889 3800 1943 per
3827 1873 3943 1927 lar-

2339 1990 2462 2045 gam
2507 1972 2887 2041 benignitatem
2918 1978 2975 2026 et
3000 1968 3246 2037 profusas
3269 1968 3639 2036 eleemosynas
3660 2007 3676 2032 ,
3706 1982 3772 2020 ne
3798 1968 3943 2019 circa

2346 2063 2505 2118 iidem
2536 2062 2873 2132 naufragium
2911 2060 3186 2116 faciamus.
3226 2057 3387 2113 Fides
3423 2059 3567 2113 enim
3605 2073 3740 2125 opus
3782 2056 3945 2111 habet

2344 2155 2541 2211 auxilio
2569 2154 2798 2223 Spiritus
2823 2168 2886 2208 ac
2914 2152 3309 2222 perseverantia
3333 2193 3347 2216 ,
3378 2159 3437 2205 ut
3462 2151 3779 2203 inconcussa
3815 2162 3942 2215 per-

2345 2257 2558 2304 maneat
2586 2264 2598 2299 :
2631 2245 2885 2299 auxilium
2929 2254 3108 2299 autem
3148 2243 3381 2311 Spiritus
3414 2240 3536 2295 vita:
3562 2240 3790 2309 puritate
3823 2254 3943 2292 mo-

2346 2339 2598 2409 ribusque
2635 2336 2873 2407 probatis
2915 2334 3134 2390 retineri
3169 2332 3307 2402 apud
3351 2345 3451 2387 nos
3487 2332 3645 2386 solet.
3694 2329 3872 2396 Quare
3898 2329 3942 2383 si

2346 2432 2592 2500 cupimus
2644 2428 2802 2483 [idem
2856 2427 3145 2481 radicatam
3200 2424 3431 2489 habere,
3479 2421 3689 2476 vivendi
3735 2420 3945 2474 ratione

2350 2537 2480 2591 pura
2530 2520 2685 2574 nobis
2729 2535 2863 2589 opus
2912 2527 3011 2581 est,
3054 2532 3173 2586 qua:
3217 2514 3473 2584 Spiritum
3504 2516 3810 2577 retineat,a
3841 2525 3947 2578 quo

2352 2624 2513 2666 totam
2542 2611 2659 2664 lidei
2693 2611 2797 2663 vim
2830 2608 3136 2677 dependere
3158 2614 3387 2661 constat.
3442 2602 3775 2672 lmpossibile
3798 2601 3945 2656 enim

2348 2714 2451 2767 est,
2481 2700 2813 2770 impossibile
2843 2698 3081 2767 profecto
3107 2697 3149 2753 si
3187 2698 3348 2750 vitam
3378 2697 3643 2765 impuram
3671 2693 3871 2749 habeas
3893 2694 3945 2747 in

2350 2792 2454 2847 ﬁde
2484 2808 2589 2847 non
2612 2792 2881 2844 vacillare.

2424 2882 2508 2936 £0.
2550 2880 2707 2934 Certe
2735 2880 2822 2947 qui
2860 2879 2926 2932 de
2964 2878 3074 2932 fato
3100 2886 3385 2946 nugantur,
3415 2885 3467 2932 et
3482 2874 3723 2931 salutari
3750 2874 3819 2931 de
3851 2890 3937 2931 re-

2348 2973 2679 3027 Surrcctione
2702 2970 2934 3024 sermoni
2961 2986 3064 3024 ron
3088 2969 3336 3035 credunt,
3359 2969 3428 3023 ob
3452 2969 3642 3022 malam
3668 2968 3952 3023 conscien-

2352 3065 2480 3118 tiam
2510 3073 2564 3116 et
2587 3078 2761 3116 mores
2790 3062 3109 3131 depravatos
3150 3062 3200 3113 in
3243 3061 3345 3114 hoc
3375 3060 3763 3114 incredulitatis
3789 3059 3949 3113 bara-

2354 3155 2530 3209 tbrum
2573 3156 2779 3223 seipsos
2819 3154 3166 3222 praecipitant.
3206 3152 3272 3206 Et
3311 3152 3762 3220 quemadmodum
3796 3151 3949 3206 febre

2354 3245 2679 3309 laborantes,
2708 3244 2834 3299 dum
2866 3244 3051 3298 volunt
3077 3242 3449 3298 :estuationem
3480 3241 3771 3310 depellere,
3804 3257 3951 3310 saepe

2354 3341 2404 3391 in
2436 3337 2677 3407 frigidam
2707 3352 2898 3405 aquam
2928 3350 3049 3391 sese
3075 3335 3394 3405 projiciunt,
3430 3342 3483 3386 et
3510 3332 3778 3402 paulisper
3802 3334 3950 3387 miti-

2350 3439 2475 3499 gate
2519 3428 2695 3493 malo,
2743 3428 3041 3498 graviorem
3083 3425 3182 3479 sibi
3218 3424 3469 3478 ardorem
3512 3422 3809 3477 accendunt
3837 3440 3851 3475 :
3876 3423 3947 3476 ita

2351 3522 2439 3591 qui
2490 3520 2626 3574 mala
2664 3518 2991 3573 conscientia
3038 3524 3389 3586 premuntur,
3429 3522 3483 3568 et
3523 3512 3947 3567 consolationem

2350 3613 2580 3681 aliquam
2606 3619 2871 3679 qtnerunt,
2906 3623 3005 3663 nec
3036 3616 3211 3661 tamen
3238 3607 3424 3661 volunt
3452 3621 3548 3677 per
3578 3605 3948 3673 paenitentiam

2353 3711 2568 3772 peccata
2598 3702 2836 3765 abluere,
2878 3699 2945 3753 ad
2977 3699 3068 3753 l‘ati
3101 3695 3433 3768 tyrannidem
3457 3737 3472 3761 ,
3503 3706 3557 3750 et
3587 3695 3945 3749 resurrectio-

2353 3795 2435 3848 nis
2472 3792 2783 3861 eonfugiunt
2822 3788 3230 3859 abnegationem
3263 3805 3275 3841 :
3304 3795 3466 3855 atque
3496 3785 3599 3840 hoc
3628 3794 3787 3855 pacto
3813 3783 3948 3838 dum

2354 3901 2413 3942 se
2442 3886 2497 3940 in
2528 3885 2627 3938 hac
2654 3885 2758 3937 vita
2789 3882 2991 3953 frigidis
3032 3880 3325 3935 rationibus
3355 3879 3625 3948 paulisper
3658 3879 3953 3933 consolan-

2357 3990 2470 4044 tur,
2515 3976 2772 4044 majorem
2824 3974 3083 4045 gehenna:
3125 3970 3395 4025 ﬂammam
3448 3970 3549 4024 sibi
3603 3969 3949 4031 accendunt;

2355 4067 2783 4141 quandoquidem
2828 4065 3101 4136 segniores
3146 4062 3233 4115 hic
3275 4060 3439 4128 facti,
3485 4070 3769 4130 postquam
3824 4060 3955 4114 illuc

2354 4160 2706 4222 devenerint,
2756 4156 3010 4211 videbunt
3041 4167 3139 4223 pro
3168 4152 3281 4207 suis
3306 4165 3575 4221 quemque
3605 4150 3838 4219 peccatis
3865 4150 3957 4204 de-

2359 4254 2463 4305 bita
2515 4250 2770 4319 supplicia
2822 4246 3147 4317 persolvere.
3205 4244 3272 4298 Et
3325 4251 3384 4297 ut
3436 4244 3536 4295 hoc
3588 4256 3775 4294 verum
3826 4254 3953 4295 esse

2358 4342 2574 4402 sciatis,
2614 4338 2734 4393 lidei
2778 4352 2969 4408 nempe
3011 4335 3173 4390 robur
3214 4333 3352 4387 mala
3395 4346 3561 4400 opera
3603 4330 3956 4384 vehementer

2360 4431 2617 4502 impedire
2643 4472 2657 4495 ,
2702 4426 2880 4482 audite
2918 4426 3046 4497 quid
3092 4426 3289 4481 Paulus
3326 4423 3470 4478 dicat
3507 4422 3572 4475 ad
3604 4420 3951 4474 Timotheum

2359 4522 2602 4576 scribens
2633 4536 2646 4572 :
2683 4518 2749 4572 Ut
2780 4518 2959 4570 milites
2984 4558 2997 4581 ,
3029 4516 3238 4585 inquit,
3272 4514 3519 4585 egregiam
3550 4512 3785 4565 militiam
3810 4553 3825 4571 ,
3860 4512 3957 4563 lm-

2361 4598 2476 4667 bciis
2505 4613 2656 4681 [idem
2687 4628 2748 4663 ac
2773 4611 2955 4664 bonum
2981 4609 3335 4662 conscientiam
3381 4607 3551 4675 (bona
3599 4614 3780 4660 autem
3822 4618 3956 4658 cen-

2361 4707 2577 4761 scientia
2616 4722 2680 4759 ex
2714 4705 2827 4757 vita
2872 4711 2926 4756 et
2959 4700 3207 4769 operibus
3232 4700 3384 4753 bonis
3403 4700 3713 4765 contingere
3732 4696 3911 4768 solet)
3939 4715 3953 4749 :

2361 4814 2507 4867 quum
2534 4797 2774 4865 quidam,
2808 4793 3006 4861 inquit,
3040 4790 3355 4862 repellentes,
3383 4791 3518 4842 circa
3547 4789 3699 4857 ﬁdem
3738 4792 3956 4859 naufra-

2362 4892 2497 4960 ginm
2516 4891 2734 4958 fecerunt
2759 4887 2837 4952 (i.
2860 4883 2993 4937 Tim.
3030 4884 3079 4937 1.
3124 4882 3208 4938 19.
3245 4878 3602 4946 l9).Rttrsuut
3632 4878 3757 4933 alibi
3793 4897 3807 4931 :
3844 4877 3953 4931 Ru-

2364 4982 2451 5032 dix.
2479 4979 2699 5032 euntium
2731 4977 2979 5028 mulorum
3007 4983 3080 5027 est
3108 4972 3321 5025 avaritia
3344 5013 3357 5033 ,
3393 4987 3483 5037 per
3511 4972 3659 5040 cujus
3694 4968 3953 5035 cupidita-

2366 5086 2459 5127 tem
2498 5073 2704 5141 quidam
2748 5088 2779 5121 a
2827 5068 2929 5137 ﬁde
2970 5067 3320 5118 aberraverunt
3348 5062 3515 5129 (ibid.
3547 5064 3602 5116 6.
3635 5062 3757 5133 ιθ).
3796 5060 3955 5117 Vides

2366 5176 2474 5219 tum
2504 5166 2623 5219 illos
2652 5170 2931 5231 prOpIerea
2959 5154 3289 5226 naufragium
3320 5153 3509 5208 fecisse
3533 5195 3548 5219 ,
3582 5162 3691 5206 tum
3723 5154 3854 5208 istos
3880 5154 3955 5205 ob

2367 5259 2471 5311 hoc
2496 5258 2667 5324 ipsum
2691 5249 3058 5305 abcrravisse:
3081 5248 3332 5316 quoniam
3356 5245 3429 5298 illi
3454 5244 3647 5298 bonam
3673 5246 3955 5299 conscien-

2368 5352 2493 5403 tiam
2526 5346 2857 5414 repulerunt,
2890 5340 2977 5394 ἱεῑί
3002 5352 3132 5393 vero
3158 5333 3394 5391 avaritia
3422 5336 3795 5390 adhmserunt?
3822 5334 3956 5401 Qum

2367 5438 2578 5508 quidem
2608 5436 2783 5489 omnia
2810 5436 3107 5507 cogitantes
3129 5468 3145 5495 ,
3176 5441 3421 5497 magnam
3454 5441 3635 5479 curam
3666 5426 3957 5480 habeamus

2367 5531 2486 5581 vite
2515 5540 2670 5595 quam
2699 5526 2899 5592 optimc
2927 5516 3295 5581 instituendas,
3318 5527 3377 5571 ut
3404 5516 3601 5586 duplex
3632 5516 3781 5569 nobis
3809 5529 3954 5569 mer-

2369 5638 2457 5676 ces
2486 5619 2777 5688 contingat,
2812 5632 2911 5670 una
2942 5631 3004 5670 ex
3038 5630 3256 5683 operum
3288 5614 3637 5670 retributione
3657 5653 3672 5676 ,
3700 5611 3867 5666 altera
3890 5627 3959 5665 ex

2374 5715 2495 5769 ﬁdei
2521 5713 2735 5769 robore.
2764 5711 2911 5765 Sicut
2940 5710 3080 5764 enim
3109 5724 3170 5765 se
3187 5707 3352 5766 habet
3379 5705 3443 5760 ad
3470 5712 3683 5765 co'.'=‘m<,
3710 5698 3781 5752 ita
3811 5713 3958 5755 ret-ta
