  <div class='ocr_page' id='page_1' title='image "/cluster/home/n/w/nwhite01/storage/ocr_20150623/51/pst.000005712502/286.png"; bbox 0 0 4228 6298; ppageno 0'>
   <div class='ocr_carea' id='block_1_1' title="bbox 344 331 446 389">
    <p class='ocr_par' dir='ltr' id='par_1_1' title="bbox 344 331 446 389">
     <span class='ocr_line' id='line_1_1' title="bbox 344 331 446 389; baseline 0.02 -2"><span class='ocrx_word' id='word_1_1' title='bbox 344 331 446 389; x_wconf 71' lang='grc'><strong>281</strong></span> 
     </span>
    </p>
   </div>
   <div class='ocr_carea' id='block_1_2' title="bbox 351 429 1954 507">
    <p class='ocr_par' dir='ltr' id='par_1_2' title="bbox 351 429 1954 507">
     <span class='ocr_line' id='line_1_2' title="bbox 351 429 1954 507; baseline -0.009 -9"><span class='ocrx_word' id='word_1_2' title='bbox 351 448 461 501; x_wconf 83' lang='lat' dir='ltr'><strong>vita</strong></span> <span class='ocrx_word' id='word_1_3' title='bbox 492 444 559 499; x_wconf 78' lang='lat' dir='ltr'><strong>ad</strong></span> <span class='ocrx_word' id='word_1_4' title='bbox 586 444 746 498; x_wconf 87' lang='lat' dir='ltr'><strong>tidem</strong></span> <span class='ocrx_word' id='word_1_5' title='bbox 772 460 786 507; x_wconf 86' lang='lat'><strong>;</strong></span> <span class='ocrx_word' id='word_1_6' title='bbox 821 453 878 498; x_wconf 91' lang='lat' dir='ltr'><strong>et</strong></span> <span class='ocrx_word' id='word_1_7' title='bbox 902 443 1041 497; x_wconf 80' lang='lat' dir='ltr'><strong>sicut</strong></span> <span class='ocrx_word' id='word_1_8' title='bbox 1061 442 1239 497; x_wconf 90' lang='lat' dir='ltr'><strong>carnis</strong></span> <span class='ocrx_word' id='word_1_9' title='bbox 1270 449 1471 494; x_wconf 73' lang='lat' dir='ltr'><strong>nostra:</strong></span> <span class='ocrx_word' id='word_1_10' title='bbox 1498 445 1685 490; x_wconf 90' lang='lat' dir='ltr'><strong>natura</strong></span> <span class='ocrx_word' id='word_1_11' title='bbox 1715 433 1834 487; x_wconf 91' lang='lat' dir='ltr'><strong>sine</strong></span> <span class='ocrx_word' id='word_1_12' title='bbox 1863 429 1954 485; x_wconf 89' lang='lat' dir='ltr'><strong>ali-</strong></span> 
     </span>
    </p>
   </div>
   <div class='ocr_carea' id='block_1_3' title="bbox 348 520 1957 602">
    <p class='ocr_par' dir='ltr' id='par_1_3' title="bbox 348 520 1957 602">
     <span class='ocr_line' id='line_1_3' title="bbox 348 520 1957 602; baseline -0.011 -10"><span class='ocrx_word' id='word_1_13' title='bbox 348 545 535 592; x_wconf 83' lang='lat' dir='ltr'><strong>mento</strong></span> <span class='ocrx_word' id='word_1_14' title='bbox 559 535 755 590; x_wconf 80' lang='lat' dir='ltr'><strong>durare</strong></span> <span class='ocrx_word' id='word_1_15' title='bbox 795 547 900 586; x_wconf 90' lang='lat' dir='ltr'><strong>non</strong></span> <span class='ocrx_word' id='word_1_16' title='bbox 943 540 1159 602; x_wconf 73' lang='lat' dir='ltr'><strong>potest,</strong></span> <span class='ocrx_word' id='word_1_17' title='bbox 1189 531 1259 586; x_wconf 91' lang='lat' dir='ltr'><strong>ita</strong></span> <span class='ocrx_word' id='word_1_18' title='bbox 1292 544 1466 599; x_wconf 87' lang='lat' dir='ltr'><strong>neque</strong></span> <span class='ocrx_word' id='word_1_19' title='bbox 1497 526 1628 581; x_wconf 89' lang='lat' dir='ltr'><strong>lides</strong></span> <span class='ocrx_word' id='word_1_20' title='bbox 1654 525 1773 578; x_wconf 90' lang='lat' dir='ltr'><strong>sine</strong></span> <span class='ocrx_word' id='word_1_21' title='bbox 1799 520 1957 577; x_wconf 84' lang='lat' dir='ltr'><strong>bonis</strong></span> 
     </span>
    </p>
   </div>
   <div class='ocr_carea' id='block_1_4' title="bbox 345 611 1952 695">
    <p class='ocr_par' dir='ltr' id='par_1_4' title="bbox 345 611 1952 695">
     <span class='ocr_line' id='line_1_4' title="bbox 345 611 1952 695; baseline -0.009 -15"><span class='ocrx_word' id='word_1_22' title='bbox 345 625 640 695; x_wconf 73' lang='lat' dir='ltr'><strong>operibus:</strong></span> <span class='ocrx_word' id='word_1_23' title='bbox 676 621 833 678; x_wconf 75' lang='lat' dir='ltr'><strong>Fides</strong></span> <span class='ocrx_word' id='word_1_24' title='bbox 859 625 1004 678; x_wconf 89' lang='lat' dir='ltr'><strong>enim</strong></span> <span class='ocrx_word' id='word_1_25' title='bbox 1035 623 1144 676; x_wconf 83' lang='lat' dir='ltr'><strong>sine</strong></span> <span class='ocrx_word' id='word_1_26' title='bbox 1183 619 1417 691; x_wconf 85' lang='lat' dir='ltr'><strong>aperibus</strong></span> <span class='ocrx_word' id='word_1_27' title='bbox 1453 624 1656 671; x_wconf 87' lang='lat' dir='ltr'><strong>mortua</strong></span> <span class='ocrx_word' id='word_1_28' title='bbox 1693 622 1768 669; x_wconf 86' lang='lat' dir='ltr'><strong>est</strong></span> <span class='ocrx_word' id='word_1_29' title='bbox 1798 611 1952 686; x_wconf 76' lang='lat' dir='ltr'><strong>(Jac.</strong></span> 
     </span>
    </p>
   </div>
   <div class='ocr_carea' id='block_1_5' title="bbox 345 702 1958 788">
    <p class='ocr_par' dir='ltr' id='par_1_5' title="bbox 345 702 1958 788">
     <span class='ocr_line' id='line_1_5' title="bbox 345 702 1958 788; baseline -0.01 -15"><span class='ocrx_word' id='word_1_30' title='bbox 345 719 402 772; x_wconf 72' lang='lat'><strong>2.</strong></span> <span class='ocrx_word' id='word_1_31' title='bbox 420 716 533 788; x_wconf 71' lang='lat'><strong>20).</strong></span> <span class='ocrx_word' id='word_1_32' title='bbox 560 702 737 772; x_wconf 78' lang='lat' dir='ltr'><strong>Unum</strong></span> <span class='ocrx_word' id='word_1_33' title='bbox 763 720 1013 786; x_wconf 85' lang='lat' dir='ltr'><strong>superest</strong></span> <span class='ocrx_word' id='word_1_34' title='bbox 1036 713 1320 769; x_wconf 85' lang='lat' dir='ltr'><strong>dicendum</strong></span> <span class='ocrx_word' id='word_1_35' title='bbox 1345 729 1358 765; x_wconf 91' lang='lat'>:</span> <span class='ocrx_word' id='word_1_36' title='bbox 1383 709 1509 782; x_wconf 90' lang='lat' dir='ltr'><strong>quid</strong></span> <span class='ocrx_word' id='word_1_37' title='bbox 1539 718 1643 772; x_wconf 83' lang='lat' dir='ltr'><strong>est,</strong></span> <span class='ocrx_word' id='word_1_38' title='bbox 1669 705 1958 760; x_wconf 77' lang='lat' dir='ltr'><strong>lt‘umdem?</strong></span> 
     </span>
    </p>
   </div>
   <div class='ocr_carea' id='block_1_6' title="bbox 342 795 1953 876">
    <p class='ocr_par' dir='ltr' id='par_1_6' title="bbox 342 795 1953 876">
     <span class='ocr_line' id='line_1_6' title="bbox 342 795 1953 876; baseline -0.009 -13"><span class='ocrx_word' id='word_1_39' title='bbox 342 808 466 863; x_wconf 76' lang='lat' dir='ltr'><strong>Non</strong></span> <span class='ocrx_word' id='word_1_40' title='bbox 497 809 639 862; x_wconf 88' lang='lat' dir='ltr'><strong>enim</strong></span> <span class='ocrx_word' id='word_1_41' title='bbox 665 806 978 876; x_wconf 77' lang='lat' dir='ltr'><strong>simpliciter</strong></span> <span class='ocrx_word' id='word_1_42' title='bbox 1005 803 1160 869; x_wconf 70' lang='lat' dir='ltr'><strong>dixit,</strong></span> <span class='ocrx_word' id='word_1_43' title='bbox 1193 801 1466 858; x_wconf 75' lang='lat' dir='ltr'><strong>Habentes</strong></span> <span class='ocrx_word' id='word_1_44' title='bbox 1494 799 1752 869; x_wconf 79' lang='lat' dir='ltr'><strong>Spiritum</strong></span> <span class='ocrx_word' id='word_1_45' title='bbox 1785 795 1910 850; x_wconf 88' lang='lat' dir='ltr'><strong>fidei</strong></span> <span class='ocrx_word' id='word_1_46' title='bbox 1940 814 1953 849; x_wconf 88' lang='lat'><em>:</em></span> 
     </span>
    </p>
   </div>
   <div class='ocr_carea' id='block_1_7' title="bbox 343 885 1953 969">
    <p class='ocr_par' dir='ltr' id='par_1_7' title="bbox 343 885 1953 969">
     <span class='ocr_line' id='line_1_7' title="bbox 343 885 1953 969; baseline -0.009 -15"><span class='ocrx_word' id='word_1_47' title='bbox 343 898 441 954; x_wconf 82' lang='lat' dir='ltr'><strong>sed</strong></span> <span class='ocrx_word' id='word_1_48' title='bbox 472 898 600 969; x_wconf 87' lang='lat' dir='ltr'><strong>quid</strong></span> <span class='ocrx_word' id='word_1_49' title='bbox 621 897 647 951; x_wconf 64' lang='grc' dir='ltr'><strong>ἲ</strong></span> <span class='ocrx_word' id='word_1_50' title='bbox 676 895 930 950; x_wconf 75' lang='lat' dir='ltr'><strong>Habentes</strong></span> <span class='ocrx_word' id='word_1_51' title='bbox 960 894 1192 948; x_wconf 80' lang='lat' dir='ltr'><strong>eumdem</strong></span> <span class='ocrx_word' id='word_1_52' title='bbox 1216 892 1489 964; x_wconf 70' lang='lat' dir='ltr'><strong>Spiritum</strong></span> <span class='ocrx_word' id='word_1_53' title='bbox 1529 889 1671 958; x_wconf 78' lang='lat' dir='ltr'><strong>ﬁdei.</strong></span> <span class='ocrx_word' id='word_1_54' title='bbox 1703 885 1771 941; x_wconf 80' lang='lat' dir='ltr'><strong>Et</strong></span> <span class='ocrx_word' id='word_1_55' title='bbox 1803 885 1953 940; x_wconf 81' lang='lat' dir='ltr'><strong>vole-</strong></span> 
     </span>
    </p>
   </div>
   <div class='ocr_carea' id='block_1_8' title="bbox 345 978 1952 1059">
    <p class='ocr_par' dir='ltr' id='par_1_8' title="bbox 345 978 1952 1059">
     <span class='ocr_line' id='line_1_8' title="bbox 345 978 1952 1059; baseline -0.008 -16"><span class='ocrx_word' id='word_1_56' title='bbox 345 989 473 1044; x_wconf 85' lang='lat' dir='ltr'><strong>bam</strong></span> <span class='ocrx_word' id='word_1_57' title='bbox 501 989 714 1059; x_wconf 90' lang='lat' dir='ltr'><strong>quidem</strong></span> <span class='ocrx_word' id='word_1_58' title='bbox 745 1001 1002 1043; x_wconf 73' lang='lat' dir='ltr'><strong>enarrare</strong></span> <span class='ocrx_word' id='word_1_59' title='bbox 1032 984 1135 1040; x_wconf 84' lang='lat' dir='ltr'><strong>hoc</strong></span> <span class='ocrx_word' id='word_1_60' title='bbox 1163 999 1377 1055; x_wconf 81' lang='lat' dir='ltr'><strong>quoque</strong></span> <span class='ocrx_word' id='word_1_61' title='bbox 1411 999 1424 1036; x_wconf 88' lang='lat'><strong>:</strong></span> <span class='ocrx_word' id='word_1_62' title='bbox 1457 980 1553 1037; x_wconf 90' lang='lat' dir='ltr'><strong>sed</strong></span> <span class='ocrx_word' id='word_1_63' title='bbox 1583 978 1836 1050; x_wconf 86' lang='lat' dir='ltr'><strong>quoniam</strong></span> <span class='ocrx_word' id='word_1_64' title='bbox 1867 978 1952 1030; x_wconf 85' lang='lat' dir='ltr'><strong>vl-</strong></span> 
     </span>
    </p>
   </div>
   <div class='ocr_carea' id='block_1_9' title="bbox 342 1068 1953 1135">
    <p class='ocr_par' dir='ltr' id='par_1_9' title="bbox 342 1068 1953 1135">
     <span class='ocr_line' id='line_1_9' title="bbox 342 1068 1953 1135; baseline -0.009 0"><span class='ocrx_word' id='word_1_65' title='bbox 342 1081 449 1135; x_wconf 81' lang='lat' dir='ltr'><strong>deo</strong></span> <span class='ocrx_word' id='word_1_66' title='bbox 479 1078 643 1134; x_wconf 87' lang='lat' dir='ltr'><strong>multa</strong></span> <span class='ocrx_word' id='word_1_67' title='bbox 676 1077 1066 1132; x_wconf 80' lang='lat' dir='ltr'><strong>sententiarum</strong></span> <span class='ocrx_word' id='word_1_68' title='bbox 1117 1075 1336 1130; x_wconf 85' lang='lat' dir='ltr'><strong>flumina</strong></span> <span class='ocrx_word' id='word_1_69' title='bbox 1375 1088 1441 1127; x_wconf 78' lang='lat' dir='ltr'><strong>ex</strong></span> <span class='ocrx_word' id='word_1_70' title='bbox 1469 1071 1606 1126; x_wconf 87' lang='lat' dir='ltr'><strong>nuda</strong></span> <span class='ocrx_word' id='word_1_71' title='bbox 1639 1069 1740 1124; x_wconf 84' lang='lat' dir='ltr'><strong>hac</strong></span> <span class='ocrx_word' id='word_1_72' title='bbox 1761 1068 1953 1122; x_wconf 89' lang='lat' dir='ltr'><strong>vocula</strong></span> 
     </span>
    </p>
   </div>
   <div class='ocr_carea' id='block_1_10' title="bbox 344 1159 1957 1240">
    <p class='ocr_par' dir='ltr' id='par_1_10' title="bbox 344 1159 1957 1240">
     <span class='ocr_line' id='line_1_10' title="bbox 344 1159 1957 1240; baseline -0.008 -14"><span class='ocrx_word' id='word_1_73' title='bbox 344 1169 772 1240; x_wconf 82' lang='lat' dir='ltr'><strong>prorumpentia,</strong></span> <span class='ocrx_word' id='word_1_74' title='bbox 801 1183 991 1223; x_wconf 87' lang='lat' dir='ltr'><strong>vereor</strong></span> <span class='ocrx_word' id='word_1_75' title='bbox 1021 1183 1088 1221; x_wconf 89' lang='lat' dir='ltr'><strong>ne</strong></span> <span class='ocrx_word' id='word_1_76' title='bbox 1114 1165 1454 1222; x_wconf 86' lang='lat' dir='ltr'><strong>multitudine</strong></span> <span class='ocrx_word' id='word_1_77' title='bbox 1483 1176 1694 1226; x_wconf 84' lang='lat' dir='ltr'><strong>eorum,</strong></span> <span class='ocrx_word' id='word_1_78' title='bbox 1727 1175 1849 1230; x_wconf 77' lang='lat' dir='ltr'><strong>qure</strong></span> <span class='ocrx_word' id='word_1_79' title='bbox 1874 1159 1957 1214; x_wconf 92' lang='lat' dir='ltr'><strong>di-</strong></span> 
     </span>
    </p>
   </div>
   <div class='ocr_carea' id='block_1_11' title="bbox 340 1251 1951 1326">
    <p class='ocr_par' dir='ltr' id='par_1_11' title="bbox 340 1251 1951 1326">
     <span class='ocr_line' id='line_1_11' title="bbox 340 1251 1951 1326; baseline -0.008 -9"><span class='ocrx_word' id='word_1_80' title='bbox 340 1262 517 1318; x_wconf 86' lang='lat' dir='ltr'><strong>cenda</strong></span> <span class='ocrx_word' id='word_1_81' title='bbox 542 1271 741 1320; x_wconf 87' lang='lat' dir='ltr'><strong>essent.</strong></span> <span class='ocrx_word' id='word_1_82' title='bbox 776 1259 1029 1315; x_wconf 88' lang='lat' dir='ltr'><strong>inundem</strong></span> <span class='ocrx_word' id='word_1_83' title='bbox 1055 1259 1258 1322; x_wconf 90' lang='lat' dir='ltr'><strong>omnia,</strong></span> <span class='ocrx_word' id='word_1_84' title='bbox 1285 1267 1446 1326; x_wconf 86' lang='lat' dir='ltr'><strong>atque</strong></span> <span class='ocrx_word' id='word_1_85' title='bbox 1472 1256 1542 1311; x_wconf 90' lang='lat' dir='ltr'><strong>ita</strong></span> <span class='ocrx_word' id='word_1_86' title='bbox 1569 1254 1684 1309; x_wconf 70' lang='lat' dir='ltr'><strong>haec</strong></span> <span class='ocrx_word' id='word_1_87' title='bbox 1707 1251 1951 1308; x_wconf 88' lang='lat' dir='ltr'><strong>doctrina</strong></span> 
     </span>
    </p>
   </div>
   <div class='ocr_carea' id='block_1_12' title="bbox 343 1344 1953 1422">
    <p class='ocr_par' dir='ltr' id='par_1_12' title="bbox 343 1344 1953 1422">
     <span class='ocr_line' id='line_1_12' title="bbox 343 1344 1953 1422; baseline -0.007 -14"><span class='ocrx_word' id='word_1_88' title='bbox 343 1353 508 1408; x_wconf 80' lang='lat' dir='ltr'><strong>nimia</strong></span> <span class='ocrx_word' id='word_1_89' title='bbox 556 1352 859 1422; x_wconf 77' lang='lat' dir='ltr'><strong>prolisitate</strong></span> <span class='ocrx_word' id='word_1_90' title='bbox 903 1349 1213 1406; x_wconf 85' lang='lat' dir='ltr'><strong>detrimenti</strong></span> <span class='ocrx_word' id='word_1_91' title='bbox 1259 1347 1457 1418; x_wconf 90' lang='lat' dir='ltr'><strong>aliquid</strong></span> <span class='ocrx_word' id='word_1_92' title='bbox 1504 1345 1753 1416; x_wconf 85' lang='lat' dir='ltr'><strong>accipiat.</strong></span> <span class='ocrx_word' id='word_1_93' title='bbox 1805 1344 1953 1413; x_wconf 83' lang='lat' dir='ltr'><strong>Qua-</strong></span> 
     </span>
    </p>
   </div>
   <div class='ocr_carea' id='block_1_13' title="bbox 345 1438 1952 1517">
    <p class='ocr_par' dir='ltr' id='par_1_13' title="bbox 345 1438 1952 1517">
     <span class='ocr_line' id='line_1_13' title="bbox 345 1438 1952 1517; baseline -0.004 -19"><span class='ocrx_word' id='word_1_94' title='bbox 345 1455 565 1517; x_wconf 76' lang='lat' dir='ltr'><strong>propter</strong></span> <span class='ocrx_word' id='word_1_95' title='bbox 590 1445 676 1499; x_wconf 91' lang='lat' dir='ltr'><strong>hic</strong></span> <span class='ocrx_word' id='word_1_96' title='bbox 703 1444 862 1498; x_wconf 88' lang='lat' dir='ltr'><strong>linem</strong></span> <span class='ocrx_word' id='word_1_97' title='bbox 895 1443 1094 1499; x_wconf 90' lang='lat' dir='ltr'><strong>faciens</strong></span> <span class='ocrx_word' id='word_1_98' title='bbox 1118 1441 1393 1514; x_wconf 84' lang='lat' dir='ltr'><strong>loquendi,</strong></span> <span class='ocrx_word' id='word_1_99' title='bbox 1415 1454 1513 1495; x_wconf 89' lang='lat' dir='ltr'><strong>oro</strong></span> <span class='ocrx_word' id='word_1_100' title='bbox 1529 1449 1583 1493; x_wconf 87' lang='lat' dir='ltr'><strong>et</strong></span> <span class='ocrx_word' id='word_1_101' title='bbox 1607 1438 1869 1504; x_wconf 80' lang='lat' dir='ltr'><strong>obtestor,</strong></span> <span class='ocrx_word' id='word_1_102' title='bbox 1894 1445 1952 1491; x_wconf 89' lang='lat' dir='ltr'><strong>ttt</strong></span> 
     </span>
    </p>
   </div>
   <div class='ocr_carea' id='block_1_14' title="bbox 967 307 1921 387">
    <p class='ocr_par' dir='ltr' id='par_1_14' title="bbox 967 315 1921 387">
     <span class='ocr_line' id='line_1_14' title="bbox 967 315 1921 387; baseline -0.018 -1"><span class='ocrx_word' id='word_1_103' title='bbox 967 329 1054 386; x_wconf 82' lang='lat' dir='ltr'><strong>DE</strong></span> <span class='ocrx_word' id='word_1_104' title='bbox 1098 325 1343 384; x_wconf 76' lang='lat' dir='ltr'><strong>VERBIS</strong></span> <span class='ocrx_word' id='word_1_105' title='bbox 1381 320 1738 387; x_wconf 76' lang='lat' dir='ltr'><strong>APOSTOLI,</strong></span> <span class='ocrx_word' id='word_1_106' title='bbox 1780 315 1921 372; x_wconf 68' lang='lat' dir='ltr'><strong>&quot;AB</strong></span> 
     </span>
    </p>
   </div>
   <div class='ocr_carea' id='block_1_15' title="bbox 2037 307 2968 387">
    <p class='ocr_par' dir='ltr' id='par_1_15' title="bbox 2037 307 2968 369">
     <span class='ocr_line' id='line_1_15' title="bbox 2037 307 2968 369; baseline -0.009 0"><span class='ocrx_word' id='word_1_107' title='bbox 2037 313 2148 369; x_wconf 67' lang='grc' dir='ltr'><strong>ΓΕΒ</strong></span> <span class='ocrx_word' id='word_1_108' title='bbox 2188 312 2478 368; x_wconf 62' lang='grc' dir='ltr'><strong>ιςωιῡελι</strong></span> <span class='ocrx_word' id='word_1_109' title='bbox 2516 308 2858 367; x_wconf 66' lang='lat' dir='ltr'><strong>SPllilTUSI.</strong></span> <span class='ocrx_word' id='word_1_110' title='bbox 2907 307 2968 362; x_wconf 81' lang='lat' dir='ltr'><strong>ll.</strong></span> 
     </span>
    </p>
   </div>
   <div class='ocr_carea' id='block_1_16' title="bbox 3576 304 3688 358">
    <p class='ocr_par' dir='ltr' id='par_1_16' title="bbox 3576 304 3688 358">
     <span class='ocr_line' id='line_1_16' title="bbox 3576 304 3688 358; baseline 0 0"><span class='ocrx_word' id='word_1_111' title='bbox 3576 304 3688 358; x_wconf 61' lang='lat'><strong>28‘)</strong></span> 
     </span>
    </p>
   </div>
   <div class='ocr_carea' id='block_1_17' title="bbox 2066 416 3683 498">
    <p class='ocr_par' dir='ltr' id='par_1_17' title="bbox 2066 416 3683 498">
     <span class='ocr_line' id='line_1_17' title="bbox 2066 416 3683 498; baseline -0.007 -15"><span class='ocrx_word' id='word_1_112' title='bbox 2066 437 2122 483; x_wconf 90' lang='lat' dir='ltr'><strong>ct</strong></span> <span class='ocrx_word' id='word_1_113' title='bbox 2149 442 2271 498; x_wconf 66' lang='lat' dir='ltr'><strong>qua)</strong></span> <span class='ocrx_word' id='word_1_114' title='bbox 2297 425 2594 486; x_wconf 85' lang='lat' dir='ltr'><strong>audivistis.</strong></span> <span class='ocrx_word' id='word_1_115' title='bbox 2621 423 2691 478; x_wconf 91' lang='lat' dir='ltr'><strong>de</strong></span> <span class='ocrx_word' id='word_1_116' title='bbox 2714 425 2942 478; x_wconf 77' lang='lat' dir='ltr'><strong>honeste</strong></span> <span class='ocrx_word' id='word_1_117' title='bbox 2965 418 3215 485; x_wconf 76' lang='lat' dir='ltr'><strong>videndo,</strong></span> <span class='ocrx_word' id='word_1_118' title='bbox 3241 419 3308 473; x_wconf 80' lang='lat' dir='ltr'><strong>de</strong></span> <span class='ocrx_word' id='word_1_119' title='bbox 3338 416 3462 482; x_wconf 70' lang='lat' dir='ltr'><strong>ﬁde,</strong></span> <span class='ocrx_word' id='word_1_120' title='bbox 3485 417 3554 470; x_wconf 85' lang='lat' dir='ltr'><strong>de</strong></span> <span class='ocrx_word' id='word_1_121' title='bbox 3577 418 3683 472; x_wconf 82' lang='lat' dir='ltr'><strong>vir—</strong></span> 
     </span>
    </p>
   </div>
   <div class='ocr_carea' id='block_1_18' title="bbox 2061 509 3686 590">
    <p class='ocr_par' dir='ltr' id='par_1_18' title="bbox 2061 509 3686 590">
     <span class='ocr_line' id='line_1_18' title="bbox 2061 509 3686 590; baseline -0.007 -16"><span class='ocrx_word' id='word_1_122' title='bbox 2061 519 2317 590; x_wconf 82' lang='lat' dir='ltr'><strong>ginitate,</strong></span> <span class='ocrx_word' id='word_1_123' title='bbox 2349 518 2418 573; x_wconf 87' lang='lat' dir='ltr'><strong>de</strong></span> <span class='ocrx_word' id='word_1_124' title='bbox 2465 516 2790 586; x_wconf 79' lang='lat' dir='ltr'><strong>benignitate</strong></span> <span class='ocrx_word' id='word_1_125' title='bbox 2814 555 2831 580; x_wconf 96' lang='lat'><strong>,</strong></span> <span class='ocrx_word' id='word_1_126' title='bbox 2875 514 2945 568; x_wconf 78' lang='lat' dir='ltr'><strong>de</strong></span> <span class='ocrx_word' id='word_1_127' title='bbox 2984 513 3050 568; x_wconf 74' lang='grc' dir='ltr'><strong>ει.</strong></span> <span class='ocrx_word' id='word_1_128' title='bbox 3070 525 3328 583; x_wconf 75' lang='lat' dir='ltr'><strong>emosyua</strong></span> <span class='ocrx_word' id='word_1_129' title='bbox 3353 553 3368 576; x_wconf 84' lang='lat'><strong>,</strong></span> <span class='ocrx_word' id='word_1_130' title='bbox 3397 509 3686 578; x_wconf 72' lang='lat' dir='ltr'><strong>diligenter</strong></span> 
     </span>
    </p>
   </div>
   <div class='ocr_carea' id='block_1_19' title="bbox 2062 601 3688 670">
    <p class='ocr_par' dir='ltr' id='par_1_19' title="bbox 2062 601 3688 670">
     <span class='ocr_line' id='line_1_19' title="bbox 2062 601 3688 670; baseline -0.006 -4"><span class='ocrx_word' id='word_1_131' title='bbox 2062 611 2395 667; x_wconf 79' lang='lat' dir='ltr'><strong>observetis:</strong></span> <span class='ocrx_word' id='word_1_132' title='bbox 2418 619 2473 664; x_wconf 92' lang='lat' dir='ltr'><strong>et</strong></span> <span class='ocrx_word' id='word_1_133' title='bbox 2499 608 2613 663; x_wconf 75' lang='lat' dir='ltr'><strong>lucc</strong></span> <span class='ocrx_word' id='word_1_134' title='bbox 2643 608 2782 664; x_wconf 86' lang='lat' dir='ltr'><strong>bene</strong></span> <span class='ocrx_word' id='word_1_135' title='bbox 2807 607 2860 660; x_wconf 90' lang='lat' dir='ltr'><strong>in</strong></span> <span class='ocrx_word' id='word_1_136' title='bbox 2889 604 3147 670; x_wconf 74' lang='lat' dir='ltr'><strong>memoria</strong></span> <span class='ocrx_word' id='word_1_137' title='bbox 3179 603 3496 669; x_wconf 81' lang='lat' dir='ltr'><strong>retinentes,</strong></span> <span class='ocrx_word' id='word_1_138' title='bbox 3519 601 3586 655; x_wconf 85' lang='lat' dir='ltr'><strong>ad</strong></span> <span class='ocrx_word' id='word_1_139' title='bbox 3616 618 3688 657; x_wconf 87' lang='lat' dir='ltr'><strong>ea</strong></span> 
     </span>
    </p>
   </div>
   <div class='ocr_carea' id='block_1_20' title="bbox 2062 694 3678 774">
    <p class='ocr_par' dir='ltr' id='par_1_20' title="bbox 2062 694 3678 774">
     <span class='ocr_line' id='line_1_20' title="bbox 2062 694 3678 774; baseline -0.006 -16"><span class='ocrx_word' id='word_1_140' title='bbox 2062 718 2184 774; x_wconf 69' lang='lat' dir='ltr'><strong>qua:</strong></span> <span class='ocrx_word' id='word_1_141' title='bbox 2214 711 2506 773; x_wconf 78' lang='lat' dir='ltr'><strong>supersunt</strong></span> <span class='ocrx_word' id='word_1_142' title='bbox 2533 699 2798 755; x_wconf 88' lang='lat' dir='ltr'><strong>audienda</strong></span> <span class='ocrx_word' id='word_1_143' title='bbox 2830 707 3028 768; x_wconf 72' lang='lat' dir='ltr'><strong>prtesto</strong></span> <span class='ocrx_word' id='word_1_144' title='bbox 3052 696 3193 750; x_wconf 82' lang='lat' dir='ltr'><strong>sitis.</strong></span> <span class='ocrx_word' id='word_1_145' title='bbox 3229 695 3322 750; x_wconf 88' lang='lat' dir='ltr'><strong>Sic</strong></span> <span class='ocrx_word' id='word_1_146' title='bbox 3344 695 3489 750; x_wconf 86' lang='lat' dir='ltr'><strong>enim</strong></span> <span class='ocrx_word' id='word_1_147' title='bbox 3523 694 3678 748; x_wconf 86' lang='lat' dir='ltr'><strong>nobis</strong></span> 
     </span>
    </p>
   </div>
   <div class='ocr_carea' id='block_1_21' title="bbox 2063 783 3683 849">
    <p class='ocr_par' dir='ltr' id='par_1_21' title="bbox 2063 783 3683 849">
     <span class='ocr_line' id='line_1_21' title="bbox 2063 783 3683 849; baseline -0.006 -1"><span class='ocrx_word' id='word_1_148' title='bbox 2063 793 2292 849; x_wconf 87' lang='lat' dir='ltr'><strong>solidum</strong></span> <span class='ocrx_word' id='word_1_149' title='bbox 2320 795 2426 848; x_wconf 87' lang='lat' dir='ltr'><strong>erit</strong></span> <span class='ocrx_word' id='word_1_150' title='bbox 2465 808 2531 848; x_wconf 88' lang='lat' dir='ltr'><strong>ac</strong></span> <span class='ocrx_word' id='word_1_151' title='bbox 2574 793 2951 847; x_wconf 84' lang='lat' dir='ltr'><strong>inconcussum</strong></span> <span class='ocrx_word' id='word_1_152' title='bbox 2979 788 3242 843; x_wconf 72' lang='lat' dir='ltr'><strong>doctrina:</strong></span> <span class='ocrx_word' id='word_1_153' title='bbox 3284 794 3484 841; x_wconf 65' lang='lat' dir='ltr'><strong>nostra:</strong></span> <span class='ocrx_word' id='word_1_154' title='bbox 3512 783 3683 841; x_wconf 68' lang='lat' dir='ltr'><strong>aedili-</strong></span> 
     </span>
    </p>
   </div>
   <div class='ocr_carea' id='block_1_22' title="bbox 2060 877 3682 955">
    <p class='ocr_par' dir='ltr' id='par_1_22' title="bbox 2060 877 3682 955">
     <span class='ocr_line' id='line_1_22' title="bbox 2060 877 3682 955; baseline -0.007 -14"><span class='ocrx_word' id='word_1_155' title='bbox 2060 886 2227 952; x_wconf 88' lang='lat' dir='ltr'><strong>cium,</strong></span> <span class='ocrx_word' id='word_1_156' title='bbox 2258 885 2302 940; x_wconf 87' lang='lat' dir='ltr'><strong>si</strong></span> <span class='ocrx_word' id='word_1_157' title='bbox 2337 885 2606 955; x_wconf 84' lang='lat' dir='ltr'><strong>prioribus</strong></span> <span class='ocrx_word' id='word_1_158' title='bbox 2636 883 2690 939; x_wconf 92' lang='lat' dir='ltr'><strong>in</strong></span> <span class='ocrx_word' id='word_1_159' title='bbox 2722 892 2903 938; x_wconf 86' lang='lat' dir='ltr'><strong>mente</strong></span> <span class='ocrx_word' id='word_1_160' title='bbox 2925 890 3104 936; x_wconf 84' lang='lat' dir='ltr'><strong>vestra</strong></span> <span class='ocrx_word' id='word_1_161' title='bbox 3139 880 3279 935; x_wconf 88' lang='lat' dir='ltr'><strong>bene</strong></span> <span class='ocrx_word' id='word_1_162' title='bbox 3309 877 3544 934; x_wconf 77' lang='lat' dir='ltr'><strong>fundatis</strong></span> <span class='ocrx_word' id='word_1_163' title='bbox 3569 919 3585 943; x_wconf 90' lang='lat'><strong>,</strong></span> <span class='ocrx_word' id='word_1_164' title='bbox 3615 893 3682 933; x_wconf 85' lang='lat' dir='ltr'><strong>ea</strong></span> 
     </span>
    </p>
   </div>
   <div class='ocr_carea' id='block_1_23' title="bbox 2063 971 3681 1050">
    <p class='ocr_par' dir='ltr' id='par_1_23' title="bbox 2063 971 3681 1050">
     <span class='ocr_line' id='line_1_23' title="bbox 2063 971 3681 1050; baseline -0.004 -18"><span class='ocrx_word' id='word_1_165' title='bbox 2063 993 2184 1050; x_wconf 63' lang='lat' dir='ltr'><strong>qua:</strong></span> <span class='ocrx_word' id='word_1_166' title='bbox 2227 988 2526 1048; x_wconf 83' lang='lat' dir='ltr'><strong>sequuntur</strong></span> <span class='ocrx_word' id='word_1_167' title='bbox 2566 975 3107 1048; x_wconf 78' lang='lat' dir='ltr'><strong>superstruxerimus.</strong></span> <span class='ocrx_word' id='word_1_168' title='bbox 3165 973 3307 1029; x_wconf 88' lang='lat' dir='ltr'><strong>Deus</strong></span> <span class='ocrx_word' id='word_1_169' title='bbox 3357 980 3540 1027; x_wconf 87' lang='lat' dir='ltr'><strong>autem</strong></span> <span class='ocrx_word' id='word_1_170' title='bbox 3587 971 3681 1040; x_wconf 87' lang='lat' dir='ltr'><strong>qui</strong></span> 
     </span>
    </p>
   </div>
   <div class='ocr_carea' id='block_1_24' title="bbox 2063 1063 3674 1135">
    <p class='ocr_par' dir='ltr' id='par_1_24' title="bbox 2063 1063 3674 1135">
     <span class='ocr_line' id='line_1_24' title="bbox 2063 1063 3674 1135; baseline -0.006 -10"><span class='ocrx_word' id='word_1_171' title='bbox 2063 1069 2221 1125; x_wconf 90' lang='lat' dir='ltr'><strong>nobis</strong></span> <span class='ocrx_word' id='word_1_172' title='bbox 2244 1067 2396 1125; x_wconf 87' lang='lat' dir='ltr'><strong>dedit</strong></span> <span class='ocrx_word' id='word_1_173' title='bbox 2421 1072 2538 1125; x_wconf 77' lang='lat' dir='ltr'><strong>tunc</strong></span> <span class='ocrx_word' id='word_1_174' title='bbox 2561 1069 2740 1124; x_wconf 85' lang='lat' dir='ltr'><strong>dicere</strong></span> <span class='ocrx_word' id='word_1_175' title='bbox 2765 1109 2781 1135; x_wconf 93' lang='lat'><strong>,</strong></span> <span class='ocrx_word' id='word_1_176' title='bbox 2818 1076 2874 1122; x_wconf 90' lang='lat' dir='ltr'><strong>et</strong></span> <span class='ocrx_word' id='word_1_177' title='bbox 2903 1066 3056 1121; x_wconf 86' lang='lat' dir='ltr'><strong>vobis</strong></span> <span class='ocrx_word' id='word_1_178' title='bbox 3098 1079 3221 1120; x_wconf 88' lang='lat' dir='ltr'><strong>cum</strong></span> <span class='ocrx_word' id='word_1_179' title='bbox 3270 1063 3552 1119; x_wconf 82' lang='lat' dir='ltr'><strong>alacritate</strong></span> <span class='ocrx_word' id='word_1_180' title='bbox 3578 1079 3674 1117; x_wconf 89' lang='lat' dir='ltr'><strong>au-</strong></span> 
     </span>
    </p>
   </div>
   <div class='ocr_carea' id='block_1_25' title="bbox 2061 1154 3680 1231">
    <p class='ocr_par' dir='ltr' id='par_1_25' title="bbox 2061 1154 3680 1231">
     <span class='ocr_line' id='line_1_25' title="bbox 2061 1154 3680 1231; baseline -0.005 -15"><span class='ocrx_word' id='word_1_181' title='bbox 2061 1161 2179 1216; x_wconf 88' lang='lat' dir='ltr'><strong>dire</strong></span> <span class='ocrx_word' id='word_1_182' title='bbox 2198 1202 2213 1226; x_wconf 94' lang='lat'><strong>,</strong></span> <span class='ocrx_word' id='word_1_183' title='bbox 2242 1161 2434 1231; x_wconf 86' lang='lat' dir='ltr'><strong>dignos</strong></span> <span class='ocrx_word' id='word_1_184' title='bbox 2475 1175 2574 1215; x_wconf 89' lang='lat' dir='ltr'><strong>nos</strong></span> <span class='ocrx_word' id='word_1_185' title='bbox 2604 1160 2800 1225; x_wconf 89' lang='lat' dir='ltr'><strong>faciat,</strong></span> <span class='ocrx_word' id='word_1_186' title='bbox 2827 1166 2886 1212; x_wconf 87' lang='lat' dir='ltr'><strong>ut</strong></span> <span class='ocrx_word' id='word_1_187' title='bbox 2909 1166 2965 1213; x_wconf 92' lang='lat' dir='ltr'><strong>ct</strong></span> <span class='ocrx_word' id='word_1_188' title='bbox 2996 1171 3092 1228; x_wconf 87' lang='lat' dir='ltr'><strong>per</strong></span> <span class='ocrx_word' id='word_1_189' title='bbox 3124 1170 3290 1227; x_wconf 85' lang='lat' dir='ltr'><strong>opera</strong></span> <span class='ocrx_word' id='word_1_190' title='bbox 3319 1154 3547 1210; x_wconf 88' lang='lat' dir='ltr'><strong>fructum</strong></span> <span class='ocrx_word' id='word_1_191' title='bbox 3576 1154 3680 1219; x_wconf 88' lang='lat' dir='ltr'><strong>ali-</strong></span> 
     </span>
    </p>
   </div>
   <div class='ocr_carea' id='block_1_26' title="bbox 2060 1246 3682 1324">
    <p class='ocr_par' dir='ltr' id='par_1_26' title="bbox 2060 1246 3682 1324">
     <span class='ocr_line' id='line_1_26' title="bbox 2060 1246 3682 1324; baseline -0.006 -15"><span class='ocrx_word' id='word_1_192' title='bbox 2060 1269 2219 1324; x_wconf 87' lang='lat' dir='ltr'><strong>quem</strong></span> <span class='ocrx_word' id='word_1_193' title='bbox 2246 1253 2599 1323; x_wconf 74' lang='lat' dir='ltr'><strong>proferamus,</strong></span> <span class='ocrx_word' id='word_1_194' title='bbox 2628 1253 2794 1323; x_wconf 84' lang='lat' dir='ltr'><strong>gratia</strong></span> <span class='ocrx_word' id='word_1_195' title='bbox 2824 1260 2878 1305; x_wconf 91' lang='lat' dir='ltr'><strong>et</strong></span> <span class='ocrx_word' id='word_1_196' title='bbox 2908 1247 3239 1319; x_wconf 74' lang='lat' dir='ltr'><strong>benignitate</strong></span> <span class='ocrx_word' id='word_1_197' title='bbox 3267 1246 3477 1302; x_wconf 88' lang='lat' dir='ltr'><strong>Domini</strong></span> <span class='ocrx_word' id='word_1_198' title='bbox 3509 1246 3682 1300; x_wconf 86' lang='lat' dir='ltr'><strong>nostri</strong></span> 
     </span>
    </p>
   </div>
   <div class='ocr_carea' id='block_1_27' title="bbox 2061 1336 3678 1415">
    <p class='ocr_par' dir='ltr' id='par_1_27' title="bbox 2061 1336 3678 1415">
     <span class='ocr_line' id='line_1_27' title="bbox 2061 1336 3678 1415; baseline -0.007 -15"><span class='ocrx_word' id='word_1_199' title='bbox 2061 1344 2192 1400; x_wconf 83' lang='lat' dir='ltr'><strong>.lesu</strong></span> <span class='ocrx_word' id='word_1_200' title='bbox 2217 1343 2451 1410; x_wconf 88' lang='lat' dir='ltr'><strong>Christi,</strong></span> <span class='ocrx_word' id='word_1_201' title='bbox 2482 1345 2737 1415; x_wconf 89' lang='lat' dir='ltr'><strong>quoniam</strong></span> <span class='ocrx_word' id='word_1_202' title='bbox 2781 1342 2880 1413; x_wconf 86' lang='lat' dir='ltr'><strong>ipsi</strong></span> <span class='ocrx_word' id='word_1_203' title='bbox 2921 1341 3088 1412; x_wconf 78' lang='lat' dir='ltr'><strong>gloria</strong></span> <span class='ocrx_word' id='word_1_204' title='bbox 3133 1339 3186 1394; x_wconf 89' lang='lat' dir='ltr'><strong>in</strong></span> <span class='ocrx_word' id='word_1_205' title='bbox 3225 1338 3424 1392; x_wconf 70' lang='lat' dir='ltr'><strong>stecula</strong></span> <span class='ocrx_word' id='word_1_206' title='bbox 3450 1336 3678 1392; x_wconf 63' lang='lat' dir='ltr'><strong>saeculo-</strong></span> 
     </span>
    </p>
   </div>
   <div class='ocr_carea' id='block_1_28' title="bbox 1989 1428 2428 1492">
    <p class='ocr_par' dir='ltr' id='par_1_28' title="bbox 1989 1428 2428 1492">
     <span class='ocr_line' id='line_1_28' title="bbox 1989 1428 2428 1492; baseline -0.002 0"><span class='ocrx_word' id='word_1_207' title='bbox 1989 1428 1999 1442; x_wconf 89' lang='grc'><strong>’</strong></span> <span class='ocrx_word' id='word_1_208' title='bbox 2062 1453 2202 1492; x_wconf 89' lang='lat' dir='ltr'><strong>rum.</strong></span> <span class='ocrx_word' id='word_1_209' title='bbox 2234 1442 2428 1491; x_wconf 78' lang='lat' dir='ltr'><strong>Amen.</strong></span> 
     </span>
    </p>
   </div>
   <div class='ocr_carea' id='block_1_29' title="bbox 339 1655 3664 1718">
    <p class='ocr_par' dir='ltr' id='par_1_29' title="bbox 339 1655 3664 1718">
     <span class='ocr_line' id='line_1_29' title="bbox 339 1655 3664 1718; baseline -0.004 -9"><span class='ocrx_word' id='word_1_210' title='bbox 339 1668 423 1709; x_wconf 72' lang='lat' dir='ltr'><strong>BE</strong></span> <span class='ocrx_word' id='word_1_211' title='bbox 456 1667 691 1710; x_wconf 73' lang='grc' dir='ltr'>Ειεηιζιι</span> <span class='ocrx_word' id='word_1_212' title='bbox 738 1667 967 1710; x_wconf 72' lang='lat' dir='ltr'><strong>VERBIS</strong></span> <span class='ocrx_word' id='word_1_213' title='bbox 1011 1665 1338 1718; x_wconf 71' lang='lat' dir='ltr'><strong>APOSTOLI,</strong></span> <span class='ocrx_word' id='word_1_214' title='bbox 1386 1661 1718 1707; x_wconf 74' lang='lat' dir='ltr'><strong>HABENTES</strong></span> <span class='ocrx_word' id='word_1_215' title='bbox 1764 1661 1981 1704; x_wconf 69' lang='lat' dir='ltr'><strong>AUT‘EM</strong></span> <span class='ocrx_word' id='word_1_216' title='bbox 2028 1660 2304 1702; x_wconf 66' lang='lat' dir='ltr'><strong>EUMDEM</strong></span> <span class='ocrx_word' id='word_1_217' title='bbox 2350 1660 2652 1704; x_wconf 75' lang='lat' dir='ltr'><strong>SPIRITUM</strong></span> <span class='ocrx_word' id='word_1_218' title='bbox 2699 1660 2902 1714; x_wconf 77' lang='lat' dir='ltr'><strong>FIDEI,</strong></span> <span class='ocrx_word' id='word_1_219' title='bbox 2950 1659 3136 1702; x_wconf 79' lang='lat' dir='ltr'><strong>SICUT</strong></span> <span class='ocrx_word' id='word_1_220' title='bbox 3179 1657 3495 1701; x_wconf 71' lang='grc' dir='ltr'><strong>εοειιντυυ</strong></span> <span class='ocrx_word' id='word_1_221' title='bbox 3545 1655 3664 1698; x_wconf 70' lang='lat' dir='ltr'><strong>ES&#39;I’</strong></span> 
     </span>
    </p>
   </div>
   <div class='ocr_carea' id='block_1_30' title="bbox 423 1748 1046 1829">
    <p class='ocr_par' dir='ltr' id='par_1_30' title="bbox 423 1748 1046 1829">
     <span class='ocr_line' id='line_1_30' title="bbox 423 1748 1046 1829; baseline 0 -21"><span class='ocrx_word' id='word_1_222' title='bbox 423 1749 529 1823; x_wconf 77' lang='lat'><strong>(2.</strong></span> <span class='ocrx_word' id='word_1_223' title='bbox 577 1749 721 1811; x_wconf 87' lang='lat' dir='ltr'><strong>Cor.</strong></span> <span class='ocrx_word' id='word_1_224' title='bbox 757 1748 817 1810; x_wconf 78' lang='grc' dir='ltr'>ιι.</span> <span class='ocrx_word' id='word_1_225' title='bbox 851 1748 973 1829; x_wconf 82' lang='grc'><strong>13)</strong></span> <span class='ocrx_word' id='word_1_226' title='bbox 1031 1768 1046 1808; x_wconf 90' lang='lat'><strong>:</strong></span> 
     </span>
    </p>
   </div>
   <div class='ocr_carea' id='block_1_31' title="bbox 1095 1758 3672 1816">
    <p class='ocr_par' dir='ltr' id='par_1_31' title="bbox 1095 1758 3672 1816">
     <span class='ocr_line' id='line_1_31' title="bbox 1095 1758 3672 1816; baseline -0.003 -7"><span class='ocrx_word' id='word_1_227' title='bbox 1095 1768 1177 1809; x_wconf 82' lang='grc' dir='ltr'><strong>ΕΤ</strong></span> <span class='ocrx_word' id='word_1_228' title='bbox 1219 1766 1541 1809; x_wconf 76' lang='lat' dir='ltr'><strong>ADVERSUS</strong></span> <span class='ocrx_word' id='word_1_229' title='bbox 1587 1761 1998 1816; x_wconf 64' lang='lat' dir='ltr'><strong>“ANICHEOS,</strong></span> <span class='ocrx_word' id='word_1_230' title='bbox 2044 1761 2124 1803; x_wconf 83' lang='lat' dir='ltr'><strong>ET</strong></span> <span class='ocrx_word' id='word_1_231' title='bbox 2167 1761 2376 1803; x_wconf 70' lang='lat' dir='ltr'><strong>OHNES</strong></span> <span class='ocrx_word' id='word_1_232' title='bbox 2420 1761 2529 1813; x_wconf 85' lang='lat' dir='ltr'><strong>QUI</strong></span> <span class='ocrx_word' id='word_1_233' title='bbox 2577 1761 2778 1804; x_wconf 79' lang='lat' dir='ltr'><strong>VETUS</strong></span> <span class='ocrx_word' id='word_1_234' title='bbox 2820 1758 3298 1804; x_wconf 64' lang='lat' dir='ltr'><strong>TESTAMBNTUH</strong></span> <span class='ocrx_word' id='word_1_235' title='bbox 3343 1758 3672 1802; x_wconf 62' lang='grc' dir='ltr'><strong>ελιυυκι-</strong></span> 
     </span>
    </p>
   </div>
   <div class='ocr_carea' id='block_1_32' title="bbox 426 1843 1921 1932">
    <p class='ocr_par' dir='ltr' id='par_1_32' title="bbox 426 1863 1921 1932">
     <span class='ocr_line' id='line_1_32' title="bbox 426 1863 1921 1932; baseline -0.004 -24"><span class='ocrx_word' id='word_1_236' title='bbox 426 1866 661 1922; x_wconf 66' lang='grc' dir='ltr'>ικτυιι,</span> <span class='ocrx_word' id='word_1_237' title='bbox 710 1867 790 1909; x_wconf 79' lang='grc' dir='ltr'><strong>ΕΤ</strong></span> <span class='ocrx_word' id='word_1_238' title='bbox 833 1868 868 1910; x_wconf 84' lang='grc' dir='ltr'><strong>Δ</strong></span> <span class='ocrx_word' id='word_1_239' title='bbox 915 1865 1082 1910; x_wconf 75' lang='lat' dir='ltr'><strong>NOVO</strong></span> <span class='ocrx_word' id='word_1_240' title='bbox 1124 1865 1450 1932; x_wconf 57' lang='lat' dir='ltr'><strong>SEPARARE</strong></span> <span class='ocrx_word' id='word_1_241' title='bbox 1495 1863 1858 1918; x_wconf 76' lang='lat' dir='ltr'><strong>CONANTUB,</strong></span> <span class='ocrx_word' id='word_1_242' title='bbox 1906 1863 1921 1902; x_wconf 88' lang='grc'><strong>1</strong></span> 
     </span>
    </p>
   </div>
   <div class='ocr_carea' id='block_1_33' title="bbox 2037 1843 2738 1932">
    <p class='ocr_par' dir='ltr' id='par_1_33' title="bbox 2037 1843 2738 1924">
     <span class='ocr_line' id='line_1_33' title="bbox 2037 1843 2738 1924; baseline 0.001 -21"><span class='ocrx_word' id='word_1_243' title='bbox 2037 1861 2114 1903; x_wconf 75' lang='lat' dir='ltr'><strong>ne</strong></span> <span class='ocrx_word' id='word_1_244' title='bbox 2159 1861 2578 1904; x_wconf 70' lang='lat' dir='ltr'><strong>Eteeuosvus</strong></span> <span class='ocrx_word' id='word_1_245' title='bbox 2627 1843 2738 1924; x_wconf 88' lang='lat' dir='ltr'><strong>(a).</strong></span> 
     </span>
    </p>
   </div>
   <div class='ocr_carea' id='block_1_34' title="bbox 1697 2005 1926 2020">
    <p class='ocr_par' dir='ltr' id='par_1_34' title="bbox 1697 2005 1926 2020">
     <span class='ocr_line' id='line_1_34' title="bbox 1697 2005 1926 2020; baseline 0.004 -1"><span class='ocrx_word' id='word_1_246' title='bbox 1697 2005 1926 2020; x_wconf 37' lang='grc' dir='ltr'><strong>ἡ·</strong></span> 
     </span>
    </p>
   </div>
   <div class='ocr_carea' id='block_1_35' title="bbox 404 2125 1934 2197">
    <p class='ocr_par' dir='ltr' id='par_1_35' title="bbox 404 2125 1934 2197">
     <span class='ocr_line' id='line_1_35' title="bbox 404 2125 1934 2197; baseline -0.003 -13"><span class='ocrx_word' id='word_1_247' title='bbox 404 2127 456 2184; x_wconf 75' lang='grc' dir='ltr'>ι.</span> <span class='ocrx_word' id='word_1_248' title='bbox 495 2125 612 2182; x_wconf 81' lang='lat' dir='ltr'><strong>Veri</strong></span> <span class='ocrx_word' id='word_1_249' title='bbox 636 2138 888 2183; x_wconf 78' lang='lat' dir='ltr'><strong>amatores</strong></span> <span class='ocrx_word' id='word_1_250' title='bbox 917 2128 1283 2197; x_wconf 72' lang='lat' dir='ltr'><strong>promissorum</strong></span> <span class='ocrx_word' id='word_1_251' title='bbox 1313 2145 1575 2183; x_wconf 76' lang='lat' dir='ltr'><strong>memores.</strong></span> <span class='ocrx_word' id='word_1_252' title='bbox 1606 2158 1679 2168; x_wconf 94' lang='lat'>—</span> <span class='ocrx_word' id='word_1_253' title='bbox 1702 2126 1934 2196; x_wconf 78' lang='lat' dir='ltr'><strong>Aposto-</strong></span> 
     </span>
    </p>
   </div>
   <div class='ocr_carea' id='block_1_36' title="bbox 329 2218 1931 2289">
    <p class='ocr_par' dir='ltr' id='par_1_36' title="bbox 329 2218 1931 2289">
     <span class='ocr_line' id='line_1_36' title="bbox 329 2218 1931 2289; baseline 0 -18"><span class='ocrx_word' id='word_1_254' title='bbox 329 2218 419 2272; x_wconf 72' lang='lat' dir='ltr'><strong>Iici</strong></span> <span class='ocrx_word' id='word_1_255' title='bbox 452 2219 603 2273; x_wconf 78' lang='lat' dir='ltr'><strong>vobis</strong></span> <span class='ocrx_word' id='word_1_256' title='bbox 633 2219 898 2274; x_wconf 88' lang='lat' dir='ltr'><strong>sermonis</strong></span> <span class='ocrx_word' id='word_1_257' title='bbox 924 2219 1312 2289; x_wconf 79' lang='lat' dir='ltr'><strong>expasitionent</strong></span> <span class='ocrx_word' id='word_1_258' title='bbox 1339 2219 1513 2274; x_wconf 84' lang='lat' dir='ltr'><strong>debeo</strong></span> <span class='ocrx_word' id='word_1_259' title='bbox 1534 2219 1645 2289; x_wconf 89' lang='lat' dir='ltr'><strong>jam</strong></span> <span class='ocrx_word' id='word_1_260' title='bbox 1673 2219 1764 2274; x_wconf 86' lang='lat' dir='ltr'><strong>ditt</strong></span> <span class='ocrx_word' id='word_1_261' title='bbox 1791 2239 1804 2274; x_wconf 91' lang='lat'>:</span> <span class='ocrx_word' id='word_1_262' title='bbox 1836 2219 1931 2273; x_wconf 79' lang='lat' dir='ltr'><strong>sed</strong></span> 
     </span>
    </p>
   </div>
   <div class='ocr_carea' id='block_1_37' title="bbox 330 2307 1931 2380">
    <p class='ocr_par' dir='ltr' id='par_1_37' title="bbox 330 2307 1931 2380">
     <span class='ocr_line' id='line_1_37' title="bbox 330 2307 1931 2380; baseline 0.002 -19"><span class='ocrx_word' id='word_1_263' title='bbox 330 2307 436 2361; x_wconf 78' lang='lat' dir='ltr'><strong>huc</strong></span> <span class='ocrx_word' id='word_1_264' title='bbox 471 2309 710 2364; x_wconf 86' lang='lat' dir='ltr'><strong>debitum</strong></span> <span class='ocrx_word' id='word_1_265' title='bbox 749 2326 847 2366; x_wconf 80' lang='lat' dir='ltr'><strong>vos</strong></span> <span class='ocrx_word' id='word_1_266' title='bbox 887 2311 1132 2365; x_wconf 87' lang='lat' dir='ltr'><strong>fortassis</strong></span> <span class='ocrx_word' id='word_1_267' title='bbox 1183 2312 1316 2366; x_wconf 81' lang='lat' dir='ltr'><strong>estis</strong></span> <span class='ocrx_word' id='word_1_268' title='bbox 1367 2311 1518 2366; x_wconf 84' lang='lat' dir='ltr'><strong>obliti</strong></span> <span class='ocrx_word' id='word_1_269' title='bbox 1559 2311 1630 2367; x_wconf 94' lang='lat' dir='ltr'><strong>ob</strong></span> <span class='ocrx_word' id='word_1_270' title='bbox 1673 2310 1931 2380; x_wconf 84' lang='lat' dir='ltr'><strong>temporis</strong></span> 
     </span>
    </p>
   </div>
   <div class='ocr_carea' id='block_1_38' title="bbox 326 2396 1928 2470">
    <p class='ocr_par' dir='ltr' id='par_1_38' title="bbox 326 2396 1928 2470">
     <span class='ocr_line' id='line_1_38' title="bbox 326 2396 1928 2470; baseline 0.004 -20"><span class='ocrx_word' id='word_1_271' title='bbox 326 2396 711 2468; x_wconf 69' lang='lat' dir='ltr'><strong>longitudinem</strong></span> <span class='ocrx_word' id='word_1_272' title='bbox 741 2444 754 2464; x_wconf 87' lang='grc'><em>,</em></span> <span class='ocrx_word' id='word_1_273' title='bbox 783 2416 882 2470; x_wconf 89' lang='lat' dir='ltr'><strong>ego</strong></span> <span class='ocrx_word' id='word_1_274' title='bbox 910 2416 1039 2454; x_wconf 86' lang='lat' dir='ltr'><strong>vero</strong></span> <span class='ocrx_word' id='word_1_275' title='bbox 1070 2415 1175 2454; x_wconf 73' lang='lat' dir='ltr'><strong>non</strong></span> <span class='ocrx_word' id='word_1_276' title='bbox 1224 2416 1342 2454; x_wconf 86' lang='lat' dir='ltr'><strong>sum</strong></span> <span class='ocrx_word' id='word_1_277' title='bbox 1389 2401 1588 2455; x_wconf 88' lang='lat' dir='ltr'><strong>oblitus</strong></span> <span class='ocrx_word' id='word_1_278' title='bbox 1635 2401 1708 2455; x_wconf 91' lang='lat' dir='ltr'><strong>ob</strong></span> <span class='ocrx_word' id='word_1_279' title='bbox 1749 2417 1928 2456; x_wconf 89' lang='lat' dir='ltr'><strong>meum</strong></span> 
     </span>
    </p>
   </div>
   <div class='ocr_carea' id='block_1_39' title="bbox 323 2491 1930 2561">
    <p class='ocr_par' dir='ltr' id='par_1_39' title="bbox 323 2491 1930 2561">
     <span class='ocr_line' id='line_1_39' title="bbox 323 2491 1930 2561; baseline 0.001 -15"><span class='ocrx_word' id='word_1_280' title='bbox 323 2504 452 2560; x_wconf 75' lang='lat' dir='ltr'><strong>erga</strong></span> <span class='ocrx_word' id='word_1_281' title='bbox 483 2507 578 2546; x_wconf 69' lang='lat' dir='ltr'><strong>Vos</strong></span> <span class='ocrx_word' id='word_1_282' title='bbox 607 2491 874 2547; x_wconf 72' lang='lat' dir='ltr'><strong>allectum.</strong></span> <span class='ocrx_word' id='word_1_283' title='bbox 905 2493 991 2548; x_wconf 90' lang='lat' dir='ltr'><strong>Sic</strong></span> <span class='ocrx_word' id='word_1_284' title='bbox 1029 2508 1090 2547; x_wconf 92' lang='lat' dir='ltr'><strong>se</strong></span> <span class='ocrx_word' id='word_1_285' title='bbox 1133 2493 1294 2547; x_wconf 85' lang='lat' dir='ltr'><strong>habet</strong></span> <span class='ocrx_word' id='word_1_286' title='bbox 1320 2493 1516 2547; x_wconf 88' lang='lat' dir='ltr'><strong>caritas</strong></span> <span class='ocrx_word' id='word_1_287' title='bbox 1549 2511 1562 2546; x_wconf 84' lang='lat'><strong>:</strong></span> <span class='ocrx_word' id='word_1_288' title='bbox 1594 2493 1821 2561; x_wconf 76' lang='lat' dir='ltr'><strong>vigilans</strong></span> <span class='ocrx_word' id='word_1_289' title='bbox 1846 2505 1930 2548; x_wconf 92' lang='lat' dir='ltr'><strong>est</strong></span> 
     </span>
    </p>
   </div>
   <div class='ocr_carea' id='block_1_40' title="bbox 321 2581 1930 2650">
    <p class='ocr_par' dir='ltr' id='par_1_40' title="bbox 321 2581 1930 2650">
     <span class='ocr_line' id='line_1_40' title="bbox 321 2581 1930 2650; baseline 0.001 -16"><span class='ocrx_word' id='word_1_290' title='bbox 321 2596 386 2634; x_wconf 88' lang='lat' dir='ltr'><strong>ac</strong></span> <span class='ocrx_word' id='word_1_291' title='bbox 414 2581 636 2636; x_wconf 85' lang='lat' dir='ltr'><strong>sollicita</strong></span> <span class='ocrx_word' id='word_1_292' title='bbox 663 2599 686 2650; x_wconf 83' lang='lat'><strong><em>;</em></strong></span> <span class='ocrx_word' id='word_1_293' title='bbox 713 2597 812 2636; x_wconf 86' lang='lat' dir='ltr'><strong>nec</strong></span> <span class='ocrx_word' id='word_1_294' title='bbox 846 2583 1123 2638; x_wconf 81' lang='lat' dir='ltr'><strong>adamatus</strong></span> <span class='ocrx_word' id='word_1_295' title='bbox 1153 2584 1326 2638; x_wconf 90' lang='lat' dir='ltr'><strong>solum</strong></span> <span class='ocrx_word' id='word_1_296' title='bbox 1358 2584 1409 2636; x_wconf 94' lang='lat' dir='ltr'><strong>in</strong></span> <span class='ocrx_word' id='word_1_297' title='bbox 1445 2583 1625 2637; x_wconf 90' lang='lat' dir='ltr'><strong>animo</strong></span> <span class='ocrx_word' id='word_1_298' title='bbox 1646 2583 1930 2639; x_wconf 88' lang='lat' dir='ltr'><strong>circumfe-</strong></span> 
     </span>
    </p>
   </div>
   <div class='ocr_carea' id='block_1_41' title="bbox 323 2675 1928 2747">
    <p class='ocr_par' dir='ltr' id='par_1_41' title="bbox 323 2675 1928 2747">
     <span class='ocr_line' id='line_1_41' title="bbox 323 2675 1928 2747; baseline 0.002 -20"><span class='ocrx_word' id='word_1_299' title='bbox 323 2685 449 2729; x_wconf 89' lang='lat' dir='ltr'><strong>runt</strong></span> <span class='ocrx_word' id='word_1_300' title='bbox 474 2675 506 2728; x_wconf 89' lang='lat' dir='ltr'><strong>ii</strong></span> <span class='ocrx_word' id='word_1_301' title='bbox 537 2675 625 2746; x_wconf 87' lang='lat' dir='ltr'><strong>qui</strong></span> <span class='ocrx_word' id='word_1_302' title='bbox 654 2685 859 2738; x_wconf 86' lang='lat' dir='ltr'><strong>amant,</strong></span> <span class='ocrx_word' id='word_1_303' title='bbox 888 2676 981 2730; x_wconf 90' lang='lat' dir='ltr'><strong>sed</strong></span> <span class='ocrx_word' id='word_1_304' title='bbox 1007 2692 1126 2745; x_wconf 72' lang='lat' dir='ltr'><strong>qua:</strong></span> <span class='ocrx_word' id='word_1_305' title='bbox 1149 2676 1510 2744; x_wconf 85' lang='lat' dir='ltr'><strong>promiserunt</strong></span> <span class='ocrx_word' id='word_1_306' title='bbox 1540 2677 1708 2747; x_wconf 85' lang='lat' dir='ltr'><strong>magis</strong></span> <span class='ocrx_word' id='word_1_307' title='bbox 1734 2678 1928 2730; x_wconf 58' lang='lat' dir='ltr'><strong>memi-</strong></span> 
     </span>
    </p>
   </div>
   <div class='ocr_carea' id='block_1_42' title="bbox 319 2767 1921 2839">
    <p class='ocr_par' dir='ltr' id='par_1_42' title="bbox 319 2767 1921 2839">
     <span class='ocr_line' id='line_1_42' title="bbox 319 2767 1921 2839; baseline 0.002 -19"><span class='ocrx_word' id='word_1_308' title='bbox 319 2776 518 2820; x_wconf 78' lang='lat' dir='ltr'><strong>nerunt</strong></span> <span class='ocrx_word' id='word_1_309' title='bbox 537 2783 692 2836; x_wconf 89' lang='lat' dir='ltr'><strong>quam</strong></span> <span class='ocrx_word' id='word_1_310' title='bbox 715 2767 839 2837; x_wconf 84' lang='lat' dir='ltr'><strong>ipsi,</strong></span> <span class='ocrx_word' id='word_1_311' title='bbox 861 2769 949 2838; x_wconf 90' lang='lat' dir='ltr'><strong>qui</strong></span> <span class='ocrx_word' id='word_1_312' title='bbox 972 2769 1232 2838; x_wconf 89' lang='lat' dir='ltr'><strong>promissa</strong></span> <span class='ocrx_word' id='word_1_313' title='bbox 1258 2780 1384 2822; x_wconf 90' lang='lat' dir='ltr'><strong>sunt</strong></span> <span class='ocrx_word' id='word_1_314' title='bbox 1403 2769 1690 2839; x_wconf 85' lang='lat' dir='ltr'><strong>recepturi.</strong></span> <span class='ocrx_word' id='word_1_315' title='bbox 1717 2768 1921 2823; x_wconf 84' lang='lat' dir='ltr'><strong>Eodem</strong></span> 
     </span>
    </p>
   </div>
   <div class='ocr_carea' id='block_1_43' title="bbox 318 2857 1923 2930">
    <p class='ocr_par' dir='ltr' id='par_1_43' title="bbox 318 2857 1923 2930">
     <span class='ocr_line' id='line_1_43' title="bbox 318 2857 1923 2930; baseline 0.002 -18"><span class='ocrx_word' id='word_1_316' title='bbox 318 2857 483 2912; x_wconf 79' lang='lat' dir='ltr'><strong>modo</strong></span> <span class='ocrx_word' id='word_1_317' title='bbox 513 2867 682 2914; x_wconf 86' lang='lat' dir='ltr'><strong>mater</strong></span> <span class='ocrx_word' id='word_1_318' title='bbox 709 2861 1073 2915; x_wconf 86' lang='lat' dir='ltr'><strong>amantissima</strong></span> <span class='ocrx_word' id='word_1_319' title='bbox 1115 2871 1393 2930; x_wconf 82' lang='lat' dir='ltr'><strong>postquam</strong></span> <span class='ocrx_word' id='word_1_320' title='bbox 1435 2875 1635 2915; x_wconf 72' lang='lat' dir='ltr'><strong>mensa:</strong></span> <span class='ocrx_word' id='word_1_321' title='bbox 1672 2861 1923 2930; x_wconf 74' lang='lat' dir='ltr'><strong>reliquias</strong></span> 
     </span>
    </p>
   </div>
   <div class='ocr_carea' id='block_1_44' title="bbox 319 2951 1919 3022">
    <p class='ocr_par' dir='ltr' id='par_1_44' title="bbox 319 2951 1919 3022">
     <span class='ocr_line' id='line_1_44' title="bbox 319 2951 1919 3022; baseline 0.003 -18"><span class='ocrx_word' id='word_1_322' title='bbox 319 2951 502 3018; x_wconf 85' lang='lat' dir='ltr'><strong>pueris</strong></span> <span class='ocrx_word' id='word_1_323' title='bbox 528 2952 638 3006; x_wconf 88' lang='lat' dir='ltr'><strong>suis</strong></span> <span class='ocrx_word' id='word_1_324' title='bbox 665 2951 909 3022; x_wconf 83' lang='lat' dir='ltr'><strong>reposuit</strong></span> <span class='ocrx_word' id='word_1_325' title='bbox 930 2993 947 3019; x_wconf 96' lang='lat'><strong>,</strong></span> <span class='ocrx_word' id='word_1_326' title='bbox 975 2953 1185 3007; x_wconf 89' lang='lat' dir='ltr'><strong>etiamsi</strong></span> <span class='ocrx_word' id='word_1_327' title='bbox 1234 2952 1304 3006; x_wconf 91' lang='lat' dir='ltr'><strong>illi</strong></span> <span class='ocrx_word' id='word_1_328' title='bbox 1343 2953 1475 3008; x_wconf 88' lang='lat' dir='ltr'><strong>forte</strong></span> <span class='ocrx_word' id='word_1_329' title='bbox 1513 2953 1919 3019; x_wconf 75' lang='lat' dir='ltr'><strong>obliviscantur,</strong></span> 
     </span>
    </p>
   </div>
   <div class='ocr_carea' id='block_1_45' title="bbox 317 3038 1918 3113">
    <p class='ocr_par' dir='ltr' id='par_1_45' title="bbox 317 3038 1918 3113">
     <span class='ocr_line' id='line_1_45' title="bbox 317 3038 1918 3113; baseline 0.005 -22"><span class='ocrx_word' id='word_1_330' title='bbox 317 3038 433 3108; x_wconf 81' lang='lat' dir='ltr'><strong>ipsa</strong></span> <span class='ocrx_word' id='word_1_331' title='bbox 465 3049 642 3094; x_wconf 81' lang='lat' dir='ltr'><strong>tamen</strong></span> <span class='ocrx_word' id='word_1_332' title='bbox 673 3042 938 3107; x_wconf 88' lang='lat' dir='ltr'><strong>meminit,</strong></span> <span class='ocrx_word' id='word_1_333' title='bbox 968 3058 1168 3113; x_wconf 87' lang='lat' dir='ltr'><strong>easque</strong></span> <span class='ocrx_word' id='word_1_334' title='bbox 1191 3042 1473 3112; x_wconf 79' lang='lat' dir='ltr'><strong>diligenter</strong></span> <span class='ocrx_word' id='word_1_335' title='bbox 1497 3055 1799 3098; x_wconf 88' lang='lat' dir='ltr'><strong>asscrvatas</strong></span> <span class='ocrx_word' id='word_1_336' title='bbox 1827 3044 1918 3100; x_wconf 90' lang='lat' dir='ltr'><strong>de-</strong></span> 
     </span>
    </p>
   </div>
   <div class='ocr_carea' id='block_1_46' title="bbox 316 3134 1915 3209">
    <p class='ocr_par' dir='ltr' id='par_1_46' title="bbox 316 3134 1915 3209">
     <span class='ocr_line' id='line_1_46' title="bbox 316 3134 1915 3209; baseline 0.005 -24"><span class='ocrx_word' id='word_1_337' title='bbox 316 3134 515 3202; x_wconf 77' lang='lat' dir='ltr'><strong>promit</strong></span> <span class='ocrx_word' id='word_1_338' title='bbox 538 3177 554 3200; x_wconf 91' lang='lat'><strong>,</strong></span> <span class='ocrx_word' id='word_1_339' title='bbox 587 3145 640 3190; x_wconf 89' lang='lat' dir='ltr'><strong>et</strong></span> <span class='ocrx_word' id='word_1_340' title='bbox 669 3135 943 3192; x_wconf 84' lang='lat' dir='ltr'><strong>famelicos</strong></span> <span class='ocrx_word' id='word_1_341' title='bbox 970 3138 1049 3192; x_wconf 92' lang='lat' dir='ltr'><strong>eis</strong></span> <span class='ocrx_word' id='word_1_342' title='bbox 1079 3138 1273 3207; x_wconf 83' lang='lat' dir='ltr'><strong>pascit.</strong></span> <span class='ocrx_word' id='word_1_343' title='bbox 1304 3137 1456 3205; x_wconf 87' lang='lat' dir='ltr'><strong>Quod</strong></span> <span class='ocrx_word' id='word_1_344' title='bbox 1488 3138 1531 3193; x_wconf 90' lang='lat' dir='ltr'><strong>si</strong></span> <span class='ocrx_word' id='word_1_345' title='bbox 1565 3149 1764 3194; x_wconf 87' lang='lat' dir='ltr'><strong>matres</strong></span> <span class='ocrx_word' id='word_1_346' title='bbox 1792 3153 1915 3209; x_wconf 81' lang='lat' dir='ltr'><strong>erga</strong></span> 
     </span>
    </p>
   </div>
   <div class='ocr_carea' id='block_1_47' title="bbox 317 3225 1918 3300">
    <p class='ocr_par' dir='ltr' id='par_1_47' title="bbox 317 3225 1918 3300">
     <span class='ocr_line' id='line_1_47' title="bbox 317 3225 1918 3300; baseline 0.006 -22"><span class='ocrx_word' id='word_1_347' title='bbox 317 3225 514 3282; x_wconf 85' lang='lat' dir='ltr'><strong>liberos</strong></span> <span class='ocrx_word' id='word_1_348' title='bbox 557 3237 666 3281; x_wconf 86' lang='lat' dir='ltr'><strong>tam</strong></span> <span class='ocrx_word' id='word_1_349' title='bbox 711 3228 1047 3299; x_wconf 84' lang='lat' dir='ltr'><strong>indulgentes</strong></span> <span class='ocrx_word' id='word_1_350' title='bbox 1093 3239 1252 3294; x_wconf 88' lang='lat' dir='ltr'><strong>sunt,</strong></span> <span class='ocrx_word' id='word_1_351' title='bbox 1298 3239 1445 3298; x_wconf 80' lang='lat' dir='ltr'><strong>tanto</strong></span> <span class='ocrx_word' id='word_1_352' title='bbox 1487 3231 1677 3300; x_wconf 88' lang='lat' dir='ltr'><strong>majori</strong></span> <span class='ocrx_word' id='word_1_353' title='bbox 1708 3247 1834 3286; x_wconf 85' lang='lat' dir='ltr'><strong>cura</strong></span> <span class='ocrx_word' id='word_1_354' title='bbox 1863 3243 1918 3288; x_wconf 90' lang='lat' dir='ltr'><strong>et</strong></span> 
     </span>
    </p>
   </div>
   <div class='ocr_carea' id='block_1_48' title="bbox 309 3316 1917 3394">
    <p class='ocr_par' dir='ltr' id='par_1_48' title="bbox 309 3316 1917 3394">
     <span class='ocr_line' id='line_1_48' title="bbox 309 3316 1917 3394; baseline 0.004 -25"><span class='ocrx_word' id='word_1_355' title='bbox 309 3316 491 3370; x_wconf 82' lang='lat' dir='ltr'><strong>studio</strong></span> <span class='ocrx_word' id='word_1_356' title='bbox 519 3328 696 3373; x_wconf 88' lang='lat' dir='ltr'><strong>vestra</strong></span> <span class='ocrx_word' id='word_1_357' title='bbox 727 3320 922 3373; x_wconf 86' lang='lat' dir='ltr'><strong>caritas</strong></span> <span class='ocrx_word' id='word_1_358' title='bbox 963 3321 1116 3375; x_wconf 89' lang='lat' dir='ltr'><strong>nobis</strong></span> <span class='ocrx_word' id='word_1_359' title='bbox 1154 3330 1237 3376; x_wconf 91' lang='lat' dir='ltr'><strong>est</strong></span> <span class='ocrx_word' id='word_1_360' title='bbox 1279 3322 1651 3392; x_wconf 84' lang='lat' dir='ltr'><strong>prosequenda</strong></span> <span class='ocrx_word' id='word_1_361' title='bbox 1674 3365 1686 3386; x_wconf 87' lang='lat'><strong>,</strong></span> <span class='ocrx_word' id='word_1_362' title='bbox 1716 3333 1917 3394; x_wconf 77' lang='lat' dir='ltr'><strong>quanto</strong></span> 
     </span>
    </p>
   </div>
   <div class='ocr_carea' id='block_1_49' title="bbox 311 3406 1915 3483">
    <p class='ocr_par' dir='ltr' id='par_1_49' title="bbox 311 3406 1915 3483">
     <span class='ocr_line' id='line_1_49' title="bbox 311 3406 1915 3483; baseline 0.007 -24"><span class='ocrx_word' id='word_1_363' title='bbox 311 3406 486 3476; x_wconf 74' lang='lat' dir='ltr'><strong>major</strong></span> <span class='ocrx_word' id='word_1_364' title='bbox 512 3408 594 3462; x_wconf 85' lang='lat' dir='ltr'><strong>vis</strong></span> <span class='ocrx_word' id='word_1_365' title='bbox 619 3418 704 3463; x_wconf 84' lang='lat' dir='ltr'><strong>est</strong></span> <span class='ocrx_word' id='word_1_366' title='bbox 731 3409 1021 3478; x_wconf 85' lang='lat' dir='ltr'><strong>spiritualis</strong></span> <span class='ocrx_word' id='word_1_367' title='bbox 1052 3421 1232 3481; x_wconf 80' lang='lat' dir='ltr'><strong>partus</strong></span> <span class='ocrx_word' id='word_1_368' title='bbox 1257 3427 1416 3481; x_wconf 87' lang='lat' dir='ltr'><strong>quam</strong></span> <span class='ocrx_word' id='word_1_369' title='bbox 1449 3415 1725 3469; x_wconf 83' lang='lat' dir='ltr'><strong>naturalis.</strong></span> <span class='ocrx_word' id='word_1_370' title='bbox 1759 3415 1915 3483; x_wconf 71' lang='lat' dir='ltr'><strong>Qum-</strong></span> 
     </span>
    </p>
   </div>
   <div class='ocr_carea' id='block_1_50' title="bbox 311 3496 1911 3574">
    <p class='ocr_par' dir='ltr' id='par_1_50' title="bbox 311 3496 1911 3574">
     <span class='ocr_line' id='line_1_50' title="bbox 311 3496 1911 3574; baseline 0.008 -27"><span class='ocrx_word' id='word_1_371' title='bbox 311 3510 435 3548; x_wconf 75' lang='lat' dir='ltr'><strong>Itam</strong></span> <span class='ocrx_word' id='word_1_372' title='bbox 467 3496 628 3565; x_wconf 79' lang='lat' dir='ltr'><strong>igitur</strong></span> <span class='ocrx_word' id='word_1_373' title='bbox 657 3497 753 3552; x_wconf 88' lang='lat' dir='ltr'><strong>fuit</strong></span> <span class='ocrx_word' id='word_1_374' title='bbox 787 3500 871 3553; x_wconf 90' lang='lat' dir='ltr'><strong>illa</strong></span> <span class='ocrx_word' id='word_1_375' title='bbox 903 3515 1086 3555; x_wconf 87' lang='lat' dir='ltr'><strong>mensa</strong></span> <span class='ocrx_word' id='word_1_376' title='bbox 1113 3543 1128 3567; x_wconf 94' lang='lat'><strong>,</strong></span> <span class='ocrx_word' id='word_1_377' title='bbox 1155 3502 1308 3571; x_wconf 87' lang='lat' dir='ltr'><strong>cujus</strong></span> <span class='ocrx_word' id='word_1_378' title='bbox 1337 3504 1590 3574; x_wconf 79' lang='lat' dir='ltr'><strong>reliquias</strong></span> <span class='ocrx_word' id='word_1_379' title='bbox 1615 3506 1766 3561; x_wconf 85' lang='lat' dir='ltr'><strong>vobis</strong></span> <span class='ocrx_word' id='word_1_380' title='bbox 1791 3521 1911 3562; x_wconf 86' lang='lat' dir='ltr'><strong>ser-</strong></span> 
     </span>
    </p>
   </div>
   <div class='ocr_carea' id='block_1_51' title="bbox 308 3588 1908 3665">
    <p class='ocr_par' dir='ltr' id='par_1_51' title="bbox 308 3588 1908 3665">
     <span class='ocr_line' id='line_1_51' title="bbox 308 3588 1908 3665; baseline 0.011 -28"><span class='ocrx_word' id='word_1_381' title='bbox 308 3588 592 3643; x_wconf 87' lang='lat' dir='ltr'><strong>vavimus?</strong></span> <span class='ocrx_word' id='word_1_382' title='bbox 625 3590 797 3646; x_wconf 89' lang='lat' dir='ltr'><strong>Verba</strong></span> <span class='ocrx_word' id='word_1_383' title='bbox 828 3603 981 3647; x_wconf 81' lang='lat' dir='ltr'><strong>erant</strong></span> <span class='ocrx_word' id='word_1_384' title='bbox 1019 3596 1245 3665; x_wconf 78' lang='lat' dir='ltr'><strong>ap-istoli</strong></span> <span class='ocrx_word' id='word_1_385' title='bbox 1270 3635 1285 3660; x_wconf 96' lang='lat'><strong>,</strong></span> <span class='ocrx_word' id='word_1_386' title='bbox 1315 3610 1379 3649; x_wconf 83' lang='lat' dir='ltr'><strong>ex</strong></span> <span class='ocrx_word' id='word_1_387' title='bbox 1417 3597 1610 3664; x_wconf 87' lang='lat' dir='ltr'><strong>quibus</strong></span> <span class='ocrx_word' id='word_1_388' title='bbox 1646 3607 1772 3654; x_wconf 88' lang='lat' dir='ltr'><strong>tunc</strong></span> <span class='ocrx_word' id='word_1_389' title='bbox 1802 3615 1908 3654; x_wconf 81' lang='lat' dir='ltr'><strong>non</strong></span> 
     </span>
    </p>
   </div>
   <div class='ocr_carea' id='block_1_52' title="bbox 309 3682 1908 3760">
    <p class='ocr_par' dir='ltr' id='par_1_52' title="bbox 309 3682 1908 3760">
     <span class='ocr_line' id='line_1_52' title="bbox 309 3682 1908 3760; baseline 0.009 -30"><span class='ocrx_word' id='word_1_390' title='bbox 309 3693 494 3748; x_wconf 87' lang='lat' dir='ltr'><strong>parum</strong></span> <span class='ocrx_word' id='word_1_391' title='bbox 519 3682 823 3737; x_wconf 87' lang='lat' dir='ltr'><strong>nutrimenti</strong></span> <span class='ocrx_word' id='word_1_392' title='bbox 846 3685 1138 3753; x_wconf 89' lang='lat' dir='ltr'><strong>spiritualis</strong></span> <span class='ocrx_word' id='word_1_393' title='bbox 1159 3687 1516 3756; x_wconf 83' lang='lat' dir='ltr'><strong>percepimus,</strong></span> <span class='ocrx_word' id='word_1_394' title='bbox 1535 3688 1686 3758; x_wconf 88' lang='lat' dir='ltr'><strong>cujus</strong></span> <span class='ocrx_word' id='word_1_395' title='bbox 1701 3699 1908 3760; x_wconf 79' lang='lat' dir='ltr'><strong>partem</strong></span> 
     </span>
    </p>
   </div>
   <div class='ocr_carea' id='block_1_53' title="bbox 307 3774 1910 3847">
    <p class='ocr_par' dir='ltr' id='par_1_53' title="bbox 307 3774 1910 3847">
     <span class='ocr_line' id='line_1_53' title="bbox 307 3774 1910 3847; baseline 0.009 -25"><span class='ocrx_word' id='word_1_396' title='bbox 307 3774 496 3826; x_wconf 79' lang='lat' dir='ltr'><strong>vestris</strong></span> <span class='ocrx_word' id='word_1_397' title='bbox 523 3774 788 3828; x_wconf 87' lang='lat' dir='ltr'><strong>mentibus</strong></span> <span class='ocrx_word' id='word_1_398' title='bbox 819 3776 1127 3841; x_wconf 90' lang='lat' dir='ltr'><strong>indidimus,</strong></span> <span class='ocrx_word' id='word_1_399' title='bbox 1160 3788 1362 3847; x_wconf 87' lang='lat' dir='ltr'><strong>partem</strong></span> <span class='ocrx_word' id='word_1_400' title='bbox 1384 3780 1437 3834; x_wconf 89' lang='lat' dir='ltr'><strong>in</strong></span> <span class='ocrx_word' id='word_1_401' title='bbox 1456 3779 1772 3836; x_wconf 88' lang='lat' dir='ltr'><strong>hodiernum</strong></span> <span class='ocrx_word' id='word_1_402' title='bbox 1800 3782 1910 3837; x_wconf 83' lang='lat' dir='ltr'><strong>dis-</strong></span> 
     </span>
    </p>
   </div>
   <div class='ocr_carea' id='block_1_54' title="bbox 307 3863 1909 3930">
    <p class='ocr_par' dir='ltr' id='par_1_54' title="bbox 307 3863 1909 3930">
     <span class='ocr_line' id='line_1_54' title="bbox 307 3863 1909 3930; baseline 0.01 -15"><span class='ocrx_word' id='word_1_403' title='bbox 307 3863 525 3917; x_wconf 87' lang='lat' dir='ltr'><strong>tulimus</strong></span> <span class='ocrx_word' id='word_1_404' title='bbox 550 3905 566 3929; x_wconf 94' lang='lat'><strong>,</strong></span> <span class='ocrx_word' id='word_1_405' title='bbox 617 3880 684 3919; x_wconf 90' lang='lat' dir='ltr'><strong>nc</strong></span> <span class='ocrx_word' id='word_1_406' title='bbox 727 3867 1070 3922; x_wconf 89' lang='lat' dir='ltr'><strong>multitudine</strong></span> <span class='ocrx_word' id='word_1_407' title='bbox 1117 3883 1430 3925; x_wconf 85' lang='lat' dir='ltr'><strong>sermonum</strong></span> <span class='ocrx_word' id='word_1_408' title='bbox 1473 3872 1785 3927; x_wconf 85' lang='lat' dir='ltr'><strong>memoriam</strong></span> <span class='ocrx_word' id='word_1_409' title='bbox 1816 3890 1909 3930; x_wconf 86' lang='lat' dir='ltr'><strong>ve-</strong></span> 
     </span>
    </p>
   </div>
   <div class='ocr_carea' id='block_1_55' title="bbox 305 3955 1905 4029">
    <p class='ocr_par' dir='ltr' id='par_1_55' title="bbox 305 3955 1905 4029">
     <span class='ocr_line' id='line_1_55' title="bbox 305 3955 1905 4029; baseline 0.008 -25"><span class='ocrx_word' id='word_1_410' title='bbox 305 3961 469 4006; x_wconf 86' lang='lat' dir='ltr'><strong>stram</strong></span> <span class='ocrx_word' id='word_1_411' title='bbox 496 3955 864 4010; x_wconf 76' lang='lat' dir='ltr'><strong>olirueremus.</strong></span> <span class='ocrx_word' id='word_1_412' title='bbox 911 3957 1167 4024; x_wconf 68' lang='lat' dir='ltr'><strong>Qumnam</strong></span> <span class='ocrx_word' id='word_1_413' title='bbox 1214 3960 1372 4029; x_wconf 82' lang='lat' dir='ltr'><strong>igitur</strong></span> <span class='ocrx_word' id='word_1_414' title='bbox 1413 3969 1537 4014; x_wconf 88' lang='lat' dir='ltr'><strong>sunt</strong></span> <span class='ocrx_word' id='word_1_415' title='bbox 1581 3961 1667 4015; x_wconf 89' lang='lat' dir='ltr'><strong>illa</strong></span> <span class='ocrx_word' id='word_1_416' title='bbox 1701 3964 1905 4017; x_wconf 83' lang='lat' dir='ltr'><strong>verba?</strong></span> 
     </span>
    </p>
   </div>
   <div class='ocr_carea' id='block_1_56' title="bbox 307 4042 1903 4123">
    <p class='ocr_par' dir='ltr' id='par_1_56' title="bbox 307 4042 1903 4123">
     <span class='ocr_line' id='line_1_56' title="bbox 307 4042 1903 4123; baseline 0.009 -30"><span class='ocrx_word' id='word_1_417' title='bbox 307 4042 559 4098; x_wconf 76' lang='lat' dir='ltr'><strong>Habentes</strong></span> <span class='ocrx_word' id='word_1_418' title='bbox 589 4056 754 4100; x_wconf 79' lang='lat' dir='ltr'><strong>autem</strong></span> <span class='ocrx_word' id='word_1_419' title='bbox 782 4050 1010 4101; x_wconf 82' lang='lat' dir='ltr'><strong>eumdem</strong></span> <span class='ocrx_word' id='word_1_420' title='bbox 1040 4050 1294 4118; x_wconf 72' lang='lat' dir='ltr'><strong>Spiritum</strong></span> <span class='ocrx_word' id='word_1_421' title='bbox 1326 4051 1474 4118; x_wconf 85' lang='lat' dir='ltr'><strong>ﬁdei,</strong></span> <span class='ocrx_word' id='word_1_422' title='bbox 1504 4053 1633 4106; x_wconf 83' lang='lat' dir='ltr'><strong>sicut</strong></span> <span class='ocrx_word' id='word_1_423' title='bbox 1661 4055 1903 4123; x_wconf 80' lang='lat' dir='ltr'><strong>scriptum</strong></span> 
     </span>
    </p>
   </div>
   <div class='ocr_carea' id='block_1_57' title="bbox 303 4135 1904 4211">
    <p class='ocr_par' dir='ltr' id='par_1_57' title="bbox 303 4135 1904 4211">
     <span class='ocr_line' id='line_1_57' title="bbox 303 4135 1904 4211; baseline 0.009 -24"><span class='ocrx_word' id='word_1_424' title='bbox 303 4147 416 4188; x_wconf 81' lang='lat' dir='ltr'><strong>est:</strong></span> <span class='ocrx_word' id='word_1_425' title='bbox 446 4135 684 4200; x_wconf 73' lang='lat' dir='ltr'><strong>Credidi,</strong></span> <span class='ocrx_word' id='word_1_426' title='bbox 728 4150 934 4208; x_wconf 81' lang='lat' dir='ltr'><strong>pmpter</strong></span> <span class='ocrx_word' id='word_1_427' title='bbox 970 4143 1105 4206; x_wconf 85' lang='lat' dir='ltr'><strong>quod</strong></span> <span class='ocrx_word' id='word_1_428' title='bbox 1149 4144 1384 4211; x_wconf 79' lang='lat' dir='ltr'><strong>loquutus</strong></span> <span class='ocrx_word' id='word_1_429' title='bbox 1423 4161 1536 4198; x_wconf 84' lang='lat' dir='ltr'><strong>sum</strong></span> <span class='ocrx_word' id='word_1_430' title='bbox 1568 4162 1587 4198; x_wconf 89' lang='lat'><strong><em>:</em></strong></span> <span class='ocrx_word' id='word_1_431' title='bbox 1614 4149 1765 4199; x_wconf 87' lang='lat' dir='ltr'><strong>etiam</strong></span> <span class='ocrx_word' id='word_1_432' title='bbox 1813 4164 1904 4201; x_wconf 88' lang='lat' dir='ltr'><strong>nos</strong></span> 
     </span>
    </p>
   </div>
   <div class='ocr_carea' id='block_1_58' title="bbox 300 4228 1901 4306">
    <p class='ocr_par' dir='ltr' id='par_1_58' title="bbox 300 4228 1901 4306">
     <span class='ocr_line' id='line_1_58' title="bbox 300 4228 1901 4306; baseline 0.009 -27"><span class='ocrx_word' id='word_1_433' title='bbox 300 4228 550 4283; x_wconf 70' lang='lat' dir='ltr'><strong>credimus</strong></span> <span class='ocrx_word' id='word_1_434' title='bbox 569 4271 584 4293; x_wconf 94' lang='lat'><strong>,</strong></span> <span class='ocrx_word' id='word_1_435' title='bbox 613 4243 920 4299; x_wconf 75' lang='lat' dir='ltr'><strong>quapmpter</strong></span> <span class='ocrx_word' id='word_1_436' title='bbox 947 4242 995 4285; x_wconf 86' lang='lat' dir='ltr'><strong>et</strong></span> <span class='ocrx_word' id='word_1_437' title='bbox 1021 4235 1272 4299; x_wconf 82' lang='lat' dir='ltr'><strong>loquimur</strong></span> <span class='ocrx_word' id='word_1_438' title='bbox 1295 4237 1311 4304; x_wconf 93' lang='lat'><strong>(</strong></span> <span class='ocrx_word' id='word_1_439' title='bbox 1337 4235 1393 4288; x_wconf 73' lang='lat'><strong>2.</strong></span> <span class='ocrx_word' id='word_1_440' title='bbox 1425 4235 1543 4290; x_wconf 87' lang='lat' dir='ltr'><strong>Cor.</strong></span> <span class='ocrx_word' id='word_1_441' title='bbox 1575 4237 1624 4291; x_wconf 71' lang='grc'><strong>4.</strong></span> <span class='ocrx_word' id='word_1_442' title='bbox 1662 4238 1730 4292; x_wconf 74' lang='grc'><strong>13</strong></span> <span class='ocrx_word' id='word_1_443' title='bbox 1755 4240 1792 4306; x_wconf 91' lang='grc'><strong>).</strong></span> <span class='ocrx_word' id='word_1_444' title='bbox 1828 4239 1901 4294; x_wconf 85' lang='lat' dir='ltr'><strong>De</strong></span> 
     </span>
    </p>
   </div>
   <div class='ocr_carea' id='block_1_59' title="bbox 299 4321 1896 4399">
    <p class='ocr_par' dir='ltr' id='par_1_59' title="bbox 299 4321 1896 4399">
     <span class='ocr_line' id='line_1_59' title="bbox 299 4321 1896 4399; baseline 0.009 -29"><span class='ocrx_word' id='word_1_445' title='bbox 299 4333 400 4386; x_wconf 84' lang='lat' dir='ltr'><strong>qua</strong></span> <span class='ocrx_word' id='word_1_446' title='bbox 433 4321 592 4388; x_wconf 85' lang='lat' dir='ltr'><strong>igitur</strong></span> <span class='ocrx_word' id='word_1_447' title='bbox 620 4321 723 4374; x_wconf 86' lang='lat' dir='ltr'><strong>lide</strong></span> <span class='ocrx_word' id='word_1_448' title='bbox 751 4322 817 4374; x_wconf 85' lang='lat' dir='ltr'><strong>sit</strong></span> <span class='ocrx_word' id='word_1_449' title='bbox 845 4336 1024 4376; x_wconf 85' lang='lat' dir='ltr'><strong>sermo</strong></span> <span class='ocrx_word' id='word_1_450' title='bbox 1046 4364 1062 4388; x_wconf 95' lang='lat'><strong>,</strong></span> <span class='ocrx_word' id='word_1_451' title='bbox 1096 4335 1272 4378; x_wconf 87' lang='lat' dir='ltr'><strong>utrnnt</strong></span> <span class='ocrx_word' id='word_1_452' title='bbox 1299 4326 1367 4380; x_wconf 89' lang='lat' dir='ltr'><strong>de</strong></span> <span class='ocrx_word' id='word_1_453' title='bbox 1397 4342 1457 4380; x_wconf 90' lang='lat' dir='ltr'><strong>ea</strong></span> <span class='ocrx_word' id='word_1_454' title='bbox 1491 4344 1587 4397; x_wconf 88' lang='lat' dir='ltr'><strong>per</strong></span> <span class='ocrx_word' id='word_1_455' title='bbox 1607 4345 1766 4398; x_wconf 87' lang='lat' dir='ltr'><strong>quam</strong></span> <span class='ocrx_word' id='word_1_456' title='bbox 1803 4347 1896 4399; x_wconf 84' lang='lat' dir='ltr'><strong>pa-</strong></span> 
     </span>
    </p>
   </div>
   <div class='ocr_carea' id='block_1_60' title="bbox 298 4412 1898 4485">
    <p class='ocr_par' dir='ltr' id='par_1_60' title="bbox 298 4412 1898 4485">
     <span class='ocr_line' id='line_1_60' title="bbox 298 4412 1898 4485; baseline 0.011 -23"><span class='ocrx_word' id='word_1_457' title='bbox 298 4419 508 4465; x_wconf 84' lang='lat' dir='ltr'><strong>trantur</strong></span> <span class='ocrx_word' id='word_1_458' title='bbox 537 4412 800 4482; x_wconf 76' lang='lat' dir='ltr'><strong>prodigia,</strong></span> <span class='ocrx_word' id='word_1_459' title='bbox 823 4418 894 4469; x_wconf 86' lang='lat' dir='ltr'><strong>de</strong></span> <span class='ocrx_word' id='word_1_460' title='bbox 922 4431 1023 4484; x_wconf 89' lang='lat' dir='ltr'><strong>qua</strong></span> <span class='ocrx_word' id='word_1_461' title='bbox 1054 4417 1303 4472; x_wconf 83' lang='lat' dir='ltr'><strong>Christus</strong></span> <span class='ocrx_word' id='word_1_462' title='bbox 1333 4419 1456 4474; x_wconf 88' lang='lat' dir='ltr'><strong>dicit</strong></span> <span class='ocrx_word' id='word_1_463' title='bbox 1483 4464 1496 4485; x_wconf 90' lang='lat'><strong>,</strong></span> <span class='ocrx_word' id='word_1_464' title='bbox 1533 4423 1595 4476; x_wconf 86' lang='lat' dir='ltr'><strong>Si</strong></span> <span class='ocrx_word' id='word_1_465' title='bbox 1623 4423 1898 4480; x_wconf 75' lang='lat' dir='ltr'><strong>habueritis</strong></span> 
     </span>
    </p>
   </div>
   <div class='ocr_carea' id='block_1_61' title="bbox 296 4501 1898 4586">
    <p class='ocr_par' dir='ltr' id='par_1_61' title="bbox 296 4501 1898 4586">
     <span class='ocr_line' id='line_1_61' title="bbox 296 4501 1898 4586; baseline 0.013 -35"><span class='ocrx_word' id='word_1_466' title='bbox 296 4501 450 4565; x_wconf 80' lang='lat' dir='ltr'><strong>ﬁdem</strong></span> <span class='ocrx_word' id='word_1_467' title='bbox 473 4503 600 4555; x_wconf 75' lang='lat' dir='ltr'><strong>sicut</strong></span> <span class='ocrx_word' id='word_1_468' title='bbox 625 4522 841 4572; x_wconf 80' lang='lat' dir='ltr'><strong>granum</strong></span> <span class='ocrx_word' id='word_1_469' title='bbox 867 4508 1056 4576; x_wconf 81' lang='lat' dir='ltr'><strong>sinapi,</strong></span> <span class='ocrx_word' id='word_1_470' title='bbox 1087 4509 1260 4563; x_wconf 83' lang='lat' dir='ltr'><strong>dicetis</strong></span> <span class='ocrx_word' id='word_1_471' title='bbox 1295 4514 1452 4567; x_wconf 87' lang='lat' dir='ltr'><strong>monti</strong></span> <span class='ocrx_word' id='word_1_472' title='bbox 1479 4514 1621 4581; x_wconf 79' lang='lat' dir='ltr'><strong>huic,</strong></span> <span class='ocrx_word' id='word_1_473' title='bbox 1652 4515 1820 4586; x_wconf 68' lang='lat' dir='ltr'><strong>Nigra</strong></span> <span class='ocrx_word' id='word_1_474' title='bbox 1852 4529 1898 4572; x_wconf 75' lang='grc' dir='ltr'>τι</span> 
     </span>
    </p>
   </div>
   <div class='ocr_carea' id='block_1_62' title="bbox 295 4593 1954 4676">
    <p class='ocr_par' dir='ltr' id='par_1_62' title="bbox 295 4593 1954 4676">
     <span class='ocr_line' id='line_1_62' title="bbox 295 4593 1954 4676; baseline 0.013 -34"><span class='ocrx_word' id='word_1_475' title='bbox 295 4593 534 4662; x_wconf 76' lang='lat' dir='ltr'><strong>migrabit</strong></span> <span class='ocrx_word' id='word_1_476' title='bbox 571 4594 783 4659; x_wconf 78' lang='lat' dir='ltr'><strong>(Matth.</strong></span> <span class='ocrx_word' id='word_1_477' title='bbox 815 4597 898 4650; x_wconf 82' lang='lat' dir='ltr'><strong>l7.</strong></span> <span class='ocrx_word' id='word_1_478' title='bbox 933 4597 1021 4667; x_wconf 84' lang='lat' dir='ltr'><strong>l9)</strong></span> <span class='ocrx_word' id='word_1_479' title='bbox 1051 4617 1062 4651; x_wconf 96' lang='lat'>:</span> <span class='ocrx_word' id='word_1_480' title='bbox 1093 4616 1160 4654; x_wconf 90' lang='lat' dir='ltr'><strong>an</strong></span> <span class='ocrx_word' id='word_1_481' title='bbox 1187 4601 1252 4657; x_wconf 93' lang='lat' dir='ltr'><strong>de</strong></span> <span class='ocrx_word' id='word_1_482' title='bbox 1275 4617 1361 4668; x_wconf 89' lang='lat' dir='ltr'><strong>ea,</strong></span> <span class='ocrx_word' id='word_1_483' title='bbox 1390 4619 1508 4672; x_wconf 72' lang='lat' dir='ltr'><strong>qua:</strong></span> <span class='ocrx_word' id='word_1_484' title='bbox 1537 4607 1894 4676; x_wconf 84' lang='lat' dir='ltr'><strong>cognitionem</strong></span> <span class='ocrx_word' id='word_1_485' title='bbox 1950 4651 1954 4654; x_wconf 73' lang='lat'><strong>.</strong></span> 
     </span>
    </p>
   </div>
   <div class='ocr_carea' id='block_1_63' title="bbox 293 4683 1892 4760">
    <p class='ocr_par' dir='ltr' id='par_1_63' title="bbox 293 4683 1892 4760">
     <span class='ocr_line' id='line_1_63' title="bbox 293 4683 1892 4760; baseline 0.013 -24"><span class='ocrx_word' id='word_1_486' title='bbox 293 4683 346 4736; x_wconf 73' lang='lat' dir='ltr'><strong>iit</strong></span> <span class='ocrx_word' id='word_1_487' title='bbox 380 4685 532 4739; x_wconf 89' lang='lat' dir='ltr'><strong>nobis</strong></span> <span class='ocrx_word' id='word_1_488' title='bbox 556 4687 743 4755; x_wconf 83' lang='lat' dir='ltr'><strong>gignit,</strong></span> <span class='ocrx_word' id='word_1_489' title='bbox 770 4690 1062 4744; x_wconf 85' lang='lat' dir='ltr'><strong>secundum</strong></span> <span class='ocrx_word' id='word_1_490' title='bbox 1080 4709 1236 4760; x_wconf 79' lang='lat' dir='ltr'><strong>quam</strong></span> <span class='ocrx_word' id='word_1_491' title='bbox 1257 4709 1444 4748; x_wconf 89' lang='lat' dir='ltr'><strong>omnes</strong></span> <span class='ocrx_word' id='word_1_492' title='bbox 1466 4713 1650 4752; x_wconf 80' lang='lat' dir='ltr'><strong>stunus</strong></span> <span class='ocrx_word' id='word_1_493' title='bbox 1670 4700 1892 4756; x_wconf 75' lang='lat' dir='ltr'><strong>fideles:</strong></span> 
     </span>
    </p>
   </div>
   <div class='ocr_carea' id='block_1_64' title="bbox 293 4776 1891 4860">
    <p class='ocr_par' dir='ltr' id='par_1_64' title="bbox 293 4776 1891 4860">
     <span class='ocr_line' id='line_1_64' title="bbox 293 4776 1891 4860; baseline 0.014 -34"><span class='ocrx_word' id='word_1_494' title='bbox 293 4785 403 4826; x_wconf 87' lang='lat' dir='ltr'><strong>tum</strong></span> <span class='ocrx_word' id='word_1_495' title='bbox 429 4791 529 4843; x_wconf 85' lang='lat' dir='ltr'><strong>qua</strong></span> <span class='ocrx_word' id='word_1_496' title='bbox 556 4776 624 4831; x_wconf 84' lang='lat' dir='ltr'><strong>de</strong></span> <span class='ocrx_word' id='word_1_497' title='bbox 645 4793 802 4831; x_wconf 80' lang='lat' dir='ltr'><strong>causa</strong></span> <span class='ocrx_word' id='word_1_498' title='bbox 832 4778 1059 4847; x_wconf 84' lang='lat' dir='ltr'><strong>Spiritus</strong></span> <span class='ocrx_word' id='word_1_499' title='bbox 1092 4783 1212 4838; x_wconf 91' lang='lat' dir='ltr'><strong>fidei</strong></span> <span class='ocrx_word' id='word_1_500' title='bbox 1244 4785 1314 4839; x_wconf 92' lang='lat' dir='ltr'><strong>sit</strong></span> <span class='ocrx_word' id='word_1_501' title='bbox 1340 4787 1537 4855; x_wconf 88' lang='lat' dir='ltr'><strong>dictus,</strong></span> <span class='ocrx_word' id='word_1_502' title='bbox 1569 4798 1624 4844; x_wconf 86' lang='lat' dir='ltr'><strong>et</strong></span> <span class='ocrx_word' id='word_1_503' title='bbox 1645 4807 1891 4860; x_wconf 61' lang='lat' dir='ltr'><strong>quietiam</strong></span> 
     </span>
    </p>
   </div>
   <div class='ocr_carea' id='block_1_65' title="bbox 290 4863 1890 4948">
    <p class='ocr_par' dir='ltr' id='par_1_65' title="bbox 290 4863 1890 4948">
     <span class='ocr_line' id='line_1_65' title="bbox 290 4863 1890 4948; baseline 0.014 -32"><span class='ocrx_word' id='word_1_504' title='bbox 290 4865 358 4917; x_wconf 90' lang='lat' dir='ltr'><strong>sit</strong></span> <span class='ocrx_word' id='word_1_505' title='bbox 399 4863 512 4919; x_wconf 72' lang='lat' dir='ltr'><strong>htrc</strong></span> <span class='ocrx_word' id='word_1_506' title='bbox 549 4867 680 4922; x_wconf 85' lang='lat' dir='ltr'><strong>fides</strong></span> <span class='ocrx_word' id='word_1_507' title='bbox 713 4885 735 4923; x_wconf 83' lang='lat'><strong>:</strong></span> <span class='ocrx_word' id='word_1_508' title='bbox 761 4870 877 4925; x_wconf 73' lang='lat' dir='ltr'><strong>bzec</strong></span> <span class='ocrx_word' id='word_1_509' title='bbox 916 4874 1092 4926; x_wconf 87' lang='lat' dir='ltr'><strong>omnia</strong></span> <span class='ocrx_word' id='word_1_510' title='bbox 1126 4890 1223 4944; x_wconf 89' lang='lat' dir='ltr'><strong>pro</strong></span> <span class='ocrx_word' id='word_1_511' title='bbox 1253 4876 1454 4933; x_wconf 85' lang='lat' dir='ltr'><strong>viribus</strong></span> <span class='ocrx_word' id='word_1_512' title='bbox 1485 4881 1625 4948; x_wconf 88' lang='lat' dir='ltr'><strong>apud</strong></span> <span class='ocrx_word' id='word_1_513' title='bbox 1659 4895 1890 4940; x_wconf 84' lang='lat' dir='ltr'><strong>vestram</strong></span> 
     </span>
    </p>
   </div>
   <div class='ocr_carea' id='block_1_66' title="bbox 293 4955 1887 5035">
    <p class='ocr_par' dir='ltr' id='par_1_66' title="bbox 293 4955 1887 5035">
     <span class='ocr_line' id='line_1_66' title="bbox 293 4955 1887 5035; baseline 0.014 -26"><span class='ocrx_word' id='word_1_514' title='bbox 293 4955 644 5012; x_wconf 74' lang='lat' dir='ltr'><strong>diSseruimus</strong></span> <span class='ocrx_word' id='word_1_515' title='bbox 666 4962 978 5026; x_wconf 85' lang='lat' dir='ltr'><strong>caritatem,</strong></span> <span class='ocrx_word' id='word_1_516' title='bbox 1024 4974 1184 5035; x_wconf 84' lang='lat' dir='ltr'><strong>atque</strong></span> <span class='ocrx_word' id='word_1_517' title='bbox 1216 4967 1425 5022; x_wconf 82' lang='lat' dir='ltr'><strong>interim</strong></span> <span class='ocrx_word' id='word_1_518' title='bbox 1453 4973 1614 5027; x_wconf 83' lang='lat' dir='ltr'><strong>etiam</strong></span> <span class='ocrx_word' id='word_1_519' title='bbox 1644 4975 1712 5030; x_wconf 88' lang='lat' dir='ltr'><strong>de</strong></span> <span class='ocrx_word' id='word_1_520' title='bbox 1743 4978 1887 5031; x_wconf 80' lang='lat' dir='ltr'><strong>elee-</strong></span> 
     </span>
    </p>
   </div>
   <div class='ocr_carea' id='block_1_67' title="bbox 295 5051 1887 5135">
    <p class='ocr_par' dir='ltr' id='par_1_67' title="bbox 295 5051 1887 5135">
     <span class='ocr_line' id='line_1_67' title="bbox 295 5051 1887 5135; baseline 0.013 -34"><span class='ocrx_word' id='word_1_521' title='bbox 295 5061 511 5117; x_wconf 82' lang='lat' dir='ltr'><strong>mosyna</strong></span> <span class='ocrx_word' id='word_1_522' title='bbox 543 5051 698 5105; x_wconf 82' lang='lat' dir='ltr'><strong>verba</strong></span> <span class='ocrx_word' id='word_1_523' title='bbox 733 5051 978 5109; x_wconf 87' lang='lat' dir='ltr'><strong>fecinms.</strong></span> <span class='ocrx_word' id='word_1_524' title='bbox 1024 5057 1158 5110; x_wconf 84' lang='lat' dir='ltr'><strong>Cum</strong></span> <span class='ocrx_word' id='word_1_525' title='bbox 1191 5074 1320 5112; x_wconf 82' lang='lat' dir='ltr'><strong>vero</strong></span> <span class='ocrx_word' id='word_1_526' title='bbox 1347 5075 1646 5129; x_wconf 77' lang='lat' dir='ltr'><strong>superesset</strong></span> <span class='ocrx_word' id='word_1_527' title='bbox 1681 5067 1887 5135; x_wconf 82' lang='lat' dir='ltr'><strong>disqui-</strong></span> 
     </span>
    </p>
   </div>
   <div class='ocr_carea' id='block_1_68' title="bbox 314 5139 1886 5224">
    <p class='ocr_par' dir='ltr' id='par_1_68' title="bbox 314 5139 1886 5224">
     <span class='ocr_line' id='line_1_68' title="bbox 314 5139 1886 5224; baseline 0.017 -37"><span class='ocrx_word' id='word_1_528' title='bbox 314 5139 510 5192; x_wconf 75' lang='lat' dir='ltr'><strong>t‘lttlllm</strong></span> <span class='ocrx_word' id='word_1_529' title='bbox 536 5182 559 5203; x_wconf 84' lang='lat'><strong>,.</strong></span> <span class='ocrx_word' id='word_1_530' title='bbox 585 5157 685 5195; x_wconf 79' lang='lat' dir='ltr'><strong>cur</strong></span> <span class='ocrx_word' id='word_1_531' title='bbox 709 5143 908 5196; x_wconf 80' lang='lat' dir='ltr'><strong>dictum</strong></span> <span class='ocrx_word' id='word_1_532' title='bbox 938 5147 1008 5199; x_wconf 85' lang='lat' dir='ltr'><strong>sit</strong></span> <span class='ocrx_word' id='word_1_533' title='bbox 1033 5189 1046 5211; x_wconf 97' lang='lat'><strong>,</strong></span> <span class='ocrx_word' id='word_1_534' title='bbox 1077 5146 1328 5203; x_wconf 83' lang='lat' dir='ltr'><strong>Eumdem</strong></span> <span class='ocrx_word' id='word_1_535' title='bbox 1359 5151 1609 5219; x_wconf 71' lang='lat' dir='ltr'><strong>Spiritum</strong></span> <span class='ocrx_word' id='word_1_536' title='bbox 1640 5157 1761 5224; x_wconf 76' lang='lat' dir='ltr'><strong>ﬁdei</strong></span> <span class='ocrx_word' id='word_1_537' title='bbox 1785 5197 1801 5222; x_wconf 88' lang='lat'><strong>,</strong></span> <span class='ocrx_word' id='word_1_538' title='bbox 1833 5169 1886 5214; x_wconf 90' lang='lat' dir='ltr'><strong>et</strong></span> 
     </span>
    </p>
   </div>
   <div class='ocr_carea' id='block_1_69' title="bbox 295 5230 1886 5310">
    <p class='ocr_par' dir='ltr' id='par_1_69' title="bbox 295 5230 1886 5310">
     <span class='ocr_line' id='line_1_69' title="bbox 295 5230 1886 5310; baseline 0.019 -35"><span class='ocrx_word' id='word_1_539' title='bbox 295 5241 401 5292; x_wconf 59' lang='grc' dir='ltr'>ιιι-τη</span> <span class='ocrx_word' id='word_1_540' title='bbox 423 5230 762 5286; x_wconf 81' lang='lat' dir='ltr'><strong>multitudine</strong></span> <span class='ocrx_word' id='word_1_541' title='bbox 786 5249 972 5288; x_wconf 76' lang='lat' dir='ltr'><strong>eorum</strong></span> <span class='ocrx_word' id='word_1_542' title='bbox 995 5253 1115 5306; x_wconf 68' lang='lat' dir='ltr'><strong>qua:</strong></span> <span class='ocrx_word' id='word_1_543' title='bbox 1142 5240 1248 5308; x_wconf 84' lang='lat' dir='ltr'><strong>jam</strong></span> <span class='ocrx_word' id='word_1_544' title='bbox 1273 5241 1534 5310; x_wconf 78' lang='lat' dir='ltr'><strong>dixeram,</strong></span> <span class='ocrx_word' id='word_1_545' title='bbox 1567 5261 1670 5302; x_wconf 91' lang='lat' dir='ltr'><strong>non</strong></span> <span class='ocrx_word' id='word_1_546' title='bbox 1705 5250 1886 5308; x_wconf 87' lang='lat' dir='ltr'><strong>liceret</strong></span> 
     </span>
    </p>
   </div>
   <div class='ocr_carea' id='block_1_70' title="bbox 300 5319 1884 5408">
    <p class='ocr_par' dir='ltr' id='par_1_70' title="bbox 300 5319 1884 5408">
     <span class='ocr_line' id='line_1_70' title="bbox 300 5319 1884 5408; baseline 0.02 -41"><span class='ocrx_word' id='word_1_547' title='bbox 300 5319 445 5371; x_wconf 77' lang='lat' dir='ltr'><strong>uiam</strong></span> <span class='ocrx_word' id='word_1_548' title='bbox 476 5321 590 5374; x_wconf 67' lang='lat' dir='ltr'><strong>tunc</strong></span> <span class='ocrx_word' id='word_1_549' title='bbox 620 5323 781 5377; x_wconf 86' lang='lat' dir='ltr'><strong>verba</strong></span> <span class='ocrx_word' id='word_1_550' title='bbox 805 5325 1088 5395; x_wconf 83' lang='lat' dir='ltr'><strong>diligenter</strong></span> <span class='ocrx_word' id='word_1_551' title='bbox 1107 5344 1360 5387; x_wconf 85' lang='lat' dir='ltr'><strong>enarrare</strong></span> <span class='ocrx_word' id='word_1_552' title='bbox 1387 5352 1399 5387; x_wconf 88' lang='lat'><strong>:</strong></span> <span class='ocrx_word' id='word_1_553' title='bbox 1427 5336 1545 5390; x_wconf 88' lang='lat' dir='ltr'><strong>ideo</strong></span> <span class='ocrx_word' id='word_1_554' title='bbox 1576 5339 1626 5391; x_wconf 92' lang='lat' dir='ltr'><strong>in</strong></span> <span class='ocrx_word' id='word_1_555' title='bbox 1657 5355 1884 5408; x_wconf 67' lang='lat' dir='ltr'><strong>praesen-</strong></span> 
     </span>
    </p>
   </div>
   <div class='ocr_carea' id='block_1_71' title="bbox 305 5409 1880 5488">
    <p class='ocr_par' dir='ltr' id='par_1_71' title="bbox 305 5409 1880 5488">
     <span class='ocr_line' id='line_1_71' title="bbox 305 5409 1880 5488; baseline 0.017 -27"><span class='ocrx_word' id='word_1_556' title='bbox 305 5424 393 5461; x_wconf 88' lang='lat' dir='ltr'><strong>em</strong></span> <span class='ocrx_word' id='word_1_557' title='bbox 421 5409 562 5466; x_wconf 73' lang='lat' dir='ltr'><strong>diem</strong></span> <span class='ocrx_word' id='word_1_558' title='bbox 588 5428 648 5466; x_wconf 89' lang='lat' dir='ltr'><strong>ea</strong></span> <span class='ocrx_word' id='word_1_559' title='bbox 679 5419 1035 5482; x_wconf 77' lang='lat' dir='ltr'><strong>reposuimus,</strong></span> <span class='ocrx_word' id='word_1_560' title='bbox 1062 5429 1116 5471; x_wconf 88' lang='lat' dir='ltr'><strong>et</strong></span> <span class='ocrx_word' id='word_1_561' title='bbox 1141 5438 1280 5475; x_wconf 74' lang='lat' dir='ltr'><strong>nunc</strong></span> <span class='ocrx_word' id='word_1_562' title='bbox 1310 5423 1433 5479; x_wconf 89' lang='lat' dir='ltr'><strong>illud</strong></span> <span class='ocrx_word' id='word_1_563' title='bbox 1464 5426 1699 5482; x_wconf 89' lang='lat' dir='ltr'><strong>debitmn</strong></span> <span class='ocrx_word' id='word_1_564' title='bbox 1731 5434 1880 5488; x_wconf 85' lang='lat' dir='ltr'><strong>vobis</strong></span> 
     </span>
    </p>
   </div>
   <div class='ocr_carea' id='block_1_72' title="bbox 282 5500 1879 5580">
    <p class='ocr_par' dir='ltr' id='par_1_72' title="bbox 282 5500 1879 5580">
     <span class='ocr_line' id='line_1_72' title="bbox 282 5500 1879 5580; baseline 0.014 -26"><span class='ocrx_word' id='word_1_565' title='bbox 282 5500 543 5557; x_wconf 82' lang='lat' dir='ltr'><strong>reddituri</strong></span> <span class='ocrx_word' id='word_1_566' title='bbox 574 5506 835 5561; x_wconf 83' lang='lat' dir='ltr'><strong>venimus.</strong></span> <span class='ocrx_word' id='word_1_567' title='bbox 872 5509 977 5564; x_wconf 85' lang='lat' dir='ltr'><strong>Cur</strong></span> <span class='ocrx_word' id='word_1_568' title='bbox 1022 5511 1178 5580; x_wconf 83' lang='lat' dir='ltr'><strong>igitur</strong></span> <span class='ocrx_word' id='word_1_569' title='bbox 1221 5514 1354 5569; x_wconf 73' lang='lat' dir='ltr'><strong>dixit</strong></span> <span class='ocrx_word' id='word_1_570' title='bbox 1378 5557 1393 5580; x_wconf 90' lang='lat'><strong>,</strong></span> <span class='ocrx_word' id='word_1_571' title='bbox 1442 5517 1739 5575; x_wconf 80' lang='lat' dir='ltr'><strong>Eamdem?</strong></span> <span class='ocrx_word' id='word_1_572' title='bbox 1770 5524 1879 5577; x_wconf 84' lang='lat' dir='ltr'><strong>Ma-</strong></span> 
     </span>
    </p>
   </div>
   <div class='ocr_carea' id='block_1_73' title="bbox 345 5651 1879 5740">
    <p class='ocr_par' dir='ltr' id='par_1_73' title="bbox 345 5651 1879 5740">
     <span class='ocr_line' id='line_1_73' title="bbox 345 5651 1879 5740; baseline 0.02 -44"><span class='ocrx_word' id='word_1_573' title='bbox 345 5651 970 5740; x_wconf 38' lang='lat' dir='ltr'><strong>lluonstsszifj&#39;u‘sdcm</strong></span> <span class='ocrx_word' id='word_1_574' title='bbox 984 5676 1005 5740; x_wconf 55' lang='grc' dir='ltr'><em>ί</em></span> <span class='ocrx_word' id='word_1_575' title='bbox 1031 5663 1189 5740; x_wconf 82' lang='lat' dir='ltr'><strong>pridie</strong></span> <span class='ocrx_word' id='word_1_576' title='bbox 1214 5671 1643 5740; x_wconf 68' lang='lat' dir='ltr'><strong>sermocinatusde</strong></span> <span class='ocrx_word' id='word_1_577' title='bbox 1667 5677 1743 5727; x_wconf 85' lang='lat' dir='ltr'><strong>his</strong></span> <span class='ocrx_word' id='word_1_578' title='bbox 1765 5692 1879 5740; x_wconf 82' lang='lat' dir='ltr'><strong>apo-</strong></span> 
     </span>
    </p>
   </div>
   <div class='ocr_carea' id='block_1_74' title="bbox 277 5714 1860 5798">
    <p class='ocr_par' dir='ltr' id='par_1_74' title="bbox 277 5714 1860 5798">
     <span class='ocr_line' id='line_1_74' title="bbox 277 5714 1860 5798; baseline 0.015 -31"><span class='ocrx_word' id='word_1_579' title='bbox 277 5714 448 5798; x_wconf 32' lang='lat' dir='ltr'><strong>‘i&#39;c‘</strong></span> <span class='ocrx_word' id='word_1_580' title='bbox 462 5714 894 5798; x_wconf 28' lang='lat' dir='ltr'><strong>fis-.Lf‘lttabentfs</strong></span> <span class='ocrx_word' id='word_1_581' title='bbox 913 5714 1073 5798; x_wconf 63' lang='lat' dir='ltr'><strong>autem</strong></span> <span class='ocrx_word' id='word_1_582' title='bbox 1095 5714 1710 5798; x_wconf 47' lang='lat' dir='ltr'><strong>eumdem:</strong></span> 
     </span>
    </p>
   </div>
   <div class='ocr_carea' id='block_1_75' title="bbox 279 5778 1812 5851">
    <p class='ocr_par' dir='ltr' id='par_1_75' title="bbox 279 5778 1812 5851">
     <span class='ocr_line' id='line_1_75' title="bbox 279 5778 1812 5851; baseline 0.007 -30"><span class='ocrx_word' id='word_1_583' title='bbox 279 5778 448 5826; x_wconf 74' lang='lat' dir='ltr'><strong>iterum</strong></span> <span class='ocrx_word' id='word_1_584' title='bbox 475 5778 538 5829; x_wconf 77' lang='lat' dir='ltr'><strong>de</strong></span> <span class='ocrx_word' id='word_1_585' title='bbox 561 5778 733 5830; x_wconf 74' lang='lat' dir='ltr'><strong>iisdem</strong></span> <span class='ocrx_word' id='word_1_586' title='bbox 756 5785 908 5836; x_wconf 70' lang='lat' dir='ltr'><strong>verbis</strong></span> <span class='ocrx_word' id='word_1_587' title='bbox 933 5789 1194 5840; x_wconf 83' lang='lat' dir='ltr'><strong>orationem</strong></span> <span class='ocrx_word' id='word_1_588' title='bbox 1219 5778 1533 5851; x_wconf 55' lang='grc' dir='ltr'><strong>ηεμινὲαὶέιᾶἶ,⁷</strong></span> <span class='ocrx_word' id='word_1_589' title='bbox 1728 5778 1812 5801; x_wconf 69' lang='grc'><strong>“”</strong></span> 
     </span>
    </p>
   </div>
   <div class='ocr_carea' id='block_1_76' title="bbox 1925 1985 2033 2039">
    <p class='ocr_par' dir='ltr' id='par_1_76' title="bbox 1925 1985 2033 2039">
     <span class='ocr_line' id='line_1_76' title="bbox 1925 1985 2033 2039; baseline 0 0"><span class='ocrx_word' id='word_1_590' title='bbox 1925 1985 2033 2039; x_wconf 63' lang='lat' dir='ltr'><strong>EE</strong></span> 
     </span>
    </p>
   </div>
   <div class='ocr_carea' id='block_1_77' title="bbox 2041 2005 2276 2018">
    <p class='ocr_par' dir='ltr' id='par_1_77' title="bbox 2041 2005 2276 2018">
     <span class='ocr_line' id='line_1_77' title="bbox 2041 2005 2276 2018; baseline 0.021 -5"><span class='ocrx_word' id='word_1_591' title='bbox 2041 2005 2276 2018; x_wconf 79' lang='lat'>_</span> 
     </span>
    </p>
   </div>
   <div class='ocr_carea' id='block_1_78' title="bbox 2056 2120 3676 2196">
    <p class='ocr_par' dir='ltr' id='par_1_78' title="bbox 2056 2120 3676 2196">
     <span class='ocr_line' id='line_1_78' title="bbox 2056 2120 3676 2196; baseline -0.001 -17"><span class='ocrx_word' id='word_1_592' title='bbox 2056 2139 2216 2195; x_wconf 78' lang='lat' dir='ltr'><strong>gnam</strong></span> <span class='ocrx_word' id='word_1_593' title='bbox 2258 2125 2634 2196; x_wconf 80' lang='lat' dir='ltr'><strong>cognationem</strong></span> <span class='ocrx_word' id='word_1_594' title='bbox 2677 2123 2812 2180; x_wconf 83' lang='lat' dir='ltr'><strong>Novi</strong></span> <span class='ocrx_word' id='word_1_595' title='bbox 2856 2123 3191 2181; x_wconf 80' lang='lat' dir='ltr'><strong>Testamenti</strong></span> <span class='ocrx_word' id='word_1_596' title='bbox 3227 2133 3283 2181; x_wconf 88' lang='lat' dir='ltr'><strong>et</strong></span> <span class='ocrx_word' id='word_1_597' title='bbox 3316 2120 3528 2179; x_wconf 77' lang='lat' dir='ltr'><strong>Veteris</strong></span> <span class='ocrx_word' id='word_1_598' title='bbox 3559 2122 3676 2178; x_wconf 88' lang='lat' dir='ltr'><strong>vult</strong></span> 
     </span>
    </p>
   </div>
   <div class='ocr_carea' id='block_1_79' title="bbox 2054 2217 3671 2288">
    <p class='ocr_par' dir='ltr' id='par_1_79' title="bbox 2054 2217 3671 2288">
     <span class='ocr_line' id='line_1_79' title="bbox 2054 2217 3671 2288; baseline -0.001 -18"><span class='ocrx_word' id='word_1_599' title='bbox 2054 2219 2342 2273; x_wconf 82' lang='lat' dir='ltr'><strong>ostendere</strong></span> <span class='ocrx_word' id='word_1_600' title='bbox 2369 2236 2382 2272; x_wconf 93' lang='lat'>:</span> <span class='ocrx_word' id='word_1_601' title='bbox 2415 2218 2533 2272; x_wconf 90' lang='lat' dir='ltr'><strong>ideo</strong></span> <span class='ocrx_word' id='word_1_602' title='bbox 2562 2217 2839 2288; x_wconf 75' lang='lat' dir='ltr'><strong>propheta:</strong></span> <span class='ocrx_word' id='word_1_603' title='bbox 2867 2217 3027 2271; x_wconf 88' lang='lat' dir='ltr'><strong>etiam</strong></span> <span class='ocrx_word' id='word_1_604' title='bbox 3060 2218 3221 2270; x_wconf 85' lang='lat' dir='ltr'><strong>verba</strong></span> <span class='ocrx_word' id='word_1_605' title='bbox 3251 2217 3406 2270; x_wconf 85' lang='lat' dir='ltr'><strong>nobis</strong></span> <span class='ocrx_word' id='word_1_606' title='bbox 3431 2229 3671 2273; x_wconf 68' lang='lat' dir='ltr'><strong>comme-</strong></span> 
     </span>
    </p>
   </div>
   <div class='ocr_carea' id='block_1_80' title="bbox 2043 2307 3675 2380">
    <p class='ocr_par' dir='ltr' id='par_1_80' title="bbox 2043 2307 3675 2380">
     <span class='ocr_line' id='line_1_80' title="bbox 2043 2307 3675 2380; baseline 0.002 -20"><span class='ocrx_word' id='word_1_607' title='bbox 2043 2319 2230 2380; x_wconf 38' lang='lat' dir='ltr'><strong>lmorat</strong></span> <span class='ocrx_word' id='word_1_608' title='bbox 2259 2310 2444 2364; x_wconf 84' lang='lat' dir='ltr'><strong>dicens</strong></span> <span class='ocrx_word' id='word_1_609' title='bbox 2477 2327 2490 2363; x_wconf 92' lang='lat'>:</span> <span class='ocrx_word' id='word_1_610' title='bbox 2530 2307 2785 2364; x_wconf 81' lang='lat' dir='ltr'><strong>Habentes</strong></span> <span class='ocrx_word' id='word_1_611' title='bbox 2813 2321 2982 2363; x_wconf 77' lang='lat' dir='ltr'><strong>autem</strong></span> <span class='ocrx_word' id='word_1_612' title='bbox 3017 2310 3247 2363; x_wconf 62' lang='lat' dir='ltr'><strong>eundem</strong></span> <span class='ocrx_word' id='word_1_613' title='bbox 3293 2309 3585 2379; x_wconf 84' lang='lat' dir='ltr'><strong>Spiritum;</strong></span> <span class='ocrx_word' id='word_1_614' title='bbox 3615 2317 3675 2364; x_wconf 83' lang='lat' dir='ltr'><strong>et</strong></span> 
     </span>
    </p>
   </div>
   <div class='ocr_carea' id='block_1_81' title="bbox 2051 2397 3672 2470">
    <p class='ocr_par' dir='ltr' id='par_1_81' title="bbox 2051 2397 3672 2470">
     <span class='ocr_line' id='line_1_81' title="bbox 2051 2397 3672 2470; baseline 0.001 -19"><span class='ocrx_word' id='word_1_615' title='bbox 2051 2397 2312 2467; x_wconf 69' lang='lat' dir='ltr'><strong>adjiciens</strong></span> <span class='ocrx_word' id='word_1_616' title='bbox 2347 2418 2360 2453; x_wconf 91' lang='lat'><strong>:</strong></span> <span class='ocrx_word' id='word_1_617' title='bbox 2389 2400 2537 2454; x_wconf 82' lang='lat' dir='ltr'><strong>Sicut</strong></span> <span class='ocrx_word' id='word_1_618' title='bbox 2561 2401 2810 2469; x_wconf 79' lang='lat' dir='ltr'><strong>scriptum</strong></span> <span class='ocrx_word' id='word_1_619' title='bbox 2828 2411 2902 2456; x_wconf 84' lang='lat' dir='ltr'><strong>est</strong></span> <span class='ocrx_word' id='word_1_620' title='bbox 2922 2417 2938 2454; x_wconf 94' lang='lat'><em>:</em></span> <span class='ocrx_word' id='word_1_621' title='bbox 2958 2399 3163 2454; x_wconf 84' lang='lat' dir='ltr'><strong>Credidi</strong></span> <span class='ocrx_word' id='word_1_622' title='bbox 3190 2410 3397 2470; x_wconf 78' lang='lat' dir='ltr'><strong>propter</strong></span> <span class='ocrx_word' id='word_1_623' title='bbox 3421 2399 3557 2470; x_wconf 85' lang='lat' dir='ltr'><strong>quod</strong></span> <span class='ocrx_word' id='word_1_624' title='bbox 3583 2399 3672 2453; x_wconf 81' lang='lat' dir='ltr'><strong>lo-</strong></span> 
     </span>
    </p>
   </div>
   <div class='ocr_carea' id='block_1_82' title="bbox 2057 2489 3666 2561">
    <p class='ocr_par' dir='ltr' id='par_1_82' title="bbox 2057 2489 3666 2561">
     <span class='ocr_line' id='line_1_82' title="bbox 2057 2489 3666 2561; baseline 0.001 -20"><span class='ocrx_word' id='word_1_625' title='bbox 2057 2499 2244 2557; x_wconf 83' lang='lat' dir='ltr'><strong>quatas</strong></span> <span class='ocrx_word' id='word_1_626' title='bbox 2261 2507 2373 2544; x_wconf 85' lang='lat' dir='ltr'><strong>sum</strong></span> <span class='ocrx_word' id='word_1_627' title='bbox 2403 2489 2576 2555; x_wconf 84' lang='lat' dir='ltr'><strong>(Psal.</strong></span> <span class='ocrx_word' id='word_1_628' title='bbox 2605 2492 2727 2546; x_wconf 75' lang='grc'><strong>115.</strong></span> <span class='ocrx_word' id='word_1_629' title='bbox 2760 2489 2873 2561; x_wconf 79' lang='grc'><strong>10).</strong></span> <span class='ocrx_word' id='word_1_630' title='bbox 2899 2490 3012 2545; x_wconf 83' lang='lat' dir='ltr'><strong>Hoc</strong></span> <span class='ocrx_word' id='word_1_631' title='bbox 3041 2501 3220 2546; x_wconf 87' lang='lat' dir='ltr'><strong>autem</strong></span> <span class='ocrx_word' id='word_1_632' title='bbox 3251 2491 3568 2559; x_wconf 84' lang='lat' dir='ltr'><strong>jamdudum</strong></span> <span class='ocrx_word' id='word_1_633' title='bbox 3607 2497 3666 2544; x_wconf 88' lang='lat' dir='ltr'><strong>ct</strong></span> 
     </span>
    </p>
   </div>
   <div class='ocr_carea' id='block_1_83' title="bbox 2049 2582 3665 2654">
    <p class='ocr_par' dir='ltr' id='par_1_83' title="bbox 2049 2582 3665 2654">
     <span class='ocr_line' id='line_1_83' title="bbox 2049 2582 3665 2654; baseline 0.002 -20"><span class='ocrx_word' id='word_1_634' title='bbox 2049 2594 2176 2636; x_wconf 91' lang='lat' dir='ltr'><strong>ante</strong></span> <span class='ocrx_word' id='word_1_635' title='bbox 2206 2583 2401 2637; x_wconf 90' lang='lat' dir='ltr'><strong>multas</strong></span> <span class='ocrx_word' id='word_1_636' title='bbox 2423 2592 2611 2638; x_wconf 76' lang='lat' dir='ltr'><strong>aetates</strong></span> <span class='ocrx_word' id='word_1_637' title='bbox 2645 2583 2808 2638; x_wconf 85' lang='lat' dir='ltr'><strong>David</strong></span> <span class='ocrx_word' id='word_1_638' title='bbox 2847 2584 3094 2649; x_wconf 76' lang='lat' dir='ltr'><strong>dixerat,</strong></span> <span class='ocrx_word' id='word_1_639' title='bbox 3123 2582 3268 2654; x_wconf 86' lang='lat' dir='ltr'><strong>quod</strong></span> <span class='ocrx_word' id='word_1_640' title='bbox 3296 2598 3437 2638; x_wconf 90' lang='lat' dir='ltr'><strong>nunc</strong></span> <span class='ocrx_word' id='word_1_641' title='bbox 3465 2582 3665 2637; x_wconf 84' lang='lat' dir='ltr'><strong>Paulus</strong></span> 
     </span>
    </p>
   </div>
   <div class='ocr_carea' id='block_1_84' title="bbox 2050 2672 3665 2744">
    <p class='ocr_par' dir='ltr' id='par_1_84' title="bbox 2050 2672 3665 2744">
     <span class='ocr_line' id='line_1_84' title="bbox 2050 2672 3665 2744; baseline 0.001 -19"><span class='ocrx_word' id='word_1_642' title='bbox 2050 2672 2295 2740; x_wconf 77' lang='lat' dir='ltr'><strong>adduxit,</strong></span> <span class='ocrx_word' id='word_1_643' title='bbox 2338 2674 2584 2729; x_wconf 88' lang='lat' dir='ltr'><strong>indicans</strong></span> <span class='ocrx_word' id='word_1_644' title='bbox 2619 2675 2866 2729; x_wconf 87' lang='lat' dir='ltr'><strong>eamdem</strong></span> <span class='ocrx_word' id='word_1_645' title='bbox 2907 2673 3139 2743; x_wconf 78' lang='lat' dir='ltr'><strong>Spiritus</strong></span> <span class='ocrx_word' id='word_1_646' title='bbox 3168 2673 3420 2744; x_wconf 76' lang='lat' dir='ltr'><strong>gratiam,</strong></span> <span class='ocrx_word' id='word_1_647' title='bbox 3449 2683 3508 2729; x_wconf 88' lang='lat' dir='ltr'><strong>et</strong></span> <span class='ocrx_word' id='word_1_648' title='bbox 3539 2682 3665 2727; x_wconf 88' lang='lat' dir='ltr'><strong>tunc</strong></span> 
     </span>
    </p>
   </div>
   <div class='ocr_carea' id='block_1_85' title="bbox 2048 2762 3664 2835">
    <p class='ocr_par' dir='ltr' id='par_1_85' title="bbox 2048 2762 3664 2835">
     <span class='ocr_line' id='line_1_85' title="bbox 2048 2762 3664 2835; baseline 0.002 -20"><span class='ocrx_word' id='word_1_649' title='bbox 2048 2762 2102 2816; x_wconf 92' lang='lat' dir='ltr'><strong>in</strong></span> <span class='ocrx_word' id='word_1_650' title='bbox 2144 2763 2236 2818; x_wconf 92' lang='lat' dir='ltr'><strong>illo</strong></span> <span class='ocrx_word' id='word_1_651' title='bbox 2259 2806 2276 2831; x_wconf 96' lang='lat'><strong>,</strong></span> <span class='ocrx_word' id='word_1_652' title='bbox 2315 2773 2372 2819; x_wconf 89' lang='lat' dir='ltr'><strong>ct</strong></span> <span class='ocrx_word' id='word_1_653' title='bbox 2409 2780 2550 2820; x_wconf 91' lang='lat' dir='ltr'><strong>nunc</strong></span> <span class='ocrx_word' id='word_1_654' title='bbox 2581 2766 2635 2820; x_wconf 90' lang='lat' dir='ltr'><strong>in</strong></span> <span class='ocrx_word' id='word_1_655' title='bbox 2667 2765 2850 2827; x_wconf 67' lang='lat' dir='ltr'><strong>unius.</strong></span> <span class='ocrx_word' id='word_1_656' title='bbox 2888 2762 3007 2820; x_wconf 89' lang='lat' dir='ltr'><strong>fidei</strong></span> <span class='ocrx_word' id='word_1_657' title='bbox 3041 2765 3250 2820; x_wconf 80' lang='lat' dir='ltr'><strong>radices</strong></span> <span class='ocrx_word' id='word_1_658' title='bbox 3278 2765 3521 2835; x_wconf 82' lang='lat' dir='ltr'><strong>posuisse</strong></span> <span class='ocrx_word' id='word_1_659' title='bbox 3550 2783 3568 2820; x_wconf 84' lang='lat'><strong>;</strong></span> <span class='ocrx_word' id='word_1_660' title='bbox 3596 2778 3664 2819; x_wconf 88' lang='lat' dir='ltr'><strong>ac</strong></span> 
     </span>
    </p>
   </div>
   <div class='ocr_carea' id='block_1_86' title="bbox 2043 2853 3656 2927">
    <p class='ocr_par' dir='ltr' id='par_1_86' title="bbox 2043 2853 3656 2927">
     <span class='ocr_line' id='line_1_86' title="bbox 2043 2853 3656 2927; baseline 0 -19"><span class='ocrx_word' id='word_1_661' title='bbox 2043 2854 2091 2908; x_wconf 83' lang='lat' dir='ltr'><strong>si</strong></span> <span class='ocrx_word' id='word_1_662' title='bbox 2121 2853 2347 2920; x_wconf 89' lang='lat' dir='ltr'><strong>diceret,</strong></span> <span class='ocrx_word' id='word_1_663' title='bbox 2382 2854 2528 2909; x_wconf 82' lang='lat' dir='ltr'><strong>Idem</strong></span> <span class='ocrx_word' id='word_1_664' title='bbox 2555 2865 2640 2910; x_wconf 88' lang='lat' dir='ltr'><strong>est</strong></span> <span class='ocrx_word' id='word_1_665' title='bbox 2663 2857 2785 2911; x_wconf 85' lang='lat' dir='ltr'><strong>fidei</strong></span> <span class='ocrx_word' id='word_1_666' title='bbox 2815 2854 3070 2927; x_wconf 87' lang='lat' dir='ltr'><strong>Spiritus,</strong></span> <span class='ocrx_word' id='word_1_667' title='bbox 3090 2857 3178 2926; x_wconf 90' lang='lat' dir='ltr'><strong>qui</strong></span> <span class='ocrx_word' id='word_1_668' title='bbox 3203 2855 3256 2910; x_wconf 90' lang='lat' dir='ltr'><strong>in</strong></span> <span class='ocrx_word' id='word_1_669' title='bbox 3285 2856 3376 2910; x_wconf 92' lang='lat' dir='ltr'><strong>illo</strong></span> <span class='ocrx_word' id='word_1_670' title='bbox 3405 2856 3656 2926; x_wconf 84' lang='lat' dir='ltr'><strong>loquutus</strong></span> 
     </span>
    </p>
   </div>
   <div class='ocr_carea' id='block_1_87' title="bbox 2042 2946 2811 3016">
    <p class='ocr_par' dir='ltr' id='par_1_87' title="bbox 2042 2946 2811 3016">
     <span class='ocr_line' id='line_1_87' title="bbox 2042 2946 2811 3016; baseline 0.001 -17"><span class='ocrx_word' id='word_1_671' title='bbox 2042 2953 2128 2999; x_wconf 78' lang='lat' dir='ltr'><strong>’est</strong></span> <span class='ocrx_word' id='word_1_672' title='bbox 2151 2986 2166 3010; x_wconf 89' lang='lat'><strong>,</strong></span> <span class='ocrx_word' id='word_1_673' title='bbox 2193 2956 2247 3000; x_wconf 88' lang='lat' dir='ltr'><strong>et</strong></span> <span class='ocrx_word' id='word_1_674' title='bbox 2278 2946 2330 3000; x_wconf 90' lang='lat' dir='ltr'><strong>in</strong></span> <span class='ocrx_word' id='word_1_675' title='bbox 2356 2946 2509 3000; x_wconf 88' lang='lat' dir='ltr'><strong>nobis</strong></span> <span class='ocrx_word' id='word_1_676' title='bbox 2536 2959 2811 3016; x_wconf 86' lang='lat' dir='ltr'><strong>operatus.</strong></span> 
     </span>
    </p>
   </div>
   <div class='ocr_carea' id='block_1_88' title="bbox 2119 3036 3657 3109">
    <p class='ocr_par' dir='ltr' id='par_1_88' title="bbox 2119 3036 3657 3109">
     <span class='ocr_line' id='line_1_88' title="bbox 2119 3036 3657 3109; baseline 0.001 -17"><span class='ocrx_word' id='word_1_677' title='bbox 2119 3037 2177 3092; x_wconf 73' lang='grc'><strong>2.</strong></span> <span class='ocrx_word' id='word_1_678' title='bbox 2218 3036 2410 3092; x_wconf 86' lang='lat' dir='ltr'><strong>Contra</strong></span> <span class='ocrx_word' id='word_1_679' title='bbox 2442 3036 2778 3094; x_wconf 68' lang='lat' dir='ltr'><strong>illauiclueos.</strong></span> <span class='ocrx_word' id='word_1_680' title='bbox 2806 3069 2877 3079; x_wconf 93' lang='lat'><strong>—</strong></span> <span class='ocrx_word' id='word_1_681' title='bbox 2907 3038 3009 3096; x_wconf 87' lang='lat' dir='ltr'><strong>Ubi</strong></span> <span class='ocrx_word' id='word_1_682' title='bbox 3038 3055 3181 3094; x_wconf 90' lang='lat' dir='ltr'><strong>nunc</strong></span> <span class='ocrx_word' id='word_1_683' title='bbox 3221 3047 3347 3093; x_wconf 88' lang='lat' dir='ltr'><strong>sunt</strong></span> <span class='ocrx_word' id='word_1_684' title='bbox 3374 3039 3464 3109; x_wconf 90' lang='lat' dir='ltr'><strong>qui</strong></span> <span class='ocrx_word' id='word_1_685' title='bbox 3489 3037 3657 3093; x_wconf 83' lang='lat' dir='ltr'><strong>Vetus</strong></span> 
     </span>
    </p>
   </div>
   <div class='ocr_carea' id='block_1_89' title="bbox 2043 3128 3658 3202">
    <p class='ocr_par' dir='ltr' id='par_1_89' title="bbox 2043 3128 3658 3202">
     <span class='ocr_line' id='line_1_89' title="bbox 2043 3128 3658 3202; baseline 0.002 -19"><span class='ocrx_word' id='word_1_686' title='bbox 2043 3128 2454 3184; x_wconf 85' lang='lat' dir='ltr'><strong>Testamentum</strong></span> <span class='ocrx_word' id='word_1_687' title='bbox 2485 3131 2863 3196; x_wconf 88' lang='lat' dir='ltr'><strong>criminantur,</strong></span> <span class='ocrx_word' id='word_1_688' title='bbox 2895 3133 2984 3202; x_wconf 90' lang='lat' dir='ltr'><strong>qui</strong></span> <span class='ocrx_word' id='word_1_689' title='bbox 3014 3146 3213 3200; x_wconf 90' lang='lat' dir='ltr'><strong>corpus</strong></span> <span class='ocrx_word' id='word_1_690' title='bbox 3238 3132 3532 3201; x_wconf 68' lang='lat' dir='ltr'><strong>Scriptura:</strong></span> <span class='ocrx_word' id='word_1_691' title='bbox 3578 3133 3658 3187; x_wconf 90' lang='lat' dir='ltr'><strong>di-</strong></span> 
     </span>
    </p>
   </div>
   <div class='ocr_carea' id='block_1_90' title="bbox 2040 3221 3664 3291">
    <p class='ocr_par' dir='ltr' id='par_1_90' title="bbox 2040 3221 3664 3291">
     <span class='ocr_line' id='line_1_90' title="bbox 2040 3221 3664 3291; baseline 0.004 -18"><span class='ocrx_word' id='word_1_692' title='bbox 2040 3221 2299 3287; x_wconf 87' lang='lat' dir='ltr'><strong>lacerant,</strong></span> <span class='ocrx_word' id='word_1_693' title='bbox 2333 3223 2424 3290; x_wconf 86' lang='lat' dir='ltr'><strong>qui</strong></span> <span class='ocrx_word' id='word_1_694' title='bbox 2471 3221 2634 3277; x_wconf 90' lang='lat' dir='ltr'><strong>alium</strong></span> <span class='ocrx_word' id='word_1_695' title='bbox 2678 3221 2858 3291; x_wconf 80' lang='lat' dir='ltr'><strong>Novo,</strong></span> <span class='ocrx_word' id='word_1_696' title='bbox 2902 3225 3066 3278; x_wconf 90' lang='lat' dir='ltr'><strong>alium</strong></span> <span class='ocrx_word' id='word_1_697' title='bbox 3092 3223 3272 3279; x_wconf 81' lang='lat' dir='ltr'><strong>Veteri</strong></span> <span class='ocrx_word' id='word_1_698' title='bbox 3307 3223 3664 3279; x_wconf 79' lang='lat' dir='ltr'><strong>Testamento</strong></span> 
     </span>
    </p>
   </div>
   <div class='ocr_carea' id='block_1_91' title="bbox 2040 3312 3652 3387">
    <p class='ocr_par' dir='ltr' id='par_1_91' title="bbox 2040 3312 3652 3387">
     <span class='ocr_line' id='line_1_91' title="bbox 2040 3312 3652 3387; baseline 0.002 -18"><span class='ocrx_word' id='word_1_699' title='bbox 2040 3312 2210 3370; x_wconf 86' lang='lat' dir='ltr'><strong>Deum</strong></span> <span class='ocrx_word' id='word_1_700' title='bbox 2235 3314 2573 3369; x_wconf 90' lang='lat' dir='ltr'><strong>attribuunt?</strong></span> <span class='ocrx_word' id='word_1_701' title='bbox 2605 3316 2841 3370; x_wconf 85' lang='lat' dir='ltr'><strong>Audiant</strong></span> <span class='ocrx_word' id='word_1_702' title='bbox 2873 3317 3093 3371; x_wconf 75' lang='lat' dir='ltr'><strong>l’aulum</strong></span> <span class='ocrx_word' id='word_1_703' title='bbox 3143 3317 3304 3387; x_wconf 89' lang='lat' dir='ltr'><strong>impia</strong></span> <span class='ocrx_word' id='word_1_704' title='bbox 3351 3331 3449 3373; x_wconf 88' lang='lat' dir='ltr'><strong>ora</strong></span> <span class='ocrx_word' id='word_1_705' title='bbox 3493 3318 3652 3372; x_wconf 90' lang='lat' dir='ltr'><strong>obtu-</strong></span> 
     </span>
    </p>
   </div>
   <div class='ocr_carea' id='block_1_92' title="bbox 2037 3409 3659 3480">
    <p class='ocr_par' dir='ltr' id='par_1_92' title="bbox 2037 3409 3659 3480">
     <span class='ocr_line' id='line_1_92' title="bbox 2037 3409 3659 3480; baseline 0.004 -20"><span class='ocrx_word' id='word_1_706' title='bbox 2037 3416 2269 3473; x_wconf 88' lang='lat' dir='ltr'><strong>rantem,</strong></span> <span class='ocrx_word' id='word_1_707' title='bbox 2319 3409 2739 3479; x_wconf 87' lang='lat' dir='ltr'><strong>impugnatriccs</strong></span> <span class='ocrx_word' id='word_1_708' title='bbox 2792 3409 2886 3465; x_wconf 89' lang='lat' dir='ltr'><strong>Dei</strong></span> <span class='ocrx_word' id='word_1_709' title='bbox 2934 3411 3142 3480; x_wconf 86' lang='lat' dir='ltr'><strong>linguas</strong></span> <span class='ocrx_word' id='word_1_710' title='bbox 3189 3409 3564 3477; x_wconf 87' lang='lat' dir='ltr'><strong>eohihentetn,</strong></span> <span class='ocrx_word' id='word_1_711' title='bbox 3598 3421 3659 3466; x_wconf 80' lang='lat' dir='ltr'><strong>et.-</strong></span> 
     </span>
    </p>
   </div>
   <div class='ocr_carea' id='block_1_93' title="bbox 2037 3499 3658 3572">
    <p class='ocr_par' dir='ltr' id='par_1_93' title="bbox 2037 3499 3658 3572">
     <span class='ocr_line' id='line_1_93' title="bbox 2037 3499 3658 3572; baseline 0.005 -20"><span class='ocrx_word' id='word_1_712' title='bbox 2037 3499 2139 3554; x_wconf 85' lang='lat' dir='ltr'><strong>ltoc</strong></span> <span class='ocrx_word' id='word_1_713' title='bbox 2168 3500 2313 3556; x_wconf 88' lang='lat' dir='ltr'><strong>dicto</strong></span> <span class='ocrx_word' id='word_1_714' title='bbox 2355 3501 2734 3556; x_wconf 87' lang='lat' dir='ltr'><strong>ostendenletn</strong></span> <span class='ocrx_word' id='word_1_715' title='bbox 2777 3503 3026 3557; x_wconf 88' lang='lat' dir='ltr'><strong>eumdem</strong></span> <span class='ocrx_word' id='word_1_716' title='bbox 3070 3517 3191 3558; x_wconf 86' lang='lat' dir='ltr'><strong>esse</strong></span> <span class='ocrx_word' id='word_1_717' title='bbox 3236 3504 3497 3572; x_wconf 76' lang='lat' dir='ltr'><strong>Spiritum</strong></span> <span class='ocrx_word' id='word_1_718' title='bbox 3543 3514 3658 3560; x_wconf 83' lang='lat' dir='ltr'><strong>tam</strong></span> 
     </span>
    </p>
   </div>
   <div class='ocr_carea' id='block_1_94' title="bbox 2034 3589 3658 3665">
    <p class='ocr_par' dir='ltr' id='par_1_94' title="bbox 2034 3589 3658 3665">
     <span class='ocr_line' id='line_1_94' title="bbox 2034 3589 3658 3665; baseline 0.001 -19"><span class='ocrx_word' id='word_1_719' title='bbox 2034 3589 2168 3646; x_wconf 83' lang='lat' dir='ltr'><strong>Novi</strong></span> <span class='ocrx_word' id='word_1_720' title='bbox 2197 3606 2360 3661; x_wconf 86' lang='lat' dir='ltr'><strong>quam</strong></span> <span class='ocrx_word' id='word_1_721' title='bbox 2393 3591 2607 3648; x_wconf 81' lang='lat' dir='ltr'><strong>Veteris</strong></span> <span class='ocrx_word' id='word_1_722' title='bbox 2643 3592 2994 3649; x_wconf 78' lang='lat' dir='ltr'><strong>Testameuti.</strong></span> <span class='ocrx_word' id='word_1_723' title='bbox 3027 3593 3161 3653; x_wconf 77' lang='lat' dir='ltr'><strong>Nam</strong></span> <span class='ocrx_word' id='word_1_724' title='bbox 3205 3603 3257 3649; x_wconf 90' lang='lat' dir='ltr'><strong>et</strong></span> <span class='ocrx_word' id='word_1_725' title='bbox 3289 3595 3402 3665; x_wconf 87' lang='lat' dir='ltr'><strong>ipsa</strong></span> <span class='ocrx_word' id='word_1_726' title='bbox 3433 3595 3658 3652; x_wconf 73' lang='lat' dir='ltr'><strong>nomina</strong></span> 
     </span>
    </p>
   </div>
   <div class='ocr_carea' id='block_1_95' title="bbox 2035 3683 3649 3758">
    <p class='ocr_par' dir='ltr' id='par_1_95' title="bbox 2035 3683 3649 3758">
     <span class='ocr_line' id='line_1_95' title="bbox 2035 3683 3649 3758; baseline 0.005 -24"><span class='ocrx_word' id='word_1_727' title='bbox 2035 3696 2282 3752; x_wconf 86' lang='lat' dir='ltr'><strong>magnam</strong></span> <span class='ocrx_word' id='word_1_728' title='bbox 2317 3683 2473 3738; x_wconf 87' lang='lat' dir='ltr'><strong>nobis</strong></span> <span class='ocrx_word' id='word_1_729' title='bbox 2518 3684 2988 3740; x_wconf 88' lang='lat' dir='ltr'><strong>&#39;l‘cstamentorum</strong></span> <span class='ocrx_word' id='word_1_730' title='bbox 3037 3687 3447 3742; x_wconf 84' lang='lat' dir='ltr'><strong>consonantiam</strong></span> <span class='ocrx_word' id='word_1_731' title='bbox 3477 3688 3649 3758; x_wconf 86' lang='lat' dir='ltr'><strong>signi-</strong></span> 
     </span>
    </p>
   </div>
   <div class='ocr_carea' id='block_1_96' title="bbox 2034 3772 3640 3844">
    <p class='ocr_par' dir='ltr' id='par_1_96' title="bbox 2034 3772 3640 3844">
     <span class='ocr_line' id='line_1_96' title="bbox 2034 3772 3640 3844; baseline 0.005 -18"><span class='ocrx_word' id='word_1_732' title='bbox 2034 3772 2216 3827; x_wconf 89' lang='lat' dir='ltr'><strong>ficant.</strong></span> <span class='ocrx_word' id='word_1_733' title='bbox 2260 3773 2468 3829; x_wconf 83' lang='lat' dir='ltr'><strong>Novum</strong></span> <span class='ocrx_word' id='word_1_734' title='bbox 2493 3776 2641 3831; x_wconf 83' lang='lat' dir='ltr'><strong>enim</strong></span> <span class='ocrx_word' id='word_1_735' title='bbox 2674 3775 2741 3830; x_wconf 87' lang='lat' dir='ltr'><strong>ad</strong></span> <span class='ocrx_word' id='word_1_736' title='bbox 2771 3776 3130 3833; x_wconf 71' lang='lat' dir='ltr'><strong>differentiam</strong></span> <span class='ocrx_word' id='word_1_737' title='bbox 3174 3779 3383 3835; x_wconf 86' lang='lat' dir='ltr'><strong>Veteris</strong></span> <span class='ocrx_word' id='word_1_738' title='bbox 3421 3781 3640 3844; x_wconf 84' lang='lat' dir='ltr'><strong>dicitur,</strong></span> 
     </span>
    </p>
   </div>
   <div class='ocr_carea' id='block_1_97' title="bbox 2028 3866 3636 3944">
    <p class='ocr_par' dir='ltr' id='par_1_97' title="bbox 2028 3866 3636 3944">
     <span class='ocr_line' id='line_1_97' title="bbox 2028 3866 3636 3944; baseline 0.005 -24"><span class='ocrx_word' id='word_1_739' title='bbox 2028 3875 2086 3920; x_wconf 86' lang='lat' dir='ltr'><strong>et</strong></span> <span class='ocrx_word' id='word_1_740' title='bbox 2106 3866 2268 3921; x_wconf 84' lang='lat' dir='ltr'><strong>Vetus</strong></span> <span class='ocrx_word' id='word_1_741' title='bbox 2295 3867 2362 3922; x_wconf 88' lang='lat' dir='ltr'><strong>ad</strong></span> <span class='ocrx_word' id='word_1_742' title='bbox 2388 3867 2752 3923; x_wconf 86' lang='lat' dir='ltr'><strong>differentiam</strong></span> <span class='ocrx_word' id='word_1_743' title='bbox 2773 3869 2929 3934; x_wconf 77' lang='lat' dir='ltr'><strong>Novi,</strong></span> <span class='ocrx_word' id='word_1_744' title='bbox 2961 3871 3100 3926; x_wconf 88' lang='lat' dir='ltr'><strong>sicut</strong></span> <span class='ocrx_word' id='word_1_745' title='bbox 3125 3880 3180 3926; x_wconf 89' lang='lat' dir='ltr'><strong>et</strong></span> <span class='ocrx_word' id='word_1_746' title='bbox 3206 3871 3403 3927; x_wconf 83' lang='lat' dir='ltr'><strong>Paulus</strong></span> <span class='ocrx_word' id='word_1_747' title='bbox 3431 3875 3636 3944; x_wconf 85' lang='lat' dir='ltr'><strong>inquit:</strong></span> 
     </span>
    </p>
   </div>
   <div class='ocr_carea' id='block_1_98' title="bbox 2029 3954 3647 4034">
    <p class='ocr_par' dir='ltr' id='par_1_98' title="bbox 2029 3954 3647 4034">
     <span class='ocr_line' id='line_1_98' title="bbox 2029 3954 3647 4034; baseline 0.009 -26"><span class='ocrx_word' id='word_1_748' title='bbox 2029 3954 2260 4010; x_wconf 70' lang='lat' dir='ltr'><strong>Dicenda</strong></span> <span class='ocrx_word' id='word_1_749' title='bbox 2289 3957 2514 4023; x_wconf 80' lang='lat' dir='ltr'><strong>Novam,</strong></span> <span class='ocrx_word' id='word_1_750' title='bbox 2539 3961 2820 4029; x_wconf 82' lang='lat' dir='ltr'><strong>autiquavit</strong></span> <span class='ocrx_word' id='word_1_751' title='bbox 2853 3962 2986 4016; x_wconf 85' lang='lat' dir='ltr'><strong>illud</strong></span> <span class='ocrx_word' id='word_1_752' title='bbox 3023 3964 3165 4032; x_wconf 87' lang='lat' dir='ltr'><strong>prius</strong></span> <span class='ocrx_word' id='word_1_753' title='bbox 3199 3962 3385 4030; x_wconf 79' lang='lat' dir='ltr'><strong>(Hebr.</strong></span> <span class='ocrx_word' id='word_1_754' title='bbox 3419 3966 3473 4020; x_wconf 85' lang='lat'><strong>8.</strong></span> <span class='ocrx_word' id='word_1_755' title='bbox 3520 3967 3647 4034; x_wconf 75' lang='lat' dir='ltr'><strong>l5).</strong></span> 
     </span>
    </p>
   </div>
   <div class='ocr_carea' id='block_1_99' title="bbox 2027 4048 3645 4126">
    <p class='ocr_par' dir='ltr' id='par_1_99' title="bbox 2027 4048 3645 4126">
     <span class='ocr_line' id='line_1_99' title="bbox 2027 4048 3645 4126; baseline 0.006 -23"><span class='ocrx_word' id='word_1_756' title='bbox 2027 4048 2140 4105; x_wconf 74' lang='lat' dir='ltr'><strong>Nisi</strong></span> <span class='ocrx_word' id='word_1_757' title='bbox 2170 4067 2300 4104; x_wconf 86' lang='lat' dir='ltr'><strong>vero</strong></span> <span class='ocrx_word' id='word_1_758' title='bbox 2327 4052 2570 4120; x_wconf 86' lang='lat' dir='ltr'><strong>ejusdem</strong></span> <span class='ocrx_word' id='word_1_759' title='bbox 2601 4065 2784 4109; x_wconf 86' lang='lat' dir='ltr'><strong>essent</strong></span> <span class='ocrx_word' id='word_1_760' title='bbox 2812 4054 3048 4120; x_wconf 81' lang='lat' dir='ltr'><strong>Domini,</strong></span> <span class='ocrx_word' id='word_1_761' title='bbox 3078 4071 3252 4126; x_wconf 89' lang='lat' dir='ltr'><strong>neque</strong></span> <span class='ocrx_word' id='word_1_762' title='bbox 3282 4057 3384 4112; x_wconf 85' lang='lat' dir='ltr'><strong>hoc</strong></span> <span class='ocrx_word' id='word_1_763' title='bbox 3405 4059 3645 4124; x_wconf 75' lang='lat' dir='ltr'><strong>Novum,</strong></span> 
     </span>
    </p>
   </div>
   <div class='ocr_carea' id='block_1_100' title="bbox 2028 4144 3646 4218">
    <p class='ocr_par' dir='ltr' id='par_1_100' title="bbox 2028 4144 3646 4218">
     <span class='ocr_line' id='line_1_100' title="bbox 2028 4144 3646 4218; baseline 0.005 -22"><span class='ocrx_word' id='word_1_764' title='bbox 2028 4158 2202 4213; x_wconf 83' lang='lat' dir='ltr'><strong>neque</strong></span> <span class='ocrx_word' id='word_1_765' title='bbox 2234 4144 2363 4197; x_wconf 90' lang='lat' dir='ltr'><strong>illud</strong></span> <span class='ocrx_word' id='word_1_766' title='bbox 2393 4144 2554 4199; x_wconf 83' lang='lat' dir='ltr'><strong>Vetus</strong></span> <span class='ocrx_word' id='word_1_767' title='bbox 2581 4146 2841 4215; x_wconf 86' lang='lat' dir='ltr'><strong>appellari</strong></span> <span class='ocrx_word' id='word_1_768' title='bbox 2873 4156 3072 4216; x_wconf 86' lang='lat' dir='ltr'><strong>posset.</strong></span> <span class='ocrx_word' id='word_1_769' title='bbox 3107 4147 3290 4216; x_wconf 88' lang='lat' dir='ltr'><strong>Itaque</strong></span> <span class='ocrx_word' id='word_1_770' title='bbox 3323 4149 3425 4204; x_wconf 87' lang='lat' dir='ltr'><strong>hoc</strong></span> <span class='ocrx_word' id='word_1_771' title='bbox 3457 4149 3646 4218; x_wconf 85' lang='lat' dir='ltr'><strong>ipsum.</strong></span> 
     </span>
    </p>
   </div>
   <div class='ocr_carea' id='block_1_101' title="bbox 2027 4235 3644 4309">
    <p class='ocr_par' dir='ltr' id='par_1_101' title="bbox 2027 4235 3644 4309">
     <span class='ocr_line' id='line_1_101' title="bbox 2027 4235 3644 4309; baseline 0.006 -21"><span class='ocrx_word' id='word_1_772' title='bbox 2027 4235 2303 4289; x_wconf 87' lang='lat' dir='ltr'><strong>nominum</strong></span> <span class='ocrx_word' id='word_1_773' title='bbox 2332 4235 2630 4292; x_wconf 85' lang='lat' dir='ltr'><strong>discrimen</strong></span> <span class='ocrx_word' id='word_1_774' title='bbox 2669 4239 3050 4308; x_wconf 86' lang='lat' dir='ltr'><strong>cognationem</strong></span> <span class='ocrx_word' id='word_1_775' title='bbox 3083 4239 3362 4309; x_wconf 56' lang='lat' dir='ltr'><strong>utriusque</strong></span> <span class='ocrx_word' id='word_1_776' title='bbox 3401 4242 3596 4296; x_wconf 79' lang='lat' dir='ltr'><strong>indicat</strong></span> <span class='ocrx_word' id='word_1_777' title='bbox 3622 4261 3644 4298; x_wconf 85' lang='lat'>:</span> 
     </span>
    </p>
   </div>
   <div class='ocr_carea' id='block_1_102' title="bbox 2030 4326 3640 4397">
    <p class='ocr_par' dir='ltr' id='par_1_102' title="bbox 2030 4326 3640 4397">
     <span class='ocr_line' id='line_1_102' title="bbox 2030 4326 3640 4397; baseline 0.006 -17"><span class='ocrx_word' id='word_1_778' title='bbox 2030 4336 2084 4380; x_wconf 89' lang='lat' dir='ltr'><strong>et</strong></span> <span class='ocrx_word' id='word_1_779' title='bbox 2113 4326 2412 4382; x_wconf 83' lang='lat' dir='ltr'><strong>differentia</strong></span> <span class='ocrx_word' id='word_1_780' title='bbox 2463 4327 2577 4382; x_wconf 82' lang='lat' dir='ltr'><strong>haec</strong></span> <span class='ocrx_word' id='word_1_781' title='bbox 2606 4343 2711 4382; x_wconf 88' lang='lat' dir='ltr'><strong>non</strong></span> <span class='ocrx_word' id='word_1_782' title='bbox 2742 4339 2824 4382; x_wconf 91' lang='lat' dir='ltr'><strong>est</strong></span> <span class='ocrx_word' id='word_1_783' title='bbox 2853 4329 2906 4382; x_wconf 91' lang='lat' dir='ltr'><strong>in</strong></span> <span class='ocrx_word' id='word_1_784' title='bbox 2936 4343 3124 4384; x_wconf 85' lang='lat' dir='ltr'><strong>eortun</strong></span> <span class='ocrx_word' id='word_1_785' title='bbox 3162 4331 3420 4397; x_wconf 86' lang='lat' dir='ltr'><strong>essentia,</strong></span> <span class='ocrx_word' id='word_1_786' title='bbox 3446 4333 3543 4388; x_wconf 90' lang='lat' dir='ltr'><strong>sed</strong></span> <span class='ocrx_word' id='word_1_787' title='bbox 3582 4336 3640 4390; x_wconf 84' lang='lat' dir='ltr'><strong>in</strong></span> 
     </span>
    </p>
   </div>
   <div class='ocr_carea' id='block_1_103' title="bbox 2025 4422 3641 4492">
    <p class='ocr_par' dir='ltr' id='par_1_103' title="bbox 2025 4422 3641 4492">
     <span class='ocr_line' id='line_1_103' title="bbox 2025 4422 3641 4492; baseline 0.006 -20"><span class='ocrx_word' id='word_1_788' title='bbox 2025 4423 2323 4475; x_wconf 88' lang='lat' dir='ltr'><strong>mutatione</strong></span> <span class='ocrx_word' id='word_1_789' title='bbox 2365 4431 2670 4489; x_wconf 87' lang='lat' dir='ltr'><strong>temporum</strong></span> <span class='ocrx_word' id='word_1_790' title='bbox 2700 4441 2713 4476; x_wconf 88' lang='lat'><strong>:</strong></span> <span class='ocrx_word' id='word_1_791' title='bbox 2747 4423 2864 4475; x_wconf 89' lang='lat' dir='ltr'><strong>solo</strong></span> <span class='ocrx_word' id='word_1_792' title='bbox 2909 4422 3053 4476; x_wconf 83' lang='lat' dir='ltr'><strong>enim</strong></span> <span class='ocrx_word' id='word_1_793' title='bbox 3086 4431 3332 4492; x_wconf 86' lang='lat' dir='ltr'><strong>tempore</strong></span> <span class='ocrx_word' id='word_1_794' title='bbox 3378 4441 3577 4481; x_wconf 85' lang='lat' dir='ltr'><strong>novum</strong></span> <span class='ocrx_word' id='word_1_795' title='bbox 3604 4443 3641 4482; x_wconf 68' lang='grc' dir='ltr'><strong>ε)</strong></span> 
     </span>
    </p>
   </div>
   <div class='ocr_carea' id='block_1_104' title="bbox 2021 4512 3666 4582">
    <p class='ocr_par' dir='ltr' id='par_1_104' title="bbox 2021 4512 3666 4582">
     <span class='ocr_line' id='line_1_104' title="bbox 2021 4512 3666 4582; baseline 0.009 -20"><span class='ocrx_word' id='word_1_796' title='bbox 2021 4512 2190 4565; x_wconf 75' lang='lat' dir='ltr'><strong>veteri</strong></span> <span class='ocrx_word' id='word_1_797' title='bbox 2222 4513 2404 4566; x_wconf 86' lang='lat' dir='ltr'><strong>distat.</strong></span> <span class='ocrx_word' id='word_1_798' title='bbox 2437 4513 2711 4566; x_wconf 59' lang='lat' dir='ltr'><strong>Caeterum</strong></span> <span class='ocrx_word' id='word_1_799' title='bbox 2765 4523 3064 4582; x_wconf 84' lang='lat' dir='ltr'><strong>temporum</strong></span> <span class='ocrx_word' id='word_1_800' title='bbox 3107 4513 3411 4570; x_wconf 68' lang='lat' dir='ltr'><strong>differentia</strong></span> <span class='ocrx_word' id='word_1_801' title='bbox 3437 4519 3666 4576; x_wconf 54' lang='lat' dir='ltr'><strong>nullane</strong></span> 
     </span>
    </p>
   </div>
   <div class='ocr_carea' id='block_1_105' title="bbox 2020 4601 3633 4676">
    <p class='ocr_par' dir='ltr' id='par_1_105' title="bbox 2020 4601 3633 4676">
     <span class='ocr_line' id='line_1_105' title="bbox 2020 4601 3633 4676; baseline 0.006 -22"><span class='ocrx_word' id='word_1_802' title='bbox 2020 4601 2242 4656; x_wconf 89' lang='lat' dir='ltr'><strong>dominii</strong></span> <span class='ocrx_word' id='word_1_803' title='bbox 2301 4604 2652 4658; x_wconf 84' lang='lat' dir='ltr'><strong>mutationem</strong></span> <span class='ocrx_word' id='word_1_804' title='bbox 2709 4604 2898 4668; x_wconf 81' lang='lat' dir='ltr'><strong>all&#39;ert,</strong></span> <span class='ocrx_word' id='word_1_805' title='bbox 2946 4621 3122 4676; x_wconf 87' lang='lat' dir='ltr'><strong>neque</strong></span> <span class='ocrx_word' id='word_1_806' title='bbox 3163 4607 3575 4665; x_wconf 86' lang='lat' dir='ltr'><strong>diminutionem</strong></span> <span class='ocrx_word' id='word_1_807' title='bbox 3616 4630 3633 4666; x_wconf 86' lang='lat'><strong>:</strong></span> 
     </span>
    </p>
   </div>
   <div class='ocr_carea' id='block_1_106' title="bbox 2023 4693 3640 4768">
    <p class='ocr_par' dir='ltr' id='par_1_106' title="bbox 2023 4693 3640 4768">
     <span class='ocr_line' id='line_1_106' title="bbox 2023 4693 3640 4768; baseline 0.007 -24"><span class='ocrx_word' id='word_1_808' title='bbox 2023 4693 2073 4746; x_wconf 91' lang='lat' dir='ltr'><strong>id</strong></span> <span class='ocrx_word' id='word_1_809' title='bbox 2101 4694 2242 4763; x_wconf 87' lang='lat' dir='ltr'><strong>quod</strong></span> <span class='ocrx_word' id='word_1_810' title='bbox 2291 4703 2344 4748; x_wconf 87' lang='lat' dir='ltr'><strong>et</strong></span> <span class='ocrx_word' id='word_1_811' title='bbox 2383 4694 2634 4750; x_wconf 76' lang='lat' dir='ltr'><strong>(lltristus</strong></span> <span class='ocrx_word' id='word_1_812' title='bbox 2667 4695 2921 4750; x_wconf 86' lang='lat' dir='ltr'><strong>indicavit</strong></span> <span class='ocrx_word' id='word_1_813' title='bbox 2947 4697 3172 4752; x_wconf 82' lang='lat' dir='ltr'><strong>dicens:</strong></span> <span class='ocrx_word' id='word_1_814' title='bbox 3210 4697 3488 4768; x_wconf 80' lang='lat' dir='ltr'><strong>Pmpterea</strong></span> <span class='ocrx_word' id='word_1_815' title='bbox 3515 4701 3640 4755; x_wconf 75' lang='lat' dir='ltr'><strong>diro</strong></span> 
     </span>
    </p>
   </div>
   <div class='ocr_carea' id='block_1_107' title="bbox 2018 4784 3638 4859">
    <p class='ocr_par' dir='ltr' id='par_1_107' title="bbox 2018 4784 3638 4859">
     <span class='ocr_line' id='line_1_107' title="bbox 2018 4784 3638 4859; baseline 0.007 -24"><span class='ocrx_word' id='word_1_816' title='bbox 2018 4784 2155 4837; x_wconf 81' lang='lat' dir='ltr'><strong>vobis</strong></span> <span class='ocrx_word' id='word_1_817' title='bbox 2185 4801 2203 4837; x_wconf 92' lang='lat'><em>:</em></span> <span class='ocrx_word' id='word_1_818' title='bbox 2235 4787 2400 4839; x_wconf 86' lang='lat' dir='ltr'><strong>omnis</strong></span> <span class='ocrx_word' id='word_1_819' title='bbox 2451 4787 2615 4839; x_wconf 81' lang='lat' dir='ltr'><strong>scriba</strong></span> <span class='ocrx_word' id='word_1_820' title='bbox 2657 4788 2836 4840; x_wconf 86' lang='lat' dir='ltr'><strong>doctus</strong></span> <span class='ocrx_word' id='word_1_821' title='bbox 2878 4789 2931 4841; x_wconf 88' lang='lat' dir='ltr'><strong>in</strong></span> <span class='ocrx_word' id='word_1_822' title='bbox 2970 4805 3126 4859; x_wconf 79' lang='lat' dir='ltr'><strong>regno</strong></span> <span class='ocrx_word' id='word_1_823' title='bbox 3168 4791 3407 4844; x_wconf 66' lang='lat' dir='ltr'><strong>calorum</strong></span> <span class='ocrx_word' id='word_1_824' title='bbox 3448 4794 3638 4847; x_wconf 76' lang='lat' dir='ltr'><strong>similis</strong></span> 
     </span>
    </p>
   </div>
   <div class='ocr_carea' id='block_1_108' title="bbox 2017 4877 3634 4952">
    <p class='ocr_par' dir='ltr' id='par_1_108' title="bbox 2017 4877 3634 4952">
     <span class='ocr_line' id='line_1_108' title="bbox 2017 4877 3634 4952; baseline 0.006 -22"><span class='ocrx_word' id='word_1_825' title='bbox 2017 4888 2088 4930; x_wconf 80' lang='lat' dir='ltr'><strong>est</strong></span> <span class='ocrx_word' id='word_1_826' title='bbox 2117 4877 2312 4929; x_wconf 81' lang='lat' dir='ltr'><strong>homini</strong></span> <span class='ocrx_word' id='word_1_827' title='bbox 2359 4881 2746 4948; x_wconf 74' lang='lat' dir='ltr'><strong>patrifamilias,</strong></span> <span class='ocrx_word' id='word_1_828' title='bbox 2787 4881 2874 4948; x_wconf 84' lang='lat' dir='ltr'><strong>qui</strong></span> <span class='ocrx_word' id='word_1_829' title='bbox 2918 4885 3113 4952; x_wconf 78' lang='lat' dir='ltr'><strong>profert</strong></span> <span class='ocrx_word' id='word_1_830' title='bbox 3159 4883 3224 4936; x_wconf 87' lang='lat' dir='ltr'><strong>de</strong></span> <span class='ocrx_word' id='word_1_831' title='bbox 3268 4886 3504 4939; x_wconf 75' lang='lat' dir='ltr'><strong>thesauro</strong></span> <span class='ocrx_word' id='word_1_832' title='bbox 3535 4904 3634 4939; x_wconf 84' lang='lat' dir='ltr'><strong>suo</strong></span> 
     </span>
    </p>
   </div>
   <div class='ocr_carea' id='block_1_109' title="bbox 2014 4973 3621 5051">
    <p class='ocr_par' dir='ltr' id='par_1_109' title="bbox 2014 4973 3621 5051">
     <span class='ocr_line' id='line_1_109' title="bbox 2014 4973 3621 5051; baseline 0.009 -31"><span class='ocrx_word' id='word_1_833' title='bbox 2014 4986 2143 5023; x_wconf 77' lang='lat' dir='ltr'><strong>nova</strong></span> <span class='ocrx_word' id='word_1_834' title='bbox 2170 4981 2214 5022; x_wconf 87' lang='lat' dir='ltr'><strong>ct</strong></span> <span class='ocrx_word' id='word_1_835' title='bbox 2241 4982 2407 5025; x_wconf 71' lang='lat' dir='ltr'><strong>cetera</strong></span> <span class='ocrx_word' id='word_1_836' title='bbox 2438 4973 2652 5042; x_wconf 74' lang='lat' dir='ltr'><strong>(Matth.</strong></span> <span class='ocrx_word' id='word_1_837' title='bbox 2691 4975 2774 5028; x_wconf 68' lang='lat'><strong>15.</strong></span> <span class='ocrx_word' id='word_1_838' title='bbox 2808 4974 2926 5043; x_wconf 67' lang='lat'><strong>52).</strong></span> <span class='ocrx_word' id='word_1_839' title='bbox 2953 4974 3110 5029; x_wconf 84' lang='lat' dir='ltr'><strong>Vides</strong></span> <span class='ocrx_word' id='word_1_840' title='bbox 3134 4976 3373 5033; x_wconf 86' lang='lat' dir='ltr'><strong>diversas</strong></span> <span class='ocrx_word' id='word_1_841' title='bbox 3403 4981 3621 5051; x_wconf 86' lang='lat' dir='ltr'><strong>quidem</strong></span> 
     </span>
    </p>
   </div>
   <div class='ocr_carea' id='block_1_110' title="bbox 2015 5063 3621 5134">
    <p class='ocr_par' dir='ltr' id='par_1_110' title="bbox 2015 5063 3621 5134">
     <span class='ocr_line' id='line_1_110' title="bbox 2015 5063 3621 5134; baseline 0.007 -20"><span class='ocrx_word' id='word_1_842' title='bbox 2015 5064 2405 5130; x_wconf 86' lang='lat' dir='ltr'><strong>possessiones,</strong></span> <span class='ocrx_word' id='word_1_843' title='bbox 2433 5063 2570 5117; x_wconf 88' lang='lat' dir='ltr'><strong>idem</strong></span> <span class='ocrx_word' id='word_1_844' title='bbox 2615 5081 2742 5118; x_wconf 87' lang='lat' dir='ltr'><strong>vero</strong></span> <span class='ocrx_word' id='word_1_845' title='bbox 2774 5065 3115 5122; x_wconf 84' lang='lat' dir='ltr'><strong>dominium?</strong></span> <span class='ocrx_word' id='word_1_846' title='bbox 3152 5069 3621 5134; x_wconf 87' lang='lat' dir='ltr'><strong>Quemadmodum</strong></span> 
     </span>
    </p>
   </div>
   <div class='ocr_carea' id='block_1_111' title="bbox 2011 5155 3622 5228">
    <p class='ocr_par' dir='ltr' id='par_1_111' title="bbox 2011 5155 3622 5228">
     <span class='ocr_line' id='line_1_111' title="bbox 2011 5155 3622 5228; baseline 0.007 -20"><span class='ocrx_word' id='word_1_847' title='bbox 2011 5155 2169 5224; x_wconf 85' lang='lat' dir='ltr'><strong>igitur</strong></span> <span class='ocrx_word' id='word_1_848' title='bbox 2196 5155 2294 5210; x_wconf 84' lang='lat' dir='ltr'><strong>ille</strong></span> <span class='ocrx_word' id='word_1_849' title='bbox 2318 5165 2493 5224; x_wconf 87' lang='lat' dir='ltr'><strong>potest</strong></span> <span class='ocrx_word' id='word_1_850' title='bbox 2515 5158 2835 5228; x_wconf 83' lang='lat' dir='ltr'><strong>depromere</strong></span> <span class='ocrx_word' id='word_1_851' title='bbox 2883 5175 3018 5213; x_wconf 85' lang='lat' dir='ltr'><strong>nova</strong></span> <span class='ocrx_word' id='word_1_852' title='bbox 3063 5170 3117 5214; x_wconf 91' lang='lat' dir='ltr'><strong>et</strong></span> <span class='ocrx_word' id='word_1_853' title='bbox 3157 5173 3360 5227; x_wconf 85' lang='lat' dir='ltr'><strong>vetera,</strong></span> <span class='ocrx_word' id='word_1_854' title='bbox 3389 5180 3510 5218; x_wconf 89' lang='lat' dir='ltr'><strong>cum</strong></span> <span class='ocrx_word' id='word_1_855' title='bbox 3551 5167 3622 5221; x_wconf 86' lang='lat' dir='ltr'><strong>sit</strong></span> 
     </span>
    </p>
   </div>
   <div class='ocr_carea' id='block_1_112' title="bbox 2010 5248 3622 5324">
    <p class='ocr_par' dir='ltr' id='par_1_112' title="bbox 2010 5248 3622 5324">
     <span class='ocr_line' id='line_1_112' title="bbox 2010 5248 3622 5324; baseline 0.006 -22"><span class='ocrx_word' id='word_1_856' title='bbox 2010 5264 2147 5302; x_wconf 86' lang='lat' dir='ltr'><strong>unus</strong></span> <span class='ocrx_word' id='word_1_857' title='bbox 2173 5259 2228 5304; x_wconf 92' lang='lat' dir='ltr'><strong>et</strong></span> <span class='ocrx_word' id='word_1_858' title='bbox 2259 5248 2399 5303; x_wconf 87' lang='lat' dir='ltr'><strong>idem</strong></span> <span class='ocrx_word' id='word_1_859' title='bbox 2447 5251 2830 5318; x_wconf 81' lang='lat' dir='ltr'><strong>paterfamilias</strong></span> <span class='ocrx_word' id='word_1_860' title='bbox 2858 5271 2870 5304; x_wconf 92' lang='lat'>:</span> <span class='ocrx_word' id='word_1_861' title='bbox 2903 5253 2972 5306; x_wconf 87' lang='lat' dir='ltr'><strong>ita</strong></span> <span class='ocrx_word' id='word_1_862' title='bbox 3008 5253 3094 5307; x_wconf 87' lang='lat' dir='ltr'><strong>hic</strong></span> <span class='ocrx_word' id='word_1_863' title='bbox 3119 5269 3332 5324; x_wconf 86' lang='lat' dir='ltr'><strong>quoque</strong></span> <span class='ocrx_word' id='word_1_864' title='bbox 3371 5256 3500 5312; x_wconf 91' lang='lat' dir='ltr'><strong>nihil</strong></span> <span class='ocrx_word' id='word_1_865' title='bbox 3534 5275 3622 5311; x_wconf 64' lang='lat' dir='ltr'><strong>ve.</strong></span> 
     </span>
    </p>
   </div>
   <div class='ocr_carea' id='block_1_113' title="bbox 2010 5341 3621 5411">
    <p class='ocr_par' dir='ltr' id='par_1_113' title="bbox 2010 5341 3621 5411">
     <span class='ocr_line' id='line_1_113' title="bbox 2010 5341 3621 5411; baseline 0.007 -18"><span class='ocrx_word' id='word_1_866' title='bbox 2010 5348 2087 5394; x_wconf 91' lang='lat' dir='ltr'><strong>tat</strong></span> <span class='ocrx_word' id='word_1_867' title='bbox 2116 5341 2361 5409; x_wconf 76' lang='lat' dir='ltr'><strong>ejusdem</strong></span> <span class='ocrx_word' id='word_1_868' title='bbox 2395 5357 2517 5396; x_wconf 88' lang='lat' dir='ltr'><strong>csse</strong></span> <span class='ocrx_word' id='word_1_869' title='bbox 2550 5342 2642 5396; x_wconf 89' lang='lat' dir='ltr'><strong>Dei</strong></span> <span class='ocrx_word' id='word_1_870' title='bbox 2671 5353 2781 5397; x_wconf 91' lang='lat' dir='ltr'><strong>tum</strong></span> <span class='ocrx_word' id='word_1_871' title='bbox 2814 5343 3044 5411; x_wconf 85' lang='lat' dir='ltr'><strong>Novum,</strong></span> <span class='ocrx_word' id='word_1_872' title='bbox 3076 5355 3185 5400; x_wconf 88' lang='lat' dir='ltr'><strong>tum</strong></span> <span class='ocrx_word' id='word_1_873' title='bbox 3229 5347 3392 5401; x_wconf 65' lang='lat' dir='ltr'><strong>Vetus</strong></span> <span class='ocrx_word' id='word_1_874' title='bbox 3432 5349 3621 5404; x_wconf 85' lang='lat' dir='ltr'><strong>Testa-</strong></span> 
     </span>
    </p>
   </div>
   <div class='ocr_carea' id='block_1_114' title="bbox 2009 5435 3621 5510">
    <p class='ocr_par' dir='ltr' id='par_1_114' title="bbox 2009 5435 3621 5510">
     <span class='ocr_line' id='line_1_114' title="bbox 2009 5435 3621 5510; baseline 0.007 -23"><span class='ocrx_word' id='word_1_875' title='bbox 2009 5443 2247 5488; x_wconf 88' lang='lat' dir='ltr'><strong>mentum</strong></span> <span class='ocrx_word' id='word_1_876' title='bbox 2286 5451 2299 5485; x_wconf 89' lang='lat'><strong>:</strong></span> <span class='ocrx_word' id='word_1_877' title='bbox 2347 5435 2448 5488; x_wconf 87' lang='lat' dir='ltr'><strong>hoc</strong></span> <span class='ocrx_word' id='word_1_878' title='bbox 2488 5437 2661 5504; x_wconf 90' lang='lat' dir='ltr'><strong>ipsum</strong></span> <span class='ocrx_word' id='word_1_879' title='bbox 2695 5436 2839 5492; x_wconf 89' lang='lat' dir='ltr'><strong>enim</strong></span> <span class='ocrx_word' id='word_1_880' title='bbox 2885 5437 3121 5494; x_wconf 80' lang='lat' dir='ltr'><strong>maxime</strong></span> <span class='ocrx_word' id='word_1_881' title='bbox 3157 5440 3356 5496; x_wconf 86' lang='lat' dir='ltr'><strong>indicat</strong></span> <span class='ocrx_word' id='word_1_882' title='bbox 3393 5443 3511 5510; x_wconf 88' lang='lat' dir='ltr'><strong>ejus</strong></span> <span class='ocrx_word' id='word_1_883' title='bbox 3539 5446 3621 5498; x_wconf 87' lang='lat' dir='ltr'><strong>di-</strong></span> 
     </span>
    </p>
   </div>
   <div class='ocr_carea' id='block_1_115' title="bbox 2007 5525 3615 5609">
    <p class='ocr_par' dir='ltr' id='par_1_115' title="bbox 2007 5525 3615 5609">
     <span class='ocr_line' id='line_1_115' title="bbox 2007 5525 3615 5609; baseline 0.009 -33"><span class='ocrx_word' id='word_1_884' title='bbox 2007 5525 2164 5580; x_wconf 86' lang='lat' dir='ltr'><strong>vitias</strong></span> <span class='ocrx_word' id='word_1_885' title='bbox 2205 5536 2259 5580; x_wconf 91' lang='lat' dir='ltr'><strong>et</strong></span> <span class='ocrx_word' id='word_1_886' title='bbox 2307 5527 2713 5595; x_wconf 86' lang='lat' dir='ltr'><strong>abundantiam,</strong></span> <span class='ocrx_word' id='word_1_887' title='bbox 2753 5531 2896 5599; x_wconf 83' lang='lat' dir='ltr'><strong>quod</strong></span> <span class='ocrx_word' id='word_1_888' title='bbox 2943 5546 3049 5586; x_wconf 91' lang='lat' dir='ltr'><strong>non</strong></span> <span class='ocrx_word' id='word_1_889' title='bbox 3097 5533 3271 5587; x_wconf 90' lang='lat' dir='ltr'><strong>solum</strong></span> <span class='ocrx_word' id='word_1_890' title='bbox 3321 5551 3456 5590; x_wconf 83' lang='lat' dir='ltr'><strong>nova</strong></span> <span class='ocrx_word' id='word_1_891' title='bbox 3488 5554 3615 5609; x_wconf 85' lang='lat' dir='ltr'><strong>pos-</strong></span> 
     </span>
    </p>
   </div>
   <div class='ocr_carea' id='block_1_116' title="bbox 2006 5616 3617 5702">
    <p class='ocr_par' dir='ltr' id='par_1_116' title="bbox 2006 5616 3617 5702">
     <span class='ocr_line' id='line_1_116' title="bbox 2006 5616 3617 5702; baseline 0.011 -33"><span class='ocrx_word' id='word_1_892' title='bbox 2006 5616 2198 5680; x_wconf 87' lang='lat' dir='ltr'><strong>sideat,</strong></span> <span class='ocrx_word' id='word_1_893' title='bbox 2229 5633 2413 5672; x_wconf 84' lang='lat' dir='ltr'><strong>verum</strong></span> <span class='ocrx_word' id='word_1_894' title='bbox 2459 5621 2620 5674; x_wconf 85' lang='lat' dir='ltr'><strong>etiam</strong></span> <span class='ocrx_word' id='word_1_895' title='bbox 2669 5621 2721 5676; x_wconf 91' lang='lat' dir='ltr'><strong>in</strong></span> <span class='ocrx_word' id='word_1_896' title='bbox 2755 5623 3024 5678; x_wconf 87' lang='lat' dir='ltr'><strong>veteribus</strong></span> <span class='ocrx_word' id='word_1_897' title='bbox 3067 5625 3451 5685; x_wconf 83' lang='lat' dir='ltr'><strong>abundantiam</strong></span> <span class='ocrx_word' id='word_1_898' title='bbox 3504 5646 3617 5702; x_wconf 74' lang='lat' dir='ltr'><strong>pra:</strong></span> 
     </span>
    </p>
   </div>
   <div class='ocr_carea' id='block_1_117' title="bbox 2005 5709 2247 5763">
    <p class='ocr_par' dir='ltr' id='par_1_117' title="bbox 2005 5709 2247 5763">
     <span class='ocr_line' id='line_1_117' title="bbox 2005 5709 2247 5763; baseline 0 -2"><span class='ocrx_word' id='word_1_899' title='bbox 2005 5723 2062 5761; x_wconf 85' lang='lat' dir='ltr'><strong>se</strong></span> <span class='ocrx_word' id='word_1_900' title='bbox 2095 5709 2247 5763; x_wconf 88' lang='lat' dir='ltr'><strong>ferat.</strong></span> 
     </span>
    </p>
   </div>
   <div class='ocr_carea' id='block_1_118' title="bbox 2077 5799 3612 5876">
    <p class='ocr_par' dir='ltr' id='par_1_118' title="bbox 2077 5799 3612 5876">
     <span class='ocr_line' id='line_1_118' title="bbox 2077 5799 3612 5876; baseline 0.01 -21"><span class='ocrx_word' id='word_1_901' title='bbox 2077 5799 2196 5857; x_wconf 72' lang='lat' dir='ltr'><strong>Non</strong></span> <span class='ocrx_word' id='word_1_902' title='bbox 2239 5805 2493 5860; x_wconf 78' lang='lat' dir='ltr'><strong>contraria</strong></span> <span class='ocrx_word' id='word_1_903' title='bbox 2524 5814 2639 5863; x_wconf 77' lang='lat' dir='ltr'><strong>sunt</strong></span> <span class='ocrx_word' id='word_1_904' title='bbox 2670 5807 2770 5862; x_wconf 81' lang='lat' dir='ltr'><strong>duo</strong></span> <span class='ocrx_word' id='word_1_905' title='bbox 2801 5805 3158 5876; x_wconf 79' lang='lat' dir='ltr'><strong>Testamenta;</strong></span> <span class='ocrx_word' id='word_1_906' title='bbox 3193 5810 3394 5868; x_wconf 73' lang='lat' dir='ltr'><strong>Noram</strong></span> <span class='ocrx_word' id='word_1_907' title='bbox 3436 5811 3612 5871; x_wconf 66' lang='lat' dir='ltr'><strong>Vetere</strong></span> 
     </span>
    </p>
   </div>
  </div>
