4228 6298
668 311 778 368 185

668 422 958 492 perfectius.
984 454 1057 468 --
1082 426 1262 499 Itaque
1280 433 1500 486 nomine
1526 442 1730 490 tantum
1756 435 1896 493 inter
1919 453 1977 494 se
2005 439 2258 496 tlill'erunt

669 511 1035 582 Testamenta,
1067 527 1121 572 at
1151 534 1256 574 non
1299 535 1554 591 pugnant,
1587 541 1764 598 neque
1805 539 1929 584 sunt
1968 533 2258 600 contraria,

677 602 842 658 Vetus
866 606 1007 661 enim
1029 623 1091 661 ex
1119 624 1258 664 novo
1295 613 1353 667 tit
1378 622 1562 678 vetus;
1594 617 1696 674 hoc
1725 627 1902 674 autem
1931 637 2037 675 non
2069 637 2260 693 pugnat

667 702 751 748 est
787 709 960 765 neque
978 699 1392 770 eontrarietatis,
1416 705 1510 759 sed
1534 705 1849 763 dill‘erentiae
1882 713 2112 766 nominis
2144 722 2260 769 tan-

674 785 971 842 tummodo.
1024 789 1137 859 Ego
1178 803 1357 848 autem
1383 796 1544 862 addo,
1573 799 1714 868 quod
1741 801 1949 857 etiamsi
1976 807 2260 862 contraria:

668 886 852 932 essent
896 879 1039 949 leges
1075 882 1280 939 Veteris
1331 888 1536 957 legibus
1589 890 1744 958 Novi,
1791 908 2156 952 asseverarem
2193 915 2260 955 ne

667 966 746 1020 sic
779 967 992 1036 quidem
1029 973 1191 1028 alium
1220 976 1383 1032 Deum
1413 977 1581 1036 fuisse
1619 983 2162 1051 superinducendum.
2198 990 2258 1045 Si

668 1055 812 1111 enim
842 1059 1033 1115 eodem
1067 1073 1327 1135 tempore,
1360 1069 1564 1124 eisdem
1596 1072 1924 1139 hominibus,
1955 1077 2007 1132 in
2053 1078 2257 1134 eisdem

671 1144 834 1202 rebus
872 1154 1228 1220 versantibus,
1258 1158 1445 1214 cadent
1477 1162 1656 1218 munia
1679 1166 2022 1236 obeuntibu<,
2043 1179 2258 1224 contra-

669 1235 780 1290 rias
805 1238 950 1309 leges
979 1244 1272 1312 statuisset,
1304 1250 1566 1306 rationem
1615 1254 1857 1311 fortassis
1900 1235 2134 1328 aliquam
2168 1262 2260 1314 ha-

672 1327 799 1421 bere
843 1333 1102 1400 potuisset
1147 1352 1509 1398 conuuentum
1562 1346 1798 1416 ipsorum
1832 1367 1844 1403 :
1878 1327 2020 1421 quod
2051 1351 2096 1407 si
2138 1353 2259 1408 aliis

669 1417 794 1511 ilhc,
826 1422 944 1478 aliis
980 1425 1061 1481 lue
1108 1432 1322 1500 scriptae
1366 1445 1512 1503 sunt,
1544 1438 1650 1493 alio
1703 1417 1944 1511 tempore
1992 1444 2121 1509 illis,
2151 1447 2259 1502 alio

667 1509 957 1604 bis,_aliter
997 1532 1057 1573 se
1098 1519 1416 1580 habentibus
1447 1527 1552 1582 illis
1592 1509 1918 1598 hominibus,
1953 1535 2105 1590 aliter
2149 1536 2255 1604 bis,

665 1600 790 1667 quid
843 1618 1066 1662 necesse
1095 1619 1180 1664 est
1230 1625 1447 1685 propter
1498 1619 1672 1689 legum
1720 1622 2074 1679 diﬂ'ereutiam
2123 1600 2259 1682 duos

663 1695 969 1751 contrarios
1021 1699 1355 1773 legislatores
1404 1708 1702 1767 inducere?
1748 1713 2009 1782 Equidem
2057 1718 2256 1772 nullam

669 1789 1040 1884 necessitatem
1093 1795 1247 1852 video
1279 1817 1292 1852 :
1335 1800 1433 1869 ipsi
1465 1803 1758 1873 proferant,
1797 1809 1841 1861 si
1888 1808 2086 1870 habent
2114 1811 2257 1884 quod

665 1875 843 1972 dicant
880 1897 894 1932 :
935 1883 1030 1937 sed
1077 1886 1208 1941 nihil
1243 1888 1441 1948 habere
1483 1908 1725 1965 possunt.
1774 1899 2014 1972 Namque
2043 1913 2098 1957 et
2132 1875 2257 1958 iue-

666 1965 818 2023 dicns
856 1984 1228 2042 saepenumero
1277 1983 1438 2038 multa
1489 1990 1758 2043 centraria
1809 1965 1952 2056 facit,
2004 1994 2098 2048 sed
2152 2010 2256 2049 non

662 2062 932 2117 contraria
963 2068 1190 2135 ratione,
1220 2071 1327 2127 imo
1349 2073 1536 2130 eadem
1567 2088 1622 2132 et
1648 2084 2025 2138 conveniente.
2046 2085 2255 2140 Etenim

665 2149 772 2207 urit
805 2163 860 2206 et
901 2169 1004 2210 non
1052 2163 1174 2224 urit,
1216 2174 1364 2218 secat
1392 2176 1444 2219 et
1475 2182 1580 2226 non
1611 2182 1758 2226 secat
1783 2190 1966 2236 ,unum
1997 2188 2052 2230 et
2107 2178 2248 2232 idem

661 2252 859 2307 corpus
889 2261 903 2296 :
936 2260 1076 2301 nunc
1111 2263 1315 2314 amara,
1359 2269 1500 2309 nunc
1530 2256 1703 2312 dulcia
1746 2260 2033 2329 pharmaca
2080 2264 2148 2318 ad
2179 2265 2257 2322 bi-

662 2330 894 2388 bendum
914 2336 1109 2393 oll‘ert:
1137 2349 1190 2394 et
1219 2343 1344 2398 facit
1366 2346 1581 2420 quidem
1603 2352 1900 2418 contraria,
1925 2354 2020 2408 sed
2048 2355 2255 2411 ratione

662 2421 824 2479 simili
851 2437 1010 2498 atque
1049 2432 1236 2487 eadem
1269 2452 1281 2486 :
1317 2452 1480 2493 unum
1519 2441 1662 2495 enim
1708 2442 1870 2498 tinem
1915 2455 2143 2516 spectat,
2176 2447 2257 2502 ni-

664 2514 858 2570 mirum
890 2520 1016 2588 aagri
1058 2522 1362 2581 sanitatem.
1409 2529 1604 2587 Annon
1646 2533 1807 2602 igitur
1847 2514 2136 2592 absurdum
2173 2548 2259 2594 est

663 2604 929 2662 medicum
951 2611 1165 2679 quidem
1201 2631 1306 2670 non
1339 2617 1608 2687 incusare,
1628 2623 1768 2692 quod
1799 2625 1965 2680 multa
1987 2630 2256 2683 contraria

664 2694 823 2750 faciat
845 2699 986 2753 circa
1016 2703 1174 2763 unius
1194 2709 1435 2777 corporis
1458 2719 1728 2778 naturam,
1751 2713 1920 2769 Deum
1943 2727 2120 2771 autem
2148 2719 2256 2773 cri-

666 2789 858 2845 minari
906 2792 1047 2864 quod
1092 2793 1307 2851 diverso
1361 2808 1623 2872 tempore,
1667 2802 1894 2863 diversis
1926 2805 2250 2877 hominibus,

668 2877 882 2935 diversa
914 2884 1159 2939 mandata
1188 2887 1438 2944 dederit?

735 2970 790 3025 3.
834 2971 1265 3034 Demonstratum
1312 2992 1393 3036 est
1443 2983 1602 3054 igitur
1632 3000 1739 3042 non
1789 2986 1956 3045 fuisse
2001 2989 2255 3049 incusan-

665 3060 811 3127 dum,
847 3065 1059 3124 etiamsi
1113 3072 1259 3141 leges
1307 3073 1445 3130 inter
1486 3090 1544 3134 se
1575 3078 1801 3135 fuissent
1840 3086 2164 3140 contrariae:
2197 3096 2255 3145 ut

662 3164 841 3214 autent
888 3159 1123 3218 sciamus
1175 3179 1281 3220 non
1331 3181 1454 3222 esse
1500 3172 1820 3237 contrarias,
1869 3174 1963 3229 sed
2015 3175 2254 3233 diversas

664 3256 902 3317 tantum,
951 3268 1049 3323 age
1107 3253 1249 3329 ipsas
1300 3257 1444 3329 leges
1496 3261 1547 3315 in
1591 3263 1828 3322 medium
1875 3265 2250 3336 producamus.

663 3340 912 3410 Audistis,
931 3344 1120 3416 inquit,
1151 3352 1286 3420 quod
1306 3352 1497 3413 dictum
1517 3355 1583 3408 sit
1611 3358 1854 3425 antiquis,
1885 3357 2007 3413 Non
2035 3363 2252 3417 occides.

662 3431 789 3494 Haec
835 3435 919 3490 lex
966 3447 1049 3493 est
1102 3450 1296 3506 vetus;
1346 3443 1617 3500 videamus
1665 3463 1806 3502 nunc
1854 3464 2095 3506 novam:
2138 3451 2252 3521 Ego

658 3536 827 3586 autem
871 3528 984 3583 dico
1028 3532 1182 3596 vobis,
1224 3535 1525 3611 quicumque
1573 3538 1810 3592 irascitur
1855 3543 2006 3611 fratri
2046 3559 2140 3596 suo
2181 3555 2253 3598 te.-

659 3637 816 3688 mere,
866 3639 981 3678 reus
1033 3635 1107 3678 est
1155 3627 1398 3697 geltenna:
1441 3630 1572 3701 ignis
1621 3630 1833 3702 (Matth.
1888 3633 1941 3688 5.
1988 3634 2079 3690 2|.
2133 3635 2247 3704 22).

662 3710 909 3772 Ιιίηοοίιιο
931 3725 1074 3780 sunt,
1103 3717 1348 3784 obsecro,
1385 3724 1650 3778 contraria
1683 3707 1969 3794 mandata?
2016 3726 2082 3780 Et
2131 3729 2250 3797 quis

662 3801 766 3857 hoc
809 3803 1011 3858 diceret
1058 3808 1382 3874 mortalium,
1414 3811 1574 3869 modo
1619 3814 1839 3868 talionis
1881 3818 2140 3888 compos?
2191 3818 2248 3872 Si

660 3893 802 3947 enim
828 3895 1004 3964 priore
1043 3896 1158 3968 lege
1189 3909 1400 3956 vetante
1423 3902 1689 3966 occidere,
1722 3906 1986 3973 posterior
2006 3907 2246 3976 juberet,

659 3984 1088 4061 fortassealiquis
1101 3991 1151 4044 in
1171 3990 1254 4052 his
1271 4007 1353 4048 vet
1367 3991 1634 4063 bislegum
1654 4011 1881 4066 pugnam
1895 3998 2245 4058 cssedicercl:

658 4093 801 4135 nunc
841 4094 960 4132 cum
1012 4081 1098 4134 illa
1120 4081 1341 4150 jubente
1389 4100 1495 4136 non
1543 4086 1809 4150 occidere,
1861 4087 1974 4141 haec
1997 4088 2149 4156 jubet
2182 4106 2248 4144 ne

659 4170 813 4224 irasci
841 4171 1076 4238 quidem,
1100 4184 1326 4242 augetur
1349 4175 1495 4243 prius
1526 4175 1854 4240 mandatum,
1887 4195 1990 4231 non
2029 4179 2248 4234 alien-tur

658 4269 1032 4318 contrarium:
1075 4264 1162 4318 illa
1190 4266 1331 4319 enim
1374 4266 1600 4322 fructum
1643 4269 1858 4324 nnditia:
1899 4282 2126 4336 resecat,
2163 4273 2245 4326 vi-

658 4351 847 4413 delicet
869 4361 1067 4408 cedem
1099 4373 1111 4407 :
1143 4354 1255 4411 lucc
1277 4372 1403 4411 vero
1421 4358 1578 4412 etiam
1603 4361 1831 4415 radicem
1858 4362 2023 4436 ipsam
2045 4365 2243 4433 evellit,

658 4443 909 4503 nimirum
939 4445 1262 4501 iracuudiam
1296 4466 1309 4501 :
1344 4450 1429 4506 illa
1461 4451 1631 4504 rivmn
1658 4453 1794 4507 tollit
1813 4455 1946 4519 vitii,
1982 4455 2093 4508 hate
2124 4457 2242 4510 fon-

659 4543 764 4594 tem
815 4534 985 4605 ipsum
1036 4538 1288 4599 exsiccat.
1347 4539 1488 4594 Fons
1530 4544 1671 4596 enim
1700 4555 1752 4595 et
1780 4545 1927 4600 radix
1971 4548 2134 4602 ctedis
2163 4557 2247 4604 est

657 4626 806 4685 luror
849 4633 902 4678 et
946 4625 1236 4681 iracundia.
1271 4627 1360 4684 llla
1393 4630 1474 4683 lex
1508 4639 1749 4689 naturam
1798 4645 2032 4689 nostram
2064 4647 2242 4706 poste-

656 4715 786 4775 riori
841 4716 1160 4785 paratiorem
1204 4719 1461 4783 reddidit,
1516 4721 1629 4777 lure
1675 4729 2057 4793 superveniens
2103 4730 2242 4804 quod

658 4807 1064 4866 desiderabatur
1110 4811 1393 4885 supplevit.
1429 4812 1681 4887 Quaenam
1729 4815 1843 4874 haec
1897 4827 1980 4873 est
2025 4831 2240 4880 contra-

658 4900 838 4960 rietas,
873 4898 999 4953 dum
1047 4917 1147 4955 una
1181 4901 1339 4964 linem
1387 4905 1667 4970 malorum,
1698 4909 1864 4962 altera
1912 4926 2039 4964 vero
2082 4913 2241 4967 etiam

661 4990 975 5059 principium
1003 4993 1301 5062 exstirpat?
1343 4993 1432 5048 Illa
1462 5011 1672 5050 manum
1704 5015 1886 5069 puram
1917 5001 2036 5056 facit
2064 5019 2094 5057 a
2114 5021 2239 5058 san-

659 5082 835 5151 guine,
867 5081 980 5136 hzrc
1007 5095 1237 5140 mentem
1267 5087 1426 5141 etiam
1455 5099 1631 5144 servat
1664 5105 1692 5143 a
1730 5093 1866 5150 mala
1896 5096 2235 5165 cogitatione.

661 5171 982 5226 lla-cautem
1008 5177 1451 5232 consentientium
1476 5188 1599 5237 sunt
1639 5181 1834 5249 legum,
1865 5201 1966 5238 non
2000 5203 2239 5258 pugnan-

656 5263 808 5329 tium,
844 5265 980 5319 sicut
1005 5267 1243 5321 veritatis
1286 5269 1482 5325 inimici
1516 5270 1792 5326 adstruere
1821 5287 2100 5345 conantur,
2135 5297 2240 5334 non

655 5357 1165 5418 anilitadvertctttcs,
1197 5358 1337 5429 quod
1369 5362 1447 5416 sic
1486 5378 1678 5432 magno
1721 5365 1937 5422 incuria:
1969 5379 2019 5422 et
2062 5375 2237 5441 segni-

664 5449 750 5502 tiei
794 5448 1002 5502 crimini
1034 5451 1195 5504 Deum
1225 5452 1356 5506 Novi
1403 5453 1730 5509 Testamenti
1779 5459 2032 5527 objiciunt
2058 5478 2210 5520 zeum

657 5538 892 5605 perietur
915 5542 1054 5592 enim
1082 5542 1218 5597 licus
1243 5546 1380 5610 (qua:
1412 5545 1622 5616 quidem
1657 5548 1980 5615 blasphemia
2011 5553 2061 5606 in
2084 5566 2241 5622 caput

657 5630 865 5684 illorum
898 5640 1088 5692 vertat,
1121 5633 1205 5699 qui
1240 5636 1390 5685 nobis
1429 5635 1538 5689 lm‘c
1581 5637 1827 5706 loquendi
1871 5644 2236 5696 necessitatem

650 5722 964 5794 inquinant.)
997 5723 1372 5798 intempestnc
1420 5741 1508 5786 res
1560 5740 1769 5788 nostras
1819 5733 2230 5803 diqieumtvlssc.

1384 320 1439 376 S.
1475 321 1752 380 JOANNIS
1786 324 2270 386 CIIRYSOSTOMI
2312 332 2631 390 ARCHIEP.
2672 334 3211 392 CONSTANTINOP.

3862 339 3966 394 284

2371 443 2502 511 Qua:
2533 457 2709 500 autem
2731 446 2870 508 dico.
2902 448 3158 502 sicvobis
3181 447 3407 503 clariora
3433 445 3644 503 faciant.
3666 449 3850 504 Laetis
3867 448 3970 502 ati-

2367 545 2551 589 meuto
2577 537 2766 590 similis
2791 549 2874 592 est
2907 537 3114 591 Veteris
3153 537 3484 594 Testamenti
3506 537 3777 605 educatio,
3800 541 3973 593 solido

2369 641 2496 682 vero
2517 628 2639 681 cibo
2658 626 2789 683 Novi
2814 629 3145 684 Testamenti
3171 629 3511 700 philosophia
3531 650 3545 685 :
3570 646 3635 686 ac
3661 647 3824 686 nemo
3842 642 3969 687 ante

2367 717 2519 772 laetis
2547 718 2852 775 alimoniam
2895 723 3126 776 solidum
3161 723 3338 777 cibum
3378 722 3617 779 adhibet.
3649 723 3805 793 Quod
3842 726 3969 794 qui-

2366 806 2486 862 dem
2515 806 2647 862 Novi
2680 807 3013 865 Testamenti
3046 813 3186 867 Deus
3216 812 3360 879 fecit,
3383 813 3428 868 si
3456 829 3562 868 non
3593 813 3734 868 idem
3764 824 3850 869 est
3878 814 3969 884 qui

2363 898 2523 952 etiam
2551 897 2713 954 Vetus
2744 900 2977 969 prodidit
3010 919 3025 957 :
3060 904 3206 971 prius
3232 903 3375 958 enim
3411 919 3572 974 quam
3612 903 3751 959 laete
3797 906 3971 958 nutri-

2366 999 2469 1055 ret,
2501 989 2604 1044 hoc
2647 999 2734 1046 est
2775 992 2908 1061 legis
2958 994 3261 1064 disciplina,
3289 996 3354 1050 ad
3397 996 3627 1051 solidum
3659 1010 3758 1051 nos
3785 994 3969 1049 cibum

2364 1082 2603 1136 adduxit.
2637 1083 2751 1138 Non
2783 1083 2939 1154 hujus
2965 1096 3144 1142 autem
3176 1087 3372 1149 solum,
3400 1088 3496 1141 sed
3538 1087 3755 1154 maioris
3801 1087 3966 1142 etiam

2362 1175 2600 1229 criminis
2618 1191 2739 1230 eum
2768 1193 2918 1234 reum
2958 1177 3629 1249 faciunt,quandoquidem
3652 1189 3770 1250 post
3796 1177 3963 1248 quin-

2364 1265 2516 1334 quies
2552 1265 2697 1320 mille
2739 1267 2956 1321 demum
3000 1284 3192 1335 annos,
3222 1278 3314 1323 aut
3342 1269 3542 1339 plures,
3575 1268 3964 1339 providentiam

2365 1356 2532 1409 nostri
2573 1359 2788 1426 generis
2818 1361 3072 1429 suscepit.
3115 1360 3168 1415 Si
3199 1361 3342 1414 enim
3374 1375 3479 1414 non
3513 1360 3652 1414 idem
3688 1369 3830 1425 erat,
3871 1359 3966 1428 qui

2314 1470 2316 1472 τ
2364 1459 2460 1514 per
2504 1448 2790 1515 pmphetas
2828 1459 2887 1504 et
2934 1451 3265 1518 patriarchas
3295 1461 3348 1506 et
3383 1451 3561 1521 justos
3604 1451 3848 1505 homines
3875 1465 3966 1505 res

2363 1545 2578 1590 nostras
2599 1537 2964 1607 dispensabat,
2997 1539 3090 1594 sed
3119 1541 3256 1595 alter
3281 1541 3543 1611 quispiam
3576 1554 3768 1611 praeter
3795 1541 3963 1607 hunc,

2361 1640 2485 1681 sero
2510 1626 2798 1683 admodum
2830 1641 2879 1683 et
2905 1631 3055 1684 tarde
3083 1631 3350 1687 videbitur
3378 1633 3543 1706 nostri
3575 1632 3964 1701 providentiam

2362 1715 2666 1788 aggressus,
2695 1720 2844 1790 quasi
2886 1736 2982 1794 per
3005 1733 3375 1777 anteactorum
3404 1724 3770 1792 pmnitentiam
3797 1723 3864 1776 ad
3900 1737 3965 1778 se

2364 1827 2650 1866 reversus:
2683 1814 2824 1884 quod
2867 1814 3082 1890 quidem
3123 1826 3327 1870 tantum
3370 1816 3524 1870 abest
3550 1831 3580 1870 a
3611 1816 3740 1878 Deo,
3773 1823 3963 1870 utnec

2363 1902 2415 1957 in
2449 1919 2612 1958 unmn
2652 1906 2896 1974 quemvis
2937 1906 3093 1977 vulgo
3144 1907 3417 1962 hominem
3470 1915 3755 1977 competat,
3809 1914 3961 1959 tanto

2364 2004 2603 2062 tempore
2651 2005 2755 2049 tam
2800 1997 2983 2051 multis
3031 1997 3207 2067 perire
3252 1997 3546 2067 permissis,
3598 1997 3652 2051 in
3700 1996 3962 2051 extremis

2361 2083 2578 2138 demum
2607 2086 2815 2140 sarculis
2841 2086 2906 2140 ad
2947 2103 3236 2157 paucorum
3273 2087 3625 2158 quorumdam
3670 2087 3963 2156 providen-

2363 2176 2488 2230 tiam
2517 2191 2579 2231 ae
2608 2192 2790 2232 curam
2831 2179 3109 2234 accedere.

2432 2267 2484 2321 4.
2532 2265 2678 2321 Unus
2706 2277 2779 2322 est
2828 2271 3087 2339 utriusque
3121 2269 3427 2325 Testamenti
3473 2271 3752 2347 legislator.
3801 2268 3960 2325 Pauli

2361 2354 2735 2412 Samosatensis
2785 2376 2946 2413 error.
2983 2389 3056 2401 --
3082 2360 3313 2416 Videsne
3351 2363 3566 2432 quantis
3610 2361 3960 2430 blasphemiis

2360 2447 2531 2503 Deum
2561 2447 2758 2504 faciant
2789 2451 3082 2507 obnoxium
3125 2453 3236 2520 isti,
3264 2455 3354 2524 qui
3401 2455 3566 2509 alium
3591 2455 3725 2510 Novi
3769 2454 3960 2509 Testa-

2359 2543 2526 2596 tnenti
2551 2543 2911 2612 legislatorem
2935 2545 3140 2611 dicunt,
3171 2548 3334 2602 alium
3365 2546 3619 2602 Veteris?
3664 2547 3796 2612 Qua:
3827 2561 3959 2601 sane

2360 2645 2551 2688 omnes
2593 2645 2943 2700 evanescunt,
2994 2635 3038 2690 si
3088 2652 3252 2691 unum
3303 2638 3580 2706 utriusque
3626 2636 3958 2690 Testamenti

2358 2721 2721 2777 assentiamur
2748 2738 2868 2778 esse
2919 2725 3108 2780 Deum.
3161 2725 3253 2781 Sic
3297 2727 3440 2781 enim
3483 2726 3783 2796 apparebit,
3830 2741 3956 2780 cum

2358 2809 2547 2866 ordine
2571 2822 2625 2866 et
2664 2812 2802 2867 bona
2850 2815 3059 2871 ratione
3101 2832 3190 2871 res
3214 2827 3425 2871 nostras
3461 2816 3796 2886 dispensare,
3830 2825 3958 2870 tunc

2357 2901 2572 2972 quidem
2603 2919 2698 2971 per
2729 2903 2924 2974 legem,
2957 2921 3101 2961 nttnc
3124 2915 3301 2960 autem
3342 2922 3436 2975 per
3468 2907 3691 2976 gratiam
3719 2924 3732 2959 :
3764 2917 3813 2961 et
3849 2920 3958 2960 non

2356 3006 2768 3064 recens,nequo
2820 3011 3008 3064 nuper,
3041 2997 3133 3051 sed
3187 2998 3297 3066 jam
3351 2998 3473 3052 inde
3521 2998 3590 3052 ab
3637 2997 3789 3052 initio
3817 3007 3874 3053 et
3921 3013 3955 3051 a

2361 3085 2530 3153 prima
2559 3100 2729 3156 usque
2749 3087 2837 3142 die
2868 3097 3049 3143 nostra
3076 3089 3256 3144 omnia
3285 3089 3601 3159 gubernare.
3631 3090 3750 3157 Quo
3774 3100 3955 3143 autem

2358 3175 2527 3244 magis
2576 3191 2763 3230 eorum
2792 3192 2885 3231 ora
2933 3177 3309 3243 obstruamus,
3340 3195 3438 3250 age
3484 3179 3596 3250 jam
3646 3180 3955 3239 testimonia

2357 3273 2468 3318 tum
2502 3266 2902 3336 prophetarum,
2930 3279 3040 3324 tum
3068 3271 3432 3341 apostolorum
3463 3271 3812 3336 adducamus,
3835 3273 3953 3327 cla-

2358 3356 2642 3421 mantium,
2664 3373 2826 3411 unum
2854 3374 2974 3414 esse
3015 3361 3290 3429 utriusque
3316 3361 3641 3416 Testamenti
3681 3361 3957 3431 legislato-

2356 3461 2490 3499 rem.
2534 3448 2794 3502 Procedat
2839 3451 3000 3519 igitur
3044 3452 3095 3505 in
3146 3452 3382 3506 medium
3425 3451 3686 3507 Jeremias
3717 3453 3770 3506 in
3799 3462 3956 3506 utero

2354 3538 2740 3606 sanctiﬁcatus,
2773 3549 2828 3595 et
2874 3541 3068 3610 probet
3117 3543 3220 3596 hoc
3267 3542 3569 3609 manifeste,
3619 3559 3784 3598 unum
3830 3558 3956 3598 esse

2353 3631 2710 3702 eumdemque
2733 3633 2896 3686 Deum
2926 3642 3039 3688 tum
3069 3633 3198 3688 Novi
3230 3633 3557 3690 Testamenti
3585 3677 3601 3699 ,
3648 3646 3758 3688 tum
3791 3635 3956 3690 Vete—

2353 3721 2448 3773 ris.
2476 3720 2616 3787 Quid
2647 3723 2810 3792 igitur
2838 3724 2923 3778 hic
2948 3724 3076 3779 dicit
3112 3739 3177 3780 ex
3205 3740 3432 3795 persona
3480 3725 3804 3795 Iegislatoris
3843 3728 3954 3780 cla-

2354 3812 2544 3866 mans?
2595 3811 2832 3866 Testubor
2873 3814 3011 3868 vobis
3050 3825 3400 3869 testamentum
3431 3832 3634 3882 novum,
3676 3833 3779 3869 non
3821 3818 3955 3870 sicut

2354 3913 2704 3958 testamentum
2729 3907 2866 3975 quod
2894 3917 3103 3962 testatus
3128 3925 3240 3962 sum
3271 3908 3498 3977 patribus
3526 3911 3699 3963 vestris
3729 3907 3947 3980 (λιι-ειη.

2354 3997 2442 4050 3|.
2477 3997 2590 4065 5|).
2626 3997 2806 4067 itaque
2836 4000 2926 4067 qui
2953 3997 3156 4052 Novum
3183 3998 3587 4054 Testamentum
3614 3997 3786 4065 dedit,
3806 3999 3949 4054 idem

2353 4097 2436 4141 est
2486 4089 2642 4154 Deus,
2687 4091 2776 4159 qui
2823 4091 2949 4144 olim
2987 4091 3147 4145 Vetus
3187 4092 3347 4144 etiam
3387 4091 3517 4145 illud
3565 4090 3809 4146 dederat.
3851 4091 3950 4145 llic

2353 4195 2480 4233 sane
2509 4179 2655 4234 Pauli
2682 4197 2893 4251 quoque
2913 4182 3309 4238 Samosatcnsis
3334 4184 3690 4238 sectatoribus
3707 4199 3800 4239 ora
3823 4195 3952 4239 sunt

2351 4271 2588 4337 occlusa,
2629 4273 2716 4341 qui
2769 4281 2962 4341 negant
3009 4282 3132 4328 ante
3167 4275 3360 4329 smcula
3394 4274 3558 4330 fuisse
3609 4274 3951 4344 Unigenitum

2356 4360 2467 4412 Dei.
2500 4359 2556 4414 Si
2587 4363 2730 4415 enim
2780 4371 2903 4416 ante
2949 4362 3127 4417 Maria:
3180 4375 3412 4433 partum,
3456 4375 3511 4419 et
3556 4374 3843 4436 antequam
3896 4367 3949 4420 in

2351 4467 2512 4506 earuc
2539 4466 2597 4505 se
2625 4452 2908 4507 videndum
2940 4455 3223 4522 prazberet,
3260 4471 3365 4508 non
3395 4466 3529 4517 erat,
3564 4456 3837 4524 quomodo
3864 4457 3946 4510 Ie-

2349 4557 2468 4609 gem
2502 4541 2700 4598 ferebat
2730 4559 2849 4597 cum
2874 4560 2977 4598 nou
2999 4547 3185 4601 esset?
3209 4547 3479 4614 quomodo
3503 4556 3682 4600 autem
3704 4546 3947 4602 dicebat:

2349 4630 2595 4687 Testabor
2623 4633 2761 4687 vobis
2786 4644 3136 4689 testamentum
3164 4653 3369 4701 nouum,
3400 4654 3498 4689 non
3523 4637 3654 4690 sicut
3680 4647 3951 4691 testamen-

2353 4733 2457 4790 tum
2477 4725 2616 4794 quod
2645 4733 2849 4779 testatus
2879 4743 2990 4778 sum
3016 4728 3242 4796 patribus
3269 4727 3480 4781 vestris?
3507 4728 3780 4797 quomodo
3800 4729 3946 4783 enim

2351 4823 2731 4869 testamentum
2775 4815 2934 4868 dabat
2980 4817 3216 4886 patribus
3264 4833 3486 4883 eorum,
3531 4833 3654 4873 cum
3706 4819 3949 4875 nondum

2350 4916 2511 4968 esset,
2546 4917 2604 4960 ut
2648 4907 2721 4961 illi
2755 4909 2967 4975 quidem
3012 4907 3319 4962 aﬂirmant?
3357 4909 3461 4963 Sed
3502 4919 3686 4963 contra
3731 4909 3950 4965 Iudaeos

2350 4998 2586 5066 quidem,
2618 4997 2911 5066 eodemque
2951 4999 3136 5052 morbo
3166 5000 3470 5054 laborantes
3501 5001 3807 5067 Paulianos,
3833 5005 3949 5056 ido-

2350 5106 2506 5143 neum
2535 5100 2616 5145 est
2646 5089 2786 5159 quod
2838 5100 3136 5158 opponatur
3170 5090 3442 5159 protiltettn
3495 5090 3655 5160 hujus
3697 5093 3949 5146 testimo-

2351 5183 2540 5235 nium:
2583 5192 2640 5235 ut
2686 5191 2863 5235 autem
2893 5183 3049 5236 etiam
3095 5182 3504 5237 Maniclneorum
3548 5200 3641 5238 ora
3687 5187 3951 5238 cohibea-

2352 5290 2489 5335 mus,
2521 5290 2585 5327 ex
2619 5272 2769 5327 Novo
2809 5273 3150 5327 Tes‘tatttculo
3188 5274 3516 5328 adducamus
3546 5277 3944 5341 testimonium,

2347 5364 2776 5433 quandoquidem
2811 5363 2973 5419 Vetus
3005 5366 3151 5418 nihili
3180 5366 3449 5434 pendunt:
3489 5368 3593 5420 imo
3625 5382 3755 5422 vero
3782 5369 3948 5422 etiam

2351 5456 2576 5518 Novum,
2615 5458 2696 5508 cui
2726 5459 2965 5524 quamvis
2997 5457 3252 5510 honorem
3304 5459 3502 5513 habere
3542 5458 3710 5513 \‘idet‘i
3756 5462 3947 5524 \‘clmt,

2352 5565 2453 5600 non
2491 5551 2748 5600 minorem
2799 5559 2972 5602 tamen
3013 5549 3132 5603 huic
3173 5566 3329 5619 quam
3383 5552 3452 5603 illi
3493 5552 3641 5605 alteri
3693 5553 3947 5618 iujuriam

2351 5642 2585 5694 inierunt
2617 5659 2628 5692 :
2661 5658 2763 5693 uno
2791 5643 3002 5710 quidem
3035 5643 3210 5705 modo,
3232 5645 3370 5713 quod
3401 5644 3523 5695 dum
3559 5643 3680 5696 illud
3705 5659 3732 5694 a
3761 5644 3948 5700 Veteri

2349 5733 2700 5799 CXaCllltitlltl,
2747 5732 2897 5803 hujus
2923 5748 3134 5812 quoque
3181 5736 3548 5791 auctoritatem
3601 5734 3943 5793 labefactant.
