4228 6298
279 374 387 433 185

280 491 400 545 Non
453 501 643 559 parum
691 484 837 540 enim
884 482 1163 537 veritatem
1210 476 1328 545 ejus
1380 472 1649 528 illustrant
1680 466 1885 523 Veteris

283 576 620 637 'l‘estatnent‘i
656 576 1042 647 prepltetarum
1089 569 1375 640 pra-eonia,
1418 577 1557 634 quos
1601 560 1686 616 isti
1733 573 1887 614 aver-

281 671 455 727 sando
501 686 610 725 non
659 667 963 735 intelligunt
1005 662 1208 731 majore
1252 658 1527 729 apostolos
1556 667 1716 724 quam
1764 664 1889 722 pro-

283 762 476 833 phetas
514 758 844 818 contumelia
884 771 943 812 se
974 754 1211 808 afficere.
1242 750 1440 815 Unam,
1472 748 1708 818 inquam,
1736 742 1888 833 Nouo

288 832 639 909 Testamento
668 849 917 921 iujuriam
948 848 1147 902 faciunt
1176 845 1372 907 istam;
1416 840 1523 894 alio
1570 851 1700 893 vero
1726 832 1887 890 modo

282 946 509 1009 iterum,
529 941 675 1014 quod
702 941 899 997 bonam
920 953 987 993 ex
1014 952 1081 993 eo
1108 944 1312 1007 partem
1340 936 1610 987 resecant.
1636 930 1887 982 Attamen

287 1045 437 1091 tanta
466 1043 547 1091 est
579 1046 787 1096 eorum,
815 1046 935 1100 qua!
963 1029 1017 1083 in
1062 1028 1153 1082 illo
1188 1023 1554 1087 continentur,
1583 1020 1687 1084 vis,
1725 1028 1781 1073 ut
1808 1017 1889 1071 vel

285 1142 355 1182 ex
386 1126 518 1197 ipsis
544 1122 784 1194 reliquiis
812 1119 972 1175 tacite
996 1117 1319 1173 maleﬁcium
1342 1116 1564 1171 istorum
1590 1109 1890 1180 deprehen-

284 1217 451 1271 datur
478 1233 495 1269 ε
538 1222 746 1270 resecta
773 1211 916 1266 enim
943 1209 1188 1265 membra
1220 1207 1479 1280 clamant,
1512 1213 1565 1258 et
1608 1201 1889 1273 pristinum

278 1321 417 1361 cum
471 1305 583 1360 suis
623 1300 883 1359 membris
912 1313 1234 1356 consensum
1285 1294 1651 1350 indesinen:er
1708 1289 1889 1360 requi-

286 1406 440 1451 ιαηι.

362 1488 418 1543 5.
461 1485 653 1541 Probat
686 1501 846 1539 unum
893 1499 1004 1540 esse
1047 1481 1387 1553 legislatorem
1428 1488 1690 1545 utriusque
1713 1470 1892 1528 Tuta-

280 1577 447 1631 menti
469 1592 533 1631 ea:
558 1575 851 1644 apostolicis
878 1575 1057 1640 verbis,
1087 1583 1132 1629 et
1156 1588 1221 1627 ea:
1244 1588 1305 1627 eo
1332 1572 1468 1640 quod
1509 1569 1660 1622 Vetus
1686 1565 1893 1621 Nouum

284 1669 716 1739 pre/iguraurit.
744 1697 817 1706 —
852 1664 1135 1733 Quomodo
1180 1664 1345 1734 igitur
1403 1657 1895 1717 demonstrabimus

291 1760 504 1816 Veteris
532 1768 588 1813 et
610 1759 748 1814 Novi
771 1757 1103 1814 Testumenti
1137 1770 1300 1809 unum
1328 1767 1449 1808 esse
1490 1748 1895 1820 legislaturem?

284 1849 374 1903 εει
396 1848 527 1919 ipsis
548 1848 857 1917 aposmlicis
889 1847 1086 1910 verbis,
1114 1861 1236 1915 qua:
1271 1841 1414 1913 apud
1443 1843 1589 1912 ipsos
1616 1838 1778 1894 etiam
1807 1852 1895 1894 re-

286 1938 415 1995 licta
445 1948 570 1993 sunt
593 1955 606 1990 :
627 1953 747 2008 quzc
771 1938 979 1991 tametsi
1023 1937 1191 2006 prima
1215 1935 1396 1987 fronte
1425 1930 1707 1985 videantur
1730 1927 1894 1983 Vetus

288 2026 423 2082 illud
462 2041 744 2091 accusare,
774 2042 880 2081 non
927 2025 1272 2080 mediocriter
1315 2034 1491 2079 tamen
1535 2020 1588 2075 id
1614 2034 1896 2074 commcn-

287 2119 445 2185 dant,
475 2129 529 2174 et
552 2118 750 2173 divinis
792 2118 1024 2171 oraculis
1060 2116 1267 2169 catlitus
1314 2112 1583 2184 proditum
1609 2126 1730 2165 esse
1756 2109 1897 2164 indi-

283 2217 439 2264 cant.
486 2209 555 2263 Et
584 2209 685 2262 hoc
712 2209 880 2263 sancti
927 2207 1158 2278 Spiritus
1188 2205 1450 2275 sapientia
1481 2204 1677 2257 iactant
1704 2210 1806 2277 est,
1842 2209 1901 2255 ut

283 2283 637 2357 accusatores
666 2300 820 2370 legis,
848 2300 1027 2355 allecti
1074 2298 1242 2369 prima
1296 2297 1431 2351 facie
1459 2297 1764 2360 verborum,
1800 2295 1899 2348 im-

292 2390 588 2462 prudentes
616 2401 669 2446 et
700 2391 851 2444 inviti
876 2388 1335 2459 adseriptamejus
1350 2386 1722 2442 defensionem
1749 2399 1897 2440 rece-

288 2482 473 2552 perint
503 2500 516 2536 :
548 2490 605 2535 ut
652 2481 699 2535 si
740 2482 937 2536 vellent
966 2481 1034 2535 ad
1076 2496 1263 2534 verum
1318 2478 1607 2549 respicere,
1636 2477 1900 2531 haberent

288 2589 598 2630 sermonem
627 2588 787 2644 quem
810 2582 1161 2643 sequerentur
1191 2571 1370 2642 :quod
1384 2572 1427 2625 si
1452 2572 1505 2625 in
1526 2568 1899 2625 incredulitate

292 2674 691 2735 pennanerent,
728 2664 926 2718 nullam
977 2664 1078 2718 sibi
1126 2665 1179 2717 in
1227 2672 1502 2732 posterum
1547 2661 1719 2715 venia:
1749 2673 1900 2729 spem

290 2755 555 2825 reliquam
586 2755 821 2809 facerent
849 2772 863 2808 :
898 2763 956 2809 ιιι
984 2755 1075 2824 qui
1104 2753 1265 2807 etiam
1310 2753 1417 2806 illis
1455 2766 1575 2822 qua:
1603 2749 1735 2804 alias
1759 2750 1902 2805 reci-

292 2861 428 2918 pere
453 2844 725 2912 videntur,
756 2844 915 2900 fidem
948 2846 1001 2899 in
1028 2859 1179 2900 suam
1212 2844 1449 2913 ipsorum
1486 2841 1781 2913 perniciem
1804 2839 1901 2894 ab-

294 2947 572 3011 rogarent.
613 2937 715 2994 Ubi
767 2940 927 3009 igitur
976 2937 1183 2993 Novum
1232 2936 1635 2991 Testamentum
1684 2948 1903 2989 suarum

290 3047 363 3087 ac
389 3040 633 3086 veterum
662 3031 835 3100 legum
867 3031 1115 3084 eumdem
1158 3037 1436 3084 auctorem
1484 3041 1605 3082 esse
1638 3025 1904 3081 testatur?

282 3122 368 3189 ,Ει
398 3122 523 3177 alibi
550 3121 765 3192 quidem
792 3136 899 3175 non
932 3134 1039 3175 uno
1062 3119 1183 3174 loco
1211 3138 1223 3172 :
1258 3134 1357 3173 nos
1388 3127 1567 3172 tamen
1593 3116 1715 3172 data
1738 3130 1901 3185 opera

297 3228 422 3268 eam
475 3220 655 3266 textus
704 3220 909 3280 partem
959 3208 1311 3276 adducemus,
1345 3223 1463 3278 quae
1489 3210 1573 3262 vel
1630 3207 1682 3260 in
1734 3205 1903 3260 Mani-

302 3303 577 3357 chmorum
609 3300 885 3356 codicibus
912 3300 1173 3355 hactenus
1197 3298 1393 3353 mansit
1420 3296 1723 3352 incolumis.
1746 3296 1905 3364 Qua:-

295 3409 428 3450 nam
467 3394 620 3449 base?
665 3392 829 3447 Dicite
851 3393 995 3460 mihi,
1028 3392 1218 3464 inquit,
1242 3392 1327 3461 qui
1356 3392 1446 3443 sub
1472 3391 1579 3461 lege
1597 3389 1750 3444 vultis
1776 3406 1900 3455 esse,

298 3487 468 3558 legem
494 3502 595 3547 non
620 3486 835 3540 audiatis
853 3487 879 3539 Ρ
921 3486 1056 3555 quod
1090 3484 1346 3537 Abraham
1374 3483 1505 3538 duos
1531 3484 1664 3551 ﬁlios
1688 3482 1863 3535 habuit
1884 3497 1902 3533 :

300 3595 549 3635 suamet:
576 3579 787 3643 ancilla,
814 3576 1033 3632 alterum
1076 3594 1105 3631 e
1149 3577 1307 3631 libera
1352 3574 1499 3647 (Gal.
1547 3577 1599 3629 4.
1644 3574 1735 3630 2|.
1767 3574 1901 3644 ‘22)?

300 3670 638 3727 Audiverunt
658 3670 895 3726 haeretici
920 3686 1081 3725 untun
1105 3669 1357 3725 habuisse
1377 3684 1444 3724 ex
1467 3667 1663 3724 ancilla
1682 3710 1695 3732 ,
1710 3678 1906 3723 ett-on-

299 3762 485 3818 testim
503 3772 853 3818 accurrerunt
879 3780 892 3817 :
924 3761 1025 3816 rati
1053 3761 1198 3816 enim
1226 3760 1311 3815 his
1332 3760 1511 3816 verbis
1530 3761 1663 3831 legis
1683 3775 1905 3816 accusa-

304 3857 505 3909 tionem
530 3855 813 3919 contineri,
837 3855 1058 3911 resectis
1078 3856 1555 3927 consequentibus,
1576 3855 1717 3910 illam
1748 3870 1907 3911 accu-

300 3947 568 4002 sationem
588 3946 821 4003 retinent
836 3948 938 4003 sibi
960 3950 1402 4017 patrocinantem.
1419 3951 1531 4020 Age
1549 3949 1706 4019 igitur
1723 3963 1784 4002 ex
1808 3947 1906 4003 hoc

299 4041 425 4109 ipso
477 4038 595 4095 loco
646 4038 997 4095 ostendamus
1049 4041 1300 4095 eumdem
1353 4056 1473 4097 esse
1522 4041 1904 4111 legislatorem.

303 4131 565 4185 Abraham
599 4130 730 4186 duos
770 4131 908 4200 ﬁlias
946 4131 1141 4197 habuit,
1178 4148 1334 4186 unum
1366 4150 1428 4187 ex
1455 4132 1664 4197 ancilla,
1691 4133 1905 4186 alterum

303 4228 581 4282 erlibera.
637 4227 761 4283 Hac
798 4239 975 4282 autem
1022 4237 1167 4292 sunt,
1218 4229 1417 4298 inquit,
1464 4246 1559 4300 per
1584 4227 1912 4301 allegoriam

924 358 1020 421 DE
1062 351 1309 419 VERBIS
1349 349 1703 423 APOSTOLI,
1745 348 2114 408 HABENTES
2150 344 2436 407 EUMDEM
2474 344 2821 404 SPIRITUN.
2865 342 2933 400 ll.

3462 345 3574 401 €86

1990 462 2272 521 veteribus
2322 460 2431 515 illis
2474 475 2605 515 eum
2654 458 2808 513 Novo
2857 453 3210 514 Testamento
3261 454 3574 511 intercedit.

2058 557 2114 612 6.
2139 557 2521 626 Argumentum
2548 552 2832 608 secundum
2855 564 2922 606 ex
2950 551 3135 605 eadem
3172 548 3417 603 historia.
3454 546 3581 601 Non

1999 652 2149 719 pauci
2177 649 2229 702 in
2269 647 2433 702 Veteri
2459 643 2784 701 Testamento
2808 661 2981 699 amore
3006 644 3165 707 ducti,
3200 661 3299 698 non
3322 647 3598 700 timore.—

1999 742 2236 797 Printum
2260 740 2427 810 igitur
2447 747 2820 811 argumentum
2841 737 2943 793 hoc
2968 748 3072 804 εει,
3101 738 3265 793 Vetus
3283 737 3600 796 Testamen-

2001 842 2111 887 tum
2144 833 2317 887 mudis
2343 832 2591 887 omnibus
2618 846 2740 885 cum
2767 829 2916 885 Novo
2943 844 3274 885 consonare:
3305 831 3601 887 secundum

1996 934 2176 980 autem
2230 924 2321 978 illo
2369 939 2479 977 non
2534 922 2747 988 minus,
2798 936 2862 977 ex
2912 920 3030 991 ipsa
3078 920 3301 975 historia
3348 924 3597 976 sumitur.

1995 1012 2462 1082 Quemadmodum
2483 1013 2634 1069 enim
2667 1022 2795 1069 tunc
2820 1011 2945 1069 dua:
2976 1012 3234 1068 mulieres
3266 1021 3423 1070 erant
3444 1016 3604 1070 unius

1998 1108 2126 1161 viri:
2157 1107 2229 1161 ita
2260 1122 2403 1162 nunc
2444 1106 2551 1161 duo
2590 1105 2934 1161 Testamenta
2968 1106 3125 1160 unius
3171 1106 3526 1177 legislatoris;
3556 1110 3601 1162 si

1998 1199 2142 1254 enim
2168 1200 2304 1254 alius
2334 1208 2479 1255 esset
2498 1198 2631 1255 Novi
2654 1240 2669 1265 ,
2692 1199 2829 1254 alius
2857 1198 3066 1254 Veteris
3096 1240 3112 1265 ,
3145 1213 3602 1268 supervacaneum

1999 1298 2115 1345 erat
2141 1289 2280 1345 hanc
2311 1275 2590 1345 historiam
2611 1290 2900 1345 adducere.
2929 1288 3113 1359 Neque
3138 1290 3282 1345 enim
3312 1291 3477 1346 alium
3509 1291 3603 1345 ha-

2000 1383 2159 1439 bebat
2180 1383 2313 1439 Sara
2349 1383 2543 1448 virum,
2574 1383 2739 1436 alium
2773 1381 2943 1452 Agar;
2981 1380 3077 1436 sed
3112 1389 3335 1453 utraque
3363 1397 3525 1437 unum
3549 1394 3608 1439 et

1998 1474 2473 1546 eumdemJtaque
2496 1473 2727 1530 dicendo
2756 1515 2773 1540 ,
2817 1471 2944 1527 Hac
2978 1474 3109 1527 enim
3142 1483 3266 1527 sunt
3297 1474 3402 1528 duo
3426 1472 3605 1529 Testa-

1999 1577 2166 1623 menta
2214 1566 2387 1638 (Gal.
2417 1569 2472 1623 4.
2511 1567 2626 1639 ει)
2654 1608 2670 1633 ,
2703 1566 2833 1621 nihil
2890 1566 3034 1620 aliud
3083 1566 3214 1621 dicit
3258 1581 3417 1637 quam
3462 1568 3607 1638 quod

1998 1658 2250 1714 eumdem
2281 1658 2512 1714 habeant
2536 1657 2923 1729 legislatorem,
2955 1657 3093 1711 sicut
3118 1656 3220 1712 illa:
3242 1672 3415 1712 unum
3433 1659 3607 1715 virum

2001 1748 2299 1805 Abraham.
2339 1748 2447 1805 Sed
2477 1749 2649 1803 altera
2679 1747 2897 1819 quidem
2924 1758 3040 1803 erat
3066 1763 3221 1802 serva
3243 1790 3261 1815 ,
3285 1750 3456 1805 altera
3476 1764 3610 1807 vero

2001 1842 2190 1897 libera.
2210 1841 2349 1910 Quid
2367 1842 2517 1897 tum?
2542 1842 2802 1897 hactenus
2820 1828 2973 1895 ‘enim
2997 1842 3357 1910 quatiebatur,
3380 1857 3448 1897 an
3472 1858 3610 1898 unus

2002 1933 2280 2003 utriusque
2319 1933 2390 1987 sit
2438 1933 2731 2003 legislator.
2778 1930 3060 1999 Recipiunt
3105 1930 3265 2001 igitur
3291 1933 3439 2002 prius
3466 1932 3606 1999 hoc,

2001 2036 2065 2077 ac
2120 2033 2230 2077 tum
2290 2022 2507 2077 demum
2565 2022 2629 2077 ad
2695 2020 2824 2075 illud
2890 2021 3120 2074 alterum
3168 2020 3253 2075 eis
3315 2023 3613 2090 reSponde—

2004 2116 2199 2171 bimus.
2244 2114 2301 2172 Si
2356 2118 2498 2172 enim
2550 2132 2644 2171 eos
2695 2117 2797 2171 hoc
2853 2127 2910 2169 ut
2972 2116 3289 2183 admittant,
3339 2120 3403 2172 ae
3452 2118 3609 2173 nobis

2004 2210 2369 2267 assentiamur
2397 2254 2411 2278 ,
2457 2211 2704 2283 coegeris
2733 2253 2748 2276 ,
2794 2210 3105 2264 universum
3148 2210 3363 2266 illorum
3410 2211 3606 2283 dogma

2004 2310 2241 2355 corruet.
2292 2300 2585 2370 Comperto
2627 2300 2769 2357 enim
2820 2302 2982 2357 etiam
3023 2300 3233 2356 Veteris
3276 2303 3609 2360 Testamenti

2002 2390 2253 2446 eumdem
2286 2392 2646 2463 legislaturem
2679 2407 2799 2447 esse
2830 2434 2847 2458 ,
2890 2393 3030 2447 sicut
3071 2408 3260 2449 revera
3290 2404 3372 2450 est
3399 2437 3413 2462 ,
3446 2396 3599 2451 ﬁuen:

2008 2483 2223 2538 habebit
2248 2483 2425 2537 omnis
2456 2483 2669 2538 illorum
2697 2484 2977 2538 nobiscum
3020 2486 3408 2541 controversia.
3454 2489 3608 2542 Atta-

2007 2590 2131 2630 men
2174 2592 2244 2629 ne
2288 2577 2370 2630 vel
2406 2574 2534 2630 hinc
2572 2575 2861 2630 turbemini
2887 2616 2904 2642 ,
2947 2574 3289 2632 advertamus
3330 2577 3613 2648 diligenter

2009 2664 2123 2720 inec
2151 2665 2333 2719 verba.
2369 2665 2483 2719 Non
2512 2666 2655 2721 enim
2684 2665 2818 2720 dixit
2844 2707 2858 2733 ,
2892 2664 3008 2721 Una
3032 2666 3251 2736 quidem
3295 2682 3448 2722 serva
3468 2710 3482 2732 ,
3506 2684 3611 2723 una

2007 2769 2135 2809 vero
2166 2754 2372 2811 libera:
2402 2756 2495 2811 sed
2525 2798 2539 2820 ,
2577 2755 2694 2811 Una
2733 2750 2936 2827 quidem
2966 2756 3020 2809 in
3068 2757 3355 2811 servitutem
3399 2760 3613 2829 gignens

2008 2845 2195 2917 (lbid.)
2227 2864 2242 2901 :
2275 2862 2375 2902 nec
2399 2847 2578 2901 statim
2607 2864 2762 2902 serva
2784 2856 2867 2902 est
2894 2889 2908 2912 ,
2947 2863 3069 2923 qua:
3098 2848 3150 2903 in
3178 2850 3496 2905 seriitntem
3526 2851 3609 2921 gi-

2006 2938 2123 3009 gnit
2147 2958 2159 2993 :
2185 2949 2239 2994 et
2263 2940 2364 2995 hoc
2392 2941 2565 3010 ipsum
2588 2941 2657 2994 ad
2679 2941 3191 2997 servitutemnatum
3219 2957 3339 2998 esse
3362 2959 3467 2998 non
3495 2959 3612 2999 ma-

2010 3029 2106 3083 tris
2158 3039 2243 3085 est
2307 3032 2560 3099 crimen,
2610 3033 2706 3087 sed
2756 3034 3098 3102 parvulorum
3145 3034 3235 3104 qui
3293 3044 3609 3091 nascnntur.

2008 3121 2273 3188 Quoniam
2296 3125 2446 3179 enim
2490 3140 2586 3179 sua
2620 3125 2822 3179 malitia
2855 3126 3064 3196 seipsos
3095 3126 3341 3185 libertate
3368 3130 3615 3201 privave-

2008 3225 2135 3270 runt
2167 3259 2179 3283 ,
2208 3226 2269 3271 et
2305 3231 2335 3270 a
2370 3216 2494 3286 jure
2538 3218 2880 3288 ingenuitatis
2911 3218 3229 3275 exciderunt
3260 3264 3275 3287 ,
3320 3238 3425 3275 non
3456 3237 3612 3278 secus

2009 3322 2169 3377 quam
2202 3308 2441 3377 ingratos
2470 3322 2659 3363 servos
2689 3309 2938 3364 tractavit
2962 3323 3057 3364 eos
3095 3311 3236 3366 Deus
3266 3352 3282 3377 ,
3320 3320 3527 3368 terrore
3554 3330 3614 3369 ac

2011 3400 2169 3454 minis
2203 3400 2492 3469 castigans.
2528 3386 2667 3469 Qum
2708 3412 2764 3456 et
2801 3401 2959 3456 hodie
2998 3404 3149 3457 multi
3195 3416 3374 3474 patres
3413 3406 3614 3460 liberos;

2010 3504 2138 3546 suos
2161 3506 2265 3545 non
2301 3500 2355 3545 ut
2376 3489 2537 3559 filios,
2570 3492 2664 3548 sed
2691 3501 2747 3546 ut
2773 3506 2961 3547 servos
2997 3505 3145 3549 metu
3173 3504 3462 3551 coercent:
3493 3513 3613 3566 quae

2008 3585 2165 3654 eulpa
2197 3600 2302 3639 non
2329 3594 2610 3654 parentum
2633 3596 2736 3652 est,
2776 3586 2873 3642 sed
2900 3588 3150 3651 filiorum,
3180 3590 3270 3658 qui
3296 3605 3459 3645 causa
3501 3593 3614 3647 fne-

2012 3686 2137 3730 ruut
2166 3677 2477 3746 parentibus
2501 3686 2557 3731 ut
2578 3677 2831 3734 servilem
2862 3678 2913 3733 in
2948 3678 3165 3734 modum
3206 3681 3273 3735 ab
3300 3682 3380 3736 eis
3405 3682 3577 3739 educa
3596 3713 3609 3723 -

2011 3777 2216 3822 rentur.
2242 3767 2508 3824 Eumdem
2537 3768 2611 3823 ad
2632 3768 2853 3824 modum
2890 3771 3053 3826 etiam
3084 3772 3225 3827 Deus
3253 3772 3375 3842 ejus
3403 3786 3616 3845 tempo-

2012 3860 2085 3913 ris
2106 3859 2364 3931 populum
2392 3861 2687 3915 terroribus
2712 3876 2776 3916 ac
2808 3862 2982 3931 penis
3008 3863 3307 3927 erudiebat,
3330 3880 3433 3937 non
3451 3867 3613 3923 aliter

2012 3966 2171 4020 quam
2222 3952 2422 4005 nullius
2464 3951 2631 4021 frugis
2672 3967 2928 4016 servum;
2983 3970 3084 4008 nec
3136 3962 3313 4007 tamen
3360 3942 3475 4010 ilJC
3522 3958 3619 4012 Dei

2012 4042 2166 4112 culpa
2194 4042 2310 4108 fuit,
2342 4052 2433 4097 aut
2452 4042 2605 4113 legis,
2635 4044 2729 4097 scd
2751 4043 3060 4099 Judmorum
3112 4047 3481 4115 respuendum
3512 4046 3619 4103 fre-

2013 4150 2171 4198 nunt,
2206 4144 2262 4189 et
2286 4135 2487 4189 duriori
2519 4134 2674 4191 freno
2700 4151 2836 4205 opus
2873 4135 3208 4192 habentium.
3248 4139 3524 4210 Siquidem
3560 4143 3615 4198 in

2014 4225 2131 4295 ipso
2156 4223 2337 4281 Veteri
2357 4225 2702 4282 Testamento
2723 4228 2920 4283 multos
2952 4230 3191 4298 reperire
3217 4230 3362 4296 licet,
3386 4234 3475 4302 qui
3498 4218 3617 4297 non

310 4316 452 4367 dicta
481 4314 580 4387 (Ib.
608 4335 658 4372 υ.
690 4317 802 4388 25).
837 4317 979 4385 Quid
999 4327 1104 4382 est,
1139 4317 1241 4372 Per
1268 4317 1587 4388 allegoriam
1611 4318 1799 4372 dicta?
1821 4317 1915 4372 Εἰ-
2006 4318 2082 4373 ad
2115 4319 2363 4375 eamdem
2401 4321 2510 4375 sint
2552 4321 2707 4375 tracti
2746 4320 3083 4391 disciplinam
3111 4363 3128 4388 ,
3166 4332 3223 4376 ut
3246 4324 3375 4378 Abel
3403 4366 3418 4391 ,
3454 4325 3565 4380 Nnc
3603 4369 3617 4386 .

302 4417 453 4473 gurze
482 4418 692 4467 eorum,
725 4420 843 4475 qua:
873 4408 973 4459 sub
1014 4408 1181 4477 gratia
1212 4418 1552 4478 gererentur,
1584 4419 1738 4465 erant
1762 4426 1907 4481 quie-

301 4512 536 4567 cnmque
557 4497 657 4553 sub
680 4497 823 4567 Lege
849 4498 1068 4554 ﬂebant.
1100 4502 1251 4555 Sicut
1283 4502 1429 4556 enim
1482 4504 1593 4557 illic
1630 4502 1755 4557 duae
1786 4520 1905 4555 mu-

308 4587 489 4655 lieres,
523 4587 594 4643 ita
626 4586 714 4643 hic
740 4587 850 4645 duo
889 4588 1253 4647 Testamenta.
1302 4591 1537 4647 Primum
1581 4594 1637 4647 in
1687 4594 1788 4648 hoc
1817 4608 1911 4663 ap-

303 4687 461 4748 paret
481 4680 731 4750 cognatio
778 4679 907 4736 Novi
956 4696 1078 4736 cum
1114 4682 1327 4747 Veteri,
1383 4682 1527 4754 quod
1574 4684 1664 4740 illa
1715 4684 1905 4740 horum

308 4770 493 4839 figurae
520 4781 693 4826 erant.
723 4772 917 4843 Figura
944 4775 1087 4830 enim
1117 4777 1330 4832 veritati
1361 4794 1468 4833 non
1501 4779 1769 4835 contraria
1801 4793 1905 4845 est.

304 4859 401 4914 sed
427 4870 673 4930 cognata.
701 4861 856 4932 Quod
882 4865 927 4919 si
962 4865 1167 4922 Veteris
1194 4867 1336 4922 illius
1380 4868 1519 4924 Deus
1561 4868 1699 4925 Novi
1750 4870 1908 4942 hujus

309 4952 421 5006 Deo
457 4952 761 5008 cnntrarius
788 4966 954 5022 esset,
984 4956 1396 5030 haudquaquam
1440 4975 1538 5031 per
1566 4961 1684 5015 illas
1721 4964 1911 5017 mulie-

305 5056 397 5117 res
423 5041 553 5097 Novi
596 5046 1017 5114 praecellentiam
1070 5049 1488 5124 prwl‘tgurusset.
1520 5051 1676 5120 Quod
1727 5054 1772 5108 si
1822 5054 1910 5110 ille

306 5133 689 5205 praliguravit,
723 5151 821 5207 par
849 5146 967 5193 erat
1009 5139 1231 5196 Paulum
1263 5158 1369 5202 non
1399 5144 1545 5198 abuti
1575 5144 1673 5198 hac
1717 5144 1908 5215 ﬁgura.

306 5226 403 5281 Sin
433 5239 613 5281 autem
644 5228 846 5295 dicant,
880 5231 1027 5299 quod
1052 5233 1119 5287 ad
1146 5232 1424 5289 Judaicam
1455 5234 1819 5291 infirmitatem
1844 5254 1910 5292 sc

304 5318 597 5371 demittens
626 5318 731 5374 hoc
764 5319 1011 5386 faciebat,
1044 5325 1328 5393 Oportebat
1360 5342 1483 5381 eum
1511 5328 1673 5382 etiam
1706 5328 1910 5383 ῧτιυςὶδ

308 5412 693 5480 praedicantem
744 5415 939 5485 figuras
979 5418 1299 5472 Graecorum
1338 5419 1616 5486 adhibere,
1644 5430 1698 5475 et
1724 5436 1906 5476 rerum

305 5501 448 5572 apud
476 5502 698 5558 Graecos
723 5515 995 5576 gestarum
1029 5508 1281 5566 historias
1321 5526 1768 5572 commemorare.
1800 5512 1907 5569 Sed

298 5591 409 5650 hoc
446 5609 712 5665 nusquam
757 5598 899 5665 fecit,
942 5610 996 5654 et
1036 5603 1250 5664 merito.
1297 5602 1388 5657 llla
1433 5606 1576 5660 enim
1608 5605 1740 5660 nihil
1784 5622 1905 5662 cum

300 5694 525 5743 veritate
564 5701 854 5746 commune
903 5689 1192 5759 habebant,
1226 5693 1339 5747 haec
1384 5708 1562 5751 autem
1618 5696 1710 5752 Dei
1761 5697 1909 5768 leges

299 5788 553 5846 ξενικά
582 5780 803 5838 oracula
912 5804 926 5841 :
992 5798 1330 5859 quapropter
1394 5808 1587 5865 magna
1653 5787 1909 5864 cognalio

2007 4408 2284 4469 Abraham
2314 4452 2329 4477 ,
2354 4409 2534 4478 Isaac,
2564 4409 2764 4475 lacob,
2790 4411 3028 4481 .Iosepb,
3049 4412 3223 4467 Moses
3242 4455 3256 4477 ,
3286 4414 3432 4469 Elius
3454 4458 3469 4481 ,
3503 4415 3609 4470 Eli~

2013 4515 2154 4553 s:eus
2182 4540 2196 4564 ,
2226 4508 2281 4555 et
2307 4514 2498 4555 omnes
2526 4503 2618 4569 qui
2664 4500 2800 4556 Novi
2845 4501 3176 4557 Testatneuti
3209 4504 3452 4559 instituta
3491 4521 3613 4559 sunt

2014 4590 2285 4645 tumulati:
2314 4606 2424 4645 non
2469 4592 2613 4647 enim
2652 4601 2863 4649 terrore
2893 4608 2959 4647 ac
2993 4594 3191 4664 pretiis,
3238 4611 3335 4649 nec
3364 4596 3526 4651 minis
3554 4612 3615 4650 ac

2015 4684 2247 4752 tuulctis,
2279 4686 2376 4741 sed
2406 4700 2593 4741 amore
2620 4683 2711 4740 Dei
2739 4727 2755 4753 ,
2789 4695 2844 4742 et
2872 4684 3102 4741 ferventi
3131 4702 3259 4757 erga
3296 4688 3444 4742 illum
3485 4689 3608 4743 alle-

2014 4776 2195 4831 ctione
2225 4775 2361 4831 tales
2380 4791 2507 4847 erga
2537 4777 2702 4831 Deum
2744 4786 2870 4833 sunt
2906 4778 3137 4840 redditi,
3167 4779 3352 4848 quales
3378 4778 3617 4836 fuerunt.

2013 4867 2131 4923 Non
2157 4867 2301 4923 enim
2326 4882 2465 4938 opus
2491 4868 2759 4924 habebant
2786 4870 3072 4935 mandatis,
3095 4884 3270 4937 neque
3288 4870 3621 4942 prtescriptis

2014 4970 2072 5015 et
2100 4961 2330 5031 legibus,
2363 4970 2419 5014 ut
2444 4961 2699 5015 virtutem
2737 4971 3076 5015 sectarentur
3099 4976 3163 5015 ac
3185 4961 3310 5016 vitia
3345 4960 3617 5033 fugerent:

2016 5052 2111 5107 scd
2142 5063 2198 5107 ut
2225 5052 2439 5123 ingenui
2471 5062 2525 5106 et
2568 5052 2775 5106 liberali
2820 5052 3037 5122 ingenio
3079 5052 3170 5119 Silii
3197 5094 3211 5119 ,
3253 5064 3618 5120 agnoscentes

2016 5159 2167 5198 suam
2198 5144 2588 5210 conditionem,
2619 5144 2820 5213 absque
2847 5153 2992 5198 metu
3021 5142 3131 5197 ullo
3148 5153 3239 5197 aut
3262 5145 3620 5214 castigatione

2020 5238 2070 5291 iu
2095 5238 2309 5292 virtutis
2336 5249 2509 5293 castra
2542 5253 2602 5291 se
2633 5238 3013 5292 contulerunt:
3043 5237 3308 5306 reliquum
3339 5253 3470 5293 vero
3497 5241 3617 5293 vul-

2016 5344 2116 5399 gus
2156 5328 2465 5384 indecorum
2501 5371 2517 5395 ,
2553 5330 2806 5400 quoniam
2856 5329 2947 5384 ad~
2972 5329 3231 5383 malitiam
3274 5326 3619 5395 defecerant,

2022 5422 2155 5493 legis
2194 5421 2351 5478 freno
2399 5424 2709 5477 necessario
2753 5422 3041 5477 coercendi
3093 5422 3327 5477 luerunt.
3382 5408 3618 5493 Ideoque

2018 5526 2301 5585 postquam
2339 5516 2563 5571 vitulum
2611 5520 2927 5583 tinxerunt,
2958 5526 3012 5570 et
3060 5517 3309 5587 sculptile
3359 5517 3621 5573 adoravi:-

2020 5616 2175 5673 runt,
2202 5615 2313 5661 tum
2340 5605 2560 5662 dentom
2588 5607 2895 5672 audierunt,
2926 5606 3179 5661 Dominus
3206 5606 3341 5661 Deus
3372 5618 3487 5662 tuus
3515 5606 3622 5662 Do-

2020 5699 2188 5752 minus
2216 5714 2350 5753 unus
2378 5701 2492 5771 αι(
2519 5697 2668 5754 Deut.
2694 5698 2747 5755 ϐ.
2776 5700 2811 5753 4
2838 5701 2892 5767 );
2927 5709 3275 5770 posteaquam
3304 5697 3483 5753 ett-des
3524 5715 3617 5770 pa-

2029 5800 2301 5848 traverunt
2366 5800 2420 5846 et
2477 5807 2673 5847 uxores
2727 5790 2961 5863 proximi
3034 5799 3457 5864 stupraverttnt,
3497 5802 3625 5851 titus
