4228 6298
624 294 726 348 287

626 403 941 457 audiverunt
971 442 982 460 ,
1018 396 1134 451 Non
1165 394 1356 449 occides
1386 436 1403 461 ,
1438 412 1533 448 non
1562 393 1918 448 mare/iuberis:
1950 401 2000 444 et
2037 388 2194 441 simili

627 490 789 548 modo
812 492 1008 557 reliqua
1036 486 1229 539 omnia.

701 585 750 636 7.
786 582 961 649 Itaque
1002 592 1106 631 non
1138 586 1219 630 est
1260 575 1578 644 vitupcrium
1623 574 1757 644 legis
1782 571 1920 644 quod
1950 569 2126 640 puniat
2148 576 2199 620 et

627 691 675 729 Ill
688 675 848 727 nictet
867 711 883 735 ,
912 678 966 725 ct
990 683 1182 725 servos
1203 668 1343 723 Velut
1373 666 1646 736 improbos
1674 663 1922 720 emendet
1947 678 2007 717 ac
2034 662 2195 716 casti-

627 772 735 833 get,
763 761 855 817 sed
887 761 1210 833 prmconinm
1239 760 1462 829 insigne.
1495 773 1592 813 nec
1621 757 1852 827 vulgaris
1882 756 1996 809 laus
2016 796 2030 819 ,
2057 752 2197 821 quod

628 870 722 910 eos
746 855 833 925 qui
855 853 920 908 ad
946 862 1240 909 extremam
1267 852 1523 907 malitiam
1558 850 1785 919 prolapsi
1811 847 2019 901 fuerant
2049 885 2063 909 ,
2100 859 2197 913 po-

628 942 787 1001 tuerit
814 945 1104 1000 severitate
1148 958 1244 998 sua
1281 943 1508 998 liberare
1536 956 1565 993 a
1594 941 1733 994 vitiis
1755 982 1769 1003 ,
1802 939 2121 1005 mollireqne
2146 943 2199 988 rt

628 1041 981 1106 obsequentes
1026 1034 1208 1106 gratia:
1269 1034 1477 1095 facere,
1514 1044 1673 1100 atque
1723 1030 1789 1084 ad
1828 1044 2017 1083 novam
2066 1026 2200 1080 hanc

629 1129 1018 1198 philosophiam
1030 1141 1129 1182 ceu
1143 1126 1278 1179 viam
1303 1123 1585 1194 quamdam
1606 1133 1863 1177 sternere.
1894 1119 2036 1175 Idem
2058 1109 2199 1174 enim

627 1220 855 1291 Spiritus
902 1230 1012 1273 tum
1057 1218 1110 1272 in
1150 1216 1326 1271 Veteri
1375 1213 1752 1276 Testamento,
1792 1220 1903 1266 tum
1954 1211 2006 1263 in
2055 1207 2201 1263 Novo

630 1310 975 1382 dispensabat
1024 1307 1201 1364 omnia
1229 1348 1244 1373 ,
1293 1307 1415 1361 licet
1451 1304 1665 1360 diverso
1702 1302 1880 1357 modo.
1913 1301 2199 1369 Propterea

632 1403 823 1457 Paulus
837 1400 1043 1455 dicebat
1063 1415 1077 1454 :
1097 1396 1342 1452 Habentes
1359 1406 1524 1449 autem
1543 1394 1770 1449 eumdem
1787 1391 2035 1461 Spiritum
2058 1389 2199 1456 ﬁdei,

630 1492 757 1544 sinit
784 1492 1020 1560 scriptum
1053 1499 1123 1543 est
1140 1530 1154 1547 .
1173 1485 1398 1551 Credidi,
1432 1493 1637 1555 propter
1658 1481 1793 1553 quod
1814 1482 2047 1551 loquutus
2067 1495 2197 1533 sicin.

708 1584 754 1635 tt
762 1599 903 1634 orum
931 1581 1151 1650 probitas
1176 1593 1288 1631 enin
1312 1575 1432 1645 ﬁdei
1448 1574 1732 1628 sinceritate
1736 1568 2205 1643 jungenda.—Nec

634 1674 801 1725 solum
832 1680 1049 1741 propter
1074 1668 1175 1722 huc
1200 1666 1355 1725 dixit.
1393 1663 1637 1718 Euntdcnt
1658 1663 1912 1731 spiritum,
1930 1653 2024 1716 sed
2050 1665 2102 1711 et
2130 1657 2205 1711 ob

630 1767 785 1818 aliam
826 1777 930 1816 non
961 1761 1213 1813 leviorem
1244 1771 1458 1810 causam
1489 1796 1502 1815 ,
1524 1744 1697 1822 quam
1716 1750 1958 1806 volebam
1987 1747 2204 1818 quidem

636 1866 773 1908 nunc
817 1850 1046 1913 aﬂ‘crre;
1076 1847 1169 1901 scd
1220 1846 1421 1901 veritus
1466 1858 1531 1897 ne
1573 1840 1811 1911 pluribus
1853 1836 2053 1909 gravati
2095 1836 2203 1904 jam

630 1947 889 1998 dictorum
917 1935 1319 1996 obliviscamini,
1350 1936 1399 1988 in
1416 1934 1572 1987 aliam
1598 1932 1736 1986 diem
1764 1929 1913 1984 vobis
1941 1943 2062 1983 cum
2092 1941 2203 1981 ser-

628 2050 841 2089 monem
864 2030 1089 2087 servabo
1112 2070 1126 2093 ,
1157 2027 1364 2082 interim
1387 2024 1625 2078 hortatus
1644 2063 1660 2087 ,
1693 2030 1748 2075 ut
1776 2028 2093 2091 pricsentcm
2124 2026 2207 2072 to-

630 2138 743 2180 tum
771 2125 819 2178 in
849 2120 1159 2178 memoriam
1194 2114 1488 2171 recondatis
1522 2156 1538 2177 ,
1572 2125 1729 2182 atque
1766 2112 2049 2180 diligenter
2076 2109 2200 2163 reti-

629 2213 805 2269 neatis
843 2253 857 2273 .
890 2221 1052 2280 utque
1100 2208 1321 2261 virtutes
1370 2204 1696 2257 Christianas
1732 2216 1853 2255 eum
1903 2200 2206 2269 dogmatnm

636 2305 865 2375 puritate
899 2298 1266 2369 ecujungatis:
1305 2294 1369 2352 Ut
1409 2296 1479 2349 sic
1512 2294 1600 2359 ﬁat
1624 2293 1815 2361 integer
1842 2289 1991 2343 homo
2024 2286 2116 2341 Dei
2142 2286 2210 2339 ad

635 2412 783 2449 autne
804 2409 929 2463 Opus
953 2392 1133 2444 bonum
1154 2395 1468 2456 preparatus
1493 2384 1565 2455 (Ξ.
1592 2381 1720 2435 Tim.
1748 2381 1799 2434 5.
1826 2378 1908 2450 l7)
1937 2377 2210 2447 :quando-

630 2486 848 2556 quidem
889 2479 1019 2534 nihil
1070 2478 1220 2531 nobis
1259 2474 1520 2545 profuerit
1566 2479 1710 2527 recte
1754 2471 1951 2525 sentire
1981 2509 1997 2532 ,
2024 2468 2067 2521 si
2106 2466 2211 2518 vita

638 2571 845 2627 interim
884 2570 1043 2625 fuerit
1071 2568 1224 2622 malis
1251 2566 1487 2620 moribus
1518 2564 1695 2639 vitiata
1722 2580 1735 2615 :
1767 2558 2210 2631 quemadmodum

636 2672 823 2721 contra
848 2661 975 2715 nihil
990 2658 1214 2729 prodest
1238 2659 1346 2709 vita
1375 2657 1714 2724 incorrupta,
1755 2653 1854 2706 nisi
1892 2648 2110 2706 accedat
2148 2648 2211 2700 li-

643 2776 655 2799 ι
675 2751 733 2810 ei
753 2765 961 2821 quoque
985 2748 1279 2803 sinceritas.
1329 2744 1395 2801 Ut
1422 2744 1576 2815 igitur
1617 2746 1875 2811 integram
1931 2738 2211 2793 utilitatem

638 2852 1027 2907 consequamur
1053 2878 1068 2901 ,
1098 2836 1343 2904 utrinque
1372 2833 1522 2888 nobis
1553 2831 1923 2901 provideamus
1954 2871 1969 2894 ,
2012 2828 2214 2882 fructus

636 2932 796 2985 etiam
822 2940 1110 2997 generoSos
1150 2926 1203 2979 in
1247 2924 1363 2978 aliis
1409 2920 1775 2993 proici-entes:
1803 2929 1855 2974 et
1883 2934 2003 2975 cum
2032 2917 2216 2987 primis

638 3022 1054 3088 eleemosynam,
1074 3016 1141 3071 de
1169 3032 1272 3085 qua
1299 3015 1458 3069 etiam
1488 3028 1655 3082 nuper
1684 3012 1747 3065 ad
1780 3026 1873 3063 vos
1896 3009 2058 3065 verba
2092 3007 2213 3072 feci,

638 3126 826 3181 magna
852 3125 971 3162 cum
998 3109 1237 3178 largitate
1251 3118 1407 3175 atque
1429 3106 1697 3157 alacritate
1720 3103 1860 3155 illam
1879 3110 2214 3157 exercentes.

643 3201 743 3268 Qui
772 3200 914 3255 enim
952 3213 1099 3268 parce
1133 3197 1365 3257 srminat,
1389 3197 1462 3248 ait
1487 3194 1779 3263 Scriptura,
1811 3207 1960 3260 pare
1981 3199 2028 3244 et
2053 3198 2216 3243 nictet:

638 3301 683 3349 et
708 3290 796 3363 qui
812 3289 1018 3344 seminat
1056 3288 1107 3339 in
1140 3283 1561 3339 benedictionibus
1590 3322 1603 3344 ,
1632 3282 1693 3334 de
1711 3278 2133 3335 benedictionibus
2160 3285 2209 3329 et

637 3391 781 3436 metet
805 3380 881 3450 (Ξ.
907 3378 1024 3432 Cor.
1055 3376 1200 3445 9.6).
1221 3374 1354 3442 Quid
1383 3383 1481 3438 est,
1500 3372 1561 3425 In
1589 3370 2013 3425 benedictionibus
2034 3368 2059 3421 Ρ
2084 3367 2216 3421 Cum

644 3487 832 3543 magna
866 3470 1127 3538 largitate.
1174 3466 1269 3522 llic
1313 3466 1527 3535 quidem
1573 3465 1625 3517 in
1676 3463 1835 3516 I'l‘bllS
1878 3457 2221 3514 smcnlaribus

640 3574 747 3620 tam
780 3560 968 3616 messis
990 3573 1146 3630 quam
1176 3556 1429 3612 sementis
1455 3552 1763 3610 eortnndem
1794 3558 1874 3605 est
1914 3548 2174 3604 seminum
2205 3564 2218 3600 :

643 3668 765 3708 nam
796 3652 884 3722 qui
916 3650 1045 3706 serit
1074 3688 1091 3714 ,
1127 3648 1354 3701 triticum
1396 3655 1487 3698 aut
1528 3644 1785 3698 hordeum
1835 3642 2063 3697 seminat
2090 3680 2103 3705 ,
2132 3648 2222 3694 aut

641 3743 836 3814 aliquid
877 3741 1091 3806 simile,
1128 3749 1182 3795 et
1211 3738 1298 3809 qui
1340 3737 1520 3802 metit,
1568 3735 1793 3806 idipsum
1825 3733 2012 3797 metit;
2058 3742 2113 3787 at
2161 3732 2214 3787 in

637 3836 986 3904 elecmosyna
1021 3846 1125 3884 non
1169 3830 1309 3884 idem
1340 3843 1439 3882 usu
1463 3827 1629 3882 venit.
1658 3824 1764 3881 Sed
1788 3823 2002 3894 ‘spargis
2032 3838 2226 3892 argen-

644 3935 789 3988 tum,
822 3933 874 3978 et
895 3922 1100 3992 colligis
1133 3922 1375 3976 tiducimn
1402 3933 1525 3987 erga
1556 3916 1722 3970 Deum
1747 3934 1758 3968 :
1784 3915 1881 3969 das
1910 3911 2223 3982 pecuniam,

644 4015 924 4084 etaeeipis
974 4012 1341 4067 remissionem
1391 4006 1997 4078 peccatorumzpraibes
2036 4019 2225 4074 panem

647 4122 711 4162 ac
740 4117 962 4168 vestem,
989 4112 1043 4157 et
1065 4116 1163 4172 pro
1190 4098 1273 4154 bis
1304 4114 1521 4169 regnum
1549 4098 1802 4153 oculorum
1840 4096 1929 4151 tibi
1964 4105 2177 4165 paratur
2210 4137 2224 4159 ,

648 4198 895 4263 bonaque
914 4193 999 4246 illa
1029 4188 1252 4253 uiuum,
1284 4205 1400 4257 qua:
1429 4203 1526 4243 nec
1552 4189 1738 4242 oeulus
1764 4188 1927 4253 vidit,
1956 4201 2053 4241 nec
2082 4188 2229 4240 auris

649 4284 869 4349 audivit,
896 4297 991 4336 nec
1013 4281 1175 4334 incor
1196 4280 1427 4332 lnuninis
1446 4278 1894 4348 aseenderunt(l.
1920 4277 2037 4332 Cor.
2063 4278 2117 4333 2.
2144 4278 2225 4346 9):

649 4387 701 4431 et
729 4372 869 4443 quod
898 4381 979 4427 est
1002 4370 1239 4424 omnium
1266 4369 1523 4423 bonorum
1553 4384 1756 4422 summa
1782 4411 1795 4433 ,
1829 4369 2018 4423 similis
2044 4370 2228 4424 enice-

651 4467 723 4519 ris
754 4464 881 4528 Deo,
908 4470 1168 4531 quatenus
1199 4459 1248 4513 id
1280 4458 1478 4512 homini
1508 4469 1589 4512 est
1616 4460 1887 4527 possibile.
1928 4459 2057 4513 Nam
2100 4474 2220 4513 cum

649 4559 718 4608 de
763 4555 1100 4621 elermosyna
1140 4559 1190 4602 et
1237 4548 1559 4617 benignitate
1607 4550 1945 4603 disseruisset
1992 4551 2231 4603 Christus

653 4644 961 4712 >ιιὲι1ιιιιιὶιε
992 4640 1057 4695 Ut
1088 4640 1368 4711 rﬁcimnini
1396 4640 1581 4693 similes
1609 4639 1757 4693 Patri
1799 4652 1956 4693 vestro
1996 4642 2180 4694 ca'iesti
2212 4681 2228 4705 ,

649 4736 735 4799 qui
780 4734 934 4787 sulem
975 4748 1118 4785 suum
1156 4730 1279 4783 oriri
1327 4732 1459 4792 iubet
1489 4748 1637 4799 super
1683 4731 1838 4783 mulos
1866 4748 1924 4781 nc
1952 4731 2106 4783 bonos
2134 4772 2148 4795 ,
2185 4741 2231 4784 ct

662 4824 790 4894 pluit
823 4839 972 4891 super
997 4824 1165 4890 justas
1195 4837 1253 4872 ac
1277 4821 1491 4889 injustas
1524 4819 1734 4890 (.llnttlt.
1768 4821 1816 4874 5.
1854 4822 1919 4875 45
2015 4821 2091 4874 Tu
2126 4837 2231 4875 non

650 4927 806 4987 putes
833 4915 961 4967 oriri
990 4914 1183 4979 jubere
1222 4911 1387 4964 sulem
1423 4952 1438 4976 ,
1473 4926 1642 4979 neque
1675 4912 1872 4965 imbres
1899 4912 2184 4968 immittere
2214 4952 2229 4976 ,

654 5020 826 5076 neque
872 5005 1137 5059 bcuettcns
1174 5015 1293 5054 esse
1334 5002 1383 5053 in
1420 4999 1599 5053 orbem
1632 5012 1890 5055 terrarum
1936 5010 2040 5056 tam
2081 5003 2235 5073 longe

657 5100 863 5166 Ιιιιι-ιιιια
898 5100 1205 5165 patentem:
1237 5101 1385 5145 utere
1432 5089 1767 5145 facultatibus
1809 5092 1910 5145 tuis
1934 5094 2001 5147 ad
2032 5093 2231 5147 beneti-

654 5192 882 5243 crntiam
907 5228 921 5249 ,
964 5194 1019 5241 ct
1050 5184 1218 5239 fact-ts
1238 5198 1296 5235 es
1320 5183 1507 5237 similis
1538 5182 1585 5235 ei
1611 5184 1697 5252 qni
1729 5185 1896 5238 solem
1925 5202 2074 5238 suum
2104 5188 2231 5240 oriri

652 5282 802 5353 jubet
832 5318 848 5342 ,
875 5278 924 5331 iu
948 5286 1198 5347 quantum
1228 5275 1495 5329 imminent
1524 5275 1631 5328 lico
1666 5276 1892 5329 similem
1937 5277 2047 5331 tieri
2089 5280 2230 5333 ticet.

734 5371 786 5424 3.
814 5369 1143 5437 Etrenwsyna
1169 5368 1317 5419 etiam
1347 5368 1565 5437 indignis
1597 5368 1768 5421 datur.
1822 5370 2012 5439 Segncs
2042 5385 2234 5426 rerocnt

658 5466 719 5513 at.
745 5460 845 5513 otio
888 5457 1110 5521 Paulus,
1134 5458 1219 5509 sed
1256 5458 1463 5510 nutltum
1498 5458 1634 5511 abest
1675 5461 1791 5527 quin
1822 5477 1850 5512 ιι
1880 5462 2235 5528 benefurie.:da

659 5546 1382 5604 auertat."Aaintmlvertite
1412 5547 1696 5617 diligenter
1733 5566 1850 5618 qua:
1878 5550 1997 5603 diro
2024 5571 2035 5605 :
2070 5555 2238 5621 Super

661 5647 812 5698 bonos
832 5658 890 5694 ac
914 5641 1107 5701 inulas.
1145 5640 1331 5709 inquit.
1363 5638 1498 5709 Ergo
1529 5650 1580 5693 tu
1608 5657 1817 5711 (paxque
1854 5644 2060 5714 quoties
2090 5647 2234 5702 elec-

1330 283 1387 339 S.
1426 280 1703 339 1033'le
1739 274 2216 338 CIIRYSOSTOHI
2256 274 2571 331 AﬂlllllEP.
2613 275 3148 334 CONSTANTlNOP.

3786 280 3898 337 288

2303 402 2580 457 mosynam
2610 388 2738 443 faris
2763 429 2778 452 ,
2809 405 2874 443 ne
2914 389 3077 443 vitam
3121 388 3439 455 examines,
3470 402 3646 459 neque
3677 407 3898 447 morum

2301 479 2562 532 rationem
2592 494 2861 549 reposcat.
2891 480 3239 552 Eleemosyna
3266 481 3410 536 enim
3434 521 3451 546 ,
3483 482 3583 536 hoc
3608 492 3694 537 est
3722 484 3898 540 misc-

2304 570 2439 624 ratio
2470 613 2483 634 ,
2516 570 2639 625 ideo
2677 571 2875 627 dicitur
2899 611 2914 638 ,
2961 582 3020 627 ut
3055 574 3215 627 etiam
3263 572 3491 644 indignis
3521 574 3898 644 prmbeamus:

2302 664 2393 736 qui
2420 666 2563 720 enim
2588 667 2892 733 miseratur,
2926 682 3033 721 non
3061 676 3202 723 recte
3224 668 3489 723 viventem
3508 706 3525 734 ,
3551 667 3650 724 sed
3676 684 3904 737 pedan-

2305 767 2409 811 tem
2451 758 2768 814 miseratur:
2799 773 2919 812 nam
2945 760 3033 829 qui
3061 769 3205 814 recte
3228 759 3375 821 vivit,
3405 759 3562 814 laude
3592 769 3677 815 est
3700 760 3904 831 dignus

2303 855 2358 901 et
2381 848 2732 917 corona:qui
2771 863 2896 902 vero
2940 857 3125 918 peccat
3156 887 3172 911 ,
3203 848 3359 902 venia
3401 858 3455 903 et
3497 849 3897 904 misericordia.

2304 938 2639 1007 Quapropter
2682 938 2783 993 hac
2814 953 3028 1010 quoque
3066 948 3217 1010 parte
3259 937 3424 992 Deum
3457 939 3785 994 imitabimur
3806 981 3822 1004 ,
3857 941 3904 993 si

2304 1031 2465 1083 etizuu
2497 1028 2649 1081 malis
2680 1028 3067 1098 benignitatem
3093 1038 3328 1083 nostram
3362 1042 3467 1082 non
3507 1028 3897 1085 subducamus.

2305 1116 2591 1172 Considera
2621 1115 2763 1172 enim
2790 1133 2948 1187 quam
2970 1118 3123 1173 multi
3152 1116 3337 1172 orbem
3361 1127 3629 1173 terrarum
3654 1118 3904 1175 habitem

2308 1208 2638 1278 blasphemi,
2684 1208 2929 1263 scelerati
2952 1250 2967 1271 ,
2998 1208 3412 1279 praestigiatores
3431 1249 3447 1271 ,
3475 1210 3727 1264 omnibus
3752 1211 3909 1263 vitiis

2307 1297 2519 1363 referti;
2546 1309 2780 1353 attamen
2808 1302 2906 1353 hos
2929 1314 3141 1369 quoque
3163 1314 3260 1368 per
3286 1299 3526 1370 singulos
3547 1299 3664 1353 dies
3691 1302 3908 1355 enutrit

2308 1389 2445 1443 Deus
2472 1429 2488 1453 ,
2520 1389 2721 1443 docens
2749 1403 2846 1443 nos
2868 1399 2923 1443 ut
2952 1389 3232 1444 universos
3269 1389 3517 1445 homines
3537 1388 3903 1446 beneﬁcentia

2305 1480 2747 1549 complectamur.
2782 1479 2890 1535 Nos
2925 1496 3049 1536 vero
3074 1480 3251 1535 omnia
3287 1480 3556 1536 contrario
3584 1482 3747 1537 modo
3772 1479 3909 1536 faci-

2306 1583 2589 1629 mllI100n
2630 1574 2801 1623 solum
2835 1570 2978 1625 enim
3024 1570 3193 1625 malos
3236 1580 3291 1625 et
3337 1571 3609 1641 improbos
3648 1570 3909 1625 homines

2306 1672 2637 1724 aversamur,
2664 1661 3008 1714 verumetiam
3032 1642 3154 1715 cum
3184 1676 3347 1715 sanus
3361 1662 3624 1732 quispiam
3643 1676 3743 1716 nos
3764 1660 3904 1717 adit.

2307 1759 2399 1805 aut
2427 1762 2647 1821 propter
2670 1752 3010 1821 probitatem,
3036 1764 3126 1807 aut
3153 1762 3374 1823 propter
3397 1752 3700 1808 libertatem
3719 1791 3734 1814 ,
3761 1751 3910 1805 forte

2308 1842 2469 1896 etiam
2503 1850 2718 1910 propter
2749 1843 3055 1911 plgritiam(
3086 1852 3141 1895 ut
3170 1852 3223 1896 et
3252 1846 3353 1897 hoc
3375 1842 3607 1913 addam)
3632 1883 3649 1905 ,
3683 1844 3736 1897 in
3767 1858 3910 1912 [ιειιι-

2314 1940 2517 2001 pertate
2544 1933 2745 1992 vixeris.
2780 1933 2998 2002 probra,
3024 1932 3380 1986 contumelias
3400 1972 3416 1997 ,
3449 1941 3505 1987 et
3528 1933 3807 1987 innumera
3850 1933 3913 1985 iu

2311 2039 2431 2079 eum
2455 2023 2672 2093 iaculati
2699 2024 2921 2079 dicteria
2946 2065 2961 2089 ,
2986 2024 3169 2078 vacuis
3193 2025 3366 2093 ipsum
3405 2024 3651 2078 manibus
3674 2024 3910 2077 remitti-

2314 2128 2452 2179 mus,
2477 2114 2838 2168 valetudinem
2869 2114 3261 2183 exprobrantcs
3291 2153 3305 2175 ,
3347 2114 3511 2165 otium
3531 2112 3851 2181 objicieutes
3885 2152 3903 2175 ,

2314 2219 2500 2275 prunas
2526 2214 2893 2274 reposcentes.
2925 2203 3158 2259 lloccine
3185 2204 3360 2273 jussus
3383 2216 3443 2257 es
3466 2243 3483 2268 ,
3514 2217 3549 2256 o
3580 2202 3739 2258 liomo
3764 2241 3781 2266 ,
3804 2202 3910 2257 ob-

2309 2295 2525 2365 jurgare
2572 2305 2776 2350 tantum
2832 2309 2897 2350 ae
2950 2294 3231 2364 increpare
3274 2293 3516 2363 egenos?
3553 2291 3794 2347 Iliserari
3845 2306 3914 2345 ae

2315 2385 2597 2441 sublevare
2624 2396 2989 2455 paupertatem
3015 2401 3200 2439 eorum
3226 2384 3384 2455 jussit
3415 2384 3575 2449 licus,
3607 2398 3712 2437 non
3741 2384 3912 2438 ratio—

2319 2490 2441 2531 nem
2468 2491 2749 2545 reposcere
2768 2476 3160 2531 MOItViCitlri.
3193 2475 3297 2530 Sed
3327 2477 3402 2528 vis
3434 2476 3570 2530 illius
3597 2489 3775 2529 mores
3790 2490 3915 2527 eor-

2319 2565 2509 2636 rigere,
2539 2578 2591 2619 et
2623 2565 2889 2619 hominem
2915 2567 3140 2621 inertem
3165 2582 3194 2618 a
3224 2566 3449 2635 segnitie
3479 2561 3573 2620 su'a
3601 2574 3913 2619 revocatum

2318 2657 2384 2709 ad
2426 2670 2560 2725 opus
2589 2655 2802 2725 aliquod
2831 2657 3135 2727 applicare?
3164 2656 3235 2711 Da
3264 2658 3431 2727 prius,
3463 2671 3525 2712 ae
3552 2667 3664 2712 tum
3693 2656 3915 2712 demum

2320 2745 2555 2815 increpa,
2590 2757 2646 2800 ut
2670 2762 2775 2801 non
2797 2747 3130 2803 crudelitatis
3165 2758 3445 2818 suspectus
3468 2748 3564 2802 llas
3586 2790 3599 2811 ,
3629 2748 3727 2803 sed
3764 2748 3917 2802 licui-

2319 2836 2541 2904 gnitatis
2586 2836 2797 2891 laudem
2841 2847 3102 2906 reportes.
3132 2839 3267 2892 Eum
3299 2839 3441 2893 enim
3469 2840 3557 2909 qui
3603 2840 3733 2893 nihil
3778 2839 3917 2894 dans

2322 2933 2525 2978 tantum
2554 2928 2860 2995 opprobmt,
2886 2937 3161 2983 aversatur
3185 2943 3389 2999 pauper
3418 2970 3432 2991 ,
3460 2937 3518 2983 et
3554 2929 3737 2999 inique
3765 2927 3868 2984 fert
3895 2969 3913 2993 ,

2322 3030 2384 3070 ac
2410 3033 2476 3070 ne
2527 3019 2765 3086 aspicere
2813 3020 3031 3087 quidem
3086 3021 3315 3074 sustinet
3346 3029 3441 3083 ;ct
3489 3020 3703 3075 merito.
3750 3018 3913 3074 Putat

2322 3108 2466 3161 enim
2491 3122 2597 3161 non
2625 3108 2767 3178 quod
2790 3109 2925 3164 bene
2953 3110 3059 3166 sibi
3087 3111 3251 3175 velit,
3293 3108 3386 3165 sed
3408 3110 3547 3181 quod
3570 3110 3701 3165 dare
3730 3108 3868 3164 nolit
3898 3148 3916 3170 ,

2324 3196 2717 3266 objurgatorcm
2746 3214 2869 3254 eum
2910 3214 3033 3255 esse
3067 3216 3083 3265 ;
3112 3200 3180 3253 ita
3212 3210 3267 3254 nt
3294 3216 3480 3255 revera
3512 3209 3614 3255 est.
3646 3199 3747 3268 Qui
3787 3214 3919 3253 vero

2331 3298 2676 3358 posteaquam
2712 3290 2862 3345 dedit
2905 3290 3191 3361 obiurgat,
3234 3292 3356 3347 facit
3397 3303 3455 3347 ut
3500 3291 3683 3347 libenti
3734 3292 3918 3346 animo

2326 3377 2630 3447 objurgatio
2676 3393 2772 3433 sua
2823 3381 3109 3451 recipiatur
3137 3397 3152 3435 ε
3177 3397 3243 3436 eo
3280 3382 3420 3452 quod
3452 3397 3558 3436 non
3587 3395 3807 3453 propter
3838 3383 3922 3437 in-

2330 3471 2736 3538 hnntanitalem,
2767 3472 2860 3529 sed
2895 3483 3111 3544 propter
3139 3475 3565 3529 benevolentiam
3595 3476 3918 3544 increpatio-

2328 3577 2448 3616 nem
2471 3562 2728 3619 adbibere
2749 3563 3011 3619 videatur.
3045 3566 3135 3620 Sic
3160 3567 3319 3620 etiam
3368 3566 3565 3621 Paulus
3605 3566 3725 3621 frcit
3754 3584 3767 3629 ;
3797 3584 3917 3620 eum

2328 3656 2469 3709 enim
2495 3655 2748 3713 dixisset:
2776 3657 2875 3724 Qui
2902 3674 3002 3712 non
3024 3660 3125 3712 vult
3152 3661 3371 3730 cperari,
3403 3676 3467 3714 ne
3485 3661 3599 3714 edat
3628 3661 3717 3729 (Ω.
3738 3658 3918 3714 Thess.

2332 3747 2385 3799 3.
2417 3745 2551 3815 l0),
2594 3746 2832 3818 adjnngit
2870 3748 3298 3804 exhortationem
3338 3749 3562 3805 dicens:
3604 3749 3704 3804 Vos
3750 3761 3920 3804 autem

2331 3834 2517 3887 bonum
2564 3838 2803 3907 facientes
2843 3854 2905 3891 ne
2942 3840 3187 3906 deﬁciatis
3216 3841 3235 3911 (
3262 3838 3343 3894 Ib.
3370 3855 3415 3892 υ.
3452 3840 3576 3911 l3).
3600 3841 3759 3910 Atqui
3806 3840 3919 3894 hac

2335 3937 2595 3997 percepta
2637 3931 2905 3985 contraria
2958 3945 3079 3987 esse
3119 3932 3385 3986 videntur.
3444 3932 3499 3987 Si
3544 3932 3687 3987 enim
3720 3933 3924 3989 otiosm

2336 4036 2438 4074 non
2461 4031 2675 4091 oportet
2692 4022 2866 4078 cibum
2896 4037 3090 4091 capere
3113 4065 3127 4088 ,
3152 4024 3421 4092 quomodo
3444 4024 3603 4092 jubes
3634 4023 3773 4079 bene
3798 4026 3922 4078 tali-

2337 4111 2433 4165 bus
2466 4112 2671 4168 facrre?
2692 4113 2795 4169 Sed
2830 4128 2934 4167 non
2964 4122 3090 4168 sunt
3111 4114 3377 4167 contraria
3398 4129 3413 4167 :
3432 4114 3589 4167 absit.
3624 4112 3748 4169 Ideo
3776 4114 3920 4168 enim

2338 4200 2439 4255 hoc
2463 4202 2600 4267 disi,
2627 4203 2815 4271 inquit,
2844 4203 2941 4268 Qui
2973 4219 3071 4257 non
3097 4204 3201 4256 ruit
3229 4205 3452 4274 operari,
3479 4219 3542 4257 ne
3561 4204 3701 4268 edat,
3730 4217 3836 4259 non
3868 4215 3925 4258 nt

2336 4306 2430 4347 eos
2464 4292 2555 4363 qui
2584 4294 2778 4363 alioqui
2808 4292 3049 4361 largituri
3089 4302 3285 4359 erant,
3325 4306 3625 4349 averterem
3672 4308 3709 4349 a
3752 4294 3922 4349 danda

2335 4383 2696 4454 eleemosyna,
2724 4383 2818 4437 sed
2851 4391 2908 4437 ut
2933 4384 2984 4437 in
3011 4383 3122 4437 otio
3143 4384 3381 4438 viventes
3402 4398 3431 4436 a
3462 4384 3689 4452 segnitie
3717 4397 3812 4439 sua
3842 4398 3926 4441 re-

2336 4487 2604 4526 vocarem.
2640 4472 2817 4542 Itaque
2834 4488 2956 4528 eum
2989 4472 3138 4539 dicit,
3173 4472 3256 4527 Ne
3284 4474 3436 4536 edat,
3471 4473 3591 4527 illos
3614 4475 3927 4529 exstimulat

2338 4561 2403 4614 ad
2435 4562 2687 4622 laborem,
2719 4563 3130 4618 comminatione
3156 4562 3255 4619 hac
3278 4562 3525 4618 territos:
3549 4577 3671 4618 cum
3698 4579 3828 4619 vero
3849 4564 3929 4619 ιιι.

2340 4650 2435 4715 cit,
2468 4648 2667 4702 Bonum
2689 4651 2927 4719 facientes
2948 4667 3009 4703 ne
3031 4652 3299 4720 deﬁciatis,
3333 4652 3429 4706 hos
3449 4653 3646 4707 excitat
3664 4652 3738 4707 ad
3760 4654 3924 4709 benc-

2343 4739 2606 4794 lieentiam
2626 4781 2640 4804 ,
2682 4739 2796 4794 utili
2823 4741 3197 4796 exhortatione
3222 4742 3502 4811 impulsos.
3522 4741 3600 4797 Ne
3626 4742 3771 4798 enim
3804 4745 3924 4812 qui-

2339 4829 2459 4885 dam
2485 4831 2823 4886 retraherent
2850 4847 3039 4887 manus
3065 4832 3247 4888 audito
3276 4848 3379 4903 qua
3410 4834 3482 4887 illi
3512 4835 3927 4890 comminatione

2345 4921 2620 4985 feriantur,
2644 4921 2711 4975 ad
2742 4922 3149 4977 beneﬁcentiam
3182 4922 3265 4976 his
3287 4924 3464 4978 verbis
3490 4923 3610 4978 illns
3634 4935 3887 4993 provocat
3910 4945 3926 4981 ς

2339 5014 2537 5069 Bonum
2580 5015 2813 5085 faciendo
2853 5033 2915 5069 ne
2957 5016 3225 5084 deficiatis.
3269 5014 3445 5085 Itaque
3483 5012 3702 5070 etiamsi
3757 5016 3927 5071 otioso

2340 5109 2454 5171 des,
2484 5107 2679 5161 bonum
2709 5105 2901 5163 fecisti.

2410 5200 2463 5253 9.
2500 5200 2611 5255 lluc
2650 5209 2704 5254 et
2742 5199 2796 5253 in
2839 5199 3183 5267 sequentibus
3226 5201 3562 5256 manifestum
3608 5200 3757 5256 fecit.
3801 5201 3926 5259 Cum

2342 5291 2483 5345 enim
2517 5291 2741 5348 dixisset
2772 5308 2785 5347 :
2816 5291 2879 5345 Si
2902 5294 3012 5359 quis
3038 5310 3138 5346 non
3164 5292 3305 5346 audit
3330 5308 3586 5348 sermones
3611 5304 3809 5369 nostros
3846 5310 3927 5363 per

2340 5381 2634 5448 epistolam,
2669 5384 2801 5434 hunc
2829 5382 3077 5445 indicate,
3109 5393 3157 5436 et
3191 5397 3252 5437 ne
3291 5398 3387 5437 ron
3408 5382 3717 5437 miseremini
3743 5384 3818 5436 illi
3842 5384 3926 5453 (Ξ.

2345 5469 2520 5525 Thess.
2550 5472 2603 5525 5.
2637 5472 2745 5541 ft).
2778 5483 2935 5543 atque
2966 5475 3064 5527 hor.
3105 5474 3264 5529 modo
3294 5474 3564 5529 hominem
3593 5474 3840 5543 eiecisset
3867 5490 3930 5529 es

2343 5561 2579 5617 Ecclesia
2606 5603 2619 5626 ,
2650 5580 2859 5617 l'tll‘sllltl
2902 5567 3007 5618 alio
3047 5566 3204 5620 modo
3232 5580 3355 5621 enm
3396 5564 3705 5620 reconcilist
3728 5606 3743 5629 ,
3778 5566 3931 5617 redu-

2345 5665 2473 5705 cens
2518 5654 2569 5707 in
2612 5656 2834 5723 gratiam
2875 5670 2996 5711 cum
3041 5655 3122 5709 eis
3168 5671 3195 5707 a
3236 5656 3429 5726 quibus
3470 5655 3675 5727 eiectus
3713 5653 3882 5711 fuerat
3916 5674 3928 5709 :
