4228 6298
317 467 647 532 quapropter
675 459 794 513 hac
818 454 981 511 verba
1012 450 1188 509 subdit
1214 490 1230 517 ,
1261 449 1378 502 Non
1420 458 1476 502 ut
1512 449 1770 503 inimicum
1811 448 1920 503 exi-

317 557 537 619 dimale,
554 549 646 605 sed
669 561 725 603 at
745 550 952 620 ﬁnirent
979 544 1036 616 (2
1051 541 1231 604 Thess.
1246 541 1299 596 3.
1318 537 1405 611 l5)
1416 578 1428 591 .
1461 537 1920 606 Quemadmodum

317 644 479 716 Igitur
503 657 625 698 cum
655 640 900 704 dixisset,
928 637 988 692 Si
1013 635 1124 706 quis
1159 651 1260 688 non
1300 633 1406 687 vult
1435 631 1685 696 laborare,
1717 647 1781 685 ne
1804 631 1920 685 edat

320 733 449 806 (ιι.
475 751 528 790 υ.
558 732 670 801 10)
695 773 710 797 ,
741 731 858 785 illos
886 735 1033 782 certe
1052 768 1066 792 ,
1096 725 1184 795 qui
1229 731 1490 796 possunt,
1518 736 1700 776 curam
1731 735 1918 777 eorum

317 823 522 879 habere
556 822 716 892 jussit
759 839 772 872 :
815 820 885 874 ita
929 818 1088 871 etiam
1131 815 1221 871 hic
1258 821 1604 885 posteaquam
1636 812 1804 877 dixit,
1840 811 1922 868 Nc

317 912 748 968 commisceamini
774 909 871 975 illi,
904 924 1010 964 non
1037 906 1287 960 alienavit
1314 904 1382 959 ab
1409 904 1525 974 ejus
1551 918 1679 958 cura
1709 902 1919 958 audito-

315 1017 431 1070 πε,
458 1002 554 1059 sed
579 1002 731 1072 jubet
757 1000 1042 1070 diligenter
1067 1012 1190 1052 eum
1220 995 1514 1063 suscipere,
1545 993 1731 1048 dicens
1759 1012 1771 1047 :
1803 993 1922 1048 Non

317 1094 662 1158 “inimicum
687 1090 971 1144 εείιιὶηιιιιε
992 1129 1007 1153 ,
1037 1087 1127 1142 sed
1153 1096 1207 1139 tu
1232 1089 1462 1158 fratrem.
1497 1083 1778 1154 Reliquisti
1805 1084 1920 1153 ejus

317 1179 802 1245 consuetudinem,
836 1177 929 1232 sed
968 1191 1036 1231 ne
1078 1175 1352 1245 relinquas
1387 1172 1456 1228 de
1497 1187 1565 1228 eo
1603 1172 1910 1230 sollicitudi.

319 1288 449 1330 nom
480 1291 494 1326 :
523 1272 794 1327 exclusisti
826 1285 946 1326 eum
971 1283 1003 1322 a
1035 1275 1321 1332 conventu,
1355 1281 1422 1321 ne
1447 1265 1701 1320 excludas
1729 1280 1758 1319 a
1786 1266 1923 1321 cari-

319 1371 453 1418 tate.
483 1361 694 1417 Etenim
721 1360 821 1416 hoc
849 1359 1022 1428 ipsum
1051 1356 1244 1412 affectu
1271 1355 1512 1410 caritatis
1552 1356 1798 1409 mandavi
1819 1398 1834 1421 ,
1867 1365 1924 1410 ut

323 1450 428 1506 hac
472 1451 812 1520 separatione
857 1450 1026 1502 iactus
1068 1446 1288 1512 melior,
1321 1445 1402 1500 ad
1429 1444 1692 1514 reliquum
1728 1461 1924 1516 corpus

319 1551 725 1605 reverteretur;
760 1538 1191 1611 quandoquidem
1232 1538 1396 1592 etiam
1433 1547 1612 1607 patres
1641 1537 1800 1593 domo
1827 1553 1920 1593 sua

320 1632 466 1688 ﬁlios
495 1632 806 1702 expellunt,
837 1647 941 1684 non
974 1638 1032 1684 ut
1060 1637 1319 1699 perpetuo
1350 1626 1479 1682 foris
1513 1638 1801 1695 maneant,
1829 1627 1920 1682 sed

319 1736 385 1780 ut
411 1724 550 1794 quod
580 1724 742 1778 domo
768 1721 1096 1786 exciderint,
1129 1718 1484 1774 modestiores
1513 1719 1633 1774 facti
1656 1761 1671 1783 ,
1703 1718 1920 1772 domum

319 1815 653 1885 postliminio
675 1819 1034 1869 revertantur.
1060 1812 1236 1881 Atque
1263 1810 1378 1864 hate
1401 1809 1671 1864 sufﬁciant
1690 1809 1757 1863 ad
1781 1809 1920 1875 illos,

319 1907 412 1977 qui
444 1905 709 1975 pigritiam
741 1902 862 1957 aliis
889 1901 1125 1971 objicere
1150 1899 1346 1955 solent.

396 1995 592 2050 Verum
633 1993 887 2064 quoniam
925 1991 1077 2046 multi
1115 1989 1234 2043 aliis
1272 1997 1497 2044 utuntur
1526 1989 1704 2045 verbis
1731 1989 1924 2060 quibus

319 2101 384 2141 se
411 2096 669 2141 excusent
689 2126 704 2148 ,
736 2099 856 2153 qua:
882 2083 1036 2152 plena
1067 2081 1401 2137 crudelitatis
1429 2095 1492 2135 ac
1518 2081 1926 2137 inhumanitatis

318 2185 447 2231 aunt
471 2217 485 2241 ,
520 2188 742 2230 necesse
770 2181 856 2228 est
893 2181 950 2227 ut
989 2171 1078 2226 illa
1106 2184 1321 2242 quoque
1348 2169 1700 2241 redarguam,
1732 2186 1837 2226 non
1867 2181 1925 2226 ιιι

316 2264 722 2320 excusationem
762 2263 842 2318 eis
884 2260 1148 2327 adimam,
1193 2259 1288 2315 sed
1329 2274 1437 2330 quo
1479 2259 1826 2329 persuadeam
1869 2270 1925 2316 ut

316 2357 520 2412 omissa
550 2369 680 2408 vana
711 2362 764 2409 et
800 2352 1010 2416 inutili,
1042 2351 1108 2406 ad
1141 2365 1330 2406 veram
1353 2359 1406 2405 et
1433 2349 1571 2420 apud
1599 2346 1796 2404 Christi
1825 2352 1923 2406 tri-

321 2446 486 2502 bunal
516 2444 854 2516 profuturam
877 2441 1246 2499 defensionem
1272 2442 1525 2512 operibus
1548 2441 1676 2510 ipsis
1697 2456 1756 2496 se
1779 2457 1924 2496 exer-

317 2547 502 2594 ceam.

396 2626 764 2682 Excusaliones
789 2623 921 2679 alias
945 2638 1218 2678 avarorum
1238 2621 1467 2694 refellit;
1492 2620 1758 2676 coheredes
1785 2624 1923 2692 ﬁlio-

317 2741 437 2779 rum
464 2732 581 2778 ειυιι
617 2735 908 2793 pauperes;
945 2727 1216 2774 maculent
1261 2733 1352 2770 σιιν
1388 2715 1756 2786 eleemosynam
1786 2727 1924 2771 τοοει

319 2814 618 2885 Scriptura.
645 2843 713 2853 —
733 2813 864 2880 Qua:
888 2819 971 2865 est
1011 2808 1173 2881 igitur
1199 2808 1288 2862 illa
1320 2807 1615 2877 vulgarium
1643 2805 1920 2864 hominum
1956 2823 1960 2834 '

318 2905 513 2976 frigida
556 2919 619 2959 ac
655 2903 859 2958 inutilis
888 2898 1170 2957 defensio?
1198 2895 1392 2953 Alendi
1431 2904 1555 2950 sunt
1579 2936 1594 2964 ,
1626 2896 1830 2968 inquit,
1861 2897 1924 2952 li-

317 2996 440 3052 heri
461 3037 475 3058 ,
509 2995 586 3050 rei
629 2992 908 3048 familiaris
944 2987 1179 3061 gerenda
1217 2995 1301 3042 est
1339 3001 1468 3041 cura
1495 3027 1508 3052 ,
1543 3000 1764 3041 uxorem
1797 2985 1922 3052 alo,

318 3084 660 3142 necessarios
706 3089 955 3150 sumptus
999 3077 1197 3133 multos
1241 3075 1486 3131 sustineo
1524 3091 1537 3127 :
1575 3073 1922 3144 quamobrem

319 3189 434 3231 non
473 3173 708 3244 suppetit
732 3212 746 3239 ,
795 3171 936 3227 unde
971 3167 1158 3224 obvios
1197 3166 1479 3222 sublevare
1525 3164 1747 3235 possim.
1787 3164 1924 3231 Quid

318 3267 444 3322 ais?
472 3266 636 3321 Filios
661 3264 761 3319 alis
779 3307 794 3331 ,
824 3272 878 3318 et
907 3261 1028 3317 ideo
1057 3275 1166 3315 non
1193 3266 1276 3314 est
1305 3256 1447 3312 unde
1471 3257 1747 3312 venientes
1775 3255 1840 3310 ad
1874 3267 1926 3310 te

319 3358 616 3415 subleves?
655 3357 767 3411 Imo
813 3363 1033 3424 propter
1078 3351 1180 3405 hoc
1227 3350 1400 3418 ipsum
1445 3345 1759 3402 sublevandi
1804 3354 1929 3400 sunt

321 3448 502 3518 egeni,
532 3455 587 3501 ut
614 3446 801 3515 exigua
831 3443 1052 3514 pecunia
1091 3440 1372 3494 Dominum
1399 3436 1488 3506 qui
1521 3450 1613 3491 eos
1639 3437 1729 3492 tibi
1755 3436 1923 3499 dedit,

321 3541 605 3613 propities,
635 3548 692 3592 nt
721 3537 883 3592 etiam
928 3544 1047 3603 post
1076 3542 1303 3588 mortem
1333 3539 1475 3584 tuam
1507 3539 1790 3598 patronum
1823 3527 1928 3583 illis

323 3633 626 3702 relinquas,
655 3637 714 3684 ut
735 3630 814 3684 eis
851 3641 1100 3697 maguum
1141 3623 1379 3678 favorem
1405 3621 1609 3676 cielitus
1639 3620 1924 3686 concilies,

323 3728 458 3784 dum
486 3725 576 3780 illa
613 3723 834 3794 pecunia
873 3727 1120 3788 sumptus
1157 3716 1268 3770 Deo
1306 3725 1489 3784 gratos
1523 3711 1700 3766 facies.
1738 3712 1927 3766 Annon

323 3818 510 3883 vides,
542 3831 572 3873 a
604 3815 784 3870 multis
825 3812 1071 3867 homines
1113 3815 1473 3881 praepotentes
1512 3819 1575 3859 ac
1613 3804 1926 3872 opulentos,

325 3907 464 3965 nihil
487 3906 685 3976 alioqui
714 3904 780 3958 ad
807 3918 961 3958 suum
987 3915 1155 3972 genus
1183 3897 1496 3961 attinentes,
1528 3895 1578 3947 in
1610 3903 1930 3949 testamento

326 4013 432 4054 suo
457 3997 688 4051 insertos
716 3993 881 4048 fuisse
908 4033 924 4059 ,
960 3999 1016 4045 et
1043 3988 1226 4044 liberis
1261 3986 1374 4041 suis
1399 3983 1692 4040 coheredes
1724 3981 1891 4038 factos
1912 4024 1928 4049 ,

328 4088 464 4144 nihil
489 4087 559 4142 ob
586 4084 729 4139 aliud
765 4097 925 4153 quam
968 4089 1025 4135 ut
1067 4076 1410 4133 securitatem
1444 4075 1568 4128 filiis
1598 4073 1803 4128 modica
1837 4089 1930 4142 pc-

328 4183 488 4240 cunia
527 4179 819 4250 pararent?
861 4177 1018 4246 idque
1061 4190 1181 4231 cum
1225 4175 1484 4228 incertum
1516 4179 1660 4225 esset
1697 4181 1932 4238 quonam

329 4273 526 4329 allecto
565 4280 685 4341 post
710 4270 912 4324 obitum
942 4269 1179 4338 ipsorum
1208 4265 1344 4319 ﬁlios
1374 4265 1492 4317 illos
1521 4259 1817 4316 coheredes
1843 4274 1930 4313 cs-

331 4375 456 4421 sent
480 4362 892 4434 prosequuturi?
917 4361 997 4415 Tu
1025 4375 1153 4414 vero
1178 4373 1298 4413 cum
1327 4357 1467 4413 scias
1509 4354 1890 4408 humanitatem
1913 4389 1949 4415 ,.

1267 4475 1640 4484 Μ

983 4478 1266 4488 ,ο-ς--υ-

343 4486 610 4494 —-—-_———

963 337 1052 398 DE
1093 335 1340 395 VERBIS
1377 335 1737 406 APOSTOLI,
1780 332 2147 394 HABENTES
2184 329 2489 390 EUUDEM
2523 326 2872 386 δρηιηωιι
2913 325 3004 385 nr.

1955 4448 2662 4473 ’Μ

1651 4470 1952 4480 ________.___

3511 330 3617 388 29‘!

2028 444 2318 501 bonitatem
2341 484 2355 509 ,
2381 449 2438 498 et
2465 441 2767 512 mqnitatem
2805 441 2880 496 tui
2925 438 3171 504 Domini,
3197 450 3472 510 expertem
3497 455 3620 498 cum

2028 536 2098 590 tui
2130 533 2432 590 testamenti
2466 530 2670 587 iacies?
2709 546 2814 586 non
2855 531 3020 586 facies
3057 546 3181 587 eum
3207 531 3526 588 coheredem
3555 536 3622 589 li-

2025 625 2277 681 berorum
2307 623 2556 678 tuorum?
2587 622 2820 679 Hoccine
2843 633 2926 680 est
2950 624 3301 679 amantissimi
3330 625 3495 696 patris
3515 626 3626 681 offl-

2025 714 2208 770 cium?
2232 713 2363 769 Nam
2389 715 2434 769 si
2473 713 2636 783 prolis
2666 721 2772 768 tute
2796 728 2982 768 curam
3011 715 3154 784 geris
3180 755 3194 778 ,
3234 714 3481 787 relinque
3519 715 3626 774 illis

2026 805 2321 860 chartulam
2349 804 2635 874 scriptam,
2664 803 2716 858 in
2745 820 2846 874 qua
2882 805 3047 859 Deum
3074 804 3372 861 debitorem
3400 806 3624 864 habeas.

1985 946 1994 954 .
2027 897 2152 953 Ha-e
2179 896 2410 952 maxima
2440 895 2729 962 hereditas,
2759 897 2859 950 hoc
2884 895 3049 951 decus
3069 904 3172 962 est,
3200 895 3316 952 haec
3340 899 3628 959 securitas.

2030 988 2192 1042 lndnc
2217 1002 2339 1041 eum
2376 986 2427 1040 in
2465 995 2733 1040 terrenam
2766 986 2904 1040 hanc
2931 985 3288 1042 hereditatem
3313 1027 3329 1051 ,
3363 997 3419 1043 ut
3442 998 3494 1045 te
3519 1006 3627 1045 una

2028 1094 2147 1132 cum
2178 1078 2283 1130 tuis
2310 1076 2492 1130 liberis
2517 1077 2568 1130 in
2596 1077 2865 1132 caelestem
2909 1077 3053 1131 illam
3094 1077 3445 1134 hereditatem
3471 1081 3630 1136 indu-

1984 1179 1986 1182 ’
2027 1179 2132 1223 cat.
2163 1168 2262 1223 llic
2289 1167 2446 1222 heres
2477 1167 2671 1221 nobilis
2696 1177 2806 1232 est,
2837 1168 3133 1234 humanus,
3164 1168 3367 1237 bonus,
3396 1179 3590 1240 potens
3609 1214 3627 1240 ,

2027 1260 2215 1325 dives;
2244 1275 2408 1329 quare
2435 1259 2565 1314 nihil
2593 1269 2674 1315 est
2698 1274 2796 1314 cur
2827 1259 2945 1328 ejus
2970 1260 3286 1314 societatem
3317 1271 3627 1331 suspectam

2030 1350 2247 1406 habeas.
2296 1349 2420 1405 Ideo
2459 1350 2621 1408 etiam
2669 1350 2926 1405 sementis
2969 1359 3191 1405 vocatur
3240 1351 3583 1424 eleemosyna
3610 1396 3626 1420 ,

2028 1447 2151 1518 quia
2182 1459 2268 1500 res
2295 1445 2413 1498 haec
2443 1458 2547 1498 non
2575 1451 2958 1512 tam~sumptus
2983 1451 3085 1508 est,
3111 1457 3270 1513 quam
3298 1444 3502 1500 reditus
3529 1463 3544 1500 :
3574 1454 3628 1500 tn

2029 1547 2208 1593 autem
2231 1536 2445 1607 quando
2466 1535 2838 1590 seminamlnm
2865 1545 2967 1600 est,
2999 1551 3103 1589 non
3130 1537 3306 1605 magni
3336 1537 3467 1591 lacis
3487 1540 3628 1608 quod

2028 1644 2255 1685 evaeues
2286 1627 2550 1682 fructuum
2581 1628 2822 1682 veterum
2851 1627 3236 1696 promptuaria,
3265 1627 3359 1682 sed
3384 1627 3450 1682 ad
3483 1643 3628 1683 mes-

2029 1720 2103 1775 sis
2134 1719 2323 1796 l'utnm
2358 1717 2584 1771 fructum
2629 1726 2840 1787 spectas
2864 1758 2878 1780 ,
2913 1716 3071 1786 idque
3100 1731 3220 1772 cum
3250 1727 3498 1773 eventum
3531 1736 3629 1774 ne-

2029 1812 2187 1867 scias.
2211 1808 2343 1864 Nam
2365 1818 2418 1862 et
2439 1808 2649 1879 rubigo,
2672 1817 2727 1863 et
2752 1807 3050 1872 calamitas,
3079 1817 3132 1864 et
3160 1809 3383 1874 locusta,
3413 1819 3468 1864 et
3491 1813 3631 1866 acria

2031 1902 2380 1972 intemperies
2408 1908 2463 1955 et
2490 1901 2652 1955 multa
2681 1914 2778 1954 nos
2806 1914 2834 1953 a
2866 1915 2963 1969 spe
2990 1909 3046 1955 et
3069 1902 3468 1969 exspectatione
3494 1903 3632 1974 deji-

2029 1995 2179 2050 cinnt
2210 2011 2224 2047 :
2254 2007 2377 2048 cum
2406 2005 2534 2046 vero
2563 1991 2615 2045 in
2649 1991 2838 2046 caelum
2863 2000 2945 2045 est
2975 2005 3160 2046 semen
3183 1990 3512 2060 jaciendum,
3539 1993 3628 2048 ubi

2031 2088 2173 2142 nulla
2209 2085 2351 2141 aeris
2391 2083 2759 2151 intemperies,
2791 2082 2970 2136 nullus
2999 2081 3174 2146 dolor,
3208 2082 3368 2136 nulla:
3399 2082 3628 2145 insidiae.

2031 2173 2400 2246 tergiversaris
2421 2187 2485 2228 ac
2507 2173 2897 2242 procrastinas?
2922 2171 2989 2224 Et
3007 2187 3164 2241 quam
3189 2185 3372 2242 speras
3396 2173 3628 2239 veniam,

2030 2267 2120 2338 qui
2163 2269 2217 2322 in
2251 2279 2444 2321 terram
2486 2262 2834 2329 seminando,
2866 2261 3197 2319 conﬁdenter
3223 2271 3276 2318 et
3305 2263 3552 2319 alacriter
3579 2264 3633 2320 id

2030 2356 2200 2424 facis;
2227 2373 2348 2412 eum
2376 2370 2504 2410 vero
2531 2354 2584 2408 in
2614 2368 2830 2407 manum
2859 2353 2952 2408 Dei
2982 2353 3353 2407 seminandnm
3385 2364 3485 2422 est,
3513 2370 3633 2411 ces-

2027 2465 2118 2506 sas
2159 2456 2214 2503 et
2256 2446 2519 2517 negligis?
2549 2443 2680 2498 Nam
2724 2445 2768 2499 si
2815 2453 2954 2498 terra
3002 2443 3177 2498 reddit
3220 2445 3361 2514 quod
3411 2446 3512 2500 sibi
3547 2457 3634 2502 est

2028 2537 2334 2603 creditum,
2347 2536 2514 2589 multo
2539 2532 2707 2602 magis
2735 2532 2828 2586 Dei
2860 2548 3070 2595 manus,
3099 2547 3450 2605 quaecumque
3480 2550 3635 2592 acce-

2031 2630 2412 2702 perit,_.magno
2436 2641 2557 2681 cum
2586 2623 2792 2680 {tenore
2817 2635 2898 2678 est
2925 2624 3215 2679 redditura.

2085 2721 2193 2776 ‘10.
2223 2719 2348 2774 Hmc
2380 2717 2537 2788 igitur
2561 2716 2795 2772 scientes
2823 2731 2926 2771 non
2957 2717 3308 2786 reSpiciamus
3336 2728 3629 2788 sumptum,

2029 2812 2243 2885 quando
2270 2810 2667 2880 eleemosynam
2697 2806 2946 2872 facitnus,
2973 2807 3066 2861 sed
3090 2822 3212 2862 eum
3240 2807 3331 2878 qui
3363 2809 3486 2865 inde
3512 2824 3636 2879 spe-

2029 2913 2177 2959 ratur
2213 2910 2578 2972 proventum,
2605 2900 2713 2954 imo
2750 2900 2912 2954 etiam
2959 2913 3198 2969 praesens
3235 2899 3445 2954 lucrum
3475 2917 3493 2956 :
3527 2915 3634 2959 nOn

2029 2995 2202 3050 solum
2239 2993 2380 3049 enim
2423 3007 2646 3064 regnum
2678 2992 2934 3047 calorum
2967 2993 3308 3063 cleemosyna
3345 3003 3635 3064 procurat,

2030 3085 2126 3142 sed
2154 3087 2204 3140 in
2236 3085 2487 3154 prtesenti
2516 3084 2677 3138 etiam
2710 3083 2802 3138 vit:
2844 3083 3183 3137 securitatem
3207 3081 3363 3139 aﬂ'ert
3389 3094 3442 3140 et
3465 3084 3638 3140 abun-

2031 3176 2287 3232 dantiam.
2309 3174 2443 3241 Quis
2462 3175 2575 3228 haec
2591 3173 2911 3244 pollicetur?
2935 3172 3051 3240 Ipse
3068 3173 3154 3242 qui
3180 3183 3434 3241 praestare
3460 3185 3638 3245 potest

2036 3269 2308 3324 Dominus.
2347 3266 2480 3321 Dicit
2507 3265 2648 3319 enim
2682 3282 2696 3318 :
2729 3264 2830 3333 Qui
2869 3280 2962 3316 sua
3013 3264 3334 3332 pauperibus
3378 3265 3634 3334 largitur,

2033 3359 2339 3429 centuplum
2367 3357 2589 3426 accipiet
2617 3357 2669 3410 in
2699 3355 2802 3409 hoc
2826 3354 3055 3414 ωηο..
3081 3362 3134 3408 et
3161 3353 3282 3408 vita:
3307 3362 3524 3408 a-ternte
3552 3354 3639 3408 he-

2033 3451 2313 3506 reditatem
2354 3446 2572 3502 habebit
2599 3444 2830 3514 (Matth.
2861 3445 2946 3499 l9.
2976 3442 3103 3514 ‘29).
3135 3443 3296 3497 Vides
3326 3445 3638 3498 retributio-

2036 3557 2158 3597 nem
2187 3542 2239 3594 in
2265 3548 2488 3608 utraque
2515 3537 2621 3591 \ita
2643 3550 2764 3589 cum
2793 3549 2986 3604 magi-0
3009 3536 3211 3587 fmnorc
3242 3533 3638 3603 recipiendam?

2035 3634 2112 3689 Ne
2142 3633 2302 3703 igitur
2329 3644 2638 3694 cessemus,
2663 3641 2844 3696 neque
2889 3626 3376 3694 procrastinemns,
3414 3624 3508 3678 Sed
3546 3641 3640 3694 per

2036 3727 2273 3797 singulos
2298 3723 2412 3778 dies
2439 3722 2794 3790 eleemosynae
2825 3718 3055 3772 fructum
3097 3717 3471 3786 percipiatnus,
3502 3726 3560 3770 ut
3585 3728 3642 3770 et

2039 3821 2091 3874 in
2134 3815 2382 3888 praesenti
2413 3813 2610 3868 saeculo
2635 3812 2797 3869 rebus
2828 3810 3081 3864 secundis
3109 3810 3346 3863 fruamur
3366 3849 3382 3874 ,
3411 3819 3465 3864 et
3495 3808 3639 3862 intu—

2040 3925 2153 3965 ram
2182 3909 2342 3962 vitam
2371 3918 2805 3974 consequamur;
2831 3917 2950 3970 qua:
2982 3901 3133 3954 nobis
3158 3900 3406 3954 omnibus
3430 3900 3643 3953 contin-

2038 4013 2147 4074 gat,
2177 4001 2343 4072 gratia
2373 4006 2429 4054 et
2465 3997 2789 4066 benignitate
2819 3993 3027 4048 Domini
3062 3994 3228 4047 nostri
3265 3992 3392 4047 .lesu
3421 3992 3643 4058 Christi,

2039 4110 2159 4149 Cum
2189 4106 2294 4160 quo
2323 4090 2463 4144 Patri
2495 4101 2595 4142 una
2625 4102 2746 4142 cum
2776 4084 2978 4154 Spiritu
3009 4093 3196 4138 saneto
3223 4087 3412 4154 gloria,
3446 4082 3640 4150 honor,

2043 4185 2322 4253 imperium
2352 4182 2401 4234 in
2433 4179 2625 4233 sa'cula
2659 4177 2998 4231 saeculorum.
3028 4178 3221 4229 Amen.

2667 4442 3636 4454 *η-κε-ν-ῴαηο-...σ-..ς-ηφ--σ--α-

1461 4553 1601 4622 DE
1651 4542 2050 4619 EISDEM
2087 4531 2512 4614 VERBIS,

337 4727 670 4773 llABENTES
717 4725 928 4769 Αυτιειι
979 4721 1249 4764 EUMDEM
1295 4717 1596 4760 smmum
1643 4713 1844 4763 nom,
1891 4709 2071 4751 srcor
2115 4701 2427 4748 SCRIPTUM
2474 4700 2588 4741 ssr
2635 4680 2653 4758 (
2701 4679 2758 4737 2.
2790 4680 2940 4739 Cor.
2979 4674 3188 4754 b.13)
3285 4695 3359 4734 er
3403 4693 3528 4745 om
3567 4692 3648 4734 ms

788 4823 977 4866 CAUSA
1027 4819 1226 4862 REBL'S
1272 4819 1450 4860 I30le
1495 4814 1704 4858 OMNES
1748 4812 1832 4854 EX
1879 4807 2061 4859 Λερυο
2105 4801 2472 4848 ιτιιυΔΝῑυιι.
2521 4799 2602 4840 ΕΤ
2639 4798 2720 4839 DE
2767 4794 3182 4838 ELEEMOSYNA

419 5041 471 5093 ι.
500 5039 634 5093 Cum
664 5035 838 5104 priore
866 5036 1151 5094 conventu,
1185 5036 1239 5082 et
1269 5027 1356 5096 qni
1395 5025 1540 5079 illum
1573 5033 1941 5093 prmcesserat,

345 5142 511 5186 unum
543 5125 767 5195 apostoli
798 5123 1000 5176 dictum
1028 5122 1421 5186 susceperimus
1449 5115 1822 5185 exponendum
1848 5155 1860 5176 ,
1894 5116 1942 5166 in

346 5221 464 5290 rjus
491 5217 831 5274 enarratione
874 5223 1040 5266 totum
1071 5223 1374 5264 sermonem
1401 5205 1830 5274 consumpsimus
1850 5245 1862 5266 ,
1895 5211 1948 5254 et

350 5309 512 5365 ltodic
559 5320 771 5376 quoque
815 5305 866 5357 in
913 5302 1100 5355 eodem
1147 5298 1347 5353 versari
1398 5296 1811 5366 proposuimus:
1848 5295 1948 5346 hoc

350 5414 528 5455 autem
557 5400 678 5454 data
705 5413 863 5466 Opera
892 5394 1133 5456 facimus,
1162 5391 1226 5445 ad
1256 5401 1481 5443 vestram
1511 5389 1819 5452 utilitatem,
1845 5403 1946 5439 non

350 5499 418 5548 ad
448 5502 683 5548 nostram
711 5487 1142 5542 ostentationem.
1170 5483 1280 5536 Non
1305 5484 1445 5536 enim
1471 5490 1525 5533 ut
1557 5478 1842 5534 fecundum
1867 5494 1952 5531 me

351 5596 407 5637 et
434 5580 755 5637 multiscium
784 5578 1096 5640 ostendam;
1121 5575 1214 5629 sed
1243 5585 1299 5627 ut
1329 5583 1436 5626 tum
1465 5572 1609 5626 Pauli
1637 5571 1950 5640 sapientiam

353 5674 508 5727 vobis
534 5671 790 5740 aperiam,
821 5679 929 5723 tum
955 5675 1185 5721 vestram
1227 5664 1555 5719 alacritatem
1599 5661 1853 5726 excitem,
1884 5661 1954 5714 ita

360 5768 606 5824 eumdem
622 5779 789 5820 worse
815 5775 1136 5818 sermonem.
1167 5757 1296 5812 Nam
1329 5767 1380 5813 et
1418 5757 1557 5811 liilll:
1591 5754 1954 5823 intelligentia:

2050 5017 2384 5090 profunditas
2415 5013 2582 5082 magis
2612 5008 2862 5072 elucebit,
2897 5008 2938 5060 si
2969 5023 3033 5060 cx
3072 5022 3176 5058 uno
3202 5003 3348 5058 dicto
3378 5014 3518 5057 tanta
3550 5020 3646 5057 no-
3694 5051 3706 5066 κ

2050 5111 2132 5164 bis
2163 5105 2545 5163 sententiarum
2585 5100 2779 5155 fluenta
2819 5097 3087 5167 proferat;
3119 5105 3167 5149 ct
3204 5108 3297 5147 vos
3317 5135 3330 5157 ,
3361 5109 3482 5148 eum
3511 5092 3650 5146 ditii-

2050 5200 2229 5254 ceritis
2268 5212 2334 5249 ex
2383 5210 2488 5247 uno
2536 5190 2763 5260 apostoli
2819 5189 2980 5242 verbo
3031 5185 3327 5240 ineffabiles
3375 5183 3656 5251 sapientia:

2051 5290 2262 5346 divitias
2284 5283 2526 5356 depromi
2554 5297 2728 5351 posse,
2756 5295 2859 5333 non
2887 5278 3174 5331 oscitantes
3200 5274 3517 5342 percurretis
3543 5275 3659 5342 ejus

2053 5382 2328 5453 epistolas,
2364 5377 2456 5433 sed
2487 5376 2585 5430 hac
2616 5390 2710 5444 spe
2742 5373 2943 5427 inducti
2973 5368 3207 5438 singulas
3237 5382 3421 5420 earnm
3451 5376 3659 5418 senten-

2056 5477 2156 5529 tias
2196 5473 2456 5544 exquisita
2497 5484 2623 5525 cura
2666 5482 2727 5520 ac
2769 5465 3039 5534 diligentia
3085 5459 3572 5531 perscrutahimini.
3605 5458 3658 5514 Si

2057 5568 2198 5622 enim
2226 5581 2387 5619 unum
2417 5562 2614 5616 dictum
2645 5559 2822 5612 triduo
2853 5557 3006 5610 nobis
3045 5551 3344 5607 disserendi
3382 5551 3658 5606 materiam

2058 5658 2325 5732 praebuit,
2356 5661 2610 5725 quantum
2654 5653 2848 5723 putatis
2892 5649 3196 5702 thesaurum
3243 5645 3396 5699 nobis
3439 5641 3661 5712 prolon-

2061 5750 2211 5805 deret
2242 5759 2343 5801 una
2375 5744 2636 5815 quaepiam
2670 5757 2791 5814 pars
2824 5740 3101 5809 dii-genter
3134 5745 3357 5791 tractata
3396 5751 3453 5789 ac
3487 5735 3650 5788 consl-

3707 5067 3734 5076 κ
