4228 6298
610 274 712 334 ενι

610 379 833 441 ἀοι-διιιῖ
862 380 940 438 Ne
967 380 1124 453 igitur
1156 380 1484 435 delassemur
1521 379 1827 450 priusquam
1856 383 2023 431 totum
2053 371 2193 443 quod

611 482 857 545 superest
903 471 1345 542 decerpserintus.
1393 468 1453 525 Si
1501 468 1644 525 enim
1692 465 2031 523 metallorum
2079 456 2198 517 auri

610 566 846 621 fossores
867 604 883 630 ,
922 563 1047 619 licet
1082 560 1425 632 quantumvis
1452 558 1754 614 divrtiarnm
1786 555 1907 612 inde
1930 554 2195 611 exliause-

612 656 752 718 rint,
787 669 893 709 non
937 651 1085 723 prius
1128 660 1306 714 tamen
1349 650 1473 705 inde
1515 648 1809 711 absistunt,
1842 661 1997 716 quam
2028 654 2195 699 totum

609 757 796 804 ausum
837 739 1122 802 auferant:
1150 739 1321 795 multo
1358 738 1614 809 majorem
1650 751 1749 801 uos
1779 736 2104 801 alacritatem
2133 749 2197 790 ac

613 835 937 907 diligentiam
968 835 1020 889 in
1049 832 1448 905 perscrutandis
1473 831 1671 887 divinis
1692 828 1917 898 eloquiis
1940 827 2197 885 adhibere

612 926 878 983 convenit.
900 924 1036 981 Nam
1057 933 1114 981 et
1136 939 1235 981 nos
1254 938 1442 981 aurum
1460 920 1761 986 eﬂ'odimus,
1787 934 1891 973 non
1920 919 2192 981 sensibile,

613 1017 708 1072 sed
745 1016 1023 1087 spirituale
1055 1032 1068 1069 :
1099 1031 1206 1071 non
1231 1015 1385 1070 enim
1426 1014 1478 1068 in
1517 1011 1744 1067 metallis
1782 1017 1969 1074 terrm,
2010 1008 2104 1064 sed
2144 1008 2200 1069 iu

608 1107 836 1179 Spiritus
874 1092 1104 1164 metallis
1142 1122 1441 1177 operamur.
1491 1103 1726 1159 Paulina:
1769 1102 1910 1157 enim
1952 1100 2192 1172 epistolte

611 1199 825 1255 metalla
850 1209 972 1255 sunt
995 1198 1224 1269 Spiritus
1247 1205 1303 1251 et
1330 1195 1501 1251 lentes
1530 1212 1544 1249 :
1572 1195 1783 1249 metalla
1814 1192 2048 1263 quidem,
2070 1192 2196 1263 quia

608 1292 800 1362 quovis
824 1304 958 1350 auro
983 1287 1327 1359 pretiosiores
1353 1284 1507 1342 nobis
1536 1282 1774 1357 pra-bent
1802 1283 2011 1337 divitias
2037 1297 2053 1337 :
2078 1280 2197 1335 lon-

611 1391 697 1437 tcs
725 1395 871 1442 vero,
900 1381 1020 1450 quia
1052 1394 1338 1448 numquam
1368 1376 1661 1442 deﬁciunt;
1690 1375 1785 1431 sed
1809 1374 2198 1445 quantumlibet

609 1469 927 1537 exhaurias,
957 1468 1284 1524 tantumdem
1324 1482 1388 1522 ac
1429 1470 1596 1525 multo
1628 1467 1855 1536 amplius
1881 1480 2090 1527 rursum
2120 1467 2197 1519 ai-

611 1560 747 1615 lluit.
774 1560 841 1615 Et
867 1560 968 1617 hoc
992 1560 1269 1615 evidenter
1294 1558 1572 1619 declarare
1594 1567 1768 1628 potest
1793 1566 1962 1611 totum
1986 1566 2197 1626 tempus

610 1650 751 1719 quod
789 1652 1064 1730 praeteriit.
1095 1649 1367 1719 Siquidem
1395 1662 1457 1702 ex
1487 1662 1592 1717 quo
1621 1647 1815 1702 Paulus
1846 1646 2010 1710 visit,
2036 1646 2196 1715 quin-

614 1739 758 1809 genti
780 1740 889 1808 jam
910 1738 1076 1808 elapsi
1096 1748 1220 1795 sunt
1243 1738 1390 1802 anni,
1416 1747 1628 1807 totoque
1656 1736 1757 1789 hoc
1786 1744 2021 1804 tempore
2046 1734 2195 1790 multi

612 1840 724 1884 tum
745 1840 1218 1904 commentatores,
1235 1838 1344 1884 tum
1361 1828 1605 1883 doctores
1619 1842 1681 1882 ac
1702 1827 2013 1893 interpretes
2032 1826 2194 1880 multa

612 1934 756 1987 suape
783 1914 905 1971 inde
929 1918 1309 1982 exhauserunt,
1343 1933 1441 1973 nec
1471 1928 1557 1973 ta.~.
1582 1934 1647 1977 ea
1680 1932 1808 1985 repo
1839 1917 1938 1972 itas
1962 1915 2091 1971 inibi
2118 1916 2196 1970 di-

612 2007 766 2062 vitias
789 2022 1046 2063 cvacuare
1076 2009 1370 2063 valuerunt.
1398 2008 1512 2061 Non
1543 2016 1627 2062 est
1651 2007 1793 2067 enim
1818 2005 2085 2061 sensibilis
2113 2007 2200 2061 hic

612 2098 896 2154 thesaurus
922 2142 935 2166 ,
966 2108 1020 2154 et
1058 2099 1255 2155 idcirco
1301 2115 1407 2155 non
1442 2101 1770 2154 consumitur
1797 2115 1826 2152 a
1857 2098 2034 2153 multis
2063 2098 2195 2153 επο-

610 2189 869 2245 dientitun
904 2190 1145 2243 manibus
1171 2232 1186 2256 ,
1227 2189 1319 2244 sed
1365 2198 1585 2259 augetur
1616 2201 1667 2243 et
1707 2190 2101 2258 multipliCatur.
2134 2189 2199 2246 Et

612 2280 737 2355 quid
766 2279 885 2334 dico
913 2280 981 2336 de
1012 2282 1112 2335 illis
1143 2282 1231 2350 qui
1258 2291 1383 2336 ante
1423 2296 1519 2335 nos
1558 2280 1809 2335 fuerunt?
1838 2282 2006 2347 Quam
2043 2281 2193 2335 multi

616 2380 735 2438 post
758 2384 854 2425 nos
882 2369 1073 2429 dicturi
1100 2381 1241 2436 sunt,
1272 2386 1334 2425 ac
1360 2385 1543 2426 rursus
1569 2378 1687 2444 post
1717 2371 1832 2426 illos
1858 2370 1967 2436 alii,
1991 2384 2091 2429 nec
2120 2380 2199 2425 ta-

614 2475 735 2516 men
764 2459 1010 2521 deﬁcient
1040 2460 1199 2516 fontis
1227 2462 1277 2514 in
1304 2460 1517 2515 modum
1548 2470 1813 2521 scatentes
1836 2461 2029 2515 divitia:
2056 2504 2068 2526 ,
2103 2476 2199 2517 ne-

612 2566 718 2621 que
760 2553 1095 2605 metallorum
1142 2553 1240 2605 hoc
1281 2566 1449 2621 genus
1486 2551 1868 2607 exbaurietur?
1908 2551 2198 2619 spit-itualla

612 2644 755 2696 enim
778 2652 921 2707 sunt,
942 2652 996 2697 et
1019 2653 1207 2718 suapte
1232 2653 1417 2696 natura
1443 2658 1728 2713 numquam
1753 2644 1969 2697 omnino
1992 2644 2198 2698 absumi

616 2742 855 2803 possunt.
900 2732 1053 2800 Quod
1090 2742 1171 2787 est
1210 2733 1367 2803 igitur
1410 2733 1535 2788 illud
1571 2732 1770 2788 dictum
1808 2732 2198 2803 apostolicum?

618 2822 869 2883 [labentes
893 2836 1060 2878 autem
1087 2825 1317 2878 eumdem
1347 2825 1601 2894 Spiritum
1625 2824 1747 2893 ﬁdei
1763 2864 1779 2888 ,
1808 2824 1935 2878 sicut
1959 2824 2199 2892 scriptum

617 2922 708 2974 est,
738 2911 964 2979 Credidi,
992 2925 1297 2984 quapropter
1321 2914 1552 2985 loquutus
1578 2931 1707 2968 sum.

683 3002 737 3055 2.
771 3002 949 3072 Nuper
975 3003 1134 3073 igitur
1156 3005 1496 3073 quaesivimus
1518 3020 1746 3075 quanam
1773 3004 1839 3060 de
1864 3018 2021 3060 causa
2049 3005 2200 3061 dixe-

615 3093 715 3159 rit,
748 3092 993 3147 Ettmdent
1032 3095 1284 3166 Spiritum
1313 3095 1475 3165 ﬁdei;
1504 3106 1559 3151 et
1586 3112 1744 3151 unam
1782 3095 2041 3150 hactenus
2068 3110 2193 3151 cau-

614 3201 727 3251 sam
753 3189 1026 3249 attulimus
1054 3204 1070 3242 :
1101 3196 1218 3241 erat
1240 3195 1418 3244 autem
1459 3188 1573 3241 haec
1603 3204 1617 3240 :
1652 3197 1708 3239 ut
1734 3185 2040 3241 ostenderet
2067 3202 2197 3241 con-

615 3278 914 3343 sonantiam
956 3277 1166 3341 Veteris
1210 3294 1273 3332 ac
1320 3277 1452 3339 Novi
1496 3278 1841 3334 Testamenti.
1882 3277 2013 3333 Cum
2056 3278 2198 3333 enim

616 3369 882 3431 invenitur
906 3368 1045 3425 idem
1074 3369 1192 3424 ﬁdei
1233 3368 1459 3439 Spiritus
1486 3380 1538 3423 et
1576 3369 1787 3425 Davidis
1816 3370 2045 3444 linguam
2079 3384 2197 3425 tuo-

618 3462 789 3523 visse,
816 3460 1078 3514 dicentem
1098 3502 1111 3525 ,
1143 3458 1382 3526 Credidi,
1422 3470 1625 3531 prapter
1656 3463 1791 3531 quod
1828 3462 2065 3530 loquutus
2087 3478 2198 3516 sum

616 3546 790 3619 (Paul.
818 3549 941 3615 ll5.
966 3548 1079 3617 l0),
1107 3558 1161 3604 et
1190 3549 1241 3605 in
1263 3550 1408 3605 Pauli
1432 3552 1605 3604 anima
1631 3559 1879 3619 operatus
1903 3566 2043 3617 esse,
2071 3551 2199 3606 satis

613 3647 835 3719 apparet
866 3652 1108 3708 magnam
1139 3653 1257 3694 esse
1282 3639 1661 3719 prophetarum
1688 3656 1807 3695 cum
1830 3641 2084 3711 apostolis
2105 3655 2197 3696 co-

615 3729 947 3801 gnationem,
964 3738 1119 3798 atque
1144 3732 1212 3784 ita
1233 3733 1534 3785 necessario
1556 3731 1794 3801 sequitur
1813 3746 2057 3802 magnam
2080 3746 2200 3788 esse

619 3816 825 3881 Veteris
849 3829 901 3874 et
926 3819 1054 3880 Novi
1076 3820 1401 3875 Testamenti
1428 3816 1849 3877 consonantiam.
1878 3822 1980 3877 Sed
2010 3838 2077 3885 ne
2104 3824 2200 3878 ite-

617 3923 738 3970 rum
776 3908 963 3972 eadem
1009 3919 1309 3991 repetentes
1352 3912 1560 3966 molesti
1599 3912 1751 3967 vobis
1787 3914 1981 3977 simus,
2015 3928 2113 3984 age
2146 3923 2199 3968 et

614 4000 833 4054 alteram
861 4014 1072 4061 causam
1104 4000 1453 4069 proferamus,
1483 4004 1549 4058 ob
1567 4018 1725 4073 quam
1748 4004 1899 4071 dixit,
1924 4004 2193 4060 Eumdem.

616 4089 734 4145 lam
763 4099 871 4144 tum
911 4090 1052 4143 enim
1095 4092 1317 4146 situram
1358 4090 1513 4160 hujus
1539 4092 1665 4145 dicti
1691 4108 1903 4147 causam
1938 4096 2199 4163 promise-

618 4194 815 4234 ramns.
848 4178 955 4234 Sed
986 4195 1120 4248 opus
1153 4191 1231 4234 est
1266 4190 1319 4233 ut
1349 4181 1649 4235 excitemini
1684 4198 1697 4235 :
1732 4183 2023 4251 profundus
2056 4188 2198 4239 enim

616 4279 703 4330 est
725 4286 913 4326 sensus
935 4286 1093 4339 quem
1118 4272 1325 4331 caritati
1359 4281 1548 4331 vestrae
1572 4286 1689 4332 sum
1719 4273 1978 4341 dicturus,
2002 4285 2055 4329 et
2082 4292 2199 4345 per-

620 4361 814 4430 spicaci
841 4362 1018 4414 animo
1047 4376 1180 4429 opus
1211 4362 1388 4427 habet,
1417 4363 1732 4434 ingenioque
1761 4378 2014 4445 peracute
2043 4386 2055 4420 :
2080 4382 2180 4437 qua

620 4460 837 4522 propter
876 4450 1111 4505 obtestor
1152 4458 1207 4504 ut
1245 4466 1449 4504 smnma
1486 4454 1776 4508 attentione
1817 4472 1935 4523 qua:
1974 4456 2197 4511 dicenda

620 4552 743 4600 sunt
786 4541 1113 4597 auscultctis.
1159 4540 1406 4597 Vestrum
1452 4551 1538 4604 est
1578 4543 1781 4598 lucrum
1808 4585 1821 4608 ,
1854 4557 2035 4602 noster
2074 4564 2202 4609 γεω

619 4632 806 4695 labor;
840 4631 946 4682 imo
978 4631 1162 4699 gratite
1187 4630 1412 4700 Spiritus
1439 4633 1604 4689 sancti
1631 4630 1831 4693 donum
1857 4677 1869 4697 ,
1899 4650 2007 4704 quo
2036 4653 2198 4695 reve-

621 4724 763 4777 lante
788 4730 991 4775 secreta
1019 4762 1034 4783 ,
1062 4737 1233 4791 neque
1261 4723 1348 4791 qui
1375 4723 1531 4787 dicit,
1561 4739 1732 4792 neque
1759 4726 1847 4795 qui
1875 4726 2020 4780 audit
2047 4728 2190 4784 dela-

621 4813 814 4880 tigatur
843 4829 855 4865 :
888 4810 1265 4867 rcvelatiouem
1296 4812 1438 4867 enim
1470 4829 1657 4884 magna
1689 4814 1910 4871 facilitas
1939 4819 2195 4889 sequitur.

620 4903 972 4961 Atteitdamus
1007 4904 1169 4972 igitur
1196 4919 1316 4960 cum
1346 4905 1619 4975 diligentia
1650 4926 1660 4960 :
1692 4908 1813 4963 licet
1843 4910 1985 4963 enim
2027 4914 2197 4981 majo-a

616 5009 732 5053 rem
776 5004 977 5067 partem
1022 4995 1238 5050 auribus
1280 4997 1708 5066 persequamini,
1735 4998 1778 5051 si
1812 4999 1899 5053 vel
1920 5000 2197 5055 minimum

614 5084 1055 5151 dormitaveritis,
1078 5086 1377 5156 interrupto
1398 5069 1564 5140 semel
1590 5098 1837 5141 contextu
1860 5096 2024 5143 totum
2049 5090 2201 5160 igno-

619 5174 825 5228 rabitis.
856 5174 924 5228 Et
950 5175 1391 5243 quemadmodum
1423 5178 1518 5239 iis,
1550 5176 1637 5245 qui
1666 5178 1803 5231 Viam
1845 5180 2117 5247 ignorant,
2146 5192 2202 5237 et

620 5264 841 5318 ductore
869 5278 1005 5334 opus
1043 5264 1271 5330 habent,
1300 5266 1387 5321 diu
1421 5266 1544 5321 licet
1583 5266 1727 5319 illum
1756 5271 1963 5335 sequuti
1987 5310 2003 5335 ,
2034 5271 2085 5325 si-
2106 5287 2201 5341 per

624 5355 992 5426 negligentiam
1020 5358 1103 5412 vel
1136 5360 1401 5427 paululum
1438 5374 1505 5413 ex
1543 5358 1712 5413 oculis
1754 5374 1874 5414 eum
1914 5362 2195 5431 amittant,

626 5447 755 5505 nihil
795 5447 1011 5517 prodest
1038 5449 1292 5504 hactenus
1321 5461 1572 5519 sequutus
1599 5466 1718 5506 esse
1736 5490 1753 5518 ,
1782 5451 1875 5506 sed
1905 5455 2202 5512 consistunt

624 5539 789 5613 ignari
820 5555 1047 5608 quanam
1079 5541 1147 5594 sit
1189 5541 1670 5610 progrediendum:
1707 5544 1778 5597 ita
1807 5546 1968 5599 etiam
1995 5548 2081 5616 qui
2113 5548 2197 5602 di—

627 5639 830 5692 centem
869 5642 1261 5701 prosequuntur
1288 5633 1465 5687 animo
1489 5671 1506 5701 ,
1536 5632 1744 5689 etiamsi
1771 5645 1973 5691 attente
1997 5638 2197 5697 doctri-

1359 268 1417 324 S.
1455 264 1736 326 ιυωκις
1770 256 2255 319 ςιιιιῑεοετοιιι
2293 254 2611 314 ARCIIIEP.
2651 252 3194 314 CONSTAN‘HNOP.

3784 266 3903 326 29:2

2306 382 2431 424 nam
2466 368 2587 439 ejus
2629 366 2935 437 hauserint,
2975 367 3020 422 si
3056 367 3326 438 paulisper
3367 378 3571 427 tantum
3611 371 3919 431 oscitantur

2304 459 2520 515 audiant
2541 501 2557 525 ,
2589 468 2696 514 tota
2738 459 2878 514 serie
2907 458 3107 513 amissa
3128 499 3143 523 ,
3174 473 3281 515 non
3312 472 3536 530 possunt
3570 463 3805 533 amplius
3833 465 3916 519 ad

2302 550 2689 606 sententiarum
2731 550 2890 606 linem
2930 551 3230 620 pervenire.
3267 550 3345 607 Ne
3386 552 3546 623 igitur
3576 553 3719 610 idem
3747 555 3919 610 vobis

2302 640 2534 706 accidat,
2567 640 2816 695 omnibus
2851 656 2970 711 qua:
3011 640 3200 695 dicturi
3239 634 3423 696 sumus
3459 643 3573 713 pari
3603 653 3792 700 tenore
3819 644 3916 699 itt-

2304 731 2525 797 tendite,
2557 730 2731 786 donec
2755 730 2822 785 ad
2857 731 3018 787 linem
3050 726 3440 803 perveniamus.

2371 822 2425 875 5.
2444 819 2545 874 Cur
2568 821 2703 874 dicat
2717 820 2946 875 eundem
2968 836 3077 876 esse
3100 820 3356 892 Spiritum
3378 822 3519 893 ﬁdei.
3554 822 3743 896 Imago
3781 842 3831 895 ρ.
3847 842 3917 879 r-

2300 912 2671 980 sequutionum.
2702 940 2771 951 —
2813 909 3016 967 Dicturi
3057 912 3217 982 igitur
3253 929 3357 982 qua
3390 916 3461 970 de
3507 929 3667 971 causa
3716 915 3908 983 dicat,

2311 1001 2558 1057 llubetttes
2586 1010 2754 1062 autem
2782 1002 3012 1063 διωκάθω
3044 1000 3296 1070 Spiritum
3326 1004 3467 1071 ﬁdei,
3499 1005 3685 1059 volens
3709 1017 3887 1060 osten-

2298 1091 2428 1148 dere
2447 1091 2695 1152 eamdem,
2705 1105 2826 1145 esse
2843 1091 3120 1160 utriusque
3137 1089 3461 1147 Testameuti
3480 1093 3644 1148 tidem
3657 1094 3905 1149 omnium

2300 1182 2562 1238 bonorum
2587 1194 2812 1237 matrem
2835 1223 2850 1245 ,
2879 1178 3041 1252 paulo
3059 1180 3221 1241 altius
3244 1196 3547 1238 sermonem
3571 1196 3904 1254 repetamus.

2298 1275 2388 1330 Sic
2426 1277 2571 1333 enim
2614 1276 2772 1337 nobis
2796 1289 2957 1333 eausa
2982 1275 3283 1334 evidentius
3309 1276 3607 1347 apparebit.
3640 1279 3907 1345 Qua-natu

2300 1367 2461 1437 igitur
2494 1377 2578 1423 est
2605 1369 2719 1423 lucc
2742 1366 2946 1428 caua!
2973 1366 3217 1440 Magnum
3244 1369 3441 1424 bellum
3468 1371 3910 1429 circumsteterat

2302 1459 2488 1516 ﬁdeles
2508 1459 2634 1514 dum
2667 1459 2783 1514 haec
2807 1458 3124 1519 dicebantur
3151 1476 3166 1524 ;
3199 1458 3396 1513 bellum
3417 1498 3435 1525 ,
3461 1460 3679 1531 inquam
3696 1502 3718 1526 ι
3739 1476 3910 1531 grave

2298 1561 2355 1605 et
2398 1551 2598 1621 absque
2645 1551 2771 1611 ullis
2800 1550 3047 1606 induciis.
3080 1549 3211 1607 Nam
3235 1558 3293 1608 et
3316 1550 3565 1608 civitates
3590 1553 3815 1623 integra:
3845 1562 3909 1614 et

2302 1644 2483 1711 populi.
2510 1643 2744 1712 undique
2769 1644 2820 1695 in
2842 1657 2938 1697 eos
2961 1642 3383 1711 insurrexerant,
3404 1654 3459 1713 et
3482 1644 3694 1715 tyranni
3711 1659 3911 1700 mones

2301 1730 2687 1786 insidiabantur
2711 1774 2725 1798 ,
2768 1742 2823 1786 et
2851 1747 3005 1803 reges
3030 1741 3218 1787 contra
3244 1746 3339 1787 eos
3364 1731 3563 1791 bellum
3592 1733 3857 1804 parabant
3890 1752 3903 1787 :

2300 1838 2447 1876 arma
2480 1824 2853 1888 movebantur,
2880 1824 3039 1895 gladii
3060 1824 3423 1891 acuebantur,
3444 1827 3712 1881 exercitus
3735 1827 3909 1881 ador-

2300 1912 2583 1974 nabantur.
2617 1922 2671 1966 et
2693 1914 2871 1968 omnia
2898 1928 3092 1982 genera
3117 1928 3395 1983 pinnarum
3423 1929 3487 1968 ac
3516 1916 3914 1987 SttppliciOl’I-m

2300 2002 2739 2075 excogitabantur
2771 2022 2789 2065 :_
2818 2002 2940 2057 inde
2980 2003 3291 2064 facultatum
3322 2006 3523 2083 rapina:
3554 2016 3605 2061 et
3634 2008 3913 2062 conﬁsca-

2304 2091 2473 2146 tiones
2492 2134 2507 2156 ,
2549 2102 2601 2146 et
2630 2106 2877 2146 carceres
2906 2106 2968 2151 ac
2998 2101 3199 2147 mortes
3227 2094 3553 2168 quotidiana:
3576 2136 3590 2157 ,
3616 2104 3915 2168 tormenta,

2302 2182 2506 2234 vincula
2530 2222 2543 2247 ,
2571 2182 2709 2251 ignis
2730 2224 2745 2249 ,
2776 2179 2999 2248 ferrum,
3033 2181 3240 2246 bestiae,
3268 2182 3524 2255 patibula,
3560 2192 3711 2246 rotae,
3743 2188 3908 2241 bara-

2302 2271 2436 2332 tbra,
2463 2271 2775 2340 prmcipitia,
2797 2280 2848 2324 et
2870 2270 3122 2341 quidquid
3152 2272 3202 2325 in
3230 2272 3520 2342 perniciem
3541 2272 3777 2336 ﬁdelium
3794 2291 3900 2337 cx.-

2300 2362 2516 2432 cogitari
2551 2372 2760 2431 poterat
2785 2380 2798 2416 :
2830 2376 2892 2417 ac
2922 2378 2989 2417 ne
3009 2363 3144 2417 intra
3174 2363 3270 2418 hos
3292 2364 3505 2434 quidem
3535 2364 3669 2420 lines
3695 2366 3914 2432 bellum

2301 2470 2358 2508 se
2380 2455 2660 2510 continuit.
2689 2454 2806 2509 Non
2835 2456 3008 2510 solum
3036 2456 3179 2511 enim
3202 2458 3270 2512 ab
3290 2457 3518 2513 inimicis
3542 2460 3907 2527 excitabatur,

2302 2546 2397 2601 sed
2425 2546 2538 2613 ipsa
2560 2546 2722 2601 etiam
2745 2556 2930 2600 natura
2954 2556 3138 2601 contra
3162 2546 3394 2617 seipsam
3439 2550 3767 2605 irritabatur.
3810 2552 3909 2607 Et-

2300 2637 2442 2691 enim
2470 2636 2653 2693 liberis
2688 2637 3074 2693 insidiabantur
3101 2646 3298 2708 patres,
3333 2650 3386 2694 et
3416 2639 3535 2695 lilia:
3568 2650 3759 2698 exesas
3786 2660 3911 2699 ma-

2303 2730 2411 2783 tres
2454 2727 2759 2793 babebant,
2805 2737 2859 2781 et
2896 2728 3058 2789 amici
3095 2728 3298 2789 amicos
3334 2732 3740 2801 aversabantur,
3768 2744 3821 2789 et
3848 2736 3912 2795 in

2300 2820 2644 2891 cognationes
2667 2834 2731 2874 ac
2754 2820 2983 2874 familias
3008 2819 3206 2877 bellum
3236 2820 3339 2876 hoc
3365 2821 3597 2882 latenter
3626 2838 3749 2880 sese
3776 2826 3910 2883 iusi-

2302 2913 2505 2967 nuabat
2525 2954 2542 2978 ,
2571 2926 2902 2982 magnusque
2926 2912 3187 2968 tumultus
3210 2924 3328 2969 erat
3349 2928 3447 2985 per
3469 2916 3781 2973 universum
3808 2934 3907 2973 or-

2300 3004 2421 3060 bem
2460 3004 2821 3059 habitabilem.
2852 3004 2915 3058 Et
2942 3005 3080 3059 sicut
3104 3005 3256 3059 navis
3284 3005 3440 3061 undis
3468 3008 3899 3081 insurgentibus,

2303 3094 2534 3150 nubibus
2572 3095 3014 3150 concurrentibus
3039 3134 3055 3161 ,
3108 3096 3258 3151 elisis
3305 3096 3595 3154 tonitribus
3618 3140 3632 3165 ,
3671 3102 3909 3173 caligine

2304 3186 2537 3255 undique
2564 3186 2816 3257 scapham
2846 3186 3115 3257 cingente,
3148 3189 3283 3242 mari
3315 3187 3545 3255 furente,
3577 3191 3773 3249 belluis
3799 3209 3909 3249 sa!-

2304 3277 2589 3343 vientibus,
2619 3279 2806 3349 piratis
2834 3280 3298 3349 oppugnantibus,
3330 3280 3459 3349 ipsis
3486 3284 3792 3339 vectoribus
3821 3286 3907 3339 iu-

2307 3380 2385 3423 ter
2430 3384 2489 3424 se
2526 3369 2911 3431 dissidentibus
2932 3411 2945 3434 ,
2989 3369 3395 3441 haudquaquam
3423 3374 3653 3430 evadere
3679 3388 3856 3447 potest
3884 3420 3904 3447 ,

2303 3460 2403 3521 nisi
2432 3461 2659 3515 caelestis
2688 3460 2906 3523 dextera
2932 3502 2948 3527 ,
2983 3476 3171 3531 magna
3197 3462 3283 3515 illa
3310 3476 3375 3526 ac
3398 3474 3588 3533 potens
3612 3508 3623 3530 ,
3656 3466 3906 3524 discusso

2303 3549 2544 3619 periculo
2568 3558 2619 3606 et
2650 3550 2833 3606 sedata
2864 3560 3183 3625 tempestate
3207 3593 3221 3617 ,
3256 3554 3307 3615 in
3340 3556 3778 3635 tranquillitatem
3813 3576 3903 3611 re-

2302 3640 2461 3696 ducat
2488 3656 2577 3695 nax
2594 3642 2797 3711 igantes
2825 3660 2840 3697 :
2870 3644 2941 3697 ita
2966 3643 3129 3699 etiam
3157 3652 3284 3701 tunc
3303 3644 3444 3701 inter
3466 3647 3615 3705 initia
3639 3651 3903 3718 praedica-

2302 3733 2463 3789 tiouis
2501 3733 2712 3789 accidit.
2758 3734 2875 3789 Non
2921 3735 3093 3789 solum
3139 3737 3284 3790 enim
3326 3747 3547 3801 externa
3579 3750 3902 3811 tempestate

2302 3824 2679 3897 pulsabantur,
2710 3826 2803 3885 sed
2832 3826 2974 3881 intus
3000 3829 3161 3891 etiam
3194 3828 3504 3899 plerumque
3536 3834 3801 3891 seditione
3826 3828 3904 3891 la-

2306 3917 2591 3973 borabant.
2643 3918 2775 3986 Quis
2804 3917 2905 3978 hoc
2932 3918 3100 3979 dicit?
3128 3920 3320 3977 l’aulus
3349 3922 3465 3992 ipse
3506 3923 3584 3978 sic
3611 3928 3852 3984 scribens
3886 3948 3905 3995 :7

2304 4005 2459 4062 Foris
2500 4024 2718 4080 pugme,
2764 4010 2901 4063 intus
2943 4010 3146 4066 timores
3186 4012 3265 4085 (2.
3302 4011 3420 4071 Cor.
3464 4015 3517 4070 7.
3547 4016 3631 4087 ὅ).
3664 4017 3731 4072 Et
3759 4023 3903 4089 quod

2306 4098 2407 4154 hoc
2433 4112 2619 4155 verum
2648 4100 2747 4166 sit,
2775 4100 3030 4173 quodque
3056 4101 3307 4158 doctores
3334 4105 3535 4174 pariter
3565 4122 3629 4161 ac
3650 4108 3900 4179 discipuli

2304 4189 2600 4247 innumeris
2626 4193 2762 4262 septi
2795 4194 2993 4248 iuerint
3022 4194 3207 4260 malis,
3236 4205 3290 4249 et
3316 4212 3411 4265 per
3439 4213 3628 4253 omnes
3654 4215 3723 4265 ex
3746 4217 3903 4274 teque

2304 4282 2503 4337 bellum
2543 4282 2646 4338 hoc
2685 4282 2857 4339 luerit
2880 4293 3181 4355 grassatum
3212 4326 3226 4348 ,
3271 4286 3517 4342 eumdem
3551 4289 3775 4347 Paulum
3803 4295 3903 4350 ite-

2318 4385 2420 4425 mn
2444 4379 2635 4426 testem
2660 4371 2888 4427 adduco.
2922 4372 3131 4429 Vestrae
3156 4383 3334 4430 autem
3364 4386 3545 4446 partes
3564 4392 3686 4433 sunt
3708 4385 3901 4436 memi-

2304 4462 2445 4517 nisse
2482 4464 2719 4517 omnium
2751 4462 2940 4519 horum
2969 4480 3088 4535 qua:
3112 4464 3271 4534 dico,
3302 4475 3357 4521 nt
3384 4469 3614 4537 cognitis
3642 4474 3899 4540 periculis

2302 4568 2366 4608 ac
2412 4553 2829 4616 tentationibus,
2876 4556 3234 4625 omnibusque
3273 4556 3725 4629 adversitatibus,
3768 4580 3905 4634 quas

2302 4642 2419 4710 ejus
2455 4644 2713 4712 temporis
2740 4643 2926 4709 lideles
2952 4643 3311 4713 perferebant,
3342 4656 3489 4701 tanto
3518 4651 3752 4720 majores
3781 4671 3904 4725 επις.-

2306 4732 2405 4796 tias
2433 4734 2603 4803 agatis
2633 4733 2767 4800 Deo,
2800 4735 2890 4804 qui
2914 4735 3165 4789 omnibus
3198 4737 3302 4791 illis
3321 4738 3715 4799 calamitatibus
3742 4747 3903 4801 linem

2305 4826 2577 4897 imposuit,
2604 4836 2660 4883 et
2683 4838 3047 4882 averruncato
3075 4829 3218 4885 bello
3238 4871 3255 4895 ,
3285 4832 3782 4902 tranquillissimam
3812 4857 3907 4909 pa-

2302 4930 2419 4971 cem
2447 4917 2603 4973 nobis
2630 4918 2863 4974 coniecit
2889 4936 2903 4971 ι
2934 4928 2990 4972 ut
3011 4934 3170 4973 nemo
3193 4921 3277 4975 vel
3299 4923 3557 4979 socordiae
3581 4942 3794 4994 pamam
3822 4932 3904 4990 ci-

2304 5005 2491 5077 fugiat.
2522 5007 2604 5062 vel
2634 5009 2703 5062 ob
2726 5010 2886 5062 vitam
2914 5019 3061 5063 recte
3088 5020 3259 5063 actam
3283 5012 3590 5067 estollatur.

2374 5099 2429 5154 4.
2452 5097 2590 5153 Pace
2618 5098 2857 5153 Ecclesia!
2884 5117 2985 5153 non
3010 5101 3595 5173 abutendum—Neque
3621 5111 3765 5164 enim
3784 5127 3909 5181 per.

2306 5187 2428 5243 inde
2473 5197 2590 5254 est,
2640 5190 2683 5242 si
2729 5189 3068 5258 uttdiquaque
3118 5190 3457 5259 impugnatus
3503 5204 3557 5249 et
3607 5199 3907 5258 innumeris

2305 5278 2719 5333 adversitatibus
2765 5277 2987 5331 obrutus
3036 5294 3301 5347 generose
3342 5283 3643 5351 subsistas,
3684 5303 3749 5343 ac
3774 5293 3817 5344 si
3852 5294 3905 5347 in

2307 5376 2465 5437 portu
2505 5382 2647 5421 nunc
2687 5367 2902 5431 sedens,
2934 5377 2989 5421 et
3018 5367 3069 5421 in
3099 5384 3306 5423 summa
3337 5373 3630 5430 securitate
3654 5382 3905 5438 eumdem

2304 5460 2539 5513 animum
2590 5474 2698 5528 pra:
2741 5471 2793 5513 te
2832 5458 2993 5513 feras.
3044 5459 3260 5514 Illorum
3292 5463 3434 5516 enim
3464 5466 3703 5523 conditio
3734 5472 3908 5529 nihilo

2308 5552 2497 5607 melior
2525 5563 2660 5617 erat,
2687 5566 2846 5622 quam
2870 5566 3059 5606 eorum
3080 5555 3168 5623 qui
3204 5555 3415 5610 turbato
3438 5568 3571 5614 mari
3597 5560 3906 5630 iactantur:

2309 5660 2406 5701 nos
2436 5660 2561 5701 vero
2585 5645 2824 5701 securius
2851 5645 3057 5718 agimus
3081 5662 3239 5717 quam
3265 5650 3353 5720 qui
3380 5649 3431 5703 in
3456 5662 3674 5723 portum
3696 5655 3908 5717 devecti
