4194 6302
233 418 341 477 επ

236 531 534 591 incolumes
574 525 686 598 jam
727 536 828 594 per
878 520 1046 575 otium
1096 529 1156 571 se
1203 509 1474 567 reﬁciunt.
1499 503 1843 598 Quapropter

235 638 411 693 neque
451 592 674 691 propter
719 592 911 669 bonam
954 605 1170 664 vivendi
1196 602 1458 659 rationem
1490 592 1849 693 extollantur,

233 683 412 783 neque
438 683 827 765 mutationibus
861 700 1135 762 cedamus,
1160 708 1335 765 neque
1360 683 1855 783 securitateEccle.

232 777 337 859 size
352 809 595 856 nostram
621 797 689 851 ad
720 793 1000 864 segnitiem
1026 789 1315 843 abutamur
1345 801 1359 837 :
1393 781 1523 852 quin
1557 777 1735 850 potius
1758 789 1849 830 so-

234 882 341 949 brii
378 891 547 946 simus
586 902 650 943 ac
684 885 988 954 vigilemus.
1015 879 1147 935 Nam
1176 875 1332 932 nobis
1361 885 1577 943 quoque
1598 878 1683 924 est
1708 867 1850 921 lucta

233 983 499 1039 adversus
522 980 733 1034 innatas
757 969 1240 1043 concupiscentiae.
1269 966 1387 1021 Non
1409 963 1694 1033 insurgunt
1715 972 1852 1014 con-

236 1084 320 1129 tra
349 1087 450 1127 nos
477 1069 728 1124 homines
752 1107 767 1133 ,
794 1064 889 1121 sed
918 1064 1206 1132 insurgunt
1232 1055 1478 1114 carnales
1506 1053 1849 1122 voluptates;

236 1179 351 1218 nou
400 1164 715 1232 impugnant
754 1171 853 1211 nos
894 1168 1050 1226 reges
1076 1160 1245 1219 atque
1264 1147 1475 1220 tyranni
1501 1186 1516 1213 ,
1549 1143 1644 1200 sed
1676 1143 1851 1211 impu-

235 1264 372 1329 gnat
412 1254 492 1308 ira
517 1292 533 1315 ,
570 1266 723 1305 vana:
761 1248 946 1319 gloria:
990 1242 1221 1314 cupido,
1269 1238 1506 1305 invidia,
1546 1234 1852 1297 aemulatio,

238 1325 406 1415 atque
452 1342 506 1396 td
551 1355 723 1412 genus
763 1338 853 1393 alii
884 1335 1105 1391 affectus
1132 1330 1419 1388 innumeri.
1447 1326 1671 1395 Quando
1696 1325 1856 1396 igitur

240 1436 368 1491 illas
409 1432 735 1489 tentationes
772 1428 1044 1484 evasimus
1064 1467 1080 1493 ,
1125 1438 1195 1481 ne
1221 1423 1290 1478 ab
1315 1422 1399 1477 his
1419 1420 1698 1475 vincamur
1721 1430 1855 1486 ope-

241 1542 366 1581 ram
407 1523 620 1579 demus.
665 1520 791 1575 Ideo
829 1518 974 1574 enim
1002 1516 1155 1571 vobis
1182 1514 1234 1567 in
1264 1511 1580 1568 memoriam
1607 1506 1855 1565 revocavi

242 1615 394 1671 illius
429 1612 687 1683 temporis
712 1609 1049 1665 calamitates
1074 1648 1088 1671 ,
1119 1614 1177 1660 ut
1204 1618 1346 1659 nunc
1370 1613 1426 1658 et
1448 1601 1537 1672 qui
1565 1597 1819 1668 afﬂigitur
1839 1636 1855 1661 ,

241 1704 496 1760 idoneam
540 1701 667 1757 inde
704 1706 1064 1769 consequatur
1100 1695 1561 1759 consolationem,
1604 1700 1659 1746 et
1686 1690 1775 1761 qui
1802 1688 1854 1743 in

241 1795 537 1851 securitate
589 1791 728 1862 agit,
770 1798 957 1862 utpote
1004 1804 1111 1844 non
1148 1787 1475 1844 exercitatus
1519 1798 1646 1839 acre
1669 1792 1856 1839 contra

242 1884 510 1941 absurdas
537 1883 888 1955 cogitationes
913 1890 1184 1938 certamen
1212 1880 1859 1949 suscipiat'.Propterno-

243 1988 419 2033 stram
458 1978 604 2032 enim
645 1975 1069 2031 admonitionem
1099 1981 1156 2028 et
1177 1972 1600 2028 consolationem
1630 1983 1692 2025 ac
1718 1968 1857 2023 tole-

244 2068 485 2124 rsntiam
507 2067 598 2122 illa
627 2068 808 2122 omnia
835 2076 960 2121 sunt
980 2066 1182 2136 scripta
1212 2082 1226 2119 :
1254 2080 1374 2137 qua:
1398 2062 1614 2135 quidem
1638 2074 1860 2117 necesse

245 2161 516 2217 habemus
551 2175 694 2216 nunc
732 2159 876 2230 apud
913 2173 1012 2214 vos
1049 2159 1267 2227 eloqui,
1309 2165 1366 2212 et
1405 2155 1604 2211 docere
1646 2153 1862 2224 quantis

243 2251 668 2309 adversitatibus
694 2251 813 2322 ejus
840 2251 1098 2321 temporis
1118 2250 1303 2305 ﬁdeles
1318 2248 1523 2303 obsessi
1537 2246 1734 2301 fuerint
1754 2259 1859 2298 non

244 2344 502 2400 doctores
544 2343 720 2399 solum
745 2384 761 2409 ,
805 2343 1156 2397 verumetiam
1213 2339 1484 2411 discipuli.
1530 2337 1670 2394 Audi
1703 2337 1863 2405 igitur

245 2437 383 2508 quid
429 2436 573 2493 dicat
619 2436 815 2492 Paulus
855 2434 924 2491 ad
967 2434 1223 2490 Hebraeos
1268 2433 1513 2488 scribens
1549 2449 1564 2486 :
1612 2430 1864 2484 Memores

245 2539 415 2585 estote
435 2529 666 2599 priorum
687 2528 906 2594 dierum,
933 2528 989 2582 in
1016 2524 1197 2597 quibus
1223 2525 1500 2579 illuminati
1524 2522 1736 2577 multum
1755 2537 1865 2575 cer-

250 2631 427 2675 tamen
449 2620 787 2691 afﬂictionum
803 2618 1115 2673 sustinuistis
1134 2615 1315 2687 (Hebr.
1341 2614 1426 2671 10.
1450 2614 1565 2681 52).
1590 2613 1704 2668 Non
1722 2613 1864 2668 enim

251 2727 356 2783 per
375 2712 541 2768 breve
571 2721 785 2782 tempus
803 2751 819 2776 ,
852 2709 949 2766 sed
975 2724 1097 2765 mox
1128 2708 1197 2763 ab
1219 2710 1335 2779 ipso
1360 2707 1582 2764 exordio
1609 2707 1868 2778 prcedica-

254 2805 424 2862 tionis
464 2813 522 2861 et
559 2805 823 2861 doctrina:
860 2803 1265 2859 insurrexerunt
1290 2802 1551 2857 adversus
1572 2816 1667 2856 eos
1690 2807 1868 2855 tenta~

257 2896 468 2962 tiones,
510 2903 567 2951 et
609 2910 734 2949 mox
781 2909 811 2948 a
854 2902 1107 2964 suscepto
1143 2893 1410 2962 baptismo
1439 2893 1692 2963 periculis
1716 2900 1873 2948 erant

257 2986 487 3043 obnoxii
517 3002 532 3040 :
561 2993 617 3039 at
638 2984 912 3056 quomodo
935 2984 1062 3039 audi
1089 3002 1103 3038 :
1132 2982 1434 3053 Opprobriis
1462 2993 1509 3037 et
1530 2983 1873 3037 tribulationi-

256 3078 354 3134 bus
377 3076 721 3145 spectaculum
740 3077 863 3146 facti
894 3074 1001 3144 (Ib.
1030 3090 1079 3130 ν.
1108 3076 1224 3147 53).
1246 3075 1448 3131 Omnes
1475 3074 1618 3129 enim
1642 3074 1875 3144 despue.

258 3167 394 3224 bant
417 3182 546 3235 eos,
577 3166 923 3224 contumeliis
960 3165 1303 3233 afﬁciebant,
1351 3166 1697 3229 deridebant,
1730 3166 1871 3219 vitu-

260 3256 561 3327 perabant,
607 3256 782 3313 fatuos
821 3256 1089 3313 vocabant
1134 3271 1199 3312 ac
1229 3257 1537 3312 insensatos
1559 3297 1574 3322 ,
1607 3256 1747 3326 quod
1775 3256 1871 3311 de-

260 3358 411 3406 serta
453 3349 625 3419 patria
663 3346 873 3403 vivendi
915 3348 1173 3414 formula,
1207 3362 1343 3403 nova
1369 3348 1562 3417 placita
1601 3350 1874 3415 suscepis-

263 3449 411 3497 sent.
451 3440 585 3508 Qua:
622 3439 842 3509 quidem
874 3454 981 3493 non
1012 3454 1199 3509 parum
1230 3438 1412 3493 valent
1437 3439 1506 3493 ad
1530 3453 1879 3493 commoven—

263 3531 395 3588 dam
433 3532 704 3595 animam,
748 3530 803 3584 ni
843 3529 981 3585 fides
1026 3529 1289 3600 profunde
1329 3530 1400 3584 sit
1441 3529 1699 3585 radicata.
1735 3528 1880 3584 Nihil

265 3624 415 3680 enim
454 3638 610 3693 atque
644 3622 881 3677 animam
914 3621 1159 3686 mordet,
1188 3636 1252 3675 ac
1283 3622 1711 3692 improperium;
1745 3618 1879 3675 nihil

266 3727 427 3784 eque
451 3711 700 3768 tabefacit
724 3720 963 3767 mentem
984 3750 1000 3775 ,
1030 3725 1093 3765 ac
1118 3710 1339 3766 dicteria
1366 3719 1421 3766 et
1446 3709 1688 3765 convicia
1718 3726 1731 3762 :
1756 3725 1879 3765 nam

270 3804 430 3860 multi
464 3804 565 3858 viri
605 3818 703 3873 per
746 3804 989 3857 convicia
1016 3810 1141 3858 sunt
1167 3817 1312 3871 saepe
1336 3801 1603 3857 subversi.
1633 3800 1762 3856 llam
1781 3816 1883 3855 au-

271 3906 383 3952 tem
422 3895 613 3965 loquor
638 3910 814 3959 nunc,
849 3905 905 3948 ut
936 3910 1057 3949 cum
1082 3893 1273 3948 ﬁducia
1305 3894 1462 3949 ﬁdem
1492 3902 1794 3949 teneamus.
1823 3895 1882 3950 Si

268 3988 421 4044 enim
468 3987 545 4042 illi
596 3989 760 4041 totius
800 3986 949 4040 orbis
986 3985 1232 4040 convicio
1270 4000 1379 4040 non
1424 3993 1549 4039 sunt
1598 3985 1883 4052 subversi,

272 4081 450 4139 multo
471 4082 642 4151 magis
667 4088 850 4134 nostra
879 4088 1036 4134 aetate
1066 4080 1198 4135 ﬁdes
1226 4093 1419 4149 magna
1444 4078 1774 4134 conﬁdentia
1800 4093 1885 4135 re-

275 4174 497 4230 tinenda
528 4182 611 4227 est
632 4216 645 4237 ,
669 4172 887 4243 quando
904 4180 1062 4227 totus
1089 4172 1235 4228 orbis
1260 4173 1327 4226 ad
1351 4181 1563 4227 nostras
1588 4180 1773 4243 partes
1800 4186 1890 4227 ac-

276 4264 463 4321 cessit.
492 4263 646 4331 Quod
672 4274 852 4319 autem
884 4264 958 4321 illi
991 4279 1096 4317 non
1128 4263 1264 4317 intra
1296 4263 1595 4319 calumnias
1614 4270 1891 4318 tantumet

276 4349 568 4424 opprobria
598 4355 950 4425 eonvieiaqne
972 4354 1282 4422 patientiam
1305 4355 1624 4409 retinuerint
1644 4396 1657 4420 ,
1682 4354 1775 4409 sed
1803 4354 1889 4409 illa

278 4461 405 4500 cum
435 4445 627 4513 gaudio
653 4446 1018 4509 toleraret-int,
1054 4444 1174 4498 audi
1198 4461 1318 4515 qua:
1339 4454 1658 4516 sequuntur.
1686 4444 1823 4499 Nam
1845 4455 1891 4499 et

280 4537 648 4607 direptionem,
694 4537 865 4605 inquit
886 4579 898 4596 .
932 4536 1232 4605 facultatum
1261 4544 1537 4595 uestrarum
1562 4553 1676 4589 cum
1704 4537 1892 4606 gaudio

285 4629 565 4703 pertulistis
593 4627 700 4701 (Ib.
727 4644 775 4682 υ.
807 4628 920 4700 δι).
953 4628 1119 4683 Vides
1146 4629 1291 4699 quod
1311 4636 1365 4683 et
1391 4628 1530 4683 bona
1552 4643 1738 4683 eorum
1757 4643 1891 4683 con-

286 4720 618 4777 ﬁscabantur
658 4721 787 4775 olim
814 4761 828 4783 ,
870 4729 924 4775 et
958 4713 1211 4775 omnibus
1241 4721 1295 4773 in
1325 4720 1561 4789 praedam
1588 4728 1773 4785 erant,
1802 4721 1895 4789 qui

286 4827 382 4866 eos
409 4810 604 4866 lredere
625 4820 908 4880 cuperent.
944 4813 1117 4880 Atque
1152 4812 1265 4864 hare
1293 4810 1508 4880 quidem
1543 4812 1606 4865 ad
1641 4811 1896 4865 llehrmos

286 4903 495 4958 scribit.

363 4995 419 5049 5.
481 4995 557 5048 De
620 4992 1193 5047 Thessalonicensibus
1261 5008 1389 5046 vero
1464 5008 1675 5046 rursum
1747 4990 1895 5047 aliud

285 5084 544 5157 quiddam
609 5085 711 5139 tale
776 5093 1063 5138 testatur:
1124 5080 1227 5135 Vos
1275 5085 1446 5145 enim,
1514 5082 1718 5151 inquit,
1779 5083 1896 5135 imis

291 5187 481 5232 latores
534 5175 659 5246 facti
703 5174 821 5229 estis
880 5173 1087 5227 Domini
1134 5189 1194 5225 ac
1243 5174 1424 5238 nostri,
1480 5174 1567 5242 qui
1612 5174 1901 5243 suscepistis

289 5256 575 5322 sermonem
604 5266 737 5318 hunc
765 5267 817 5318 in
840 5264 1161 5317 tribulatione
1188 5282 1373 5334 magna
1415 5263 1491 5335 (ι.
1525 5263 1701 5319 Thess.
1734 5267 1783 5321 l.
1819 5266 1896 5333 6).

294 5359 433 5415 Vide
466 5367 627 5415 eLam
682 5358 783 5411 lius
836 5356 1035 5426 afﬂigi,
1086 5371 1259 5425 neque
1305 5355 1355 5410 id
1404 5356 1752 5422 simpliciter,
1808 5357 1902 5410 sed

294 5450 594 5505 afﬂictione
644 5464 855 5519 magna.
914 5448 1223 5503 Vehemens
1274 5451 1529 5510 tentatio,
1589 5450 1901 5503 continuum

296 5543 599 5614 periculum
648 5558 747 5595 nec
796 5541 1071 5596 minimam
1122 5541 1336 5609 quidem
1392 5541 1692 5611 respirandi
1734 5540 1903 5595 facul-

301 5646 465 5690 tatem
517 5633 845 5690 concedelmt
890 5634 1001 5698 eis,
1058 5634 1145 5703 qui
1207 5643 1331 5686 tunc
1377 5634 1633 5699 temporis
1688 5633 1739 5687 in
1789 5648 1907 5686 cer—

304 5727 507 5781 tamine
562 5735 734 5781 erant.
780 5726 1028 5779 Attamen
1083 5740 1203 5779 cum
1262 5725 1373 5779 hzne
1424 5728 1746 5787 tolerarent,
1804 5739 1905 5778 non

312 5822 495 5893 inique
532 5820 793 5883 ferebant,
851 5835 1022 5887 neque
1070 5822 1303 5873 animum
1346 5817 1765 5885 despovf..j-;.nt,
1804 5819 1907 5870 ium

391 5985 413 6011 ³
444 5975 566 6025 \‘tdc
596 5975 724 6023 hunr
756 5977 913 6023 lorum
944 5975 1170 6025 ‘Qf‘t'llndiS
1201 5977 1331 6028 ruris
1357 5986 1673 6029 regr‘nlattvn.
1705 5978 1749 6027 in
1786 5979 1833 6027 l‘i
1856 5995 1875 6027 ,ι
1897 5992 1901 6022 ὲ
1926 5988 1949 6011 π’

770 410 864 468 DE
892 399 1144 465 VERBlS
1182 390 1540 460 APOSTOLI,
1580 381 1943 445 llABENTES
1980 375 2283 438 EUMDEM
2318 368 2666 432 SPlRlTUM.
2712 364 2798 425 Ill.

3448 366 3559 423 29d

1957 489 2263 564 gaudebant
2312 487 2495 564 etiam.
2563 482 2720 541 Unde
2766 482 2870 536 hoc
2925 475 3196 551 apparet?
3251 476 3329 532 Es
3380 477 3559 534 verbis

1960 556 2129 656 ipsius
2169 580 2339 637 Pauli.
2375 556 2477 635 Ubi
2511 576 2653 632 enim
2685 573 2825 629 dixit
2857 588 2869 624 :
2902 568 2968 625 In
3003 568 3325 623 tribulatione
3352 585 3560 641 magna,

1956 676 2181 740 addidit,
2201 674 2327 728 Cum
2345 670 2534 745 gaudio
2556 667 2782 739 Spiritus
2802 666 2962 717 sancti
2979 663 3057 735 (ί.
3081 659 3261 716 Thess.
3283 660 3336 714 l.
3355 659 3410 728 6)
3428 696 3443 720 ,
3458 662 3563 713 sci-

1958 768 2081 823 licet
2108 766 2332 822 tentatio
2356 761 2593 833 pariebat
2635 751 3347 822 aﬂlictionem,ogaudebant
3386 757 3563 803 tamen

1960 868 2271 933 reputantes
2296 871 2465 927 quare
2496 861 2849 909 tentarentur.
2878 847 3075 902 Idonea
3105 846 3249 900 enim
3287 851 3405 898 erat
3432 856 3565 898 con-

1959 954 2181 1019 solatio,
2214 950 2354 1023 quod
2375 949 2575 1005 conscii
2601 954 2783 1001 essent
2807 951 3023 1013 propter
3054 939 3329 996 Christum
3365 952 3425 993 se
3452 937 3573 992 lucc

1962 1048 2089 1117 pati.
2116 1054 2440 1117 quapropter
2478 1057 2585 1097 non
2631 1052 2735 1094 tam
2777 1037 3014 1092 demiror
3040 1032 3183 1104 quod
3211 1032 3301 1087 illo
3328 1040 3570 1102 tempore

1961 1139 2364 1209 afﬂigerentur,
2412 1151 2574 1205 quam
2632 1131 2776 1204 quod
2823 1129 2986 1200 afﬂigi
3027 1144 3087 1184 se
3132 1134 3354 1197 propter
3397 1126 3569 1181 Deum

1962 1230 2289 1285 lmtarentur.
2344 1228 2457 1283 [loc
2498 1227 2640 1282 enim
2690 1238 2971 1294 generosze
3013 1235 3075 1275 ac
3128 1219 3299 1275 Deum
3335 1217 3570 1273 amantis

1961 1323 2156 1377 anima:
2199 1320 2437 1376 oﬂicium
2491 1328 2593 1386 est,
2643 1317 2894 1372 nimirum
2942 1313 3266 1372 atﬂictiones
3293 1319 3348 1365 et
3374 1310 3570 1366 adver-

1960 1415 2149 1468 sitates
2176 1412 2332 1469 ferre.
2354 1414 2618 1467 Cteterum
2646 1422 2908 1480 generose
2938 1407 3169 1462 tolerare
3196 1404 3570 1465 tentationem,

1962 1516 2125 1577 atque
2178 1508 2399 1576 insuper
2432 1505 2635 1575 gratias
2680 1517 2841 1573 agere
2892 1501 2964 1567 ei,
3014 1498 3104 1569 qui
3137 1513 3195 1552 se
3223 1495 3418 1552 tentari
3446 1509 3572 1565 per-

1965 1598 2148 1663 mittit,
2201 1597 2251 1652 id
2306 1597 2522 1651 demum
2572 1608 2799 1648 summae
2850 1589 3179 1645 fortitudinis
3214 1596 3318 1652 est,
3349 1586 3574 1641 animae-

1964 1708 2067 1761 que
2100 1690 2384 1761 vigilantis,
2430 1696 2487 1744 et
2532 1696 2652 1757 quo:
2700 1684 2953 1741 omnibus
2993 1680 3244 1736 humanis
3290 1676 3577 1733 all'ectibus

1963 1785 2033 1839 sit
2076 1784 2339 1853 superior.

2035 1874 2081 1929 Α
2146 1872 2488 1945 familiaribus
2541 1881 2588 1925 et
2652 1869 2951 1939 prapinquis
3028 1864 3196 1920 uexati
3266 1861 3566 1918 Christiani.

1964 1963 2171 2020 —Nec
2210 1963 2296 2018 hic
2353 1971 2603 2026 tantum,
2676 1960 2771 2016 sed
2826 1969 2878 2036 et
2927 1957 3052 2012 alibi
3118 1955 3322 2010 docens
3381 1961 3578 2023 quanta

1966 2057 2106 2111 mala
2140 2064 2452 2125 paterentur
2480 2054 2599 2124 ejus
2629 2053 2886 2123 temporis
2916 2050 3106 2105 ﬁdeles
3144 2063 3175 2102 a
3228 2045 3579 2101 familiaribus

1967 2163 2030 2201 ac
2071 2147 2384 2218 propinquis
2420 2148 2548 2216 (hoc
2574 2145 2719 2201 enim
2748 2154 2864 2199 erat
2892 2138 3314 2213 gravissimum),
3350 2139 3402 2191 in
3434 2138 3579 2193 hunc

1968 2237 2189 2291 modum
2219 2236 2457 2307 loquitur
2490 2256 2508 2290 :
2546 2233 2649 2290 Vos
2691 2235 2971 2288 imitatores
3019 2231 3190 2303 fuistis
3233 2228 3581 2284 Ecclesiarum

1971 2324 2097 2393 Dei,
2165 2342 2281 2396 qua!
2325 2335 2441 2381 sunt
2492 2327 2546 2380 in
2589 2324 2798 2380 Judtea.
2869 2323 2985 2391 Qua
3034 2324 3086 2377 in
3134 2336 3196 2376 re
3247 2320 3581 2374 imitatores?

1972 2420 2225 2485 Quoniam
2270 2428 2317 2472 et
2364 2435 2450 2473 vos
2492 2417 2669 2472 eadem
2718 2417 2835 2470 estis
2863 2414 3087 2485 perpessi
3135 2429 3168 2466 a
3214 2414 3435 2483 propriis
3457 2426 3583 2464 con-

1971 2510 2280 2576 tribulibus,
2342 2511 2471 2565 sicut
2522 2521 2569 2563 et
2613 2508 2692 2563 illi
2734 2524 2767 2561 α
2819 2506 3021 2561 Judteis
3086 2504 3271 2579 (Ibid.
3323 2505 3379 2561 2.
3447 2506 3581 2575 ts).

1974 2605 2119 2660 Ecce
2170 2604 2404 2667 bellum,
2460 2600 2556 2657 sed
2612 2600 2809 2656 bellum
2868 2599 3060 2664 civile,
3118 2598 3263 2668 quod
3325 2598 3585 2667 majorem

1975 2696 2100 2752 facit
2140 2696 2585 2765 indignationem.
2647 2692 2710 2747 Si
2756 2696 2891 2746 enim
2944 2690 3183 2744 inimicus
3231 2690 3587 2760 exprobrasset

1974 2788 2119 2854 mihi,
2144 2789 2333 2858 inquit,
2367 2786 2718 2841 sustinuissent
2749 2785 2941 2853 utique.
2975 2782 3051 2837 Τιι
3087 2799 3226 2847 vero,
3274 2783 3425 2837 homo
3458 2800 3586 2836 unti-

1977 2881 2148 2949 nimis,
2205 2880 2312 2934 dux
2341 2896 2481 2933 meus
2523 2891 2568 2932 et
2614 2887 2766 2932 notus
2804 2893 2946 2931 meus
2969 2874 3193 2947 (Psalm.
3233 2875 3323 2931 54.
3356 2877 3442 2930 l5.
3472 2874 3588 2949 l4);

1978 2970 2030 3026 id
2097 2970 2240 3041 quod
2309 2979 2419 3023 tum
2487 2970 2538 3023 in
2614 2967 2782 3038 figura
2840 2966 3207 3036 contingebat.
3253 2967 3591 3037 Quapropter

1979 3062 2145 3118 multa
2195 3076 2330 3130 opus
2390 3058 2658 3115 habebant
2722 3059 3113 3137 consolatione.
3166 3058 3321 3127 Quod
3374 3059 3590 3128 quidem

1984 3155 2179 3210 Paulus
2230 3140 2354 3208 cum
2398 3153 2636 3218 videret,
2688 3166 2892 3222 eosque
2938 3151 3029 3222 qui
3080 3150 3146 3204 ad
3195 3166 3348 3205 suam
3402 3166 3589 3205 curam

1982 3246 2323 3317 pertinebant
2396 3244 2645 3299 laborare
2712 3258 2777 3298 ac
2840 3242 3035 3298 sudare
3100 3242 3593 3303 animadverteret,

1982 3336 2123 3408 quod
2187 3334 2395 3406 magnis
2452 3335 2848 3389 calamitatibus
2901 3344 3277 3404 gravarentur,
3348 3343 3404 3389 et
3461 3334 3594 3389 alias

1982 3445 2145 3500 super
2187 3429 2318 3483 alias
2373 3428 2557 3497 plagas
2613 3442 2757 3498 trgre
2800 3428 3169 3492 sustinerent,
3241 3425 3362 3482 vide
3431 3442 3592 3496 quam

1985 3521 2148 3575 variis
2195 3519 2626 3574 modis'animos
2671 3533 2860 3573 eorum
2911 3520 3144 3581 excitet,
3190 3532 3333 3573 nunc
3377 3517 3595 3588 quidem

1987 3612 2073 3666 his
2110 3611 2287 3666 verbis
2341 3628 2355 3666 :
2414 3611 2478 3665 Si
2525 3611 2729 3681 quidem
2774 3610 2967 3676 iustum
3005 3620 3077 3663 est
3122 3609 3266 3680 apud
3315 3608 3478 3663 Deum
3526 3628 3598 3663 re-

1985 3702 2205 3756 tribuere
2247 3700 2604 3755 tribulantibus
2652 3715 2739 3753 vos
2780 3700 3180 3764 tribulationem,
3228 3709 3275 3753 et
3321 3700 3459 3753 vobis
3510 3703 3599 3771 qui

1988 3792 2321 3867 tribulamini,
2382 3787 2607 3859 retﬁiem
2679 3790 2943 3843 nobiscum
2998 3788 3071 3860 (Ξ.
3116 3787 3297 3844 Thess.
3330 3790 3383 3843 1.
3416 3789 3472 3845 6.
3503 3791 3595 3862 7):

1991 3899 2132 3938 nunc
2181 3899 2309 3938 vero
2355 3883 2438 3937 his
2483 3901 2496 3937 :
2538 3880 2789 3935 Dominus
2831 3898 2991 3951 prope
3033 3890 3150 3943 est,
3200 3882 3328 3935 nihil
3387 3882 3597 3936 solliciti

1990 3978 2100 4031 sitis
2150 3974 2407 4045 (Philipp.
2441 3975 2495 4029 ι.
2541 3975 2593 4030 5.
2638 3974 2713 4043 6).
2747 3977 2823 4028 Ac
2862 3990 3098 4036 rursum,
3152 3973 3329 4029 Nolite
3372 3976 3602 4030 amittere

1992 4068 2351 4137 confidentiam
2402 4077 2620 4120 vestram
2649 4082 2667 4121 :
2701 4084 2821 4121 nam
2856 4068 3102 4138 patientia
3134 4084 3261 4137 opus
3292 4068 3503 4135 habetis,
3550 4081 3603 4122 ut

1997 4160 2090 4215 Dei
2160 4161 2468 4214 voluntatem
2541 4162 2813 4231 facientes,
2888 4163 3155 4231 reportetis
3218 4164 3604 4231 promissionem

1995 4252 2185 4322 (Hebr.
2240 4253 2327 4307 l0.
2369 4254 2459 4308 ‘55.
2512 4251 2625 4324 36).
2660 4252 2863 4307 Deinde
2901 4252 2967 4306 ad
3006 4254 3318 4322 patientiam
3350 4269 3443 4309 eos
3467 4271 3605 4310 con.

1996 4341 2219 4397 firmans
2246 4342 2509 4397 subinfert
2542 4360 2555 4395 :
2585 4342 2765 4395 Adhuc
2796 4343 2929 4395 enim
2961 4343 3215 4397 modicum
3232 4344 3605 4410 aliquantulum

1996 4437 2083 4506 qui
2131 4446 2369 4490 venturus
2416 4444 2485 4489 est
2539 4435 2721 4500 veniet,
2748 4446 2792 4489 et
2823 4451 2924 4488 non
2959 4435 3180 4489 tardabit
3222 4430 3384 4506 (Ibid.
3409 4453 3457 4491 tt.
3487 4437 3605 4511 57).

1997 4526 2148 4582 Sicut
2215 4527 2497 4597 puerulum
2572 4522 2914 4597 plorantem,
3001 4528 3229 4582 moleste
3308 4530 3607 4594 ferentem,

2003 4631 2333 4688 titatremque
2383 4633 2531 4671 suam
2586 4618 2972 4687 requirentem,
3018 4619 3264 4675 assidens
3302 4620 3495 4691 aliquis
3532 4622 3612 4679 sic

2001 4710 2308 4763 consolatur
2355 4726 2365 4759 :
2415 4706 2695 4777 Paulisper
2744 4709 2924 4762 adhuc
2965 4718 3242 4781 exspecta,
3290 4720 3348 4766 et
3390 4711 3613 4766 omnino

2007 4810 2092 4853 tua
2144 4808 2315 4853 mater
2369 4797 2543 4851 aderit
2594 4816 2606 4852 :
2661 4798 2731 4852 ita
2769 4799 2930 4853 etiam
2980 4800 3196 4863 Paulus,
3245 4801 3435 4857 videns
3471 4817 3615 4873 tegre

2007 4892 2262 4955 furentes,
2318 4898 2753 4957 conquerentes,
2812 4890 3101 4945 adventum
3162 4891 3362 4947 Christi
3426 4901 3611 4960 reqqu

2006 4995 2187 5038 rentes
2237 4984 2354 5053 ejus
2410 4984 2665 5051 temporis
2718 4983 2905 5038 ﬁdeles
2953 4994 3173 5055 propter
3217 4986 3610 5041 intolerabilem

2010 5076 2269 5129 malorum
2319 5076 2449 5136 vim,
2497 5075 2872 5129 censolaturus
2931 5076 3051 5129 illos
3099 5076 3229 5131 dicit
3259 5095 3271 5131 :
3300 5077 3615 5131 Adhucmo-

2010 5168 2176 5219 dicunt
2208 5166 2581 5236 aliquantulum
2608 5168 2695 5238 qui
2724 5178 2961 5223 venturus
2988 5178 3059 5222 est
3086 5170 3267 5236 veniet,
3308 5178 3355 5223 et
3384 5186 3485 5223 non
3518 5179 3623 5225 tar-

2009 5259 2167 5313 dabit.

2086 5355 2141 5408 6.
2187 5354 2432 5408 Doctores
2482 5354 2587 5424 ipsi
2641 5354 2844 5423 gravius
2889 5354 3093 5426 afflicti.
3136 5384 3203 5393 --
3246 5351 3430 5423 itaque
3480 5355 3623 5424 quod

2014 5450 2259 5517 discipuli
2305 5448 2689 5518 afﬂigerentur,
2736 5456 2789 5503 et
2834 5448 3065 5517 plurima
3111 5446 3249 5500 mala
3290 5454 3617 5514 paterentur.

2023 5550 2075 5594 et
2130 5542 2265 5595 sicut
2325 5540 2444 5609 agni
2504 5541 2556 5593 in
2620 5539 2799 5594 medio
2854 5540 3099 5609 luporum
3155 5538 3391 5608 undique
3442 5552 3622 5607 perse-

2024 5634 2335 5701 quutiencin
2386 5634 2732 5696 sustinerent,
2784 5648 2879 5701 per
2933 5631 3046 5686 hzec
3088 5633 3217 5685 satis
3260 5638 3514 5699 apparet;
3570 5650 3629 5691 ιιι

2026 5736 2201 5777 autem
2268 5728 2483 5785 scitus,
2532 5727 2690 5779 etiam
2746 5726 2995 5777 doctores
3056 5740 3159 5777 non
3225 5725 3462 5785 minora,
3528 5720 3634 5773 inm

2034 5834 2159 5871 vero
2214 5820 2377 5869 nauita
2432 5817 2675 5884 prmium
2736 5819 3057 5872 sustinnxsse
3104 5822 3261 5888 (nam
3314 5830 3416 5883 quo
3462 5811 3635 5882 nugis

1968 6014 1973 6021 .
2010 5978 2150 6034 i‘iiJli‘é
2182 5978 2313 6033 trimi,
2346 5978 2432 6023 tri.
2465 5977 2539 6026 1's.
