4194 6302
672 345 777 401 ωδ

675 457 923 513 inimicos
943 452 1188 510 veritatis
1215 447 1619 515 contristabant,
1648 460 1715 502 eo
1742 443 1909 517 magis
1937 450 1993 498 et
2022 456 2054 497 a
2084 440 2251 513 pluri-

677 551 777 606 bus
832 540 1296 611 infestabuntur).
1362 541 1463 594 hoc
1504 551 1715 608 quoque
1773 522 1843 590 ab
1885 530 2113 599 eodem,
2166 530 2257 603 qui

674 637 959 708 superiora
1006 645 1106 689 uos
1159 630 1373 697 docuit,
1421 628 1719 684 audiemus.
1766 624 2057 683 thbitbiis
2117 624 2259 680 enim

675 727 937 793 scribens,
976 725 1056 780 sic
1099 722 1334 793 loquitur
1362 737 1376 774 :
1410 718 1621 775 Nemini
1646 717 1824 773 dantes
1845 714 2006 771 ullam
2032 714 2260 771 occasio-

681 836 815 884 nem,
861 824 918 871 ut
964 832 1067 870 non
1109 814 1419 884 vituperetur
1458 811 1788 865 ministerium
1836 817 2063 862 nostrum
2107 822 2127 863 :
2172 806 2261 861 sed

676 911 729 961 iu
761 905 993 961 omnibus
1038 902 1324 959 exhibentes
1372 900 1731 972 nosmetipsos,
1783 898 1912 953 sicut
1949 895 2048 952 Dei
2108 896 2260 950 mini-

674 1008 842 1065 stros,
863 998 918 1052 in
946 998 1106 1051 multa
1134 994 1396 1067 patientia,
1426 995 1477 1046 in
1508 990 1886 1063 afﬂictionibus,
1918 990 1971 1043 in
1993 988 2261 1043 necessita-

677 1090 839 1155 tibus,
865 1088 921 1142 in
945 1087 1214 1160 angustiis,
1240 1085 1293 1138 in
1322 1083 1507 1154 plagis,
1529 1083 1581 1135 in
1605 1079 1906 1145 carceribus,
1927 1080 1981 1133 in
2006 1076 2262 1133 scditioni-

675 1180 789 1245 bus,
809 1178 863 1234 in
883 1178 1159 1241 laboribus,
1184 1176 1238 1229 in
1260 1174 1462 1245 vigiliis,
1491 1174 1543 1225 in
1558 1172 1776 1241 jejuniis
1803 1169 1879 1240 (Ξ.
1900 1168 2019 1223 Cor.
2039 1168 2091 1222 6.
2112 1167 2257 1237 5-3).

682 1268 927 1325 Vidistin’
973 1278 1101 1338 quot
1147 1264 1440 1320 certamina
1483 1262 1895 1324 enumeraverit,
1936 1273 2096 1329 quam
2140 1271 2260 1312 cre-

680 1359 804 1414 bras
831 1356 1185 1413 tentationcs?
1231 1354 1461 1410 Rursum
1492 1350 1694 1407 eisdem
1719 1348 1983 1413 scribens,
2041 1346 2261 1401 Hinistri

680 1451 865 1509 Christi
899 1458 1040 1515 sunt,
1082 1447 1272 1519 inquit,
1315 1454 1366 1499 ut
1408 1445 1574 1498 minus
1610 1443 1814 1513 sapiens
1842 1440 1978 1509 dico,
2025 1438 2138 1509 plus
2171 1453 2262 1508 ego

683 1542 903 1615 (ἰὼν.
936 1543 1022 1598 ll.
1052 1540 1166 1611 εδ).
1218 1538 1419 1593 Deinde
1473 1539 1655 1591 volens
1701 1534 1858 1590 nobis
1904 1531 2257 1604 persuadere,

680 1636 847 1690 multo
873 1633 1208 1705 praestantius
1238 1644 1356 1684 esse
1384 1637 1598 1698 propter
1618 1624 1890 1679 Christum
1916 1621 2075 1690 afﬂigi
2104 1636 2261 1690 quant

680 1724 917 1799 prodigia
947 1724 1143 1786 lacere,
1173 1733 1224 1776 et
1250 1721 1616 1793 probationem
1642 1717 1885 1772 adferens
1911 1712 2259 1784 apostolatus,

677 1818 1073 1886 ostendensque
1120 1829 1180 1869 se
1228 1811 1615 1885 przclcrendum
1667 1824 1787 1865 esse
1830 1806 1970 1872 aliis,
2002 1822 2105 1859 ιιυιι
2135 1820 2264 1873 apo-

678 1907 855 1973 stolis,
892 1906 993 1961 sed
1047 1902 1559 1975 pseudo-amyclis,
1610 1916 1715 1956 non
1752 1915 1782 1955 a
1840 1897 2109 1953 miraculis
2170 1910 2265 1966 per

677 2012 738 2052 so
778 1996 936 2053 editis
986 2002 1421 2063 argumentatur,
1493 1991 1587 2046 sed
1630 2006 1658 2043 a
1705 1988 1973 2045 continuis
2018 1985 2265 2057 periculis

679 2091 734 2145 in
776 2091 968 2159 quibus
1022 2088 1352 2149 venabatur,
1398 2089 1447 2139 in
1498 2087 1639 2139 hunc
1690 2083 1906 2138 modum
1960 2083 2202 2137 scribens
2246 2096 2264 2133 :

680 2182 747 2236 ln
802 2179 1052 2235 laboribus
1094 2178 1366 2248 copiosius,
1410 2179 1462 2231 in
1500 2176 1779 2232 uerberibus
1828 2192 1985 2243 supra
2036 2174 2261 2239 modum,

678 2272 733 2325 in
784 2270 1068 2324 carceribus
1112 2269 1478 2333 abundantius,
1529 2268 1581 2320 in
1634 2269 1877 2321 mortibus
1931 2270 2262 2337 frequenter:

675 2378 709 2415 a
756 2360 954 2416 Judais
1004 2361 1265 2431 quinquies
1310 2359 1660 2429 quadragenas
1709 2374 1812 2412 una
1856 2358 2024 2410 minus
2068 2356 2258 2425 accepi,

676 2464 751 2508 ter
792 2453 946 2522 uirgis
998 2466 1155 2504 cwsus
1200 2466 1330 2515 sum,
1382 2449 1534 2503 semel
1560 2448 1819 2518 lapidatus
1844 2464 1979 2514 sum,
2023 2458 2097 2501 ter
2129 2464 2258 2499 nau-

675 2547 896 2617 fragium
946 2544 1061 2614 feci,
1107 2553 1251 2596 nocte
1301 2558 1363 2595 ac
1413 2541 1495 2595 die
1536 2542 1590 2595 in
1642 2541 1895 2612 profundo
1934 2541 2012 2611 egi
2040 2556 2058 2594 :
2085 2543 2137 2594 in
2180 2541 2262 2593 iti-

675 2638 877 2691 neribus
918 2650 1075 2705 sepe,
1115 2634 1169 2688 in
1220 2634 1456 2703 periculis
1490 2632 1782 2702 ﬂuminum,
1831 2632 2065 2701 periculis
2106 2632 2265 2685 latro-

674 2742 798 2781 num
824 2768 839 2793 ,
914 2725 1150 2795 periculis
1206 2740 1268 2777 ea:
1317 2739 1527 2794 genere,
1595 2722 1834 2792 periculis
1886 2738 1949 2776 ex
1991 2721 2260 2792 gentibus,

674 2816 910 2888 periculis
955 2818 1009 2869 in
1044 2815 1244 2869 civitate
1267 2854 1281 2879 ,
1339 2812 1576 2884 periculis
1621 2813 1673 2865 in
1725 2812 1921 2865 deserto
1948 2853 1961 2877 ,
2024 2812 2263 2881 periculis

672 2911 727 2964 in
772 2908 940 2976 mari,
982 2906 1219 2978 peritulis
1260 2906 1314 2958 in
1373 2905 1518 2973 falsis
1559 2904 1801 2974 fratribus
1848 2918 1867 2956 :
1912 2904 1964 2956 in
2005 2902 2176 2957 labore
2213 2913 2259 2957 et

674 3000 928 3065 molestia,
984 3000 1037 3053 in
1092 2996 1277 3067 vigiliis
1324 3011 1500 3066 sirpe,
1556 2997 1609 3048 in
1660 2996 1795 3066 fante
1845 3005 1891 3047 et
1931 2995 2033 3055 siti,
2064 2995 2117 3047 in
2162 2995 2257 3064 fri-

669 3105 790 3160 gare
831 3099 878 3142 et
942 3087 1203 3153 nuditate,
1256 3096 1438 3156 prater
1482 3083 1575 3138 illa
1622 3100 1735 3153 qua:
1784 3086 2093 3138 extrinsecus
2139 3093 2257 3137 sunt

670 3176 802 3249 (Ib.
837 3178 905 3230 ad
950 3192 999 3233 ν.
1039 3176 1112 3232 28
1135 3184 1176 3247 ).
1226 3175 1289 3230 lli
1346 3190 1469 3229 sunt
1515 3173 1629 3227 veri
1686 3175 2014 3243 apostolatus
2068 3175 2259 3227 cbara-

669 3275 861 3323 ctam.
896 3265 1140 3336 Prodigia
1163 3263 1425 3335 siquidem
1460 3272 1514 3317 et
1540 3262 1630 3316 alii
1671 3276 1815 3330 sape
1840 3262 2117 3336 fecerunt,
2162 3277 2257 3316 nec

671 3359 752 3414 eis
790 3356 980 3413 fecisse
1021 3330 1243 3424 profuit,
1289 3353 1385 3409 sed
1430 3363 1550 3422 post
1591 3353 1768 3407 omnia
1804 3353 1890 3407 illa
1920 3330 2255 3417 audiverunt,

671 3446 941 3510 Rccedite,
1012 3463 1114 3499 non
1157 3445 1272 3499 noui
1322 3459 1407 3497 vos
1463 3444 1551 3513 qui
1602 3443 1885 3512 operamini
1945 3442 2259 3512 iniquitatem

670 3535 885 3609 (Matth.
936 3537 990 3591 7.
1036 3536 1131 3604 23)
1164 3553 1175 3587 :
1209 3550 1369 3589 nemo
1396 3551 1523 3589 vero
1554 3549 1739 3587 eorum
1783 3533 1873 3603 qui
1909 3534 2095 3588 eadem
2138 3550 2257 3603 qua:

668 3628 865 3687 Paulus
889 3640 1312 3682 conuuemorure
1341 3635 1584 3696 possunt,
1615 3640 1800 3680 vocem
1832 3625 1975 3679 illam
2006 3642 2254 3695 umquam

665 3728 753 3774 est
796 3718 1074 3773 auditurus
1123 3734 1136 3769 :
1186 3732 1369 3771 verum
1421 3730 1544 3770 cum
1590 3730 1780 3793 magga
1830 3714 2018 3770 liducia
2064 3715 2254 3770 cadum

668 3808 1028 3875 conscendet,
1099 3806 1357 3878 bonisque
1409 3805 1709 3861 cn-lestibus
1771 3806 2075 3876 perfruetur
2133 3807 2254 3861 uni-

666 3916 854 3957 νοηιιι.

738 3990 790 4045 '.'.
833 3989 1083 4045 Fortasse
1125 3986 1386 4056 prolixior
1430 3987 1572 4041 visus
1619 3995 1703 4041 est
1746 3986 1899 4041 vobis
1938 4002 2115 4043 sermo
2159 4002 2256 4042 no-

664 4090 777 4137 ster
822 4098 835 4134 :
883 4079 977 4133 sed
1017 4093 1083 4131 ne
1126 4077 1242 4131 sitis
1282 4076 1532 4142 solliciti;
1574 4091 1681 4130 non
1718 4092 1837 4132 sum
1883 4077 2081 4132 oblitus
2128 4094 2253 4146 pro-

664 4171 953 4236 missionis,
995 4168 1087 4223 scd
1124 4168 1307 4222 statim
1344 4168 1411 4223 ad
1455 4168 1598 4223 illam
1635 4176 1893 4223 revertar.
1926 4166 2049 4222 Hac
2074 4180 2250 4224 autem

665 4279 769 4319 non
835 4273 1036 4319 temere
1088 4260 1310 4330 longiori
1360 4261 1603 4317 oratione
1663 4263 1969 4330 proscquuti
2030 4277 2247 4328 sumus,

662 4354 757 4410 sed
794 4364 853 4408 ut
882 4351 1155 4423 prolixiori
1183 4351 1463 4406 verborum
1510 4362 1767 4422 apparatu
1800 4352 1996 4406 certius
2035 4367 2098 4406 ac
2137 4353 2250 4406 cla-

664 4445 775 4501 rius
826 4442 1124 4497 doctrinam
1179 4449 1414 4495 nostram
1467 4442 1917 4509 approbaremns,
1988 4443 2250 4514 simulque

662 4534 977 4590 alllictorum
1043 4532 1249 4587 animas
1308 4534 1737 4595 cmisulat'emur,
1793 4543 1851 4585 ut
1899 4543 2153 4603 quotquot
2195 4535 2247 4587 itt

662 4629 908 4701 periculis
955 4634 1233 4680 versantur
1274 4632 1327 4679 et
1378 4624 1778 4690 tentatioiiibus,
1820 4625 2062 4679 idoneam
2108 4628 2245 4682 nacti

661 4721 1081 4775 consolationem
1130 4718 1425 4780 discedunt,
1479 4716 1708 4771 scientes
1753 4718 1891 4784 quod
1933 4719 2061 4773 socii
2099 4718 2244 4772 Pauli

660 4830 756 4886 per
788 4814 885 4867 bas
913 4811 1229 4866 alﬂictiones
1256 4809 1575 4873 efﬁciantur,
1620 4810 1726 4861 imo
1754 4824 1878 4861 vero
1904 4809 2069 4877 ipsius
2093 4809 2247 4865 Chri-

656 4902 729 4962 sti
776 4904 1084 4975 angelorum
1126 4899 1332 4955 Domini
1370 4915 1385 4953 :
1427 4900 1514 4969 qui
1544 4909 1721 4954 autem
1752 4897 2098 4954 aﬂlictionum
2129 4902 2246 4969 ejus

658 4994 927 5067 particeps
979 5000 1061 5048 est
1096 4992 1148 5045 in
1201 4990 1303 5045 boc
1346 4988 1566 5055 saeculo,
1610 4988 1663 5044 in
1699 4989 1790 5043 illo
1831 4988 2096 5061 particeps
2143 4994 2247 5046 erit

657 5096 818 5143 etiam
867 5084 1084 5155 gloriae;
1156 5082 1231 5136 ait
1280 5081 1421 5137 enim
1466 5098 1479 5134 :
1522 5080 1583 5134 Si
1625 5081 1823 5150 quidem
1876 5085 2239 5153 compatimur,

659 5185 712 5228 nt
764 5185 811 5228 et
860 5172 1296 5245 congloriﬁcemur
1345 5169 1523 5241 (Rom.
1553 5172 1606 5227 8.
1641 5173 1761 5242 l7);
1806 5187 1867 5226 ac
1896 5188 2103 5228 rursum
2139 5190 2151 5225 :
2181 5173 2241 5228 Si

655 5267 982 5333 sustinemus,
1025 5274 1077 5318 ut
1122 5264 1274 5321 simul
1301 5265 1453 5318 etiam
1478 5281 1739 5336 regnemus
1776 5264 1848 5335 (2.
1878 5264 2010 5318 Tim.
2040 5265 2095 5318 Ξ.
2125 5266 2235 5336 η).

654 5356 891 5414 Omnino
937 5360 1081 5414 enim
1126 5372 1346 5415 necesse
1400 5367 1516 5426 ost,
1567 5368 1623 5413 ut
1671 5357 1904 5414 ﬁdelium
1953 5374 2120 5428 genus
2156 5359 2237 5413 af-

654 5448 977 5506 dictionibus
1013 5459 1287 5520 prematur
1322 5467 1334 5503 :
1368 5448 1553 5506 Omnes
1594 5453 1723 5504 enim
1754 5452 1840 5522 qui
1874 5452 2044 5505 uolunt
2075 5454 2156 5521 pie
2185 5454 2235 5506 in

654 5541 854 5596 (.liristo
897 5540 1079 5608 vivere,
1130 5542 1562 5613 perscquutionem
1604 5544 1857 5611 patientur
1915 5544 1991 5611 (2.
2025 5544 2155 5597 Tim.
2180 5547 2233 5600 5.

653 5633 782 5700 li);
828 5649 892 5689 ac
936 5648 1148 5689 rursum
1180 5650 1193 5688 :
1225 5632 1366 5701 Fili,
1411 5635 1533 5689 dum
1576 5635 1771 5690 accedis
1814 5635 1881 5689 ad
1922 5638 2234 5693 serviendum

655 5722 904 5788 Domino,
958 5742 1193 5797 pra’para
1254 5728 1471 5781 animum
1535 5737 1671 5785 tuam
1730 5730 1797 5783 ad
1865 5740 2229 5794 tentattoncm;

1416 335 1473 396 Β.
1515 330 1792 393 JOANNIS
1828 321 2307 387 (ῖιιιιϊεοθτοιιι
2346 325 2661 387 .tRClllﬁP.
2707 327 3239 391 CONSI'ANNNOP.

2367 450 2502 496 recte
2546 446 2652 515 fac,
2701 455 2749 499 et
2786 458 3044 513 persevera
3095 443 3282 515 (Eccli.
3316 444 3368 498 εὶ.
3402 442 3475 514 ι).
3518 444 3679 500 Bella
3732 449 3959 515 pertus-ts-

2366 530 2571 599 Iiones,
2618 535 2797 589 statim
2840 534 2908 589 ab
2955 533 3177 589 exordio
3222 534 3273 587 itt
3321 533 3645 588 tcutationes
3676 532 3973 588 incidere?

2365 623 2578 693 egregia
2623 639 2749 678 vero
2796 624 3102 681 exhortatio
3135 634 3189 678 et
3228 624 3452 692 insignis
3498 617 3800 679 consolatio
3844 624 3964 693 ejus

2366 713 2643 769 servitutis
2669 753 2687 778 ,
2733 716 2978 783 pericula
3036 713 3318 771 confestim
3374 712 3701 785 degustare?
3778 714 3964 769 Plana

2368 806 2580 877 egregia
2632 806 2789 862 simul
2842 817 2897 862 et
2950 808 3283 873 admiranda,
3323 816 3380 860 ct
3430 805 3719 860 maximum
3753 806 3964 861 lucrum

2365 895 2635 953 adferens.
2692 897 2971 966 Quodnam
3030 898 3199 954 illud?
3247 897 3381 952 Audi
3433 911 3553 967 qtae
3602 907 3962 967 soluuntur:

2367 987 2514 1043 Sicut
2558 989 2690 1044 enim
2747 990 2804 1045 in
2854 990 2971 1060 igne
3018 988 3261 1060 probatur
3302 1004 3523 1053 aurum,
3589 989 3661 1042 sic
3731 988 3965 1041 homines

2366 1083 2559 1152 accepti
2587 1083 2638 1135 in
2664 1085 2871 1154 fornace
2897 1080 3186 1137 lentatiouis
3215 1078 3405 1152 (Eccli.
3450 1080 3504 1136 3.
3537 1081 3614 1150 5).
3660 1080 3816 1148 Quod
3864 1096 3960 1134 au-

2368 1182 2475 1227 tem
2501 1174 2629 1229 dicit
2656 1176 2733 1229 sic
2757 1174 2942 1244 accipe
2982 1190 2997 1227 :
3028 1174 3165 1229 sicut
3201 1187 3391 1227 aurum
3435 1171 3557 1242 igne
3593 1170 3962 1227 esuritionum

2371 1266 2557 1335 purius
2612 1265 2873 1329 redditur,
2943 1265 3055 1335 pari
3126 1264 3286 1319 modo
3341 1263 3501 1317 etiam
3550 1262 3767 1329 anima,
3843 1278 3964 1333 qua:

2370 1358 2512 1411 inter
2552 1356 2869 1412 amictiones
2909 1367 3153 1411 versatur
3202 1371 3267 1411 ac
3320 1354 3585 1426 pericula,
3636 1353 3862 1409 hilarior
3906 1370 3966 1410 ac

2367 1449 2695 1521 splendidior
2742 1465 2837 1520 per
2877 1450 2963 1504 illa
3004 1450 3204 1514 evadit,
3257 1463 3579 1519 omnemque
3620 1458 3963 1517 peccatonnu

2369 1542 2629 1598 maculam
2656 1543 2931 1613 abstergit.
2975 1542 3110 1597 lliuc
3156 1552 3236 1597 est
3287 1541 3427 1608 quod
3456 1542 3520 1593 ad
3561 1539 3784 1594 divitem
3815 1539 3965 1594 illum

2367 1633 2579 1689 dicebat
2626 1633 2893 1688 Abraham
2948 1651 2962 1687 :
3012 1631 3240 1686 Lazarus
3284 1631 3467 1700 recepit
3509 1630 3645 1684 mala
3693 1647 3789 1684 sua
3835 1645 3855 1682 :
3886 1630 3966 1682 hic

2367 1733 2535 1778 autem
2573 1723 2961 1778 consolationem
2990 1723 3166 1792 recipit
3205 1720 3358 1788 (Luc.
3393 1721 3481 1776 lli.
3507 1720 3622 1788 25).
3659 1721 3737 1773 Ac
3768 1718 3965 1772 Paulus

2367 1816 2658 1873 Corinthiis
2687 1816 2927 1872 scribens
2973 1816 3099 1869 dicit
3132 1832 3145 1869 :
3183 1812 3401 1881 Propter
3422 1814 3517 1870 hoc
3543 1812 3672 1865 inter
3698 1827 3788 1865 vos
3817 1810 3963 1862 inulti

2367 1908 2639 1962 imbecilles
2684 1918 2731 1959 et
2776 1906 3004 1966 invalidi.
3056 1916 3103 1958 et
3150 1904 3408 1958 dormiunt
3449 1902 3614 1955 multi.
3674 1900 3878 1954 Etenim
3920 1900 3963 1951 si

2370 2018 2460 2055 nos
2502 2002 2640 2070 ipsos
2703 2000 3128 2071 diiudicaremus,
3191 2013 3294 2050 non
3344 1998 3512 2066 utique
3549 1994 3905 2065 iudicarentur
3945 2005 3961 2041 :

2368 2101 2421 2143 at
2462 2105 2576 2143 cum
2621 2090 2920 2158 judicamur
2974 2104 3004 2139 a
3044 2086 3265 2140 Domino
3321 2085 3659 2153 corripimur,
3722 2098 3789 2133 ne
3855 2097 3961 2132 cum

2369 2184 2557 2236 mundo
2603 2184 2902 2234 damnentur
2929 2179 3006 2248 (ί.
3037 2180 3155 2231 Cor.
3192 2180 3274 2232 Η.
3319 2176 3540 2244 50-52).
3591 2176 3731 2242 Quin
3770 2186 3825 2226 ct
3864 2176 3961 2224 Iur—

2369 2277 2660 2330 nicatorem
2708 2273 2856 2326 illum
2907 2272 3004 2325 lue
3045 2271 3112 2324 de
3155 2285 3314 2325 causa
3348 2268 3560 2321 tradidit
3602 2268 3653 2319 in
3688 2264 3959 2318 interitum

2366 2368 2565 2429 carnis,
2600 2373 2657 2419 ut
2682 2365 2899 2433 spiritus
2930 2363 3110 2415 salvus
3134 2360 3290 2415 ﬁeret
3333 2360 3413 2427 (l.
3443 2356 3561 2412 Cor.
3598 2357 3651 2414 5.
3682 2357 3760 2423 5).
3788 2366 3961 2410 estcu-

2366 2455 2501 2510 dcns
2529 2453 2778 2522 pra'scnti
2809 2455 3099 2506 tentationc
3135 2449 3363 2503 sztlutetn
3407 2445 3608 2516 perlici,
3640 2456 3696 2499 et
3728 2445 3960 2513 pericula

2368 2548 2455 2610 iis,
2494 2548 2585 2616 qui
2623 2561 2743 2602 cum
2780 2546 3068 2615 gnatiarum
3109 2543 3319 2596 actione
3357 2539 3587 2594 snbcunt
3626 2537 3738 2602 illa,
3772 2537 3961 2590 animus

2370 2638 2739 2707 purgationem
2768 2650 2888 2689 esse
2930 2636 3238 2686 maximam.
3270 2629 3453 2699 Itaque
3472 2627 3613 2698 quod
3642 2627 3961 2681 amiCtiones

2368 2725 2686 2795 pcrtuleriut
2716 2724 2920 2790 lldclcs,
2955 2732 3006 2776 et
3035 2723 3340 2775 innumeras
3361 2718 3693 2773 calamitates
3739 2725 3850 2769 tam
3881 2717 3959 2770 di-

2364 2816 2554 2885 scipuli
2617 2830 2774 2885 quam
2827 2815 3120 2877 doctores,
3177 2825 3242 2864 ac
3292 2824 3360 2864 ne
3404 2809 3684 2862 minimum
3745 2806 3959 2876 quidem

2366 2908 2747 2978 reapiravcriut
2772 2948 2785 2968 ,
2843 2905 3004 2959 variis
3050 2902 3287 2957 omnium
3317 2914 3571 2970 generum
3614 2898 3771 2951 bellis
3802 2897 3959 2950 undi-

2365 3013 2469 3067 que
2529 2996 2875 3061 circumdati,
2919 2994 3049 3048 satis
3096 2993 3180 3046 ltic
3219 3001 3400 3046 noster
3445 3003 3625 3045 sermo
3646 2988 3960 3047 declaravit,

2364 3100 2414 3144 et
2462 3090 2610 3159 plura
2663 3086 2822 3142 etiam
2878 3086 2945 3139 do
3003 3084 3105 3138 hoc
3157 3090 3214 3138 et
3265 3079 3433 3136 sacris
3489 3079 3686 3134 Litoris
3735 3076 3960 3133 Studiosi

2362 3180 2615 3248 colligere
2655 3187 2899 3247 possunt.

2436 3269 2488 3322 8.
2529 3267 2790 3337 Superest
2833 3276 2889 3320 ut
2928 3266 3042 3321 ιιωε
3082 3263 3147 3318 ad
3197 3261 3530 3332 prepositum
3578 3270 3824 3313 nostrum
3874 3258 3960 3312 ad-

2362 3362 2641 3417 ducamus.
2686 3359 2823 3427 Quid
2859 3368 3036 3412 autcm
3085 3367 3537 3425 proposueramus
3580 3350 3805 3405 dicere?
3845 3350 3962 3417 Qua

2362 3452 2430 3507 de
2478 3467 2636 3507 causa
2682 3450 2876 3506 Paulus
2945 3449 3165 3509 dixerit,
3214 3444 3468 3499 [labentes
3518 3444 3748 3496 eumdem
3793 3442 3964 3507 Spiri-

2360 3554 2466 3598 tum
2518 3543 2659 3614 ﬁdei.
2722 3543 2827 3599 Cur
2878 3543 3039 3612 igitur
3106 3539 3274 3593 dixit?
3328 3537 3601 3591 Tut'babat
3652 3536 3755 3589 hoc
3799 3535 3963 3589 disci-

2363 3638 2536 3709 pulos,
2585 3636 2727 3708 quod
2766 3635 2949 3707 gravia
2998 3632 3213 3703 quidem
3265 3630 3317 3683 in
3373 3644 3433 3683 re
3475 3628 3725 3699 praesenti
3761 3641 3962 3697 exper-

2361 3728 2640 3793 iebantur,
2704 3727 2840 3781 bona
2896 3738 3025 3780 vero
3068 3736 3164 3791 spe
3209 3720 3383 3775 solum
3428 3718 3832 3787 concipiebaut,
3904 3727 3962 3769 et

2361 3819 2448 3873 illa
2499 3818 2714 3889 quidem
2755 3818 2865 3884 jam
2913 3814 3177 3876 aderant,
3251 3811 3365 3866 haec
3437 3808 3596 3878 longe
3643 3808 3957 3869 distabant;

2362 3908 2452 3963 illa
2496 3909 2602 3978 jam
2666 3905 3082 3976 contingebant,
3148 3902 3268 3964 hcce
3332 3898 3507 3955 adhuc
3573 3898 3954 3967 sperabantur.

2360 3997 2496 4066 Quid
2546 3995 2736 4050 mirum
2778 3996 2823 4048 si
2865 3994 3017 4048 initio
3059 3990 3452 4061 prardicatiouis
3493 3986 3806 4059 quibusdam
3853 3985 3957 4039 hoe

2360 4102 2458 4142 usu
2498 4086 2765 4151 veniebat,
2803 4081 3235 4155 quandoquidem
3267 4094 3409 4134 nunc
3437 4087 3555 4147 post
3587 4087 3790 4131 tantum
3820 4087 3956 4130 tem-

2360 4179 2502 4250 poris
2549 4177 2801 4248 spatium,
2863 4184 2984 4244 post
3012 4172 3445 4244 prmdicationem
3487 4179 3601 4224 toto
3648 4170 3782 4223 urbe
3837 4182 3955 4237 pro-

2358 4279 2622 4341 pagatum,
2666 4276 2789 4340 post
2823 4276 2901 4322 tot
2950 4275 3096 4321 certa
3149 4262 3563 4335 promissionum
3609 4271 3947 4330 argumenta,

2356 4365 2498 4418 idem
2538 4363 2718 4416 multis
2749 4360 2926 4415 adhuc
2968 4375 3067 4412 usu
3115 4356 3296 4411 venire
3349 4354 3522 4409 solet?

2426 4452 2494 4507 In
2549 4451 2708 4507 Veteri
2738 4450 3055 4505 Testaatento
3096 4448 3306 4517 prannia
3336 4446 3418 4498 hic
3448 4444 3852 4513 accipiebantur.
3875 4470 3949 4484 -—-

2354 4544 2466 4600 Nec
2494 4542 2596 4597 hoc
2624 4543 2797 4596 solum
2827 4540 2945 4594 illos
2971 4537 3345 4608 perterrebat,
3374 4534 3470 4591 sed
3516 4544 3571 4588 et
3597 4532 3740 4587 aliud
3786 4530 3947 4601 quid-

2353 4636 2473 4689 dam
2499 4675 2514 4698 ,
2558 4633 2714 4703 idque
2754 4646 2858 4687 non
2900 4631 3093 4684 minus.
3137 4628 3414 4693 Quodnam
3448 4624 3595 4679 hoc?
3632 4623 3949 4694 Cogitabat!

2351 4728 2490 4797 apud
2520 4742 2598 4792 se,
2629 4727 2679 4779 in
2706 4724 2871 4780 veteri
2894 4724 3235 4778 Testamento
3255 4737 3292 4776 ιι
3313 4736 3364 4775 ιιι
3388 4718 3452 4773 ad
3475 4735 3596 4775 eum
3618 4720 3837 4780 modum
3861 4735 3950 4775 res

2353 4819 2624 4873 hominum
2651 4815 2985 4887 dispensata:
3008 4813 3189 4876 fuisse,
3221 4812 3315 4867 sed
3342 4811 3554 4865 virtutis
3574 4812 3791 4880 prmmia
3814 4826 3947 4866 eou-

2351 4908 2525 4963 lestim
2545 4906 2813 4973 accepisse
2841 4905 3159 4974 quicumque
3176 4900 3374 4972 justam
3400 4916 3464 4958 ac
3487 4911 3839 4971 temperatam
3871 4905 3946 4955 vi-

2350 5000 2502 5057 vendi
2530 5002 2788 5054 rationqu
2817 4996 3190 5065 praetulissent.
3219 4994 3335 5049 Non
3357 4993 3497 5050 enim
3521 5002 3641 5064 post
3658 5007 3945 5063 corporum

2348 5091 2815 5153 resurrectionem,
2850 5102 3023 5159 neque
3050 5087 3103 5142 in
3133 5086 3304 5141 futura
3335 5085 3461 5152 vita,
3492 5083 3584 5141 sed
3609 5084 3697 5141 hic
3720 5089 3775 5140 in
3807 5100 3943 5156 prae.

2346 5183 2484 5237 senti
2529 5182 2633 5236 vita
2660 5195 2847 5235 onmes
2889 5178 2967 5233 eis
2998 5177 3379 5247 promissioncs
3425 5175 3803 5246 implebantur.
3856 5180 3945 5230 Ait

2346 5272 2522 5327 enim:
2551 5272 2609 5327 Si
2636 5269 2871 5325 dilexeris
2902 5267 3175 5323 Dominum
3198 5266 3358 5321 Deum
3391 5277 3552 5331 tuum,
3573 5267 3697 5321 bene
3714 5267 3801 5319 tibi
3822 5268 3938 5324 erit.

2344 5375 2391 5419 et
2436 5363 2785 5434 multiplicabit
2815 5360 2949 5415 Deus
2978 5371 3204 5414 armenta
3237 5360 3385 5413 boum
3420 5369 3620 5413 tuorum
3643 5398 3661 5426 ,
3692 5369 3739 5413 et
3767 5376 3949 5430 greges

2343 5473 2582 5528 pecorum
2610 5466 2811 5507 tuorum
2849 5470 2990 5507 :non
3032 5453 3121 5506 erit
3150 5452 3289 5519 apud
3310 5461 3357 5504 te
3385 5450 3710 5519 infecundum
3736 5491 3750 5512 ,
3782 5466 3943 5515 neque

2340 5548 2543 5602 sterile:
2574 5562 2674 5598 non
2697 5546 2787 5598 erit
2813 5544 2951 5614 apud
2972 5555 3016 5597 te
3038 5544 3250 5613 languor
3293 5558 3450 5611 neque
3465 5541 3713 5611 agritudo
3743 5542 3763 5611 (
3785 5541 3935 5592 Diui.

2343 5640 2392 5693 7.
2426 5640 2508 5695 l3.
2541 5640 2607 5695 15
2627 5638 2666 5705 ).
2698 5636 2904 5693 Emittet
2936 5634 3071 5690 Deus
3101 5635 3490 5691 benedictionem
3516 5635 3566 5687 in
3590 5636 3943 5703 promptuaria

2344 5731 2585 5787 cellarum
2618 5731 2853 5801 luat'um(
2878 5728 3025 5784 Deut.
3053 5730 3141 5784 28.
3171 5728 3221 5783 8.
3260 5726 3323 5783 ιε
3343 5728 3397 5796 );
3423 5728 3609 5797 aperiet
3638 5728 3843 5797 calum,
3889 5738 3943 5783 et
