  <div class='ocr_page' id='page_1' title='image "/cluster/home/n/w/nwhite01/storage/ocr_20150623/51/pst.000005712502/302.png"; bbox 0 0 4194 6302; ppageno 0'>
   <div class='ocr_carea' id='block_1_1' title="bbox 178 374 284 436">
    <p class='ocr_par' dir='ltr' id='par_1_1' title="bbox 178 374 284 436">
     <span class='ocr_line' id='line_1_1' title="bbox 178 374 284 436; baseline -0.028 0"><span class='ocrx_word' id='word_1_1' title='bbox 178 374 284 436; x_wconf 72' lang='grc'><strong><em>297</em></strong></span> 
     </span>
    </p>
   </div>
   <div class='ocr_carea' id='block_1_2' title="bbox 177 478 1789 572">
    <p class='ocr_par' dir='ltr' id='par_1_2' title="bbox 177 478 1789 572">
     <span class='ocr_line' id='line_1_2' title="bbox 177 478 1789 572; baseline -0.014 -16"><span class='ocrx_word' id='word_1_2' title='bbox 177 501 318 556; x_wconf 75' lang='lat' dir='ltr'><strong><em>dabit</em></strong></span> <span class='ocrx_word' id='word_1_3' title='bbox 333 500 421 555; x_wconf 88' lang='lat' dir='ltr'><strong><em>tibi</em></strong></span> <span class='ocrx_word' id='word_1_4' title='bbox 439 498 668 572; x_wconf 74' lang='lat' dir='ltr'><strong><em>plus-iam</em></strong></span> <span class='ocrx_word' id='word_1_5' title='bbox 687 496 982 552; x_wconf 79' lang='lat' dir='ltr'><strong><em>matutinum</em></strong></span> <span class='ocrx_word' id='word_1_6' title='bbox 1002 501 1050 547; x_wconf 88' lang='lat' dir='ltr'><strong><em>et</em></strong></span> <span class='ocrx_word' id='word_1_7' title='bbox 1068 489 1343 546; x_wconf 71' lang='lat' dir='ltr'><strong><em>serotinum</em></strong></span> <span class='ocrx_word' id='word_1_8' title='bbox 1364 481 1534 560; x_wconf 70' lang='lat' dir='ltr'><strong><em>(Ibid.</em></strong></span> <span class='ocrx_word' id='word_1_9' title='bbox 1565 480 1658 572; x_wconf 52' lang='lat' dir='ltr'><strong><em>ll:</em></strong></span> <span class='ocrx_word' id='word_1_10' title='bbox 1677 478 1789 572; x_wconf 60' lang='lat' dir='ltr'><strong><em>ll).</em></strong></span> 
     </span>
    </p>
   </div>
   <div class='ocr_carea' id='block_1_3' title="bbox 177 570 1788 657">
    <p class='ocr_par' dir='ltr' id='par_1_3' title="bbox 177 570 1788 657">
     <span class='ocr_line' id='line_1_3' title="bbox 177 570 1788 657; baseline -0.012 -15"><span class='ocrx_word' id='word_1_11' title='bbox 177 589 415 657; x_wconf 72' lang='lat' dir='ltr'><strong><em>Excipiet</em></strong></span> <span class='ocrx_word' id='word_1_12' title='bbox 440 570 562 644; x_wconf 80' lang='lat' dir='ltr'><strong><em>area</em></strong></span> <span class='ocrx_word' id='word_1_13' title='bbox 587 587 914 649; x_wconf 75' lang='lat' dir='ltr'><strong><em>vindemiam,</em></strong></span> <span class='ocrx_word' id='word_1_14' title='bbox 941 592 988 639; x_wconf 85' lang='lat' dir='ltr'><strong><em>et</em></strong></span> <span class='ocrx_word' id='word_1_15' title='bbox 1011 579 1264 638; x_wconf 75' lang='lat' dir='ltr'><strong><em>vindemia</em></strong></span> <span class='ocrx_word' id='word_1_16' title='bbox 1290 583 1558 632; x_wconf 88' lang='lat' dir='ltr'><strong><em>sementem</em></strong></span> <span class='ocrx_word' id='word_1_17' title='bbox 1588 573 1607 643; x_wconf 91' lang='lat'><strong>(</strong></span> <span class='ocrx_word' id='word_1_18' title='bbox 1630 570 1788 625; x_wconf 72' lang='lat' dir='ltr'><strong><em>Leuit.</em></strong></span> 
     </span>
    </p>
   </div>
   <div class='ocr_carea' id='block_1_4' title="bbox 172 662 1790 749">
    <p class='ocr_par' dir='ltr' id='par_1_4' title="bbox 172 662 1790 749">
     <span class='ocr_line' id='line_1_4' title="bbox 172 662 1790 749; baseline -0.012 -15"><span class='ocrx_word' id='word_1_19' title='bbox 172 683 268 736; x_wconf 72' lang='lat'><strong><em>9.0.</em></strong></span> <span class='ocrx_word' id='word_1_20' title='bbox 301 681 357 736; x_wconf 76' lang='grc'><strong><em>4.</em></strong></span> <span class='ocrx_word' id='word_1_21' title='bbox 391 681 426 735; x_wconf 78' lang='lat'><strong>5</strong></span> <span class='ocrx_word' id='word_1_22' title='bbox 451 681 491 749; x_wconf 59' lang='grc' dir='ltr'><strong><em>ξ.</em></strong></span> <span class='ocrx_word' id='word_1_23' title='bbox 526 680 752 749; x_wconf 81' lang='lat' dir='ltr'><strong><em>Aliaque</em></strong></span> <span class='ocrx_word' id='word_1_24' title='bbox 797 675 964 730; x_wconf 86' lang='lat' dir='ltr'><strong><em>multa</em></strong></span> <span class='ocrx_word' id='word_1_25' title='bbox 1007 672 1167 727; x_wconf 79' lang='lat' dir='ltr'><strong><em>simili</em></strong></span> <span class='ocrx_word' id='word_1_26' title='bbox 1198 668 1359 724; x_wconf 90' lang='lat' dir='ltr'><strong><em>modo</em></strong></span> <span class='ocrx_word' id='word_1_27' title='bbox 1399 665 1478 723; x_wconf 87' lang='lat' dir='ltr'><strong><em>eis</em></strong></span> <span class='ocrx_word' id='word_1_28' title='bbox 1508 662 1790 735; x_wconf 87' lang='lat' dir='ltr'><strong><em>promisit,</em></strong></span> 
     </span>
    </p>
   </div>
   <div class='ocr_carea' id='block_1_5' title="bbox 172 752 1793 841">
    <p class='ocr_par' dir='ltr' id='par_1_5' title="bbox 172 752 1793 841">
     <span class='ocr_line' id='line_1_5' title="bbox 172 752 1793 841; baseline -0.009 -20"><span class='ocrx_word' id='word_1_29' title='bbox 172 785 297 840; x_wconf 72' lang='lat' dir='ltr'><strong><em>qua:</em></strong></span> <span class='ocrx_word' id='word_1_30' title='bbox 343 769 560 841; x_wconf 81' lang='lat' dir='ltr'><strong><em>quidem</em></strong></span> <span class='ocrx_word' id='word_1_31' title='bbox 592 769 771 824; x_wconf 86' lang='lat' dir='ltr'><strong><em>omnia</em></strong></span> <span class='ocrx_word' id='word_1_32' title='bbox 817 767 869 821; x_wconf 92' lang='lat' dir='ltr'><strong><em>in</em></strong></span> <span class='ocrx_word' id='word_1_33' title='bbox 901 763 1151 834; x_wconf 72' lang='lat' dir='ltr'><strong><em>prmscnti</em></strong></span> <span class='ocrx_word' id='word_1_34' title='bbox 1179 761 1285 816; x_wconf 87' lang='lat' dir='ltr'><strong><em>vita</em></strong></span> <span class='ocrx_word' id='word_1_35' title='bbox 1311 759 1394 814; x_wconf 85' lang='lat' dir='ltr'><strong><em>eis</em></strong></span> <span class='ocrx_word' id='word_1_36' title='bbox 1439 753 1691 812; x_wconf 81' lang='lat' dir='ltr'><strong><em>reddidit.</em></strong></span> <span class='ocrx_word' id='word_1_37' title='bbox 1736 752 1793 808; x_wconf 84' lang='lat' dir='ltr'><strong><em>Si</em></strong></span> 
     </span>
    </p>
   </div>
   <div class='ocr_carea' id='block_1_6' title="bbox 173 843 1789 927">
    <p class='ocr_par' dir='ltr' id='par_1_6' title="bbox 173 843 1789 927">
     <span class='ocr_line' id='line_1_6' title="bbox 173 843 1789 927; baseline -0.009 -16"><span class='ocrx_word' id='word_1_38' title='bbox 173 861 298 927; x_wconf 80' lang='lat' dir='ltr'><strong><em>quis</em></strong></span> <span class='ocrx_word' id='word_1_39' title='bbox 326 870 412 914; x_wconf 83' lang='lat' dir='ltr'><strong><em>est</em></strong></span> <span class='ocrx_word' id='word_1_40' title='bbox 437 859 676 922; x_wconf 88' lang='lat' dir='ltr'><strong><em>acutior,</em></strong></span> <span class='ocrx_word' id='word_1_41' title='bbox 719 856 828 926; x_wconf 89' lang='lat' dir='ltr'><strong><em>jam</em></strong></span> <span class='ocrx_word' id='word_1_42' title='bbox 857 853 1113 924; x_wconf 71' lang='lat' dir='ltr'><strong><em>prmvidet</em></strong></span> <span class='ocrx_word' id='word_1_43' title='bbox 1155 850 1498 906; x_wconf 81' lang='lat' dir='ltr'><strong><em>solutionem.</em></strong></span> <span class='ocrx_word' id='word_1_44' title='bbox 1532 843 1789 914; x_wconf 69' lang='lat' dir='ltr'><strong><em>0nando~</em></strong></span> 
     </span>
    </p>
   </div>
   <div class='ocr_carea' id='block_1_7' title="bbox 172 933 1791 1020">
    <p class='ocr_par' dir='ltr' id='par_1_7' title="bbox 172 933 1791 1020">
     <span class='ocr_line' id='line_1_7' title="bbox 172 933 1791 1020; baseline -0.009 -18"><span class='ocrx_word' id='word_1_45' title='bbox 172 951 400 1017; x_wconf 83' lang='lat' dir='ltr'><strong><em>qnidem</em></strong></span> <span class='ocrx_word' id='word_1_46' title='bbox 432 951 593 1020; x_wconf 89' lang='lat' dir='ltr'><strong><em>igitur</em></strong></span> <span class='ocrx_word' id='word_1_47' title='bbox 615 947 856 1017; x_wconf 90' lang='lat' dir='ltr'><strong><em>corporis</em></strong></span> <span class='ocrx_word' id='word_1_48' title='bbox 878 945 1082 1001; x_wconf 82' lang='lat' dir='ltr'><strong><em>sanitas</em></strong></span> <span class='ocrx_word' id='word_1_49' title='bbox 1103 985 1116 1007; x_wconf 89' lang='lat'><strong><em>,</em></strong></span> <span class='ocrx_word' id='word_1_50' title='bbox 1149 955 1402 1012; x_wconf 75' lang='lat' dir='ltr'><strong><em>agrorum</em></strong></span> <span class='ocrx_word' id='word_1_51' title='bbox 1429 936 1655 993; x_wconf 82' lang='lat' dir='ltr'><strong><em>felicitas</em></strong></span> <span class='ocrx_word' id='word_1_52' title='bbox 1678 975 1694 998; x_wconf 94' lang='lat'><strong><em>,</em></strong></span> <span class='ocrx_word' id='word_1_53' title='bbox 1722 933 1791 988; x_wconf 82' lang='lat' dir='ltr'><strong><em>Ii-</em></strong></span> 
     </span>
    </p>
   </div>
   <div class='ocr_carea' id='block_1_8' title="bbox 169 1025 1791 1108">
    <p class='ocr_par' dir='ltr' id='par_1_8' title="bbox 169 1025 1791 1108">
     <span class='ocr_line' id='line_1_8' title="bbox 169 1025 1791 1108; baseline -0.01 -12"><span class='ocrx_word' id='word_1_54' title='bbox 169 1042 433 1096; x_wconf 80' lang='lat' dir='ltr'><strong><em>berorum</em></strong></span> <span class='ocrx_word' id='word_1_55' title='bbox 462 1039 674 1093; x_wconf 82' lang='lat' dir='ltr'><strong><em>bonitas</em></strong></span> <span class='ocrx_word' id='word_1_56' title='bbox 697 1046 854 1108; x_wconf 90' lang='lat' dir='ltr'><strong><em>atque</em></strong></span> <span class='ocrx_word' id='word_1_57' title='bbox 880 1034 1031 1106; x_wconf 88' lang='lat' dir='ltr'><strong><em>copia</em></strong></span> <span class='ocrx_word' id='word_1_58' title='bbox 1058 1073 1074 1099; x_wconf 91' lang='lat'><strong><em>,</em></strong></span> <span class='ocrx_word' id='word_1_59' title='bbox 1125 1033 1294 1087; x_wconf 76' lang='lat' dir='ltr'><strong><em>fausta</em></strong></span> <span class='ocrx_word' id='word_1_60' title='bbox 1336 1039 1589 1085; x_wconf 87' lang='lat' dir='ltr'><strong><em>senectus</em></strong></span> <span class='ocrx_word' id='word_1_61' title='bbox 1610 1067 1625 1092; x_wconf 91' lang='lat'><strong><em>,</em></strong></span> <span class='ocrx_word' id='word_1_62' title='bbox 1665 1025 1791 1080; x_wconf 74' lang='lat' dir='ltr'><strong><em>anni</em></strong></span> 
     </span>
    </p>
   </div>
   <div class='ocr_carea' id='block_1_9' title="bbox 178 1119 1792 1199">
    <p class='ocr_par' dir='ltr' id='par_1_9' title="bbox 178 1119 1792 1199">
     <span class='ocr_line' id='line_1_9' title="bbox 178 1119 1792 1199; baseline -0.009 -14"><span class='ocrx_word' id='word_1_63' title='bbox 178 1131 413 1198; x_wconf 87' lang='lat' dir='ltr'><strong><em>partium</em></strong></span> <span class='ocrx_word' id='word_1_64' title='bbox 449 1128 982 1199; x_wconf 80' lang='lat' dir='ltr'><strong><em>temperies-Optima,</em></strong></span> <span class='ocrx_word' id='word_1_65' title='bbox 1010 1139 1240 1179; x_wconf 75' lang='lat' dir='ltr'><strong><em>annona:</em></strong></span> <span class='ocrx_word' id='word_1_66' title='bbox 1269 1122 1513 1187; x_wconf 85' lang='lat' dir='ltr'><strong><em>bonitas,</em></strong></span> <span class='ocrx_word' id='word_1_67' title='bbox 1542 1119 1792 1173; x_wconf 87' lang='lat' dir='ltr'><strong><em>imbrium</em></strong></span> 
     </span>
    </p>
   </div>
   <div class='ocr_carea' id='block_1_10' title="bbox 166 1209 1790 1291">
    <p class='ocr_par' dir='ltr' id='par_1_10' title="bbox 166 1209 1790 1291">
     <span class='ocr_line' id='line_1_10' title="bbox 166 1209 1790 1291; baseline -0.01 -15"><span class='ocrx_word' id='word_1_68' title='bbox 166 1221 592 1291; x_wconf 63' lang='lat' dir='ltr'><strong><em>opportunitas,</em></strong></span> <span class='ocrx_word' id='word_1_69' title='bbox 636 1209 1002 1273; x_wconf 86' lang='lat' dir='ltr'><strong><em>armentorum</em></strong></span> <span class='ocrx_word' id='word_1_70' title='bbox 1047 1225 1102 1278; x_wconf 84' lang='lat' dir='ltr'><strong><em>et</em></strong></span> <span class='ocrx_word' id='word_1_71' title='bbox 1146 1228 1370 1286; x_wconf 89' lang='lat' dir='ltr'><strong><em>gregum</em></strong></span> <span class='ocrx_word' id='word_1_72' title='bbox 1423 1209 1748 1266; x_wconf 82' lang='lat' dir='ltr'><strong><em>abundantia</em></strong></span> <span class='ocrx_word' id='word_1_73' title='bbox 1775 1247 1790 1275; x_wconf 89' lang='lat'><strong><em>,</em></strong></span> 
     </span>
    </p>
   </div>
   <div class='ocr_carea' id='block_1_11' title="bbox 178 1299 1792 1379">
    <p class='ocr_par' dir='ltr' id='par_1_11' title="bbox 178 1299 1792 1379">
     <span class='ocr_line' id='line_1_11' title="bbox 178 1299 1792 1379; baseline -0.006 -17"><span class='ocrx_word' id='word_1_74' title='bbox 178 1312 364 1366; x_wconf 83' lang='lat' dir='ltr'><strong><em>omnia</em></strong></span> <span class='ocrx_word' id='word_1_75' title='bbox 389 1310 619 1379; x_wconf 88' lang='lat' dir='ltr'><strong><em>denique</em></strong></span> <span class='ocrx_word' id='word_1_76' title='bbox 660 1310 796 1364; x_wconf 89' lang='lat' dir='ltr'><strong><em>bona</em></strong></span> <span class='ocrx_word' id='word_1_77' title='bbox 826 1308 932 1362; x_wconf 90' lang='lat' dir='ltr'><strong><em>illis</em></strong></span> <span class='ocrx_word' id='word_1_78' title='bbox 961 1307 1014 1362; x_wconf 92' lang='lat' dir='ltr'><strong><em>in</em></strong></span> <span class='ocrx_word' id='word_1_79' title='bbox 1044 1305 1146 1360; x_wconf 89' lang='lat' dir='ltr'><strong><em>hac</em></strong></span> <span class='ocrx_word' id='word_1_80' title='bbox 1185 1305 1294 1358; x_wconf 86' lang='lat' dir='ltr'><strong><em>vita</em></strong></span> <span class='ocrx_word' id='word_1_81' title='bbox 1321 1299 1792 1372; x_wconf 63' lang='lat' dir='ltr'><strong><em>repraesentabatu-</em></strong></span> 
     </span>
    </p>
   </div>
   <div class='ocr_carea' id='block_1_12' title="bbox 163 1391 1794 1472">
    <p class='ocr_par' dir='ltr' id='par_1_12' title="bbox 163 1391 1794 1472">
     <span class='ocr_line' id='line_1_12' title="bbox 163 1391 1794 1472; baseline -0.007 -16"><span class='ocrx_word' id='word_1_82' title='bbox 163 1414 266 1456; x_wconf 36' lang='lat' dir='ltr'><strong><em>vtur</em></strong></span> <span class='ocrx_word' id='word_1_83' title='bbox 290 1445 307 1470; x_wconf 94' lang='lat'><strong><em>,</em></strong></span> <span class='ocrx_word' id='word_1_84' title='bbox 340 1402 581 1472; x_wconf 86' lang='lat' dir='ltr'><strong><em>nihilque</em></strong></span> <span class='ocrx_word' id='word_1_85' title='bbox 607 1412 728 1471; x_wconf 86' lang='lat' dir='ltr'><strong><em>post</em></strong></span> <span class='ocrx_word' id='word_1_86' title='bbox 752 1401 891 1454; x_wconf 87' lang='lat' dir='ltr'><strong><em>hanc</em></strong></span> <span class='ocrx_word' id='word_1_87' title='bbox 919 1400 1080 1453; x_wconf 87' lang='lat' dir='ltr'><strong><em>vitam</em></strong></span> <span class='ocrx_word' id='word_1_88' title='bbox 1109 1408 1163 1453; x_wconf 92' lang='lat' dir='ltr'><strong><em>et</em></strong></span> <span class='ocrx_word' id='word_1_89' title='bbox 1187 1398 1240 1452; x_wconf 91' lang='lat' dir='ltr'><strong><em>in</em></strong></span> <span class='ocrx_word' id='word_1_90' title='bbox 1268 1395 1507 1451; x_wconf 89' lang='lat' dir='ltr'><strong><em>futurum</em></strong></span> <span class='ocrx_word' id='word_1_91' title='bbox 1539 1391 1794 1448; x_wconf 57' lang='lat' dir='ltr'><strong><em>saeculum</em></strong></span> 
     </span>
    </p>
   </div>
   <div class='ocr_carea' id='block_1_13' title="bbox 175 1485 1792 1565">
    <p class='ocr_par' dir='ltr' id='par_1_13' title="bbox 175 1485 1792 1565">
     <span class='ocr_line' id='line_1_13' title="bbox 175 1485 1792 1565; baseline -0.007 -15"><span class='ocrx_word' id='word_1_92' title='bbox 175 1494 508 1564; x_wconf 87' lang='lat' dir='ltr'><strong><em>sperandum</em></strong></span> <span class='ocrx_word' id='word_1_93' title='bbox 561 1495 955 1565; x_wconf 76' lang='lat' dir='ltr'><strong><em>proponebatur</em></strong></span> <span class='ocrx_word' id='word_1_94' title='bbox 998 1492 1159 1547; x_wconf 71' lang='lat' dir='ltr'><strong><em>:hrce</em></strong></span> <span class='ocrx_word' id='word_1_95' title='bbox 1205 1499 1518 1559; x_wconf 84' lang='lat' dir='ltr'><strong><em>reputantes</em></strong></span> <span class='ocrx_word' id='word_1_96' title='bbox 1564 1485 1748 1539; x_wconf 77' lang='lat' dir='ltr'><strong><em>fideles</em></strong></span> <span class='ocrx_word' id='word_1_97' title='bbox 1776 1523 1792 1550; x_wconf 94' lang='lat'><strong><em>,</em></strong></span> 
     </span>
    </p>
   </div>
   <div class='ocr_carea' id='block_1_14' title="bbox 167 1573 1796 1656">
    <p class='ocr_par' dir='ltr' id='par_1_14' title="bbox 167 1573 1796 1656">
     <span class='ocr_line' id='line_1_14' title="bbox 167 1573 1796 1656; baseline -0.007 -15"><span class='ocrx_word' id='word_1_98' title='bbox 167 1585 476 1656; x_wconf 64' lang='lat' dir='ltr'><strong><em>maleribus</em></strong></span> <span class='ocrx_word' id='word_1_99' title='bbox 496 1585 704 1655; x_wconf 88' lang='lat' dir='ltr'><strong><em>quidem</em></strong></span> <span class='ocrx_word' id='word_1_100' title='bbox 731 1585 842 1638; x_wconf 74' lang='lat' dir='ltr'><strong><em>suis</em></strong></span> <span class='ocrx_word' id='word_1_101' title='bbox 868 1583 1046 1638; x_wconf 81' lang='lat' dir='ltr'><strong><em>omnia</em></strong></span> <span class='ocrx_word' id='word_1_102' title='bbox 1072 1583 1211 1636; x_wconf 88' lang='lat' dir='ltr'><strong><em>bona</em></strong></span> <span class='ocrx_word' id='word_1_103' title='bbox 1242 1596 1350 1650; x_wconf 69' lang='lat' dir='ltr'><strong><em>pra:</em></strong></span> <span class='ocrx_word' id='word_1_104' title='bbox 1381 1577 1606 1648; x_wconf 84' lang='lat' dir='ltr'><strong><em>pedibus</em></strong></span> <span class='ocrx_word' id='word_1_105' title='bbox 1627 1573 1796 1630; x_wconf 85' lang='lat' dir='ltr'><strong><em>fuisse</em></strong></span> 
     </span>
    </p>
   </div>
   <div class='ocr_carea' id='block_1_15' title="bbox 177 1671 1796 1743">
    <p class='ocr_par' dir='ltr' id='par_1_15' title="bbox 177 1671 1796 1743">
     <span class='ocr_line' id='line_1_15' title="bbox 177 1671 1796 1743; baseline -0.007 -12"><span class='ocrx_word' id='word_1_106' title='bbox 177 1678 284 1731; x_wconf 83' lang='lat' dir='ltr'><strong><em>sita</em></strong></span> <span class='ocrx_word' id='word_1_107' title='bbox 312 1717 330 1742; x_wconf 93' lang='lat'><strong><em>,</em></strong></span> <span class='ocrx_word' id='word_1_108' title='bbox 361 1678 461 1733; x_wconf 83' lang='lat' dir='ltr'><strong><em>sibi</em></strong></span> <span class='ocrx_word' id='word_1_109' title='bbox 489 1691 618 1732; x_wconf 70' lang='lat' dir='ltr'><strong><em>vero</em></strong></span> <span class='ocrx_word' id='word_1_110' title='bbox 664 1675 718 1730; x_wconf 91' lang='lat' dir='ltr'><strong><em>in</em></strong></span> <span class='ocrx_word' id='word_1_111' title='bbox 753 1677 985 1730; x_wconf 73' lang='lat' dir='ltr'><strong><em>futuram</em></strong></span> <span class='ocrx_word' id='word_1_112' title='bbox 1015 1680 1179 1728; x_wconf 88' lang='lat' dir='ltr'><strong><em>vitam</em></strong></span> <span class='ocrx_word' id='word_1_113' title='bbox 1226 1671 1445 1743; x_wconf 68' lang='lat' dir='ltr'><strong><em>prazmia</em></strong></span> <span class='ocrx_word' id='word_1_114' title='bbox 1474 1677 1528 1724; x_wconf 92' lang='lat' dir='ltr'><strong><em>et</em></strong></span> <span class='ocrx_word' id='word_1_115' title='bbox 1566 1679 1796 1722; x_wconf 75' lang='lat' dir='ltr'><strong><em>coronas</em></strong></span> 
     </span>
    </p>
   </div>
   <div class='ocr_carea' id='block_1_16' title="bbox 166 1763 1794 1840">
    <p class='ocr_par' dir='ltr' id='par_1_16' title="bbox 166 1763 1794 1840">
     <span class='ocr_line' id='line_1_16' title="bbox 166 1763 1794 1840; baseline -0.008 -14"><span class='ocrx_word' id='word_1_116' title='bbox 166 1771 423 1840; x_wconf 55' lang='lat' dir='ltr'><strong><em>reposita</em></strong></span> <span class='ocrx_word' id='word_1_117' title='bbox 454 1785 610 1836; x_wconf 82' lang='lat' dir='ltr'><strong><em>esse,</em></strong></span> <span class='ocrx_word' id='word_1_118' title='bbox 642 1779 694 1824; x_wconf 89' lang='lat' dir='ltr'><strong><em>et</em></strong></span> <span class='ocrx_word' id='word_1_119' title='bbox 719 1785 786 1824; x_wconf 78' lang='lat' dir='ltr'><strong><em>ex</em></strong></span> <span class='ocrx_word' id='word_1_120' title='bbox 818 1769 922 1824; x_wconf 83' lang='lat' dir='ltr'><strong><em>fide</em></strong></span> <span class='ocrx_word' id='word_1_121' title='bbox 967 1769 1203 1837; x_wconf 88' lang='lat' dir='ltr'><strong><em>ipsorum</em></strong></span> <span class='ocrx_word' id='word_1_122' title='bbox 1245 1763 1629 1835; x_wconf 90' lang='lat' dir='ltr'><strong><em>promissiones</em></strong></span> <span class='ocrx_word' id='word_1_123' title='bbox 1663 1776 1794 1831; x_wconf 86' lang='lat' dir='ltr'><strong><em>pen-</em></strong></span> 
     </span>
    </p>
   </div>
   <div class='ocr_carea' id='block_1_17' title="bbox 167 1857 1796 1929">
    <p class='ocr_par' dir='ltr' id='par_1_17' title="bbox 167 1857 1796 1929">
     <span class='ocr_line' id='line_1_17' title="bbox 167 1857 1796 1929; baseline -0.002 -16"><span class='ocrx_word' id='word_1_124' title='bbox 167 1863 313 1918; x_wconf 78' lang='lat' dir='ltr'><strong><em>dere</em></strong></span> <span class='ocrx_word' id='word_1_125' title='bbox 341 1878 356 1916; x_wconf 92' lang='lat'><strong>:</strong></span> <span class='ocrx_word' id='word_1_126' title='bbox 382 1863 787 1918; x_wconf 73' lang='lat' dir='ltr'><strong><em>delassabantur</em></strong></span> <span class='ocrx_word' id='word_1_127' title='bbox 805 1877 868 1915; x_wconf 90' lang='lat' dir='ltr'><strong><em>ac</em></strong></span> <span class='ocrx_word' id='word_1_128' title='bbox 887 1860 1229 1924; x_wconf 86' lang='lat' dir='ltr'><strong><em>deficiebant,</em></strong></span> <span class='ocrx_word' id='word_1_129' title='bbox 1258 1868 1314 1913; x_wconf 91' lang='lat' dir='ltr'><strong><em>ut</em></strong></span> <span class='ocrx_word' id='word_1_130' title='bbox 1334 1859 1526 1929; x_wconf 88' lang='lat' dir='ltr'><strong><em>quibus</em></strong></span> <span class='ocrx_word' id='word_1_131' title='bbox 1550 1857 1796 1910; x_wconf 87' lang='lat' dir='ltr'><strong><em>universa</em></strong></span> 
     </span>
    </p>
   </div>
   <div class='ocr_carea' id='block_1_18' title="bbox 177 1947 1790 2018">
    <p class='ocr_par' dir='ltr' id='par_1_18' title="bbox 177 1947 1790 2018">
     <span class='ocr_line' id='line_1_18' title="bbox 177 1947 1790 2018; baseline -0.002 -14"><span class='ocrx_word' id='word_1_132' title='bbox 177 1953 290 2005; x_wconf 71' lang='lat' dir='ltr'><strong><em>vita</em></strong></span> <span class='ocrx_word' id='word_1_133' title='bbox 323 1952 462 2006; x_wconf 87' lang='lat' dir='ltr'><strong><em>inter</em></strong></span> <span class='ocrx_word' id='word_1_134' title='bbox 487 1954 808 2007; x_wconf 82' lang='lat' dir='ltr'><strong><em>tentationcs</em></strong></span> <span class='ocrx_word' id='word_1_135' title='bbox 838 1952 1143 2006; x_wconf 87' lang='lat' dir='ltr'><strong><em>necessario</em></strong></span> <span class='ocrx_word' id='word_1_136' title='bbox 1171 1959 1312 2004; x_wconf 91' lang='lat' dir='ltr'><strong><em>esset</em></strong></span> <span class='ocrx_word' id='word_1_137' title='bbox 1342 1948 1619 2018; x_wconf 67' lang='lat' dir='ltr'><strong><em>exigenda.</em></strong></span> <span class='ocrx_word' id='word_1_138' title='bbox 1664 1947 1790 2001; x_wconf 63' lang='lat' dir='ltr'><strong><em>[iure</em></strong></span> 
     </span>
    </p>
   </div>
   <div class='ocr_carea' id='block_1_19' title="bbox 167 2033 1796 2114">
    <p class='ocr_par' dir='ltr' id='par_1_19' title="bbox 167 2033 1796 2114">
     <span class='ocr_line' id='line_1_19' title="bbox 167 2033 1796 2114; baseline -0.004 -16"><span class='ocrx_word' id='word_1_139' title='bbox 167 2045 350 2114; x_wconf 71' lang='lat' dir='ltr'><strong><em>igitur</em></strong></span> <span class='ocrx_word' id='word_1_140' title='bbox 377 2046 724 2100; x_wconf 68' lang='lat' dir='ltr'><strong><em>considerans</em></strong></span> <span class='ocrx_word' id='word_1_141' title='bbox 752 2045 980 2109; x_wconf 84' lang='lat' dir='ltr'><strong><em>Paulus,</em></strong></span> <span class='ocrx_word' id='word_1_142' title='bbox 1027 2052 1080 2097; x_wconf 89' lang='lat' dir='ltr'><strong><em>et</em></strong></span> <span class='ocrx_word' id='word_1_143' title='bbox 1129 2033 1392 2097; x_wconf 65' lang='lat' dir='ltr'><strong><em>mabrum</em></strong></span> <span class='ocrx_word' id='word_1_144' title='bbox 1424 2055 1543 2111; x_wconf 72' lang='lat' dir='ltr'><strong><em>qua:</em></strong></span> <span class='ocrx_word' id='word_1_145' title='bbox 1583 2039 1663 2093; x_wconf 91' lang='lat' dir='ltr'><strong><em>eis</em></strong></span> <span class='ocrx_word' id='word_1_146' title='bbox 1693 2039 1796 2092; x_wconf 60' lang='lat' dir='ltr'><strong><em>ims</em></strong></span> 
     </span>
    </p>
   </div>
   <div class='ocr_carea' id='block_1_20' title="bbox 179 2131 1800 2206">
    <p class='ocr_par' dir='ltr' id='par_1_20' title="bbox 179 2131 1800 2206">
     <span class='ocr_line' id='line_1_20' title="bbox 179 2131 1800 2206; baseline -0.004 -16"><span class='ocrx_word' id='word_1_147' title='bbox 179 2137 490 2205; x_wconf 73' lang='lat' dir='ltr'><strong><em>pendebant</em></strong></span> <span class='ocrx_word' id='word_1_148' title='bbox 543 2135 964 2206; x_wconf 81' lang='lat' dir='ltr'><strong><em>magnitudinem</em></strong></span> <span class='ocrx_word' id='word_1_149' title='bbox 990 2179 1004 2200; x_wconf 88' lang='lat'><strong><em>,</em></strong></span> <span class='ocrx_word' id='word_1_150' title='bbox 1037 2144 1090 2191; x_wconf 90' lang='lat' dir='ltr'><strong><em>et</em></strong></span> <span class='ocrx_word' id='word_1_151' title='bbox 1116 2134 1256 2204; x_wconf 87' lang='lat' dir='ltr'><strong><em>quod</em></strong></span> <span class='ocrx_word' id='word_1_152' title='bbox 1289 2133 1372 2187; x_wconf 90' lang='lat' dir='ltr'><strong><em>his</em></strong></span> <span class='ocrx_word' id='word_1_153' title='bbox 1416 2131 1633 2202; x_wconf 87' lang='lat' dir='ltr'><strong><em>quidem</em></strong></span> <span class='ocrx_word' id='word_1_154' title='bbox 1680 2139 1800 2201; x_wconf 91' lang='lat' dir='ltr'><strong><em>post</em></strong></span> 
     </span>
    </p>
   </div>
   <div class='ocr_carea' id='block_1_21' title="bbox 176 2222 1796 2292">
    <p class='ocr_par' dir='ltr' id='par_1_21' title="bbox 176 2222 1796 2292">
     <span class='ocr_line' id='line_1_21' title="bbox 176 2222 1796 2292; baseline -0.002 -16"><span class='ocrx_word' id='word_1_155' title='bbox 176 2226 390 2279; x_wconf 84' lang='lat' dir='ltr'><strong><em>obitum</em></strong></span> <span class='ocrx_word' id='word_1_156' title='bbox 419 2226 656 2280; x_wconf 79' lang='lat' dir='ltr'><strong><em>laborum</em></strong></span> <span class='ocrx_word' id='word_1_157' title='bbox 687 2226 993 2281; x_wconf 89' lang='lat' dir='ltr'><strong><em>mercedem</em></strong></span> <span class='ocrx_word' id='word_1_158' title='bbox 1021 2225 1161 2279; x_wconf 90' lang='lat' dir='ltr'><strong><em>Deus</em></strong></span> <span class='ocrx_word' id='word_1_159' title='bbox 1191 2232 1334 2278; x_wconf 79' lang='lat' dir='ltr'><strong><em>e-set</em></strong></span> <span class='ocrx_word' id='word_1_160' title='bbox 1362 2222 1634 2292; x_wconf 86' lang='lat' dir='ltr'><strong><em>pollicitus</em></strong></span> <span class='ocrx_word' id='word_1_161' title='bbox 1657 2263 1671 2286; x_wconf 88' lang='lat'><strong><em>,</em></strong></span> <span class='ocrx_word' id='word_1_162' title='bbox 1705 2235 1796 2288; x_wconf 89' lang='lat' dir='ltr'><strong><em>pa-</em></strong></span> 
     </span>
    </p>
   </div>
   <div class='ocr_carea' id='block_1_22' title="bbox 167 2314 1796 2397">
    <p class='ocr_par' dir='ltr' id='par_1_22' title="bbox 167 2314 1796 2397">
     <span class='ocr_line' id='line_1_22' title="bbox 167 2314 1796 2397; baseline -0.002 -27"><span class='ocrx_word' id='word_1_163' title='bbox 167 2317 357 2372; x_wconf 73' lang='lat' dir='ltr'><strong><em>tribus</em></strong></span> <span class='ocrx_word' id='word_1_164' title='bbox 383 2328 560 2371; x_wconf 89' lang='lat' dir='ltr'><strong><em>autem</em></strong></span> <span class='ocrx_word' id='word_1_165' title='bbox 605 2327 944 2397; x_wconf 68' lang='lat' dir='ltr'><strong><em>praesentem</em></strong></span> <span class='ocrx_word' id='word_1_166' title='bbox 974 2317 1378 2372; x_wconf 87' lang='lat' dir='ltr'><strong><em>retributionem</em></strong></span> <span class='ocrx_word' id='word_1_167' title='bbox 1424 2314 1796 2385; x_wconf 62' lang='lat' dir='ltr'><strong><em>praestitisset;</em></strong></span> 
     </span>
    </p>
   </div>
   <div class='ocr_carea' id='block_1_23' title="bbox 176 2408 1787 2482">
    <p class='ocr_par' dir='ltr' id='par_1_23' title="bbox 176 2408 1787 2482">
     <span class='ocr_line' id='line_1_23' title="bbox 176 2408 1787 2482; baseline -0.001 -19"><span class='ocrx_word' id='word_1_168' title='bbox 176 2410 619 2479; x_wconf 83' lang='lat' dir='ltr'><strong><em>pcrspiciensqne</em></strong></span> <span class='ocrx_word' id='word_1_169' title='bbox 664 2426 910 2482; x_wconf 80' lang='lat' dir='ltr'><strong><em>magnam</em></strong></span> <span class='ocrx_word' id='word_1_170' title='bbox 962 2411 1012 2465; x_wconf 92' lang='lat' dir='ltr'><strong><em>in</em></strong></span> <span class='ocrx_word' id='word_1_171' title='bbox 1071 2412 1175 2465; x_wconf 89' lang='lat' dir='ltr'><strong><em>illis</em></strong></span> <span class='ocrx_word' id='word_1_172' title='bbox 1223 2409 1504 2480; x_wconf 78' lang='lat' dir='ltr'><strong><em>segnitiem</em></strong></span> <span class='ocrx_word' id='word_1_173' title='bbox 1535 2424 1565 2463; x_wconf 93' lang='lat' dir='ltr'><strong><em>e</em></strong></span> <span class='ocrx_word' id='word_1_174' title='bbox 1594 2408 1787 2462; x_wconf 86' lang='lat' dir='ltr'><strong><em>talibus</em></strong></span> 
     </span>
    </p>
   </div>
   <div class='ocr_carea' id='block_1_24' title="bbox 175 2503 1794 2574">
    <p class='ocr_par' dir='ltr' id='par_1_24' title="bbox 175 2503 1794 2574">
     <span class='ocr_line' id='line_1_24' title="bbox 175 2503 1794 2574; baseline -0.001 -16"><span class='ocrx_word' id='word_1_175' title='bbox 175 2503 600 2574; x_wconf 76' lang='lat' dir='ltr'><strong><em>cogitationibus</em></strong></span> <span class='ocrx_word' id='word_1_176' title='bbox 629 2503 892 2570; x_wconf 87' lang='lat' dir='ltr'><strong><em>suboriri,</em></strong></span> <span class='ocrx_word' id='word_1_177' title='bbox 923 2515 976 2560; x_wconf 89' lang='lat' dir='ltr'><strong><em>et</em></strong></span> <span class='ocrx_word' id='word_1_178' title='bbox 1007 2507 1194 2560; x_wconf 82' lang='lat' dir='ltr'><strong><em>volens</em></strong></span> <span class='ocrx_word' id='word_1_179' title='bbox 1226 2520 1320 2560; x_wconf 89' lang='lat' dir='ltr'><strong><em>eos</em></strong></span> <span class='ocrx_word' id='word_1_180' title='bbox 1348 2505 1581 2558; x_wconf 82' lang='lat' dir='ltr'><strong><em>excitare</em></strong></span> <span class='ocrx_word' id='word_1_181' title='bbox 1607 2519 1670 2558; x_wconf 89' lang='lat' dir='ltr'><strong><em>ac</em></strong></span> <span class='ocrx_word' id='word_1_182' title='bbox 1699 2503 1794 2557; x_wconf 85' lang='lat' dir='ltr'><strong><em>do-</em></strong></span> 
     </span>
    </p>
   </div>
   <div class='ocr_carea' id='block_1_25' title="bbox 176 2592 1797 2666">
    <p class='ocr_par' dir='ltr' id='par_1_25' title="bbox 176 2592 1797 2666">
     <span class='ocr_line' id='line_1_25' title="bbox 176 2592 1797 2666; baseline -0.002 -15"><span class='ocrx_word' id='word_1_183' title='bbox 176 2610 335 2660; x_wconf 85' lang='lat' dir='ltr'><strong><em>cere,</em></strong></span> <span class='ocrx_word' id='word_1_184' title='bbox 363 2603 570 2662; x_wconf 85' lang='lat' dir='ltr'><strong><em>patrum</em></strong></span> <span class='ocrx_word' id='word_1_185' title='bbox 593 2611 803 2666; x_wconf 88' lang='lat' dir='ltr'><strong><em>quoque</em></strong></span> <span class='ocrx_word' id='word_1_186' title='bbox 826 2596 1156 2665; x_wconf 88' lang='lat' dir='ltr'><strong><em>temporibus</em></strong></span> <span class='ocrx_word' id='word_1_187' title='bbox 1173 2595 1414 2650; x_wconf 88' lang='lat' dir='ltr'><strong><em>eamdem</em></strong></span> <span class='ocrx_word' id='word_1_188' title='bbox 1437 2592 1602 2648; x_wconf 89' lang='lat' dir='ltr'><strong><em>fuisse</em></strong></span> <span class='ocrx_word' id='word_1_189' title='bbox 1619 2609 1797 2648; x_wconf 90' lang='lat' dir='ltr'><strong><em>rerum</em></strong></span> 
     </span>
    </p>
   </div>
   <div class='ocr_carea' id='block_1_26' title="bbox 175 2685 1800 2762">
    <p class='ocr_par' dir='ltr' id='par_1_26' title="bbox 175 2685 1800 2762">
     <span class='ocr_line' id='line_1_26' title="bbox 175 2685 1800 2762; baseline -0.006 -16"><span class='ocrx_word' id='word_1_190' title='bbox 175 2690 668 2762; x_wconf 67' lang='lat' dir='ltr'><strong><em>dispensationem,</em></strong></span> <span class='ocrx_word' id='word_1_191' title='bbox 693 2689 996 2758; x_wconf 87' lang='lat' dir='ltr'><strong><em>multosque</em></strong></span> <span class='ocrx_word' id='word_1_192' title='bbox 1023 2687 1126 2741; x_wconf 84' lang='lat' dir='ltr'><strong><em>fide</em></strong></span> <span class='ocrx_word' id='word_1_193' title='bbox 1153 2685 1452 2740; x_wconf 89' lang='lat' dir='ltr'><strong><em>mercedem</em></strong></span> <span class='ocrx_word' id='word_1_194' title='bbox 1476 2685 1800 2755; x_wconf 83' lang='lat' dir='ltr'><strong><em>percepisse,</em></strong></span> 
     </span>
    </p>
   </div>
   <div class='ocr_carea' id='block_1_27' title="bbox 178 2777 1803 2852">
    <p class='ocr_par' dir='ltr' id='par_1_27' title="bbox 178 2777 1803 2852">
     <span class='ocr_line' id='line_1_27' title="bbox 178 2777 1803 2852; baseline -0.004 -14"><span class='ocrx_word' id='word_1_195' title='bbox 178 2799 292 2838; x_wconf 85' lang='lat' dir='ltr'><strong><em>non</em></strong></span> <span class='ocrx_word' id='word_1_196' title='bbox 322 2799 401 2846; x_wconf 89' lang='lat' dir='ltr'><strong><em>re,</em></strong></span> <span class='ocrx_word' id='word_1_197' title='bbox 433 2781 796 2852; x_wconf 74' lang='lat' dir='ltr'><strong><em>prephcticnm</em></strong></span> <span class='ocrx_word' id='word_1_198' title='bbox 821 2779 924 2832; x_wconf 91' lang='lat' dir='ltr'><strong><em>illis</em></strong></span> <span class='ocrx_word' id='word_1_199' title='bbox 944 2779 1141 2833; x_wconf 88' lang='lat' dir='ltr'><strong><em>dictum</em></strong></span> <span class='ocrx_word' id='word_1_200' title='bbox 1170 2779 1220 2831; x_wconf 91' lang='lat' dir='ltr'><strong><em>in</em></strong></span> <span class='ocrx_word' id='word_1_201' title='bbox 1242 2777 1556 2833; x_wconf 79' lang='lat' dir='ltr'><strong><em>memoriam</em></strong></span> <span class='ocrx_word' id='word_1_202' title='bbox 1587 2783 1803 2831; x_wconf 86' lang='lat' dir='ltr'><strong><em>revocat</em></strong></span> 
     </span>
    </p>
   </div>
   <div class='ocr_carea' id='block_1_28' title="bbox 175 2869 1798 2938">
    <p class='ocr_par' dir='ltr' id='par_1_28' title="bbox 175 2869 1798 2938">
     <span class='ocr_line' id='line_1_28' title="bbox 175 2869 1798 2938; baseline -0.006 -9"><span class='ocrx_word' id='word_1_203' title='bbox 175 2876 414 2930; x_wconf 82' lang='lat' dir='ltr'><strong><em>dicens:</em></strong></span> <span class='ocrx_word' id='word_1_204' title='bbox 450 2873 706 2928; x_wconf 79' lang='lat' dir='ltr'><strong><em>Habentes</em></strong></span> <span class='ocrx_word' id='word_1_205' title='bbox 752 2871 983 2924; x_wconf 82' lang='lat' dir='ltr'><strong><em>eumdem</em></strong></span> <span class='ocrx_word' id='word_1_206' title='bbox 1016 2870 1269 2938; x_wconf 86' lang='lat' dir='ltr'><strong><em>Spiritum</em></strong></span> <span class='ocrx_word' id='word_1_207' title='bbox 1315 2869 1456 2936; x_wconf 83' lang='lat' dir='ltr'><strong><em>ﬁdei,</em></strong></span> <span class='ocrx_word' id='word_1_208' title='bbox 1496 2869 1624 2922; x_wconf 83' lang='lat' dir='ltr'><strong><em>sicut</em></strong></span> <span class='ocrx_word' id='word_1_209' title='bbox 1668 2870 1798 2921; x_wconf 79' lang='lat' dir='ltr'><strong><em>scri-</em></strong></span> 
     </span>
    </p>
   </div>
   <div class='ocr_carea' id='block_1_29' title="bbox 175 2960 1796 3036">
    <p class='ocr_par' dir='ltr' id='par_1_29' title="bbox 175 2960 1796 3036">
     <span class='ocr_line' id='line_1_29' title="bbox 175 2960 1796 3036; baseline -0.004 -18"><span class='ocrx_word' id='word_1_210' title='bbox 175 2976 329 3036; x_wconf 80' lang='lat' dir='ltr'><strong><em>ptum</em></strong></span> <span class='ocrx_word' id='word_1_211' title='bbox 354 2974 446 3030; x_wconf 84' lang='lat' dir='ltr'><strong><em>est,</em></strong></span> <span class='ocrx_word' id='word_1_212' title='bbox 475 2963 702 3026; x_wconf 82' lang='lat' dir='ltr'><strong><em>Credidi,</em></strong></span> <span class='ocrx_word' id='word_1_213' title='bbox 737 2970 942 3032; x_wconf 78' lang='lat' dir='ltr'><strong><em>prapter</em></strong></span> <span class='ocrx_word' id='word_1_214' title='bbox 963 2961 1100 3032; x_wconf 85' lang='lat' dir='ltr'><strong><em>quod</em></strong></span> <span class='ocrx_word' id='word_1_215' title='bbox 1129 2960 1367 3030; x_wconf 79' lang='lat' dir='ltr'><strong><em>loquutus</em></strong></span> <span class='ocrx_word' id='word_1_216' title='bbox 1395 2975 1507 3012; x_wconf 85' lang='lat' dir='ltr'><strong><em>sum</em></strong></span> <span class='ocrx_word' id='word_1_217' title='bbox 1541 2976 1558 3011; x_wconf 89' lang='lat'><strong><em>:</em></strong></span> <span class='ocrx_word' id='word_1_218' title='bbox 1591 2967 1796 3012; x_wconf 88' lang='lat' dir='ltr'><strong><em>tantum</em></strong></span> 
     </span>
    </p>
   </div>
   <div class='ocr_carea' id='block_1_30' title="bbox 178 3048 1802 3123">
    <p class='ocr_par' dir='ltr' id='par_1_30' title="bbox 178 3048 1802 3123">
     <span class='ocr_line' id='line_1_30' title="bbox 178 3048 1802 3123; baseline -0.004 -15"><span class='ocrx_word' id='word_1_219' title='bbox 178 3070 291 3109; x_wconf 86' lang='lat' dir='ltr'><strong><em>non</em></strong></span> <span class='ocrx_word' id='word_1_220' title='bbox 323 3053 508 3109; x_wconf 88' lang='lat' dir='ltr'><strong><em>dicens</em></strong></span> <span class='ocrx_word' id='word_1_221' title='bbox 530 3053 670 3123; x_wconf 81' lang='lat' dir='ltr'><strong><em>quod</em></strong></span> <span class='ocrx_word' id='word_1_222' title='bbox 701 3067 924 3122; x_wconf 85' lang='lat' dir='ltr'><strong><em>magnus</em></strong></span> <span class='ocrx_word' id='word_1_223' title='bbox 952 3050 1114 3105; x_wconf 90' lang='lat' dir='ltr'><strong><em>etiam</em></strong></span> <span class='ocrx_word' id='word_1_224' title='bbox 1145 3049 1234 3103; x_wconf 87' lang='lat' dir='ltr'><strong><em>ille</em></strong></span> <span class='ocrx_word' id='word_1_225' title='bbox 1263 3049 1447 3110; x_wconf 87' lang='lat' dir='ltr'><strong><em>David,</em></strong></span> <span class='ocrx_word' id='word_1_226' title='bbox 1476 3048 1720 3118; x_wconf 83' lang='lat' dir='ltr'><strong><em>egregius</em></strong></span> <span class='ocrx_word' id='word_1_227' title='bbox 1749 3051 1802 3101; x_wconf 79' lang='lat' dir='ltr'><strong><em>et</em></strong></span> 
     </span>
    </p>
   </div>
   <div class='ocr_carea' id='block_1_31' title="bbox 177 3138 1798 3215">
    <p class='ocr_par' dir='ltr' id='par_1_31' title="bbox 177 3138 1798 3215">
     <span class='ocr_line' id='line_1_31' title="bbox 177 3138 1798 3215; baseline -0.005 -18"><span class='ocrx_word' id='word_1_228' title='bbox 177 3143 530 3200; x_wconf 82' lang='lat' dir='ltr'><strong><em>admirandus</em></strong></span> <span class='ocrx_word' id='word_1_229' title='bbox 556 3141 813 3215; x_wconf 85' lang='lat' dir='ltr'><strong><em>propheta</em></strong></span> <span class='ocrx_word' id='word_1_230' title='bbox 837 3181 852 3204; x_wconf 92' lang='lat'><strong><em>,</em></strong></span> <span class='ocrx_word' id='word_1_231' title='bbox 884 3139 987 3194; x_wconf 89' lang='lat' dir='ltr'><strong><em>fide</em></strong></span> <span class='ocrx_word' id='word_1_232' title='bbox 1017 3139 1428 3194; x_wconf 89' lang='lat' dir='ltr'><strong><em>retributionem</em></strong></span> <span class='ocrx_word' id='word_1_233' title='bbox 1459 3138 1798 3206; x_wconf 88' lang='lat' dir='ltr'><strong><em>perceperit,</em></strong></span> 
     </span>
    </p>
   </div>
   <div class='ocr_carea' id='block_1_32' title="bbox 180 3227 1798 3300">
    <p class='ocr_par' dir='ltr' id='par_1_32' title="bbox 180 3227 1798 3300">
     <span class='ocr_line' id='line_1_32' title="bbox 180 3227 1798 3300; baseline -0.005 -12"><span class='ocrx_word' id='word_1_234' title='bbox 180 3250 291 3289; x_wconf 85' lang='lat' dir='ltr'><strong><em>non</em></strong></span> <span class='ocrx_word' id='word_1_235' title='bbox 333 3236 705 3300; x_wconf 83' lang='lat' dir='ltr'><strong><em>experimento</em></strong></span> <span class='ocrx_word' id='word_1_236' title='bbox 736 3251 750 3286; x_wconf 92' lang='lat'><strong>:</strong></span> <span class='ocrx_word' id='word_1_237' title='bbox 781 3231 981 3300; x_wconf 87' lang='lat' dir='ltr'><strong><em>alioqui</em></strong></span> <span class='ocrx_word' id='word_1_238' title='bbox 1009 3272 1023 3293; x_wconf 89' lang='lat'><strong><em>,</em></strong></span> <span class='ocrx_word' id='word_1_239' title='bbox 1071 3230 1169 3282; x_wconf 85' lang='lat' dir='ltr'><strong><em>nisi</em></strong></span> <span class='ocrx_word' id='word_1_240' title='bbox 1231 3243 1319 3284; x_wconf 85' lang='lat' dir='ltr'><strong><em>res</em></strong></span> <span class='ocrx_word' id='word_1_241' title='bbox 1349 3227 1420 3282; x_wconf 84' lang='lat' dir='ltr'><strong><em>ita</em></strong></span> <span class='ocrx_word' id='word_1_242' title='bbox 1452 3242 1510 3283; x_wconf 89' lang='lat' dir='ltr'><strong><em>se</em></strong></span> <span class='ocrx_word' id='word_1_243' title='bbox 1539 3228 1798 3294; x_wconf 89' lang='lat' dir='ltr'><strong><em>haberet,</em></strong></span> 
     </span>
    </p>
   </div>
   <div class='ocr_carea' id='block_1_33' title="bbox 179 3322 1799 3395">
    <p class='ocr_par' dir='ltr' id='par_1_33' title="bbox 179 3322 1799 3395">
     <span class='ocr_line' id='line_1_33' title="bbox 179 3322 1799 3395; baseline -0.002 -15"><span class='ocrx_word' id='word_1_244' title='bbox 179 3343 290 3380; x_wconf 75' lang='lat' dir='ltr'><strong><em>non</em></strong></span> <span class='ocrx_word' id='word_1_245' title='bbox 315 3326 536 3382; x_wconf 85' lang='lat' dir='ltr'><strong><em>dixisset</em></strong></span> <span class='ocrx_word' id='word_1_246' title='bbox 564 3325 732 3395; x_wconf 85' lang='lat' dir='ltr'><strong><em>(Psal.</em></strong></span> <span class='ocrx_word' id='word_1_247' title='bbox 762 3325 884 3380; x_wconf 85' lang='lat' dir='ltr'><strong><em>ll5.</em></strong></span> <span class='ocrx_word' id='word_1_248' title='bbox 919 3323 1005 3391; x_wconf 87' lang='lat' dir='ltr'><strong><em>l0)</em></strong></span> <span class='ocrx_word' id='word_1_249' title='bbox 1036 3342 1048 3376; x_wconf 92' lang='lat'>:</span> <span class='ocrx_word' id='word_1_250' title='bbox 1079 3322 1304 3389; x_wconf 82' lang='lat' dir='ltr'><strong><em>Credidi,</em></strong></span> <span class='ocrx_word' id='word_1_251' title='bbox 1332 3332 1538 3392; x_wconf 85' lang='lat' dir='ltr'><strong><em>propter</em></strong></span> <span class='ocrx_word' id='word_1_252' title='bbox 1560 3322 1697 3391; x_wconf 86' lang='lat' dir='ltr'><strong><em>quod</em></strong></span> <span class='ocrx_word' id='word_1_253' title='bbox 1720 3323 1799 3376; x_wconf 89' lang='lat' dir='ltr'><strong><em>lo-</em></strong></span> 
     </span>
    </p>
   </div>
   <div class='ocr_carea' id='block_1_34' title="bbox 178 3414 1797 3489">
    <p class='ocr_par' dir='ltr' id='par_1_34' title="bbox 178 3414 1797 3489">
     <span class='ocr_line' id='line_1_34' title="bbox 178 3414 1797 3489; baseline -0.001 -19"><span class='ocrx_word' id='word_1_254' title='bbox 178 3427 376 3489; x_wconf 74' lang='lat' dir='ltr'><strong><em>quutus</em></strong></span> <span class='ocrx_word' id='word_1_255' title='bbox 402 3435 533 3472; x_wconf 85' lang='lat' dir='ltr'><strong><em>sum.</em></strong></span> <span class='ocrx_word' id='word_1_256' title='bbox 555 3416 714 3473; x_wconf 81' lang='lat' dir='ltr'><strong><em>Fides</em></strong></span> <span class='ocrx_word' id='word_1_257' title='bbox 742 3417 884 3472; x_wconf 90' lang='lat' dir='ltr'><strong><em>enim</em></strong></span> <span class='ocrx_word' id='word_1_258' title='bbox 916 3415 980 3470; x_wconf 86' lang='lat' dir='ltr'><strong><em>ad</em></strong></span> <span class='ocrx_word' id='word_1_259' title='bbox 1009 3429 1070 3471; x_wconf 86' lang='lat' dir='ltr'><strong><em>ea</em></strong></span> <span class='ocrx_word' id='word_1_260' title='bbox 1093 3431 1212 3485; x_wconf 73' lang='lat' dir='ltr'><strong><em>qua:</em></strong></span> <span class='ocrx_word' id='word_1_261' title='bbox 1234 3423 1520 3485; x_wconf 71' lang='lat' dir='ltr'><strong><em>sperantur</em></strong></span> <span class='ocrx_word' id='word_1_262' title='bbox 1548 3414 1797 3479; x_wconf 80' lang='lat' dir='ltr'><strong><em>refertur,</em></strong></span> 
     </span>
    </p>
   </div>
   <div class='ocr_carea' id='block_1_35' title="bbox 179 3505 1802 3580">
    <p class='ocr_par' dir='ltr' id='par_1_35' title="bbox 179 3505 1802 3580">
     <span class='ocr_line' id='line_1_35' title="bbox 179 3505 1802 3580; baseline -0.002 -14"><span class='ocrx_word' id='word_1_263' title='bbox 179 3526 291 3566; x_wconf 86' lang='lat' dir='ltr'><strong><em>non</em></strong></span> <span class='ocrx_word' id='word_1_264' title='bbox 317 3510 384 3564; x_wconf 90' lang='lat' dir='ltr'><strong><em>ad</em></strong></span> <span class='ocrx_word' id='word_1_265' title='bbox 413 3525 471 3572; x_wconf 87' lang='lat' dir='ltr'><strong><em>ea</em></strong></span> <span class='ocrx_word' id='word_1_266' title='bbox 500 3525 619 3580; x_wconf 61' lang='lat' dir='ltr'><strong><em>qua:</em></strong></span> <span class='ocrx_word' id='word_1_267' title='bbox 647 3509 897 3563; x_wconf 89' lang='lat' dir='ltr'><strong><em>videntur</em></strong></span> <span class='ocrx_word' id='word_1_268' title='bbox 921 3525 934 3561; x_wconf 93' lang='lat'>:</span> <span class='ocrx_word' id='word_1_269' title='bbox 960 3507 1099 3577; x_wconf 89' lang='lat' dir='ltr'><strong><em>quod</em></strong></span> <span class='ocrx_word' id='word_1_270' title='bbox 1123 3507 1266 3562; x_wconf 91' lang='lat' dir='ltr'><strong><em>enim</em></strong></span> <span class='ocrx_word' id='word_1_271' title='bbox 1296 3505 1441 3560; x_wconf 88' lang='lat' dir='ltr'><strong><em>videt</em></strong></span> <span class='ocrx_word' id='word_1_272' title='bbox 1467 3506 1610 3575; x_wconf 89' lang='lat' dir='ltr'><strong><em>quis,</em></strong></span> <span class='ocrx_word' id='word_1_273' title='bbox 1643 3505 1802 3575; x_wconf 88' lang='lat' dir='ltr'><strong><em>plane</em></strong></span> 
     </span>
    </p>
   </div>
   <div class='ocr_carea' id='block_1_36' title="bbox 178 3597 1802 3672">
    <p class='ocr_par' dir='ltr' id='par_1_36' title="bbox 178 3597 1802 3672">
     <span class='ocr_line' id='line_1_36' title="bbox 178 3597 1802 3672; baseline -0.002 -15"><span class='ocrx_word' id='word_1_274' title='bbox 178 3619 292 3657; x_wconf 90' lang='lat' dir='ltr'><strong><em>non</em></strong></span> <span class='ocrx_word' id='word_1_275' title='bbox 325 3610 505 3671; x_wconf 83' lang='lat' dir='ltr'><strong><em>sperat</em></strong></span> <span class='ocrx_word' id='word_1_276' title='bbox 532 3601 716 3671; x_wconf 84' lang='lat' dir='ltr'><strong><em>(Hebr.</em></strong></span> <span class='ocrx_word' id='word_1_277' title='bbox 749 3601 838 3658; x_wconf 90' lang='lat' dir='ltr'><strong><em>ll.</em></strong></span> <span class='ocrx_word' id='word_1_278' title='bbox 869 3599 968 3672; x_wconf 93' lang='lat' dir='ltr'><strong><em>l.).</em></strong></span> <span class='ocrx_word' id='word_1_279' title='bbox 1000 3598 1057 3655; x_wconf 89' lang='lat' dir='ltr'><strong><em>Si</em></strong></span> <span class='ocrx_word' id='word_1_280' title='bbox 1098 3599 1257 3669; x_wconf 81' lang='lat' dir='ltr'><strong><em>igitur</em></strong></span> <span class='ocrx_word' id='word_1_281' title='bbox 1280 3597 1508 3654; x_wconf 89' lang='lat' dir='ltr'><strong><em>credidit</em></strong></span> <span class='ocrx_word' id='word_1_282' title='bbox 1530 3640 1545 3665; x_wconf 94' lang='lat'><strong><em>,</em></strong></span> <span class='ocrx_word' id='word_1_283' title='bbox 1581 3598 1683 3652; x_wconf 78' lang='lat' dir='ltr'><strong><em>illis</em></strong></span> <span class='ocrx_word' id='word_1_284' title='bbox 1721 3598 1802 3653; x_wconf 85' lang='lat' dir='ltr'><strong><em>ni-</em></strong></span> 
     </span>
    </p>
   </div>
   <div class='ocr_carea' id='block_1_37' title="bbox 177 3689 1800 3762">
    <p class='ocr_par' dir='ltr' id='par_1_37' title="bbox 177 3689 1800 3762">
     <span class='ocr_line' id='line_1_37' title="bbox 177 3689 1800 3762; baseline -0.003 -12"><span class='ocrx_word' id='word_1_285' title='bbox 177 3697 384 3750; x_wconf 88' lang='lat' dir='ltr'><strong><em>mirum</em></strong></span> <span class='ocrx_word' id='word_1_286' title='bbox 426 3693 656 3748; x_wconf 87' lang='lat' dir='ltr'><strong><em>credidit</em></strong></span> <span class='ocrx_word' id='word_1_287' title='bbox 687 3709 808 3762; x_wconf 79' lang='lat' dir='ltr'><strong><em>qua:</em></strong></span> <span class='ocrx_word' id='word_1_288' title='bbox 837 3693 1106 3762; x_wconf 77' lang='lat' dir='ltr'><strong><em>sperabat.</em></strong></span> <span class='ocrx_word' id='word_1_289' title='bbox 1137 3689 1289 3759; x_wconf 86' lang='lat' dir='ltr'><strong><em>Quod</em></strong></span> <span class='ocrx_word' id='word_1_290' title='bbox 1331 3691 1376 3745; x_wconf 88' lang='lat' dir='ltr'><strong><em>si</em></strong></span> <span class='ocrx_word' id='word_1_291' title='bbox 1423 3690 1501 3744; x_wconf 86' lang='lat' dir='ltr'><strong><em>eis</em></strong></span> <span class='ocrx_word' id='word_1_292' title='bbox 1531 3706 1652 3760; x_wconf 73' lang='lat' dir='ltr'><strong><em>qua:</em></strong></span> <span class='ocrx_word' id='word_1_293' title='bbox 1676 3705 1800 3761; x_wconf 87' lang='lat' dir='ltr'><strong><em>spe-</em></strong></span> 
     </span>
    </p>
   </div>
   <div class='ocr_carea' id='block_1_38' title="bbox 179 3781 1797 3852">
    <p class='ocr_par' dir='ltr' id='par_1_38' title="bbox 179 3781 1797 3852">
     <span class='ocr_line' id='line_1_38' title="bbox 179 3781 1797 3852; baseline -0.002 -12"><span class='ocrx_word' id='word_1_294' title='bbox 179 3785 342 3840; x_wconf 88' lang='lat' dir='ltr'><strong><em>rabat</em></strong></span> <span class='ocrx_word' id='word_1_295' title='bbox 387 3783 633 3848; x_wconf 87' lang='lat' dir='ltr'><strong><em>credidit,</em></strong></span> <span class='ocrx_word' id='word_1_296' title='bbox 665 3799 783 3852; x_wconf 76' lang='lat' dir='ltr'><strong><em>qtue</em></strong></span> <span class='ocrx_word' id='word_1_297' title='bbox 833 3799 958 3836; x_wconf 87' lang='lat' dir='ltr'><strong><em>vero</em></strong></span> <span class='ocrx_word' id='word_1_298' title='bbox 1005 3790 1328 3852; x_wconf 88' lang='lat' dir='ltr'><strong><em>sperantur,</em></strong></span> <span class='ocrx_word' id='word_1_299' title='bbox 1373 3796 1479 3835; x_wconf 90' lang='lat' dir='ltr'><strong><em>non</em></strong></span> <span class='ocrx_word' id='word_1_300' title='bbox 1527 3781 1797 3850; x_wconf 89' lang='lat' dir='ltr'><strong><em>videntur,</em></strong></span> 
     </span>
    </p>
   </div>
   <div class='ocr_carea' id='block_1_39' title="bbox 178 3871 1797 3944">
    <p class='ocr_par' dir='ltr' id='par_1_39' title="bbox 178 3871 1797 3944">
     <span class='ocr_line' id='line_1_39' title="bbox 178 3871 1797 3944; baseline -0.002 -15"><span class='ocrx_word' id='word_1_301' title='bbox 178 3874 538 3944; x_wconf 84' lang='lat' dir='ltr'><strong><em>consequitur</em></strong></span> <span class='ocrx_word' id='word_1_302' title='bbox 575 3890 698 3928; x_wconf 89' lang='lat' dir='ltr'><strong><em>eum</em></strong></span> <span class='ocrx_word' id='word_1_303' title='bbox 744 3889 852 3927; x_wconf 89' lang='lat' dir='ltr'><strong><em>non</em></strong></span> <span class='ocrx_word' id='word_1_304' title='bbox 903 3872 1173 3939; x_wconf 73' lang='lat' dir='ltr'><strong><em>recepisse</em></strong></span> <span class='ocrx_word' id='word_1_305' title='bbox 1200 3887 1260 3926; x_wconf 90' lang='lat' dir='ltr'><strong><em>ea</em></strong></span> <span class='ocrx_word' id='word_1_306' title='bbox 1289 3887 1408 3940; x_wconf 71' lang='lat' dir='ltr'><strong><em>qua:</em></strong></span> <span class='ocrx_word' id='word_1_307' title='bbox 1453 3871 1797 3937; x_wconf 86' lang='lat' dir='ltr'><strong><em>crediderat;</em></strong></span> 
     </span>
    </p>
   </div>
   <div class='ocr_carea' id='block_1_40' title="bbox 179 3961 1800 4038">
    <p class='ocr_par' dir='ltr' id='par_1_40' title="bbox 179 3961 1800 4038">
     <span class='ocr_line' id='line_1_40' title="bbox 179 3961 1800 4038; baseline -0.004 -14"><span class='ocrx_word' id='word_1_308' title='bbox 179 3977 470 4038; x_wconf 87' lang='lat' dir='ltr'><strong><em>prOpterea</em></strong></span> <span class='ocrx_word' id='word_1_309' title='bbox 502 3965 919 4032; x_wconf 81' lang='lat' dir='ltr'><strong><em>dicit,ﬂabentes</em></strong></span> <span class='ocrx_word' id='word_1_310' title='bbox 948 3966 1178 4019; x_wconf 84' lang='lat' dir='ltr'><strong><em>eumdem</em></strong></span> <span class='ocrx_word' id='word_1_311' title='bbox 1210 3961 1462 4034; x_wconf 85' lang='lat' dir='ltr'><strong><em>Spiritum</em></strong></span> <span class='ocrx_word' id='word_1_312' title='bbox 1499 3963 1624 4032; x_wconf 78' lang='lat' dir='ltr'><strong><em>ﬁdei</em></strong></span> <span class='ocrx_word' id='word_1_313' title='bbox 1653 3981 1672 4017; x_wconf 91' lang='lat'><strong><em>:</em></strong></span> <span class='ocrx_word' id='word_1_314' title='bbox 1700 3964 1800 4018; x_wconf 89' lang='lat' dir='ltr'><strong><em>hoc</em></strong></span> 
     </span>
    </p>
   </div>
   <div class='ocr_carea' id='block_1_41' title="bbox 177 4054 1795 4127">
    <p class='ocr_par' dir='ltr' id='par_1_41' title="bbox 177 4054 1795 4127">
     <span class='ocr_line' id='line_1_41' title="bbox 177 4054 1795 4127; baseline -0.004 -13"><span class='ocrx_word' id='word_1_315' title='bbox 177 4068 271 4116; x_wconf 86' lang='lat' dir='ltr'><strong><em>est</em></strong></span> <span class='ocrx_word' id='word_1_316' title='bbox 295 4100 312 4125; x_wconf 92' lang='lat'><strong><em>,</em></strong></span> <span class='ocrx_word' id='word_1_317' title='bbox 341 4058 588 4114; x_wconf 83' lang='lat' dir='ltr'><strong><em>eamdem</em></strong></span> <span class='ocrx_word' id='word_1_318' title='bbox 620 4057 776 4113; x_wconf 88' lang='lat' dir='ltr'><strong><em>fidem</em></strong></span> <span class='ocrx_word' id='word_1_319' title='bbox 797 4098 811 4123; x_wconf 96' lang='lat'><strong><em>,</em></strong></span> <span class='ocrx_word' id='word_1_320' title='bbox 842 4073 962 4127; x_wconf 83' lang='lat' dir='ltr'><strong><em>qua:</em></strong></span> <span class='ocrx_word' id='word_1_321' title='bbox 991 4055 1087 4110; x_wconf 91' lang='lat' dir='ltr'><strong><em>fuit</em></strong></span> <span class='ocrx_word' id='word_1_322' title='bbox 1116 4056 1168 4110; x_wconf 90' lang='lat' dir='ltr'><strong><em>in</em></strong></span> <span class='ocrx_word' id='word_1_323' title='bbox 1199 4055 1379 4109; x_wconf 80' lang='lat' dir='ltr'><strong><em>Veteri</em></strong></span> <span class='ocrx_word' id='word_1_324' title='bbox 1407 4054 1751 4110; x_wconf 86' lang='lat' dir='ltr'><strong><em>Testamento</em></strong></span> <span class='ocrx_word' id='word_1_325' title='bbox 1781 4098 1795 4123; x_wconf 94' lang='lat'><strong><em>,</em></strong></span> 
     </span>
    </p>
   </div>
   <div class='ocr_carea' id='block_1_42' title="bbox 177 4145 1798 4217">
    <p class='ocr_par' dir='ltr' id='par_1_42' title="bbox 177 4145 1798 4217">
     <span class='ocr_line' id='line_1_42' title="bbox 177 4145 1798 4217; baseline -0.003 -11"><span class='ocrx_word' id='word_1_326' title='bbox 177 4151 352 4206; x_wconf 86' lang='lat' dir='ltr'><strong><em>etiam</em></strong></span> <span class='ocrx_word' id='word_1_327' title='bbox 379 4165 479 4204; x_wconf 79' lang='lat' dir='ltr'><strong><em>nos</em></strong></span> <span class='ocrx_word' id='word_1_328' title='bbox 505 4149 787 4204; x_wconf 84' lang='lat' dir='ltr'><strong><em>habemus.</em></strong></span> <span class='ocrx_word' id='word_1_329' title='bbox 819 4149 1158 4217; x_wconf 82' lang='lat' dir='ltr'><strong><em>Quapmpter</em></strong></span> <span class='ocrx_word' id='word_1_330' title='bbox 1187 4154 1244 4201; x_wconf 91' lang='lat' dir='ltr'><strong><em>et</em></strong></span> <span class='ocrx_word' id='word_1_331' title='bbox 1267 4145 1394 4200; x_wconf 90' lang='lat' dir='ltr'><strong><em>alibi</em></strong></span> <span class='ocrx_word' id='word_1_332' title='bbox 1419 4146 1486 4200; x_wconf 90' lang='lat' dir='ltr'><strong><em>de</em></strong></span> <span class='ocrx_word' id='word_1_333' title='bbox 1511 4145 1630 4214; x_wconf 86' lang='lat' dir='ltr'><strong><em>ejus</em></strong></span> <span class='ocrx_word' id='word_1_334' title='bbox 1661 4155 1798 4201; x_wconf 89' lang='lat' dir='ltr'><strong><em>tem-</em></strong></span> 
     </span>
    </p>
   </div>
   <div class='ocr_carea' id='block_1_43' title="bbox 178 4236 1798 4312">
    <p class='ocr_par' dir='ltr' id='par_1_43' title="bbox 178 4236 1798 4312">
     <span class='ocr_line' id='line_1_43' title="bbox 178 4236 1798 4312; baseline -0.003 -15"><span class='ocrx_word' id='word_1_335' title='bbox 178 4241 342 4312; x_wconf 86' lang='lat' dir='ltr'><strong><em>poris</em></strong></span> <span class='ocrx_word' id='word_1_336' title='bbox 365 4241 567 4296; x_wconf 84' lang='lat' dir='ltr'><strong><em>sanctis</em></strong></span> <span class='ocrx_word' id='word_1_337' title='bbox 582 4240 646 4294; x_wconf 86' lang='lat' dir='ltr'><strong><em>ad</em></strong></span> <span class='ocrx_word' id='word_1_338' title='bbox 671 4239 813 4294; x_wconf 88' lang='lat' dir='ltr'><strong><em>hunc</em></strong></span> <span class='ocrx_word' id='word_1_339' title='bbox 841 4238 1058 4294; x_wconf 89' lang='lat' dir='ltr'><strong><em>modum</em></strong></span> <span class='ocrx_word' id='word_1_340' title='bbox 1089 4239 1326 4308; x_wconf 88' lang='lat' dir='ltr'><strong><em>loquitur</em></strong></span> <span class='ocrx_word' id='word_1_341' title='bbox 1356 4254 1370 4293; x_wconf 91' lang='lat'><strong>:</strong></span> <span class='ocrx_word' id='word_1_342' title='bbox 1403 4236 1720 4292; x_wconf 85' lang='lat' dir='ltr'><strong><em>Circuierunt</em></strong></span> <span class='ocrx_word' id='word_1_343' title='bbox 1746 4239 1798 4292; x_wconf 85' lang='lat' dir='ltr'><strong><em>in</em></strong></span> 
     </span>
    </p>
   </div>
   <div class='ocr_carea' id='block_1_44' title="bbox 181 4327 1792 4399">
    <p class='ocr_par' dir='ltr' id='par_1_44' title="bbox 181 4327 1792 4399">
     <span class='ocr_line' id='line_1_44' title="bbox 181 4327 1792 4399; baseline -0.002 -15"><span class='ocrx_word' id='word_1_344' title='bbox 181 4330 409 4393; x_wconf 68' lang='lat' dir='ltr'><strong><em>mdotis,</em></strong></span> <span class='ocrx_word' id='word_1_345' title='bbox 439 4330 492 4384; x_wconf 86' lang='lat' dir='ltr'><strong><em>in</em></strong></span> <span class='ocrx_word' id='word_1_346' title='bbox 513 4329 730 4398; x_wconf 81' lang='lat' dir='ltr'><strong><em>pellibus</em></strong></span> <span class='ocrx_word' id='word_1_347' title='bbox 757 4329 1000 4399; x_wconf 85' lang='lat' dir='ltr'><strong><em>caprinis,</em></strong></span> <span class='ocrx_word' id='word_1_348' title='bbox 1033 4337 1253 4398; x_wconf 83' lang='lat' dir='ltr'><strong><em>egentes,</em></strong></span> <span class='ocrx_word' id='word_1_349' title='bbox 1277 4327 1465 4398; x_wconf 70' lang='lat' dir='ltr'><strong><em>afﬂicti,</em></strong></span> <span class='ocrx_word' id='word_1_350' title='bbox 1492 4329 1792 4398; x_wconf 85' lang='lat' dir='ltr'><strong><em>angustiati,</em></strong></span> 
     </span>
    </p>
   </div>
   <div class='ocr_carea' id='block_1_45' title="bbox 178 4417 1798 4489">
    <p class='ocr_par' dir='ltr' id='par_1_45' title="bbox 178 4417 1798 4489">
     <span class='ocr_line' id='line_1_45' title="bbox 178 4417 1798 4489; baseline 0 -17"><span class='ocrx_word' id='word_1_351' title='bbox 178 4420 368 4484; x_wconf 76' lang='lat' dir='ltr'><strong><em>quibus</em></strong></span> <span class='ocrx_word' id='word_1_352' title='bbox 411 4419 596 4489; x_wconf 80' lang='lat' dir='ltr'><strong><em>dignus</em></strong></span> <span class='ocrx_word' id='word_1_353' title='bbox 636 4436 738 4474; x_wconf 77' lang='lat' dir='ltr'><strong><em>non</em></strong></span> <span class='ocrx_word' id='word_1_354' title='bbox 777 4429 884 4472; x_wconf 86' lang='lat' dir='ltr'><strong><em>erat</em></strong></span> <span class='ocrx_word' id='word_1_355' title='bbox 909 4419 1128 4472; x_wconf 87' lang='lat' dir='ltr'><strong><em>mundus</em></strong></span> <span class='ocrx_word' id='word_1_356' title='bbox 1157 4417 1175 4487; x_wconf 89' lang='lat'>(</span> <span class='ocrx_word' id='word_1_357' title='bbox 1207 4417 1362 4470; x_wconf 87' lang='lat' dir='ltr'><strong><em>Ilcbr.</em></strong></span> <span class='ocrx_word' id='word_1_358' title='bbox 1395 4418 1480 4473; x_wconf 94' lang='lat' dir='ltr'><strong><em>ll.</em></strong></span> <span class='ocrx_word' id='word_1_359' title='bbox 1510 4419 1600 4472; x_wconf 69' lang='grc' dir='ltr'><strong><em>δῖ.</em></strong></span> <span class='ocrx_word' id='word_1_360' title='bbox 1638 4417 1748 4489; x_wconf 73' lang='lat'><strong><em>38)</em></strong></span> <span class='ocrx_word' id='word_1_361' title='bbox 1782 4435 1798 4472; x_wconf 88' lang='lat'><strong>:</strong></span> 
     </span>
    </p>
   </div>
   <div class='ocr_carea' id='block_1_46' title="bbox 179 4508 1794 4581">
    <p class='ocr_par' dir='ltr' id='par_1_46' title="bbox 179 4508 1794 4581">
     <span class='ocr_line' id='line_1_46' title="bbox 179 4508 1794 4581; baseline -0.002 -12"><span class='ocrx_word' id='word_1_362' title='bbox 179 4511 388 4569; x_wconf 87' lang='lat' dir='ltr'><strong><em>deinde</em></strong></span> <span class='ocrx_word' id='word_1_363' title='bbox 434 4512 638 4568; x_wconf 88' lang='lat' dir='ltr'><strong><em>docens</em></strong></span> <span class='ocrx_word' id='word_1_364' title='bbox 689 4527 784 4568; x_wconf 87' lang='lat' dir='ltr'><strong><em>eos</em></strong></span> <span class='ocrx_word' id='word_1_365' title='bbox 825 4512 1156 4566; x_wconf 84' lang='lat' dir='ltr'><strong><em>calamitates</em></strong></span> <span class='ocrx_word' id='word_1_366' title='bbox 1198 4508 1412 4580; x_wconf 84' lang='lat' dir='ltr'><strong><em>quidem</em></strong></span> <span class='ocrx_word' id='word_1_367' title='bbox 1465 4511 1794 4581; x_wconf 87' lang='lat' dir='ltr'><strong><em>pertulisse,</em></strong></span> 
     </span>
    </p>
   </div>
   <div class='ocr_carea' id='block_1_47' title="bbox 177 4599 1798 4669">
    <p class='ocr_par' dir='ltr' id='par_1_47' title="bbox 177 4599 1798 4669">
     <span class='ocr_line' id='line_1_47' title="bbox 177 4599 1798 4669; baseline -0.001 -11"><span class='ocrx_word' id='word_1_368' title='bbox 177 4600 494 4658; x_wconf 83' lang='lat' dir='ltr'><strong><em>mercedem</em></strong></span> <span class='ocrx_word' id='word_1_369' title='bbox 520 4615 650 4657; x_wconf 73' lang='lat' dir='ltr'><strong><em>vero</em></strong></span> <span class='ocrx_word' id='word_1_370' title='bbox 673 4600 907 4655; x_wconf 87' lang='lat' dir='ltr'><strong><em>nondum</em></strong></span> <span class='ocrx_word' id='word_1_371' title='bbox 934 4601 1224 4669; x_wconf 87' lang='lat' dir='ltr'><strong><em>recepisse,</em></strong></span> <span class='ocrx_word' id='word_1_372' title='bbox 1252 4599 1433 4654; x_wconf 88' lang='lat' dir='ltr'><strong><em>subdit</em></strong></span> <span class='ocrx_word' id='word_1_373' title='bbox 1456 4600 1617 4656; x_wconf 81' lang='lat' dir='ltr'><strong><em>verba</em></strong></span> <span class='ocrx_word' id='word_1_374' title='bbox 1646 4599 1762 4656; x_wconf 75' lang='lat' dir='ltr'><strong><em>lucc</em></strong></span> <span class='ocrx_word' id='word_1_375' title='bbox 1780 4640 1798 4669; x_wconf 94' lang='lat'><strong><em>,</em></strong></span> 
     </span>
    </p>
   </div>
   <div class='ocr_carea' id='block_1_48' title="bbox 180 4690 1772 4761">
    <p class='ocr_par' dir='ltr' id='par_1_48' title="bbox 180 4690 1772 4761">
     <span class='ocr_line' id='line_1_48' title="bbox 180 4690 1772 4761; baseline -0.001 -14"><span class='ocrx_word' id='word_1_376' title='bbox 180 4690 256 4747; x_wconf 87' lang='lat' dir='ltr'><strong><em>In</em></strong></span> <span class='ocrx_word' id='word_1_377' title='bbox 285 4690 390 4761; x_wconf 77' lang='lat' dir='ltr'><strong><em>ﬁde</em></strong></span> <span class='ocrx_word' id='word_1_378' title='bbox 415 4692 604 4746; x_wconf 81' lang='lat' dir='ltr'><strong><em>mortui</em></strong></span> <span class='ocrx_word' id='word_1_379' title='bbox 639 4700 755 4745; x_wconf 85' lang='lat' dir='ltr'><strong><em>sunt</em></strong></span> <span class='ocrx_word' id='word_1_380' title='bbox 796 4706 968 4745; x_wconf 88' lang='lat' dir='ltr'><strong><em>omnes</em></strong></span> <span class='ocrx_word' id='word_1_381' title='bbox 1016 4690 1070 4744; x_wconf 82' lang='lat' dir='ltr'><strong><em>hi</em></strong></span> <span class='ocrx_word' id='word_1_382' title='bbox 1095 4731 1108 4752; x_wconf 87' lang='lat'><strong><em>,</em></strong></span> <span class='ocrx_word' id='word_1_383' title='bbox 1141 4705 1231 4742; x_wconf 83' lang='lat' dir='ltr'><strong><em>nec</em></strong></span> <span class='ocrx_word' id='word_1_384' title='bbox 1270 4690 1627 4759; x_wconf 79' lang='lat' dir='ltr'><strong><em>promissiones</em></strong></span> <span class='ocrx_word' id='word_1_385' title='bbox 1659 4707 1772 4746; x_wconf 85' lang='lat' dir='ltr'><strong><em>rece</em></strong></span> 
     </span>
    </p>
   </div>
   <div class='ocr_carea' id='block_1_49' title="bbox 181 4779 1797 4856">
    <p class='ocr_par' dir='ltr' id='par_1_49' title="bbox 181 4779 1797 4856">
     <span class='ocr_line' id='line_1_49' title="bbox 181 4779 1797 4856; baseline 0.001 -21"><span class='ocrx_word' id='word_1_386' title='bbox 181 4791 395 4851; x_wconf 71' lang='lat' dir='ltr'><strong><em>perunt,</em></strong></span> <span class='ocrx_word' id='word_1_387' title='bbox 426 4781 516 4837; x_wconf 84' lang='lat' dir='ltr'><strong><em>sed</em></strong></span> <span class='ocrx_word' id='word_1_388' title='bbox 542 4799 574 4834; x_wconf 87' lang='lat' dir='ltr'><strong><em>a</em></strong></span> <span class='ocrx_word' id='word_1_389' title='bbox 617 4784 766 4854; x_wconf 83' lang='lat' dir='ltr'><strong><em>longe</em></strong></span> <span class='ocrx_word' id='word_1_390' title='bbox 793 4791 989 4836; x_wconf 82' lang='lat' dir='ltr'><strong><em>tantum</em></strong></span> <span class='ocrx_word' id='word_1_391' title='bbox 1015 4793 1246 4851; x_wconf 85' lang='lat' dir='ltr'><strong><em>aspectas</em></strong></span> <span class='ocrx_word' id='word_1_392' title='bbox 1289 4779 1641 4836; x_wconf 72' lang='lat' dir='ltr'><strong><em>salutauerunt</em></strong></span> <span class='ocrx_word' id='word_1_393' title='bbox 1670 4782 1689 4856; x_wconf 94' lang='lat'>(</span> <span class='ocrx_word' id='word_1_394' title='bbox 1713 4780 1797 4836; x_wconf 88' lang='lat' dir='ltr'><strong><em>lb.</em></strong></span> 
     </span>
    </p>
   </div>
   <div class='ocr_carea' id='block_1_50' title="bbox 181 4872 1797 4947">
    <p class='ocr_par' dir='ltr' id='par_1_50' title="bbox 181 4872 1797 4947">
     <span class='ocr_line' id='line_1_50' title="bbox 181 4872 1797 4947; baseline 0 -16"><span class='ocrx_word' id='word_1_395' title='bbox 181 4891 236 4931; x_wconf 73' lang='grc' dir='ltr'><strong><em>υ.</em></strong></span> <span class='ocrx_word' id='word_1_396' title='bbox 273 4873 366 4930; x_wconf 77' lang='lat'><strong><em>39.</em></strong></span> <span class='ocrx_word' id='word_1_397' title='bbox 395 4884 494 4930; x_wconf 81' lang='lat' dir='ltr'><strong><em>etc.</em></strong></span> <span class='ocrx_word' id='word_1_398' title='bbox 516 4885 566 4947; x_wconf 76' lang='lat' dir='ltr'><strong><em>e_t</em></strong></span> <span class='ocrx_word' id='word_1_399' title='bbox 614 4875 684 4932; x_wconf 75' lang='lat' dir='ltr'><strong><em>l3</em></strong></span> <span class='ocrx_word' id='word_1_400' title='bbox 704 4874 747 4944; x_wconf 92' lang='lat'><strong><em>).</em></strong></span> <span class='ocrx_word' id='word_1_401' title='bbox 782 4873 850 4928; x_wconf 85' lang='lat' dir='ltr'><strong><em>Et</em></strong></span> <span class='ocrx_word' id='word_1_402' title='bbox 879 4872 1150 4944; x_wconf 89' lang='lat' dir='ltr'><strong><em>quomodo</em></strong></span> <span class='ocrx_word' id='word_1_403' title='bbox 1169 4873 1419 4946; x_wconf 82' lang='lat' dir='ltr'><strong><em>viderunt</em></strong></span> <span class='ocrx_word' id='word_1_404' title='bbox 1447 4889 1562 4943; x_wconf 84' lang='lat' dir='ltr'><strong><em>eas,</em></strong></span> <span class='ocrx_word' id='word_1_405' title='bbox 1593 4890 1797 4946; x_wconf 70' lang='lat' dir='ltr'><strong><em>quaeso,</em></strong></span> 
     </span>
    </p>
   </div>
   <div class='ocr_carea' id='block_1_51' title="bbox 179 4961 1797 5036">
    <p class='ocr_par' dir='ltr' id='par_1_51' title="bbox 179 4961 1797 5036">
     <span class='ocr_line' id='line_1_51' title="bbox 179 4961 1797 5036; baseline -0.001 -18"><span class='ocrx_word' id='word_1_406' title='bbox 179 4979 315 5036; x_wconf 62' lang='lat' dir='ltr'><strong><em>qua:</em></strong></span> <span class='ocrx_word' id='word_1_407' title='bbox 344 4963 578 5018; x_wconf 89' lang='lat' dir='ltr'><strong><em>nondum</em></strong></span> <span class='ocrx_word' id='word_1_408' title='bbox 609 4973 764 5020; x_wconf 87' lang='lat' dir='ltr'><strong><em>erant</em></strong></span> <span class='ocrx_word' id='word_1_409' title='bbox 793 4963 1123 5034; x_wconf 57' lang='lat' dir='ltr'><strong><em>praesules?</em></strong></span> <span class='ocrx_word' id='word_1_410' title='bbox 1150 4961 1301 5018; x_wconf 84' lang='lat' dir='ltr'><strong><em>Fidei</em></strong></span> <span class='ocrx_word' id='word_1_411' title='bbox 1333 4964 1582 5018; x_wconf 88' lang='lat' dir='ltr'><strong><em>nimirum</em></strong></span> <span class='ocrx_word' id='word_1_412' title='bbox 1609 4966 1797 5034; x_wconf 78' lang='lat' dir='ltr'><strong><em>oculis,</em></strong></span> 
     </span>
    </p>
   </div>
   <div class='ocr_carea' id='block_1_52' title="bbox 181 5053 1802 5125">
    <p class='ocr_par' dir='ltr' id='par_1_52' title="bbox 181 5053 1802 5125">
     <span class='ocr_line' id='line_1_52' title="bbox 181 5053 1802 5125; baseline 0.004 -21"><span class='ocrx_word' id='word_1_413' title='bbox 181 5053 284 5125; x_wconf 86' lang='lat' dir='ltr'><strong><em>qui</em></strong></span> <span class='ocrx_word' id='word_1_414' title='bbox 311 5053 501 5108; x_wconf 74' lang='lat' dir='ltr'><strong><em>cadum</em></strong></span> <span class='ocrx_word' id='word_1_415' title='bbox 531 5062 836 5124; x_wconf 83' lang='lat' dir='ltr'><strong><em>penetrant,</em></strong></span> <span class='ocrx_word' id='word_1_416' title='bbox 859 5063 915 5110; x_wconf 90' lang='lat' dir='ltr'><strong><em>et</em></strong></span> <span class='ocrx_word' id='word_1_417' title='bbox 942 5068 1061 5124; x_wconf 64' lang='lat' dir='ltr'><strong><em>quae</em></strong></span> <span class='ocrx_word' id='word_1_418' title='bbox 1087 5054 1138 5108; x_wconf 93' lang='lat' dir='ltr'><strong><em>in</em></strong></span> <span class='ocrx_word' id='word_1_419' title='bbox 1162 5067 1230 5109; x_wconf 89' lang='lat' dir='ltr'><strong><em>eo</em></strong></span> <span class='ocrx_word' id='word_1_420' title='bbox 1247 5061 1373 5109; x_wconf 88' lang='lat' dir='ltr'><strong><em>sunt</em></strong></span> <span class='ocrx_word' id='word_1_421' title='bbox 1399 5057 1644 5112; x_wconf 69' lang='lat' dir='ltr'><strong><em>universa</em></strong></span> <span class='ocrx_word' id='word_1_422' title='bbox 1669 5072 1802 5112; x_wconf 88' lang='lat' dir='ltr'><strong><em>con-</em></strong></span> 
     </span>
    </p>
   </div>
   <div class='ocr_carea' id='block_1_53' title="bbox 183 5143 541 5214">
    <p class='ocr_par' dir='ltr' id='par_1_53' title="bbox 183 5143 541 5214">
     <span class='ocr_line' id='line_1_53' title="bbox 183 5143 541 5214; baseline -0.006 -14"><span class='ocrx_word' id='word_1_423' title='bbox 183 5143 541 5214; x_wconf 81' lang='lat' dir='ltr'><strong><em>temptantur.</em></strong></span> 
     </span>
    </p>
   </div>
   <div class='ocr_carea' id='block_1_54' title="bbox 266 5234 1803 5308">
    <p class='ocr_par' dir='ltr' id='par_1_54' title="bbox 266 5234 1803 5308">
     <span class='ocr_line' id='line_1_54' title="bbox 266 5234 1803 5308; baseline 0.001 -17"><span class='ocrx_word' id='word_1_424' title='bbox 266 5236 324 5291; x_wconf 79' lang='lat'><strong><em>9.</em></strong></span> <span class='ocrx_word' id='word_1_425' title='bbox 352 5235 433 5295; x_wconf 85' lang='lat' dir='ltr'><strong><em>&#39;l‘u</em></strong></span> <span class='ocrx_word' id='word_1_426' title='bbox 455 5250 585 5290; x_wconf 88' lang='lat' dir='ltr'><strong><em>vero</em></strong></span> <span class='ocrx_word' id='word_1_427' title='bbox 603 5234 883 5290; x_wconf 87' lang='lat' dir='ltr'><strong><em>considera</em></strong></span> <span class='ocrx_word' id='word_1_428' title='bbox 906 5235 1036 5288; x_wconf 90' lang='lat' dir='ltr'><strong><em>mihi</em></strong></span> <span class='ocrx_word' id='word_1_429' title='bbox 1055 5235 1148 5291; x_wconf 88' lang='lat' dir='ltr'><strong><em>Dei</em></strong></span> <span class='ocrx_word' id='word_1_430' title='bbox 1171 5235 1510 5306; x_wconf 87' lang='lat' dir='ltr'><strong><em>sapientiam,</em></strong></span> <span class='ocrx_word' id='word_1_431' title='bbox 1531 5235 1803 5308; x_wconf 86' lang='lat' dir='ltr'><strong><em>quomodo</em></strong></span> 
     </span>
    </p>
   </div>
   <div class='ocr_carea' id='block_1_55' title="bbox 189 5325 1805 5397">
    <p class='ocr_par' dir='ltr' id='par_1_55' title="bbox 189 5325 1805 5397">
     <span class='ocr_line' id='line_1_55' title="bbox 189 5325 1805 5397; baseline 0.001 -15"><span class='ocrx_word' id='word_1_432' title='bbox 189 5326 306 5382; x_wconf 78' lang='lat' dir='ltr'><strong><em>illis</em></strong></span> <span class='ocrx_word' id='word_1_433' title='bbox 332 5326 549 5396; x_wconf 76' lang='lat' dir='ltr'><strong><em>praemia</em></strong></span> <span class='ocrx_word' id='word_1_434' title='bbox 576 5341 607 5382; x_wconf 91' lang='lat' dir='ltr'><strong><em>e</em></strong></span> <span class='ocrx_word' id='word_1_435' title='bbox 628 5325 919 5397; x_wconf 89' lang='lat' dir='ltr'><strong><em>longinquo</em></strong></span> <span class='ocrx_word' id='word_1_436' title='bbox 936 5327 1253 5392; x_wconf 88' lang='lat' dir='ltr'><strong><em>ostenderit,</em></strong></span> <span class='ocrx_word' id='word_1_437' title='bbox 1271 5343 1390 5396; x_wconf 74' lang='lat' dir='ltr'><strong><em>qua:</em></strong></span> <span class='ocrx_word' id='word_1_438' title='bbox 1419 5327 1538 5381; x_wconf 88' lang='lat' dir='ltr'><strong><em>ideo</em></strong></span> <span class='ocrx_word' id='word_1_439' title='bbox 1558 5328 1672 5382; x_wconf 87' lang='lat' dir='ltr'><strong><em>suis</em></strong></span> <span class='ocrx_word' id='word_1_440' title='bbox 1699 5343 1805 5383; x_wconf 90' lang='lat' dir='ltr'><strong><em>non</em></strong></span> 
     </span>
    </p>
   </div>
   <div class='ocr_carea' id='block_1_56' title="bbox 187 5418 1806 5491">
    <p class='ocr_par' dir='ltr' id='par_1_56' title="bbox 187 5418 1806 5491">
     <span class='ocr_line' id='line_1_56' title="bbox 187 5418 1806 5491; baseline 0.001 -16"><span class='ocrx_word' id='word_1_441' title='bbox 187 5419 377 5475; x_wconf 80' lang='lat' dir='ltr'><strong><em>statim</em></strong></span> <span class='ocrx_word' id='word_1_442' title='bbox 401 5418 570 5486; x_wconf 87' lang='lat' dir='ltr'><strong><em>dedit,</em></strong></span> <span class='ocrx_word' id='word_1_443' title='bbox 599 5435 708 5491; x_wconf 90' lang='lat' dir='ltr'><strong><em>quo</em></strong></span> <span class='ocrx_word' id='word_1_444' title='bbox 735 5419 905 5490; x_wconf 73' lang='lat' dir='ltr'><strong><em>major</em></strong></span> <span class='ocrx_word' id='word_1_445' title='bbox 927 5427 1071 5475; x_wconf 87' lang='lat' dir='ltr'><strong><em>esset</em></strong></span> <span class='ocrx_word' id='word_1_446' title='bbox 1099 5433 1283 5474; x_wconf 88' lang='lat' dir='ltr'><strong><em>eorum</em></strong></span> <span class='ocrx_word' id='word_1_447' title='bbox 1308 5419 1558 5490; x_wconf 86' lang='lat' dir='ltr'><strong><em>patientia</em></strong></span> <span class='ocrx_word' id='word_1_448' title='bbox 1585 5438 1599 5476; x_wconf 93' lang='lat'><strong>:</strong></span> <span class='ocrx_word' id='word_1_449' title='bbox 1627 5429 1806 5476; x_wconf 84' lang='lat' dir='ltr'><strong><em>osten-</em></strong></span> 
     </span>
    </p>
   </div>
   <div class='ocr_carea' id='block_1_57' title="bbox 185 5509 1808 5582">
    <p class='ocr_par' dir='ltr' id='par_1_57' title="bbox 185 5509 1808 5582">
     <span class='ocr_line' id='line_1_57' title="bbox 185 5509 1808 5582; baseline 0.001 -16"><span class='ocrx_word' id='word_1_450' title='bbox 185 5511 279 5567; x_wconf 82' lang='lat' dir='ltr'><strong><em>dis</em></strong></span> <span class='ocrx_word' id='word_1_451' title='bbox 319 5517 500 5565; x_wconf 81' lang='lat' dir='ltr'><strong><em>autem</em></strong></span> <span class='ocrx_word' id='word_1_452' title='bbox 529 5525 563 5566; x_wconf 91' lang='lat' dir='ltr'><strong><em>c</em></strong></span> <span class='ocrx_word' id='word_1_453' title='bbox 592 5511 881 5582; x_wconf 80' lang='lat' dir='ltr'><strong><em>longinquo</em></strong></span> <span class='ocrx_word' id='word_1_454' title='bbox 922 5512 1045 5566; x_wconf 89' lang='lat' dir='ltr'><strong><em>ideo</em></strong></span> <span class='ocrx_word' id='word_1_455' title='bbox 1092 5519 1174 5578; x_wconf 88' lang='lat' dir='ltr'><strong><em>ut,</em></strong></span> <span class='ocrx_word' id='word_1_456' title='bbox 1204 5509 1304 5565; x_wconf 88' lang='lat' dir='ltr'><strong><em>hac</em></strong></span> <span class='ocrx_word' id='word_1_457' title='bbox 1341 5525 1438 5581; x_wconf 89' lang='lat' dir='ltr'><strong><em>spe</em></strong></span> <span class='ocrx_word' id='word_1_458' title='bbox 1477 5511 1662 5567; x_wconf 85' lang='lat' dir='ltr'><strong><em>refecti</em></strong></span> <span class='ocrx_word' id='word_1_459' title='bbox 1693 5552 1708 5579; x_wconf 89' lang='lat'><strong><em>,</em></strong></span> <span class='ocrx_word' id='word_1_460' title='bbox 1740 5528 1808 5567; x_wconf 93' lang='lat' dir='ltr'><strong><em>nc</em></strong></span> 
     </span>
    </p>
   </div>
   <div class='ocr_carea' id='block_1_58' title="bbox 187 5601 1649 5684">
    <p class='ocr_par' dir='ltr' id='par_1_58' title="bbox 187 5601 1649 5684">
     <span class='ocr_line' id='line_1_58' title="bbox 187 5601 1649 5684; baseline -0.002 -24"><span class='ocrx_word' id='word_1_461' title='bbox 187 5616 418 5660; x_wconf 67' lang='lat' dir='ltr'><strong><em>unsum</em></strong></span> <span class='ocrx_word' id='word_1_462' title='bbox 443 5601 660 5684; x_wconf 64' lang='lat' dir='ltr'><strong><em>quidem</em></strong></span> <span class='ocrx_word' id='word_1_463' title='bbox 691 5603 1034 5673; x_wconf 68' lang='lat' dir='ltr'><strong><em>praascntium</em></strong></span> <span class='ocrx_word' id='word_1_464' title='bbox 1051 5602 1304 5657; x_wconf 77' lang='lat' dir='ltr'><strong><em>laborum</em></strong></span> <span class='ocrx_word' id='word_1_465' title='bbox 1331 5603 1649 5673; x_wconf 86' lang='lat' dir='ltr'><strong><em>percipiant.</em></strong></span> 
     </span>
    </p>
   </div>
   <div class='ocr_carea' id='block_1_59' title="bbox 257 5695 1806 5767">
    <p class='ocr_par' dir='ltr' id='par_1_59' title="bbox 257 5695 1806 5767">
     <span class='ocr_line' id='line_1_59' title="bbox 257 5695 1806 5767; baseline 0.001 -19"><span class='ocrx_word' id='word_1_466' title='bbox 257 5695 435 5748; x_wconf 71' lang='lat' dir='ltr'><strong><em>~Aliter</em></strong></span> <span class='ocrx_word' id='word_1_467' title='bbox 458 5712 572 5749; x_wconf 75' lang='lat' dir='ltr'><strong><em>cum</em></strong></span> <span class='ocrx_word' id='word_1_468' title='bbox 599 5695 750 5767; x_wconf 69' lang='lat' dir='ltr'><strong><em>uulgo</em></strong></span> <span class='ocrx_word' id='word_1_469' title='bbox 770 5704 818 5751; x_wconf 87' lang='lat' dir='ltr'><strong><em>et</em></strong></span> <span class='ocrx_word' id='word_1_470' title='bbox 838 5696 988 5761; x_wconf 79' lang='lat' dir='ltr'><strong><em>aliter</em></strong></span> <span class='ocrx_word' id='word_1_471' title='bbox 1016 5711 1128 5749; x_wconf 87' lang='lat' dir='ltr'><strong><em>cum</em></strong></span> <span class='ocrx_word' id='word_1_472' title='bbox 1150 5695 1303 5767; x_wconf 77' lang='lat' dir='ltr'><strong><em>iustis</em></strong></span> <span class='ocrx_word' id='word_1_473' title='bbox 1329 5705 1375 5748; x_wconf 89' lang='lat' dir='ltr'><strong><em>et</em></strong></span> <span class='ocrx_word' id='word_1_474' title='bbox 1402 5697 1593 5750; x_wconf 80' lang='lat' dir='ltr'><strong><em>sanctis</em></strong></span> <span class='ocrx_word' id='word_1_475' title='bbox 1620 5712 1674 5749; x_wconf 92' lang='lat' dir='ltr'><strong><em>se</em></strong></span> <span class='ocrx_word' id='word_1_476' title='bbox 1692 5713 1806 5766; x_wconf 81' lang='lat' dir='ltr'><strong><em>ges-</em></strong></span> 
     </span>
    </p>
   </div>
   <div class='ocr_carea' id='block_1_60' title="bbox 194 5784 1800 5861">
    <p class='ocr_par' dir='ltr' id='par_1_60' title="bbox 194 5784 1800 5861">
     <span class='ocr_line' id='line_1_60' title="bbox 194 5784 1800 5861; baseline 0.001 -17"><span class='ocrx_word' id='word_1_477' title='bbox 194 5787 270 5844; x_wconf 74' lang='lat' dir='ltr'><strong><em>sit</em></strong></span> <span class='ocrx_word' id='word_1_478' title='bbox 301 5784 454 5841; x_wconf 87' lang='lat' dir='ltr'><strong><em>Deus.</em></strong></span> <span class='ocrx_word' id='word_1_479' title='bbox 488 5815 560 5828; x_wconf 90' lang='lat'><strong><em>-—</em></strong></span> <span class='ocrx_word' id='word_1_480' title='bbox 579 5784 686 5845; x_wconf 87' lang='lat' dir='ltr'><strong><em>Sed</em></strong></span> <span class='ocrx_word' id='word_1_481' title='bbox 727 5786 905 5843; x_wconf 76' lang='lat' dir='ltr'><strong><em>forsan</em></strong></span> <span class='ocrx_word' id='word_1_482' title='bbox 943 5787 1136 5860; x_wconf 85' lang='lat' dir='ltr'><strong><em>aliquis</em></strong></span> <span class='ocrx_word' id='word_1_483' title='bbox 1160 5801 1224 5844; x_wconf 86' lang='lat' dir='ltr'><strong><em>es</em></strong></span> <span class='ocrx_word' id='word_1_484' title='bbox 1271 5785 1356 5844; x_wconf 85' lang='lat' dir='ltr'><strong><em>his</em></strong></span> <span class='ocrx_word' id='word_1_485' title='bbox 1383 5785 1475 5861; x_wconf 88' lang='lat' dir='ltr'><strong><em>qui</em></strong></span> <span class='ocrx_word' id='word_1_486' title='bbox 1513 5789 1693 5846; x_wconf 84' lang='lat' dir='ltr'><strong><em>acrius</em></strong></span> <span class='ocrx_word' id='word_1_487' title='bbox 1721 5801 1800 5845; x_wconf 87' lang='lat' dir='ltr'><strong><em>at-</em></strong></span> 
     </span>
    </p>
   </div>
   <div class='ocr_carea' id='block_1_61' title="bbox 815 357 1795 428">
    <p class='ocr_par' dir='ltr' id='par_1_61' title="bbox 815 357 1795 428">
     <span class='ocr_line' id='line_1_61' title="bbox 815 357 1795 428; baseline -0.016 1"><span class='ocrx_word' id='word_1_488' title='bbox 815 367 906 428; x_wconf 71' lang='lat' dir='ltr'><strong><em>DI</em></strong></span> <span class='ocrx_word' id='word_1_489' title='bbox 947 363 1196 427; x_wconf 69' lang='lat' dir='ltr'><strong><em>VERBIS</em></strong></span> <span class='ocrx_word' id='word_1_490' title='bbox 1233 359 1586 427; x_wconf 67' lang='lat' dir='ltr'><strong><em>APCB‘I‘OLI,</em></strong></span> <span class='ocrx_word' id='word_1_491' title='bbox 1631 357 1795 416; x_wconf 75' lang='lat' dir='ltr'><strong><em>“AB!</em></strong></span> 
     </span>
    </p>
   </div>
   <div class='ocr_carea' id='block_1_62' title="bbox 1908 357 2844 428">
    <p class='ocr_par' dir='ltr' id='par_1_62' title="bbox 1908 359 2844 421">
     <span class='ocr_line' id='line_1_62' title="bbox 1908 359 2844 421; baseline 0.005 -5"><span class='ocrx_word' id='word_1_492' title='bbox 1908 359 1996 416; x_wconf 77' lang='lat' dir='ltr'><strong><em>ES</em></strong></span> <span class='ocrx_word' id='word_1_493' title='bbox 2035 359 2325 418; x_wconf 73' lang='lat' dir='ltr'><strong><em>EUMDEM</em></strong></span> <span class='ocrx_word' id='word_1_494' title='bbox 2367 360 2715 421; x_wconf 70' lang='grc' dir='ltr'><strong><em>δινιηιτωι.</em></strong></span> <span class='ocrx_word' id='word_1_495' title='bbox 2758 364 2844 421; x_wconf 88' lang='lat' dir='ltr'><strong><em>lll.</em></strong></span> 
     </span>
    </p>
   </div>
   <div class='ocr_carea' id='block_1_63' title="bbox 3385 381 3496 442">
    <p class='ocr_par' dir='ltr' id='par_1_63' title="bbox 3385 381 3496 442">
     <span class='ocr_line' id='line_1_63' title="bbox 3385 381 3496 442; baseline 0.009 -1"><span class='ocrx_word' id='word_1_496' title='bbox 3385 381 3496 442; x_wconf 71' lang='lat'><strong><em>298</em></strong></span> 
     </span>
    </p>
   </div>
   <div class='ocr_carea' id='block_1_64' title="bbox 1906 478 3504 558">
    <p class='ocr_par' dir='ltr' id='par_1_64' title="bbox 1906 478 3504 558">
     <span class='ocr_line' id='line_1_64' title="bbox 1906 478 3504 558; baseline 0.01 -25"><span class='ocrx_word' id='word_1_497' title='bbox 1906 478 2151 548; x_wconf 90' lang='lat' dir='ltr'><strong><em>tendunt,</em></strong></span> <span class='ocrx_word' id='word_1_498' title='bbox 2186 479 2328 538; x_wconf 90' lang='lat' dir='ltr'><strong><em>inter</em></strong></span> <span class='ocrx_word' id='word_1_499' title='bbox 2354 496 2413 537; x_wconf 88' lang='lat' dir='ltr'><strong><em>se</em></strong></span> <span class='ocrx_word' id='word_1_500' title='bbox 2445 483 2730 554; x_wconf 75' lang='lat' dir='ltr'><strong><em>pugnantia</em></strong></span> <span class='ocrx_word' id='word_1_501' title='bbox 2760 499 2859 550; x_wconf 80' lang='lat' dir='ltr'><strong><em>nos</em></strong></span> <span class='ocrx_word' id='word_1_502' title='bbox 2886 481 3068 541; x_wconf 89' lang='lat' dir='ltr'><strong><em>dicere</em></strong></span> <span class='ocrx_word' id='word_1_503' title='bbox 3095 489 3318 558; x_wconf 84' lang='lat' dir='ltr'><strong><em>putabit.</em></strong></span> <span class='ocrx_word' id='word_1_504' title='bbox 3355 490 3504 550; x_wconf 83' lang='lat' dir='ltr'><strong><em>Dicet</em></strong></span> 
     </span>
    </p>
   </div>
   <div class='ocr_carea' id='block_1_65' title="bbox 1902 571 3504 646">
    <p class='ocr_par' dir='ltr' id='par_1_65' title="bbox 1902 571 3504 646">
     <span class='ocr_line' id='line_1_65' title="bbox 1902 571 3504 646; baseline 0.009 -20"><span class='ocrx_word' id='word_1_505' title='bbox 1902 571 2044 627; x_wconf 91' lang='lat' dir='ltr'><strong><em>enim</em></strong></span> <span class='ocrx_word' id='word_1_506' title='bbox 2077 589 2091 626; x_wconf 88' lang='lat'><strong>:</strong></span> <span class='ocrx_word' id='word_1_507' title='bbox 2120 573 2175 628; x_wconf 91' lang='lat' dir='ltr'><strong><em>Si</em></strong></span> <span class='ocrx_word' id='word_1_508' title='bbox 2207 589 2382 644; x_wconf 86' lang='lat' dir='ltr'><strong><em>neque</em></strong></span> <span class='ocrx_word' id='word_1_509' title='bbox 2423 577 2614 646; x_wconf 89' lang='lat' dir='ltr'><strong><em>priscis</em></strong></span> <span class='ocrx_word' id='word_1_510' title='bbox 2653 577 2758 645; x_wconf 85' lang='lat' dir='ltr'><strong><em>illis</em></strong></span> <span class='ocrx_word' id='word_1_511' title='bbox 2781 577 2960 633; x_wconf 89' lang='lat' dir='ltr'><strong><em>statim</em></strong></span> <span class='ocrx_word' id='word_1_512' title='bbox 2988 579 3166 635; x_wconf 87' lang='lat' dir='ltr'><strong><em>oblata</em></strong></span> <span class='ocrx_word' id='word_1_513' title='bbox 3193 593 3318 638; x_wconf 90' lang='lat' dir='ltr'><strong><em>sunt</em></strong></span> <span class='ocrx_word' id='word_1_514' title='bbox 3363 583 3504 641; x_wconf 84' lang='lat' dir='ltr'><strong><em>bona</em></strong></span> 
     </span>
    </p>
   </div>
   <div class='ocr_carea' id='block_1_66' title="bbox 1901 666 3504 742">
    <p class='ocr_par' dir='ltr' id='par_1_66' title="bbox 1901 666 3504 742">
     <span class='ocr_line' id='line_1_66' title="bbox 1901 666 3504 742; baseline 0.008 -24"><span class='ocrx_word' id='word_1_515' title='bbox 1901 673 1955 719; x_wconf 90' lang='lat' dir='ltr'><strong><em>et</em></strong></span> <span class='ocrx_word' id='word_1_516' title='bbox 1985 666 2222 734; x_wconf 73' lang='lat' dir='ltr'><strong><em>prmmia,</em></strong></span> <span class='ocrx_word' id='word_1_517' title='bbox 2254 667 2379 737; x_wconf 91' lang='lat' dir='ltr'><strong><em>quid</em></strong></span> <span class='ocrx_word' id='word_1_518' title='bbox 2407 668 2479 722; x_wconf 88' lang='lat' dir='ltr'><strong><em>ita</em></strong></span> <span class='ocrx_word' id='word_1_519' title='bbox 2503 670 2716 740; x_wconf 81' lang='lat' dir='ltr'><strong><em>longum</em></strong></span> <span class='ocrx_word' id='word_1_520' title='bbox 2746 669 2974 725; x_wconf 79' lang='lat' dir='ltr'><strong><em>habuisd</em></strong></span> <span class='ocrx_word' id='word_1_521' title='bbox 3007 687 3338 742; x_wconf 84' lang='lat' dir='ltr'><strong><em>sermonem,</em></strong></span> <span class='ocrx_word' id='word_1_522' title='bbox 3368 693 3504 731; x_wconf 87' lang='lat' dir='ltr'><strong><em>enu-</em></strong></span> 
     </span>
    </p>
   </div>
   <div class='ocr_carea' id='block_1_67' title="bbox 1903 757 3504 831">
    <p class='ocr_par' dir='ltr' id='par_1_67' title="bbox 1903 757 3504 831">
     <span class='ocr_line' id='line_1_67' title="bbox 1903 757 3504 831; baseline 0.007 -21"><span class='ocrx_word' id='word_1_523' title='bbox 1903 757 2160 812; x_wconf 89' lang='lat' dir='ltr'><strong><em>merando</em></strong></span> <span class='ocrx_word' id='word_1_524' title='bbox 2175 759 2299 814; x_wconf 88' lang='lat' dir='ltr'><strong><em>anni</em></strong></span> <span class='ocrx_word' id='word_1_525' title='bbox 2324 759 2552 828; x_wconf 84' lang='lat' dir='ltr'><strong><em>partium</em></strong></span> <span class='ocrx_word' id='word_1_526' title='bbox 2579 761 2915 829; x_wconf 87' lang='lat' dir='ltr'><strong><em>temperiem.</em></strong></span> <span class='ocrx_word' id='word_1_527' title='bbox 2935 763 3179 831; x_wconf 88' lang='lat' dir='ltr'><strong><em>corporis</em></strong></span> <span class='ocrx_word' id='word_1_528' title='bbox 3194 765 3504 831; x_wconf 89' lang='lat' dir='ltr'><strong><em>sanitatem,</em></strong></span> 
     </span>
    </p>
   </div>
   <div class='ocr_carea' id='block_1_68' title="bbox 1903 847 3502 923">
    <p class='ocr_par' dir='ltr' id='par_1_68' title="bbox 1903 847 3502 923">
     <span class='ocr_line' id='line_1_68' title="bbox 1903 847 3502 923; baseline 0.008 -21"><span class='ocrx_word' id='word_1_529' title='bbox 1903 847 2192 904; x_wconf 88' lang='lat' dir='ltr'><strong><em>liberorum</em></strong></span> <span class='ocrx_word' id='word_1_530' title='bbox 2220 851 2515 906; x_wconf 84' lang='lat' dir='ltr'><strong><em>bonitatem</em></strong></span> <span class='ocrx_word' id='word_1_531' title='bbox 2546 867 2608 907; x_wconf 90' lang='lat' dir='ltr'><strong><em>ac</em></strong></span> <span class='ocrx_word' id='word_1_532' title='bbox 2637 853 2871 922; x_wconf 86' lang='lat' dir='ltr'><strong><em>copiam,</em></strong></span> <span class='ocrx_word' id='word_1_533' title='bbox 2902 868 3132 908; x_wconf 71' lang='lat' dir='ltr'><strong><em>annona:</em></strong></span> <span class='ocrx_word' id='word_1_534' title='bbox 3159 854 3468 914; x_wconf 82' lang='lat' dir='ltr'><strong><em>facilitatem</em></strong></span> <span class='ocrx_word' id='word_1_535' title='bbox 3488 902 3502 923; x_wconf 89' lang='lat'><strong>.</strong></span> 
     </span>
    </p>
   </div>
   <div class='ocr_carea' id='block_1_69' title="bbox 1904 938 3509 1014">
    <p class='ocr_par' dir='ltr' id='par_1_69' title="bbox 1904 938 3509 1014">
     <span class='ocr_line' id='line_1_69' title="bbox 1904 938 3509 1014; baseline 0.008 -23"><span class='ocrx_word' id='word_1_536' title='bbox 1904 938 2172 994; x_wconf 88' lang='lat' dir='ltr'><strong><em>fructuum</em></strong></span> <span class='ocrx_word' id='word_1_537' title='bbox 2199 940 2578 995; x_wconf 86' lang='lat' dir='ltr'><strong><em>abundantiam</em></strong></span> <span class='ocrx_word' id='word_1_538' title='bbox 2599 980 2617 1010; x_wconf 87' lang='lat'><strong><em>,</em></strong></span> <span class='ocrx_word' id='word_1_539' title='bbox 2658 954 2923 1008; x_wconf 89' lang='lat' dir='ltr'><strong><em>armenta,</em></strong></span> <span class='ocrx_word' id='word_1_540' title='bbox 2954 959 3175 1014; x_wconf 79' lang='lat' dir='ltr'><strong><em>greges,</em></strong></span> <span class='ocrx_word' id='word_1_541' title='bbox 3209 956 3264 1002; x_wconf 89' lang='lat' dir='ltr'><strong><em>et</em></strong></span> <span class='ocrx_word' id='word_1_542' title='bbox 3292 964 3509 1004; x_wconf 88' lang='lat' dir='ltr'><strong><em>omnem</em></strong></span> 
     </span>
    </p>
   </div>
   <div class='ocr_carea' id='block_1_70' title="bbox 1905 1029 3506 1112">
    <p class='ocr_par' dir='ltr' id='par_1_70' title="bbox 1905 1029 3506 1112">
     <span class='ocr_line' id='line_1_70' title="bbox 1905 1029 3506 1112; baseline 0.009 -30"><span class='ocrx_word' id='word_1_543' title='bbox 1905 1029 2116 1086; x_wconf 82' lang='lat' dir='ltr'><strong><em>vivendi</em></strong></span> <span class='ocrx_word' id='word_1_544' title='bbox 2156 1030 2511 1087; x_wconf 80' lang='lat' dir='ltr'><strong><em>felicitatem?</em></strong></span> <span class='ocrx_word' id='word_1_545' title='bbox 2540 1034 2675 1100; x_wconf 84' lang='lat' dir='ltr'><strong><em>Quid</em></strong></span> <span class='ocrx_word' id='word_1_546' title='bbox 2725 1035 2883 1105; x_wconf 82' lang='lat' dir='ltr'><strong><em>igitur</em></strong></span> <span class='ocrx_word' id='word_1_547' title='bbox 2913 1036 2978 1089; x_wconf 91' lang='lat' dir='ltr'><strong><em>ad</em></strong></span> <span class='ocrx_word' id='word_1_548' title='bbox 3009 1036 3112 1091; x_wconf 88' lang='lat' dir='ltr'><strong><em>hoc</em></strong></span> <span class='ocrx_word' id='word_1_549' title='bbox 3149 1047 3232 1093; x_wconf 91' lang='lat' dir='ltr'><strong><em>est</em></strong></span> <span class='ocrx_word' id='word_1_550' title='bbox 3279 1055 3506 1112; x_wconf 83' lang='lat' dir='ltr'><strong><em>respon-</em></strong></span> 
     </span>
    </p>
   </div>
   <div class='ocr_carea' id='block_1_71' title="bbox 1903 1122 3506 1203">
    <p class='ocr_par' dir='ltr' id='par_1_71' title="bbox 1903 1122 3506 1203">
     <span class='ocr_line' id='line_1_71' title="bbox 1903 1122 3506 1203; baseline 0.009 -28"><span class='ocrx_word' id='word_1_551' title='bbox 1903 1122 2138 1178; x_wconf 81' lang='lat' dir='ltr'><strong><em>dendum</em></strong></span> <span class='ocrx_word' id='word_1_552' title='bbox 2162 1124 2187 1177; x_wconf 68' lang='grc' dir='ltr'><em>Υ</em></span> <span class='ocrx_word' id='word_1_553' title='bbox 2210 1125 2382 1181; x_wconf 82' lang='lat' dir='ltr'><strong><em>Aliter</em></strong></span> <span class='ocrx_word' id='word_1_554' title='bbox 2418 1142 2539 1180; x_wconf 90' lang='lat' dir='ltr'><strong><em>eum</em></strong></span> <span class='ocrx_word' id='word_1_555' title='bbox 2590 1125 2747 1196; x_wconf 78' lang='lat' dir='ltr'><strong><em>vulgo</em></strong></span> <span class='ocrx_word' id='word_1_556' title='bbox 2797 1137 2850 1181; x_wconf 87' lang='lat' dir='ltr'><strong><em>et</em></strong></span> <span class='ocrx_word' id='word_1_557' title='bbox 2883 1128 3233 1186; x_wconf 90' lang='lat' dir='ltr'><strong><em>imbecilliore</em></strong></span> <span class='ocrx_word' id='word_1_558' title='bbox 3263 1135 3459 1203; x_wconf 91' lang='lat' dir='ltr'><strong><em>populo</em></strong></span> <span class='ocrx_word' id='word_1_559' title='bbox 3487 1176 3506 1201; x_wconf 95' lang='lat'><strong><em>,</em></strong></span> 
     </span>
    </p>
   </div>
   <div class='ocr_carea' id='block_1_72' title="bbox 1903 1215 3547 1290">
    <p class='ocr_par' dir='ltr' id='par_1_72' title="bbox 1903 1215 3547 1290">
     <span class='ocr_line' id='line_1_72' title="bbox 1903 1215 3547 1290; baseline 0.01 -24"><span class='ocrx_word' id='word_1_560' title='bbox 1903 1215 2058 1268; x_wconf 88' lang='lat' dir='ltr'><strong><em>aliter</em></strong></span> <span class='ocrx_word' id='word_1_561' title='bbox 2076 1231 2196 1270; x_wconf 91' lang='lat' dir='ltr'><strong><em>cum</em></strong></span> <span class='ocrx_word' id='word_1_562' title='bbox 2217 1221 2495 1288; x_wconf 83' lang='lat' dir='ltr'><strong><em>generosis</em></strong></span> <span class='ocrx_word' id='word_1_563' title='bbox 2518 1218 2847 1284; x_wconf 89' lang='lat' dir='ltr'><strong><em>hominibus,</em></strong></span> <span class='ocrx_word' id='word_1_564' title='bbox 2879 1229 2930 1274; x_wconf 78' lang='lat' dir='ltr'><strong><em>ei</em></strong></span> <span class='ocrx_word' id='word_1_565' title='bbox 2953 1235 3096 1285; x_wconf 80' lang='lat' dir='ltr'><strong><em>eain,</em></strong></span> <span class='ocrx_word' id='word_1_566' title='bbox 3125 1240 3244 1290; x_wconf 81' lang='lat' dir='ltr'><strong><em>qur</em></strong></span> <span class='ocrx_word' id='word_1_567' title='bbox 3271 1235 3351 1280; x_wconf 88' lang='lat' dir='ltr'><strong><em>est</em></strong></span> <span class='ocrx_word' id='word_1_568' title='bbox 3376 1225 3510 1283; x_wconf 83' lang='lat' dir='ltr'><strong><em>Novi</em></strong></span> <span class='ocrx_word' id='word_1_569' title='bbox 3545 1242 3547 1244; x_wconf 76' lang='lat'><strong><em>‘</em></strong></span> 
     </span>
    </p>
   </div>
   <div class='ocr_carea' id='block_1_73' title="bbox 1903 1305 3513 1385">
    <p class='ocr_par' dir='ltr' id='par_1_73' title="bbox 1903 1305 3513 1385">
     <span class='ocr_line' id='line_1_73' title="bbox 1903 1305 3513 1385; baseline 0.01 -25"><span class='ocrx_word' id='word_1_570' title='bbox 1903 1305 2230 1362; x_wconf 87' lang='lat' dir='ltr'><strong><em>Testamenti</em></strong></span> <span class='ocrx_word' id='word_1_571' title='bbox 2257 1351 2272 1375; x_wconf 96' lang='lat'><strong><em>,</em></strong></span> <span class='ocrx_word' id='word_1_572' title='bbox 2309 1309 2701 1380; x_wconf 81' lang='lat' dir='ltr'><strong><em>philosophiam</em></strong></span> <span class='ocrx_word' id='word_1_573' title='bbox 2723 1311 2832 1382; x_wconf 81' lang='lat' dir='ltr'><strong><em>jam</em></strong></span> <span class='ocrx_word' id='word_1_574' title='bbox 2860 1321 2972 1365; x_wconf 90' lang='lat' dir='ltr'><strong><em>tum</em></strong></span> <span class='ocrx_word' id='word_1_575' title='bbox 3002 1313 3384 1373; x_wconf 74' lang='lat' dir='ltr'><strong><em>meditantibus</em></strong></span> <span class='ocrx_word' id='word_1_576' title='bbox 3404 1362 3419 1385; x_wconf 93' lang='lat'><strong><em>,</em></strong></span> <span class='ocrx_word' id='word_1_577' title='bbox 3453 1335 3513 1375; x_wconf 73' lang='lat' dir='ltr'><strong><em>se</em></strong></span> 
     </span>
    </p>
   </div>
   <div class='ocr_carea' id='block_1_74' title="bbox 1901 1400 3514 1482">
    <p class='ocr_par' dir='ltr' id='par_1_74' title="bbox 1901 1400 3514 1482">
     <span class='ocr_line' id='line_1_74' title="bbox 1901 1400 3514 1482; baseline 0.01 -31"><span class='ocrx_word' id='word_1_578' title='bbox 1901 1400 2135 1468; x_wconf 81' lang='lat' dir='ltr'><strong><em>gessisse</em></strong></span> <span class='ocrx_word' id='word_1_579' title='bbox 2186 1401 2350 1456; x_wconf 91' lang='lat' dir='ltr'><strong><em>Deum</em></strong></span> <span class='ocrx_word' id='word_1_580' title='bbox 2391 1401 2484 1456; x_wconf 89' lang='lat' dir='ltr'><strong><em>illo</em></strong></span> <span class='ocrx_word' id='word_1_581' title='bbox 2536 1413 2799 1471; x_wconf 86' lang='lat' dir='ltr'><strong><em>tempore.</em></strong></span> <span class='ocrx_word' id='word_1_582' title='bbox 2834 1403 3155 1460; x_wconf 86' lang='lat' dir='ltr'><strong><em>Mnltitudini</em></strong></span> <span class='ocrx_word' id='word_1_583' title='bbox 3202 1410 3342 1463; x_wconf 87' lang='lat' dir='ltr'><strong><em>enim</em></strong></span> <span class='ocrx_word' id='word_1_584' title='bbox 3393 1427 3514 1482; x_wconf 73' lang='lat' dir='ltr'><strong><em>qua:</em></strong></span> 
     </span>
    </p>
   </div>
   <div class='ocr_carea' id='block_1_75' title="bbox 1905 1487 3511 1572">
    <p class='ocr_par' dir='ltr' id='par_1_75' title="bbox 1905 1487 3511 1572">
     <span class='ocr_line' id='line_1_75' title="bbox 1905 1487 3511 1572; baseline 0.011 -30"><span class='ocrx_word' id='word_1_585' title='bbox 1905 1487 2051 1542; x_wconf 90' lang='lat' dir='ltr'><strong><em>humi</em></strong></span> <span class='ocrx_word' id='word_1_586' title='bbox 2095 1489 2314 1560; x_wconf 86' lang='lat' dir='ltr'><strong><em>repebat</em></strong></span> <span class='ocrx_word' id='word_1_587' title='bbox 2337 1533 2352 1555; x_wconf 87' lang='lat'><strong><em>,</em></strong></span> <span class='ocrx_word' id='word_1_588' title='bbox 2383 1506 2484 1546; x_wconf 90' lang='lat' dir='ltr'><strong><em>nec</em></strong></span> <span class='ocrx_word' id='word_1_589' title='bbox 2512 1508 2760 1563; x_wconf 87' lang='lat' dir='ltr'><strong><em>magnum</em></strong></span> <span class='ocrx_word' id='word_1_590' title='bbox 2791 1494 2989 1564; x_wconf 74' lang='lat' dir='ltr'><strong><em>aliquid</em></strong></span> <span class='ocrx_word' id='word_1_591' title='bbox 3034 1497 3216 1553; x_wconf 82' lang='lat' dir='ltr'><strong><em>videre</em></strong></span> <span class='ocrx_word' id='word_1_592' title='bbox 3259 1512 3464 1569; x_wconf 82' lang='lat' dir='ltr'><strong><em>poterat</em></strong></span> <span class='ocrx_word' id='word_1_593' title='bbox 3495 1548 3511 1572; x_wconf 95' lang='lat'><strong><em>,</em></strong></span> 
     </span>
    </p>
   </div>
   <div class='ocr_carea' id='block_1_76' title="bbox 1906 1584 3513 1654">
    <p class='ocr_par' dir='ltr' id='par_1_76' title="bbox 1906 1584 3513 1654">
     <span class='ocr_line' id='line_1_76' title="bbox 1906 1584 3513 1654; baseline 0.012 -21"><span class='ocrx_word' id='word_1_594' title='bbox 1906 1594 2079 1648; x_wconf 84' lang='lat' dir='ltr'><strong><em>neque</em></strong></span> <span class='ocrx_word' id='word_1_595' title='bbox 2109 1595 2258 1649; x_wconf 79' lang='lat' dir='ltr'><strong><em>Spem</em></strong></span> <span class='ocrx_word' id='word_1_596' title='bbox 2297 1597 2448 1637; x_wconf 91' lang='lat' dir='ltr'><strong><em>suam</em></strong></span> <span class='ocrx_word' id='word_1_597' title='bbox 2485 1584 2551 1637; x_wconf 86' lang='lat' dir='ltr'><strong><em>ad</em></strong></span> <span class='ocrx_word' id='word_1_598' title='bbox 2581 1585 2878 1640; x_wconf 81' lang='lat' dir='ltr'><strong><em>futurorum</em></strong></span> <span class='ocrx_word' id='word_1_599' title='bbox 2912 1588 3173 1644; x_wconf 89' lang='lat' dir='ltr'><strong><em>bonorum</em></strong></span> <span class='ocrx_word' id='word_1_600' title='bbox 3206 1591 3513 1654; x_wconf 89' lang='lat' dir='ltr'><strong><em>frnitioncnt</em></strong></span> 
     </span>
    </p>
   </div>
   <div class='ocr_carea' id='block_1_77' title="bbox 1905 1673 3514 1750">
    <p class='ocr_par' dir='ltr' id='par_1_77' title="bbox 1905 1673 3514 1750">
     <span class='ocr_line' id='line_1_77' title="bbox 1905 1673 3514 1750; baseline 0.012 -25"><span class='ocrx_word' id='word_1_601' title='bbox 1905 1673 2232 1736; x_wconf 83' lang='lat' dir='ltr'><strong><em>extendere,</em></strong></span> <span class='ocrx_word' id='word_1_602' title='bbox 2279 1679 2561 1743; x_wconf 63' lang='lat' dir='ltr'><strong><em>praisentia</em></strong></span> <span class='ocrx_word' id='word_1_603' title='bbox 2596 1679 2732 1732; x_wconf 85' lang='lat' dir='ltr'><strong><em>bona</em></strong></span> <span class='ocrx_word' id='word_1_604' title='bbox 2777 1681 3055 1750; x_wconf 80' lang='lat' dir='ltr'><strong><em>exhibuit,</em></strong></span> <span class='ocrx_word' id='word_1_605' title='bbox 3101 1685 3514 1745; x_wconf 83' lang='lat' dir='ltr'><strong><em>imbecillitatem</em></strong></span> 
     </span>
    </p>
   </div>
   <div class='ocr_carea' id='block_1_78' title="bbox 1905 1762 3516 1842">
    <p class='ocr_par' dir='ltr' id='par_1_78' title="bbox 1905 1762 3516 1842">
     <span class='ocr_line' id='line_1_78' title="bbox 1905 1762 3516 1842; baseline 0.012 -26"><span class='ocrx_word' id='word_1_606' title='bbox 1905 1762 2098 1818; x_wconf 67' lang='lat' dir='ltr'><strong><em>animo:</em></strong></span> <span class='ocrx_word' id='word_1_607' title='bbox 2143 1779 2330 1819; x_wconf 89' lang='lat' dir='ltr'><strong><em>eorum</em></strong></span> <span class='ocrx_word' id='word_1_608' title='bbox 2380 1766 2748 1835; x_wconf 84' lang='lat' dir='ltr'><strong><em>consolando,</em></strong></span> <span class='ocrx_word' id='word_1_609' title='bbox 2803 1780 2855 1825; x_wconf 91' lang='lat' dir='ltr'><strong><em>et</em></strong></span> <span class='ocrx_word' id='word_1_610' title='bbox 2884 1787 2982 1842; x_wconf 78' lang='lat' dir='ltr'><strong><em>per</em></strong></span> <span class='ocrx_word' id='word_1_611' title='bbox 3007 1773 3108 1830; x_wconf 90' lang='lat' dir='ltr'><strong><em>hoc</em></strong></span> <span class='ocrx_word' id='word_1_612' title='bbox 3151 1776 3216 1830; x_wconf 89' lang='lat' dir='ltr'><strong><em>ad</em></strong></span> <span class='ocrx_word' id='word_1_613' title='bbox 3263 1779 3516 1836; x_wconf 87' lang='lat' dir='ltr'><strong><em>virtutem</em></strong></span> 
     </span>
    </p>
   </div>
   <div class='ocr_carea' id='block_1_79' title="bbox 1905 1857 3516 1934">
    <p class='ocr_par' dir='ltr' id='par_1_79' title="bbox 1905 1857 3516 1934">
     <span class='ocr_line' id='line_1_79' title="bbox 1905 1857 3516 1934; baseline 0.014 -26"><span class='ocrx_word' id='word_1_614' title='bbox 1905 1857 2262 1910; x_wconf 81' lang='lat' dir='ltr'><strong><em>exercendam</em></strong></span> <span class='ocrx_word' id='word_1_615' title='bbox 2293 1857 2441 1927; x_wconf 87' lang='lat' dir='ltr'><strong><em>ipsos</em></strong></span> <span class='ocrx_word' id='word_1_616' title='bbox 2469 1857 2786 1916; x_wconf 87' lang='lat' dir='ltr'><strong><em>deducendo</em></strong></span> <span class='ocrx_word' id='word_1_617' title='bbox 2805 1904 2819 1928; x_wconf 91' lang='lat'><strong><em>,</em></strong></span> <span class='ocrx_word' id='word_1_618' title='bbox 2853 1871 3012 1934; x_wconf 83' lang='lat' dir='ltr'><strong><em>atque</em></strong></span> <span class='ocrx_word' id='word_1_619' title='bbox 3039 1867 3104 1920; x_wconf 89' lang='lat' dir='ltr'><strong><em>ad</em></strong></span> <span class='ocrx_word' id='word_1_620' title='bbox 3137 1884 3311 1924; x_wconf 90' lang='lat' dir='ltr'><strong><em>rerum</em></strong></span> <span class='ocrx_word' id='word_1_621' title='bbox 3345 1872 3516 1930; x_wconf 81' lang='lat' dir='ltr'><strong><em>hone-</em></strong></span> 
     </span>
    </p>
   </div>
   <div class='ocr_carea' id='block_1_80' title="bbox 1905 1948 3516 2022">
    <p class='ocr_par' dir='ltr' id='par_1_80' title="bbox 1905 1948 3516 2022">
     <span class='ocr_line' id='line_1_80' title="bbox 1905 1948 3516 2022; baseline 0.014 -22"><span class='ocrx_word' id='word_1_622' title='bbox 1905 1959 2108 2002; x_wconf 87' lang='lat' dir='ltr'><strong><em>starum</em></strong></span> <span class='ocrx_word' id='word_1_623' title='bbox 2131 1948 2457 2007; x_wconf 78' lang='lat' dir='ltr'><strong><em>desiderium</em></strong></span> <span class='ocrx_word' id='word_1_624' title='bbox 2490 1968 2503 2014; x_wconf 85' lang='lat'><strong>;</strong></span> <span class='ocrx_word' id='word_1_625' title='bbox 2536 1951 2702 2007; x_wconf 84' lang='lat' dir='ltr'><strong><em>Eliatn</em></strong></span> <span class='ocrx_word' id='word_1_626' title='bbox 2734 1965 2911 2009; x_wconf 86' lang='lat' dir='ltr'><strong><em>autem</em></strong></span> <span class='ocrx_word' id='word_1_627' title='bbox 2942 1967 2993 2011; x_wconf 88' lang='lat' dir='ltr'><strong><em>et</em></strong></span> <span class='ocrx_word' id='word_1_628' title='bbox 3021 1959 3267 2016; x_wconf 68' lang='lat' dir='ltr'><strong><em>Elismum</em></strong></span> <span class='ocrx_word' id='word_1_629' title='bbox 3290 1973 3338 2018; x_wconf 90' lang='lat' dir='ltr'><strong><em>et</em></strong></span> <span class='ocrx_word' id='word_1_630' title='bbox 3364 1964 3516 2022; x_wconf 77' lang='lat' dir='ltr'><strong><em>lere-</em></strong></span> 
     </span>
    </p>
   </div>
   <div class='ocr_carea' id='block_1_81' title="bbox 1907 2040 3513 2124">
    <p class='ocr_par' dir='ltr' id='par_1_81' title="bbox 1907 2040 3513 2124">
     <span class='ocr_line' id='line_1_81' title="bbox 1907 2040 3513 2124; baseline 0.012 -33"><span class='ocrx_word' id='word_1_631' title='bbox 1907 2040 2069 2092; x_wconf 89' lang='lat' dir='ltr'><strong><em>miam</em></strong></span> <span class='ocrx_word' id='word_1_632' title='bbox 2098 2051 2149 2095; x_wconf 89' lang='lat' dir='ltr'><strong><em>ct</em></strong></span> <span class='ocrx_word' id='word_1_633' title='bbox 2180 2040 2424 2095; x_wconf 86' lang='lat' dir='ltr'><strong><em>llesaiam</em></strong></span> <span class='ocrx_word' id='word_1_634' title='bbox 2456 2044 2592 2097; x_wconf 85' lang='lat' dir='ltr'><strong><em>et&#39;in</em></strong></span> <span class='ocrx_word' id='word_1_635' title='bbox 2625 2060 2841 2100; x_wconf 85' lang='lat' dir='ltr'><strong><em>summa</em></strong></span> <span class='ocrx_word' id='word_1_636' title='bbox 2873 2049 3153 2106; x_wconf 73' lang='lat' dir='ltr'><strong><em>universos</em></strong></span> <span class='ocrx_word' id='word_1_637' title='bbox 3185 2054 3476 2124; x_wconf 88' lang='lat' dir='ltr'><strong><em>prophetas</em></strong></span> <span class='ocrx_word' id='word_1_638' title='bbox 3499 2100 3513 2123; x_wconf 94' lang='lat'><strong><em>,</em></strong></span> 
     </span>
    </p>
   </div>
   <div class='ocr_carea' id='block_1_82' title="bbox 1907 2133 3517 2203">
    <p class='ocr_par' dir='ltr' id='par_1_82' title="bbox 1907 2133 3517 2203">
     <span class='ocr_line' id='line_1_82' title="bbox 1907 2133 3517 2203; baseline 0.012 -19"><span class='ocrx_word' id='word_1_639' title='bbox 1907 2138 1960 2184; x_wconf 92' lang='lat' dir='ltr'><strong><em>et</em></strong></span> <span class='ocrx_word' id='word_1_640' title='bbox 2005 2140 2267 2201; x_wconf 86' lang='lat' dir='ltr'><strong><em>quotquot</em></strong></span> <span class='ocrx_word' id='word_1_641' title='bbox 2317 2133 2382 2186; x_wconf 89' lang='lat' dir='ltr'><strong><em>ad</em></strong></span> <span class='ocrx_word' id='word_1_642' title='bbox 2429 2149 2741 2203; x_wconf 87' lang='lat' dir='ltr'><strong><em>magnorum</em></strong></span> <span class='ocrx_word' id='word_1_643' title='bbox 2785 2147 2839 2191; x_wconf 89' lang='lat' dir='ltr'><strong><em>et</em></strong></span> <span class='ocrx_word' id='word_1_644' title='bbox 2883 2149 3189 2196; x_wconf 89' lang='lat' dir='ltr'><strong><em>sanctorum</em></strong></span> <span class='ocrx_word' id='word_1_645' title='bbox 3242 2144 3517 2203; x_wconf 88' lang='lat' dir='ltr'><strong><em>hominum</em></strong></span> 
     </span>
    </p>
   </div>
   <div class='ocr_carea' id='block_1_83' title="bbox 1913 2222 3518 2305">
    <p class='ocr_par' dir='ltr' id='par_1_83' title="bbox 1913 2222 3518 2305">
     <span class='ocr_line' id='line_1_83' title="bbox 1913 2222 3518 2305; baseline 0.014 -33"><span class='ocrx_word' id='word_1_646' title='bbox 1913 2222 2135 2274; x_wconf 83' lang='lat' dir='ltr'><strong><em>chorum</em></strong></span> <span class='ocrx_word' id='word_1_647' title='bbox 2163 2223 2518 2291; x_wconf 86' lang='lat' dir='ltr'><strong><em>pertinebant,</em></strong></span> <span class='ocrx_word' id='word_1_648' title='bbox 2550 2225 2615 2278; x_wconf 90' lang='lat' dir='ltr'><strong><em>ad</em></strong></span> <span class='ocrx_word' id='word_1_649' title='bbox 2646 2227 2806 2281; x_wconf 49' lang='lat' dir='ltr'><strong><em>eules</em></strong></span> <span class='ocrx_word' id='word_1_650' title='bbox 2831 2230 3074 2298; x_wconf 79' lang='lat' dir='ltr'><strong><em>vocabat,</em></strong></span> <span class='ocrx_word' id='word_1_651' title='bbox 3101 2232 3167 2287; x_wconf 88' lang='lat' dir='ltr'><strong><em>ad</em></strong></span> <span class='ocrx_word' id='word_1_652' title='bbox 3191 2250 3358 2305; x_wconf 84' lang='lat' dir='ltr'><strong><em>eaque</em></strong></span> <span class='ocrx_word' id='word_1_653' title='bbox 3383 2238 3518 2296; x_wconf 80' lang='lat' dir='ltr'><strong><em>bona</em></strong></span> 
     </span>
    </p>
   </div>
   <div class='ocr_carea' id='block_1_84' title="bbox 1907 2313 3516 2389">
    <p class='ocr_par' dir='ltr' id='par_1_84' title="bbox 1907 2313 3516 2389">
     <span class='ocr_line' id='line_1_84' title="bbox 1907 2313 3516 2389; baseline 0.013 -25"><span class='ocrx_word' id='word_1_654' title='bbox 1907 2327 2026 2379; x_wconf 67' lang='lat' dir='ltr'><strong><em>qua:</em></strong></span> <span class='ocrx_word' id='word_1_655' title='bbox 2067 2313 2255 2368; x_wconf 76' lang='lat' dir='ltr'><strong><em>electis</em></strong></span> <span class='ocrx_word' id='word_1_656' title='bbox 2286 2323 2411 2368; x_wconf 89' lang='lat' dir='ltr'><strong><em>sunt</em></strong></span> <span class='ocrx_word' id='word_1_657' title='bbox 2455 2315 2563 2369; x_wconf 86' lang='lat' dir='ltr'><strong><em>illic</em></strong></span> <span class='ocrx_word' id='word_1_658' title='bbox 2591 2331 2912 2387; x_wconf 65' lang='lat' dir='ltr'><strong><em>prteparata.</em></strong></span> <span class='ocrx_word' id='word_1_659' title='bbox 2948 2322 3309 2389; x_wconf 86' lang='lat' dir='ltr'><strong><em>Quamobrem</em></strong></span> <span class='ocrx_word' id='word_1_660' title='bbox 3356 2331 3516 2385; x_wconf 85' lang='lat' dir='ltr'><strong><em>etiam</em></strong></span> 
     </span>
    </p>
   </div>
   <div class='ocr_carea' id='block_1_85' title="bbox 1908 2403 3522 2483">
    <p class='ocr_par' dir='ltr' id='par_1_85' title="bbox 1908 2403 3522 2483">
     <span class='ocr_line' id='line_1_85' title="bbox 1908 2403 3522 2483; baseline 0.014 -25"><span class='ocrx_word' id='word_1_661' title='bbox 1908 2403 2102 2458; x_wconf 87' lang='lat' dir='ltr'><strong><em>Paulus</em></strong></span> <span class='ocrx_word' id='word_1_662' title='bbox 2152 2422 2255 2459; x_wconf 79' lang='lat' dir='ltr'><strong><em>non</em></strong></span> <span class='ocrx_word' id='word_1_663' title='bbox 2289 2423 2478 2462; x_wconf 85' lang='lat' dir='ltr'><strong><em>omnes</em></strong></span> <span class='ocrx_word' id='word_1_664' title='bbox 2526 2411 2684 2464; x_wconf 83' lang='lat' dir='ltr'><strong><em>simul</em></strong></span> <span class='ocrx_word' id='word_1_665' title='bbox 2733 2417 3106 2483; x_wconf 89' lang='lat' dir='ltr'><strong><em>enumeravit,</em></strong></span> <span class='ocrx_word' id='word_1_666' title='bbox 3159 2420 3253 2474; x_wconf 90' lang='lat' dir='ltr'><strong><em>sed</em></strong></span> <span class='ocrx_word' id='word_1_667' title='bbox 3294 2423 3522 2481; x_wconf 82' lang='lat' dir='ltr'><strong><em>amictus</em></strong></span> 
     </span>
    </p>
   </div>
   <div class='ocr_carea' id='block_1_86' title="bbox 1907 2495 3508 2582">
    <p class='ocr_par' dir='ltr' id='par_1_86' title="bbox 1907 2495 3508 2582">
     <span class='ocr_line' id='line_1_86' title="bbox 1907 2495 3508 2582; baseline 0.013 -34"><span class='ocrx_word' id='word_1_668' title='bbox 1907 2495 2079 2549; x_wconf 85' lang='lat' dir='ltr'><strong><em>ovillis</em></strong></span> <span class='ocrx_word' id='word_1_669' title='bbox 2105 2511 2166 2549; x_wconf 90' lang='lat' dir='ltr'><strong><em>ac</em></strong></span> <span class='ocrx_word' id='word_1_670' title='bbox 2191 2497 2422 2567; x_wconf 84' lang='lat' dir='ltr'><strong><em>caprinis</em></strong></span> <span class='ocrx_word' id='word_1_671' title='bbox 2453 2499 2677 2566; x_wconf 90' lang='lat' dir='ltr'><strong><em>pellibus</em></strong></span> <span class='ocrx_word' id='word_1_672' title='bbox 2700 2542 2716 2568; x_wconf 94' lang='lat'><strong><em>,</em></strong></span> <span class='ocrx_word' id='word_1_673' title='bbox 2781 2503 2831 2556; x_wconf 93' lang='lat' dir='ltr'><strong><em>in</em></strong></span> <span class='ocrx_word' id='word_1_674' title='bbox 2865 2503 3139 2562; x_wconf 85' lang='lat' dir='ltr'><strong><em>fornacem</em></strong></span> <span class='ocrx_word' id='word_1_675' title='bbox 3190 2511 3468 2582; x_wconf 83' lang='lat' dir='ltr'><strong><em>conjectos</em></strong></span> <span class='ocrx_word' id='word_1_676' title='bbox 3492 2556 3508 2580; x_wconf 96' lang='lat'><strong><em>,</em></strong></span> 
     </span>
    </p>
   </div>
   <div class='ocr_carea' id='block_1_87' title="bbox 1910 2586 3525 2668">
    <p class='ocr_par' dir='ltr' id='par_1_87' title="bbox 1910 2586 3525 2668">
     <span class='ocr_line' id='line_1_87' title="bbox 1910 2586 3525 2668; baseline 0.015 -33"><span class='ocrx_word' id='word_1_677' title='bbox 1910 2586 2133 2640; x_wconf 75' lang='lat' dir='ltr'><strong><em>vinculis</em></strong></span> <span class='ocrx_word' id='word_1_678' title='bbox 2163 2589 2516 2652; x_wconf 81' lang='lat' dir='ltr'><strong><em>constrictos,</em></strong></span> <span class='ocrx_word' id='word_1_679' title='bbox 2553 2590 2814 2649; x_wconf 86' lang='lat' dir='ltr'><strong><em>distentos</em></strong></span> <span class='ocrx_word' id='word_1_680' title='bbox 2837 2636 2851 2660; x_wconf 92' lang='lat'><strong><em>,</em></strong></span> <span class='ocrx_word' id='word_1_681' title='bbox 2878 2598 3022 2650; x_wconf 75' lang='lat' dir='ltr'><strong><em>saxis</em></strong></span> <span class='ocrx_word' id='word_1_682' title='bbox 3052 2597 3310 2668; x_wconf 78' lang='lat' dir='ltr'><strong><em>lapidatus</em></strong></span> <span class='ocrx_word' id='word_1_683' title='bbox 3333 2644 3347 2666; x_wconf 93' lang='lat'><strong><em>,</em></strong></span> <span class='ocrx_word' id='word_1_684' title='bbox 3384 2603 3525 2660; x_wconf 86' lang='lat' dir='ltr'><strong><em>fame</em></strong></span> 
     </span>
    </p>
   </div>
   <div class='ocr_carea' id='block_1_88' title="bbox 1908 2677 3525 2762">
    <p class='ocr_par' dir='ltr' id='par_1_88' title="bbox 1908 2677 3525 2762">
     <span class='ocr_line' id='line_1_88' title="bbox 1908 2677 3525 2762; baseline 0.013 -32"><span class='ocrx_word' id='word_1_685' title='bbox 1908 2686 1961 2730; x_wconf 88' lang='lat' dir='ltr'><strong><em>et</em></strong></span> <span class='ocrx_word' id='word_1_686' title='bbox 2007 2677 2182 2748; x_wconf 80' lang='lat' dir='ltr'><strong><em>inopia</em></strong></span> <span class='ocrx_word' id='word_1_687' title='bbox 2217 2680 2521 2738; x_wconf 86' lang='lat' dir='ltr'><strong><em>laborantes</em></strong></span> <span class='ocrx_word' id='word_1_688' title='bbox 2548 2725 2562 2748; x_wconf 95' lang='lat'><strong><em>,</em></strong></span> <span class='ocrx_word' id='word_1_689' title='bbox 2606 2681 2660 2737; x_wconf 90' lang='lat' dir='ltr'><strong><em>in</em></strong></span> <span class='ocrx_word' id='word_1_690' title='bbox 2711 2686 3090 2744; x_wconf 89' lang='lat' dir='ltr'><strong><em>solitudinibus</em></strong></span> <span class='ocrx_word' id='word_1_691' title='bbox 3114 2731 3128 2753; x_wconf 93' lang='lat'><strong><em>,</em></strong></span> <span class='ocrx_word' id='word_1_692' title='bbox 3171 2693 3440 2762; x_wconf 83' lang='lat' dir='ltr'><strong><em>speluncis</em></strong></span> <span class='ocrx_word' id='word_1_693' title='bbox 3468 2704 3525 2752; x_wconf 91' lang='lat' dir='ltr'><strong><em>et</em></strong></span> 
     </span>
    </p>
   </div>
   <div class='ocr_carea' id='block_1_89' title="bbox 1907 2771 3522 2850">
    <p class='ocr_par' dir='ltr' id='par_1_89' title="bbox 1907 2771 3522 2850">
     <span class='ocr_line' id='line_1_89' title="bbox 1907 2771 3522 2850; baseline 0.013 -28"><span class='ocrx_word' id='word_1_694' title='bbox 1907 2771 2150 2823; x_wconf 62' lang='lat' dir='ltr'><strong><em>cavernis</em></strong></span> <span class='ocrx_word' id='word_1_695' title='bbox 2170 2781 2323 2826; x_wconf 68' lang='lat' dir='ltr'><strong><em>terrm</em></strong></span> <span class='ocrx_word' id='word_1_696' title='bbox 2349 2773 2626 2845; x_wconf 81' lang='lat' dir='ltr'><strong><em>degentes,</em></strong></span> <span class='ocrx_word' id='word_1_697' title='bbox 2650 2778 3036 2850; x_wconf 88' lang='lat' dir='ltr'><strong><em>innumeraque</em></strong></span> <span class='ocrx_word' id='word_1_698' title='bbox 3080 2783 3218 2836; x_wconf 89' lang='lat' dir='ltr'><strong><em>mala</em></strong></span> <span class='ocrx_word' id='word_1_699' title='bbox 3249 2787 3522 2842; x_wconf 83' lang='lat' dir='ltr'><strong><em>sustinen-</em></strong></span> 
     </span>
    </p>
   </div>
   <div class='ocr_carea' id='block_1_90' title="bbox 1910 2860 3521 2946">
    <p class='ocr_par' dir='ltr' id='par_1_90' title="bbox 1910 2860 3521 2946">
     <span class='ocr_line' id='line_1_90' title="bbox 1910 2860 3521 2946; baseline 0.014 -36"><span class='ocrx_word' id='word_1_700' title='bbox 1910 2866 2009 2911; x_wconf 87' lang='lat' dir='ltr'><strong><em>tes.</em></strong></span> <span class='ocrx_word' id='word_1_701' title='bbox 2041 2860 2109 2913; x_wconf 82' lang='lat' dir='ltr'><strong><em>At</em></strong></span> <span class='ocrx_word' id='word_1_702' title='bbox 2140 2869 2249 2915; x_wconf 89' lang='lat' dir='ltr'><strong><em>tum</em></strong></span> <span class='ocrx_word' id='word_1_703' title='bbox 2283 2864 2498 2919; x_wconf 88' lang='lat' dir='ltr'><strong><em>demum</em></strong></span> <span class='ocrx_word' id='word_1_704' title='bbox 2530 2865 2665 2922; x_wconf 81' lang='lat' dir='ltr'><strong><em>dixit</em></strong></span> <span class='ocrx_word' id='word_1_705' title='bbox 2695 2885 2883 2923; x_wconf 88' lang='lat' dir='ltr'><strong><em>omnes</em></strong></span> <span class='ocrx_word' id='word_1_706' title='bbox 2917 2871 3015 2925; x_wconf 82' lang='lat' dir='ltr'><strong><em>hos</em></strong></span> <span class='ocrx_word' id='word_1_707' title='bbox 3039 2872 3088 2926; x_wconf 90' lang='lat' dir='ltr'><strong><em>in</em></strong></span> <span class='ocrx_word' id='word_1_708' title='bbox 3119 2888 3213 2943; x_wconf 90' lang='lat' dir='ltr'><strong><em>spe</em></strong></span> <span class='ocrx_word' id='word_1_709' title='bbox 3248 2888 3521 2946; x_wconf 78' lang='lat' dir='ltr'><strong><em>mortuos,</em></strong></span> 
     </span>
    </p>
   </div>
   <div class='ocr_carea' id='block_1_91' title="bbox 1911 2953 3516 3032">
    <p class='ocr_par' dir='ltr' id='par_1_91' title="bbox 1911 2953 3516 3032">
     <span class='ocr_line' id='line_1_91' title="bbox 1911 2953 3516 3032; baseline 0.016 -30"><span class='ocrx_word' id='word_1_710' title='bbox 1911 2965 2009 3005; x_wconf 87' lang='lat' dir='ltr'><strong><em>nec</em></strong></span> <span class='ocrx_word' id='word_1_711' title='bbox 2041 2953 2214 3007; x_wconf 87' lang='lat' dir='ltr'><strong><em>adhuc</em></strong></span> <span class='ocrx_word' id='word_1_712' title='bbox 2248 2960 2660 3025; x_wconf 73' lang='lat' dir='ltr'><strong><em>promissionem</em></strong></span> <span class='ocrx_word' id='word_1_713' title='bbox 2706 2965 2974 3032; x_wconf 88' lang='lat' dir='ltr'><strong><em>recepisse</em></strong></span> <span class='ocrx_word' id='word_1_714' title='bbox 3003 2982 3014 3017; x_wconf 93' lang='lat'>:</span> <span class='ocrx_word' id='word_1_715' title='bbox 3045 2966 3390 3024; x_wconf 80' lang='lat' dir='ltr'><strong><em>Subindieans</em></strong></span> <span class='ocrx_word' id='word_1_716' title='bbox 3423 2986 3516 3027; x_wconf 58' lang='lat' dir='ltr'><strong><em>nec</em></strong></span> 
     </span>
    </p>
   </div>
   <div class='ocr_carea' id='block_1_92' title="bbox 1908 3039 3520 3117">
    <p class='ocr_par' dir='ltr' id='par_1_92' title="bbox 1908 3039 3520 3117">
     <span class='ocr_line' id='line_1_92' title="bbox 1908 3039 3520 3117; baseline 0.014 -23"><span class='ocrx_word' id='word_1_717' title='bbox 1908 3039 1990 3094; x_wconf 86' lang='lat' dir='ltr'><strong><em>bis</em></strong></span> <span class='ocrx_word' id='word_1_718' title='bbox 2019 3059 2124 3096; x_wconf 89' lang='lat' dir='ltr'><strong><em>non</em></strong></span> <span class='ocrx_word' id='word_1_719' title='bbox 2153 3045 2340 3116; x_wconf 70' lang='lat' dir='ltr'><strong><em>vulgus</em></strong></span> <span class='ocrx_word' id='word_1_720' title='bbox 2366 3047 2669 3116; x_wconf 84' lang='lat' dir='ltr'><strong><em>Judaicum,</em></strong></span> <span class='ocrx_word' id='word_1_721' title='bbox 2698 3053 2791 3106; x_wconf 83' lang='lat' dir='ltr'><strong><em>sed</em></strong></span> <span class='ocrx_word' id='word_1_722' title='bbox 2824 3053 3069 3108; x_wconf 79' lang='lat' dir='ltr'><strong><em>homines</em></strong></span> <span class='ocrx_word' id='word_1_723' title='bbox 3094 3058 3161 3110; x_wconf 88' lang='lat' dir='ltr'><strong><em>ad</em></strong></span> <span class='ocrx_word' id='word_1_724' title='bbox 3196 3058 3327 3113; x_wconf 71' lang='lat' dir='ltr'><strong><em>Elim</em></strong></span> <span class='ocrx_word' id='word_1_725' title='bbox 3367 3062 3520 3117; x_wconf 82' lang='lat' dir='ltr'><strong><em>simt-</em></strong></span> 
     </span>
    </p>
   </div>
   <div class='ocr_carea' id='block_1_93' title="bbox 1908 3130 3519 3213">
    <p class='ocr_par' dir='ltr' id='par_1_93' title="bbox 1908 3130 3519 3213">
     <span class='ocr_line' id='line_1_93' title="bbox 1908 3130 3519 3213; baseline 0.016 -29"><span class='ocrx_word' id='word_1_726' title='bbox 1908 3130 2184 3187; x_wconf 77' lang='lat' dir='ltr'><strong><em>litutlinem</em></strong></span> <span class='ocrx_word' id='word_1_727' title='bbox 2230 3138 2568 3194; x_wconf 89' lang='lat' dir='ltr'><strong><em>accedentes.</em></strong></span> <span class='ocrx_word' id='word_1_728' title='bbox 2603 3141 2754 3209; x_wconf 85' lang='lat' dir='ltr'><strong><em>Quod</em></strong></span> <span class='ocrx_word' id='word_1_729' title='bbox 2800 3144 2843 3196; x_wconf 88' lang='lat' dir='ltr'><strong><em>si</em></strong></span> <span class='ocrx_word' id='word_1_730' title='bbox 2874 3145 2994 3213; x_wconf 90' lang='lat' dir='ltr'><strong><em>quis</em></strong></span> <span class='ocrx_word' id='word_1_731' title='bbox 3023 3146 3167 3202; x_wconf 88' lang='lat' dir='ltr'><strong><em>dicat</em></strong></span> <span class='ocrx_word' id='word_1_732' title='bbox 3198 3167 3210 3200; x_wconf 87' lang='lat'><strong>:</strong></span> <span class='ocrx_word' id='word_1_733' title='bbox 3245 3149 3307 3204; x_wconf 89' lang='lat' dir='ltr'><strong><em>lli</em></strong></span> <span class='ocrx_word' id='word_1_734' title='bbox 3339 3163 3519 3210; x_wconf 88' lang='lat' dir='ltr'><strong><em>autem</em></strong></span> 
     </span>
    </p>
   </div>
   <div class='ocr_carea' id='block_1_94' title="bbox 1910 3221 3523 3302">
    <p class='ocr_par' dir='ltr' id='par_1_94' title="bbox 1910 3221 3523 3302">
     <span class='ocr_line' id='line_1_94' title="bbox 1910 3221 3523 3302; baseline 0.015 -28"><span class='ocrx_word' id='word_1_735' title='bbox 1910 3221 2007 3292; x_wconf 86' lang='lat' dir='ltr'><strong><em>ipsi</em></strong></span> <span class='ocrx_word' id='word_1_736' title='bbox 2032 3226 2380 3293; x_wconf 89' lang='lat' dir='ltr'><strong><em>quamobrem</em></strong></span> <span class='ocrx_word' id='word_1_737' title='bbox 2415 3245 2481 3283; x_wconf 90' lang='lat' dir='ltr'><strong><em>uc</em></strong></span> <span class='ocrx_word' id='word_1_738' title='bbox 2508 3246 2651 3285; x_wconf 89' lang='lat' dir='ltr'><strong><em>nunc</em></strong></span> <span class='ocrx_word' id='word_1_739' title='bbox 2679 3233 2896 3302; x_wconf 90' lang='lat' dir='ltr'><strong><em>quidem</em></strong></span> <span class='ocrx_word' id='word_1_740' title='bbox 2927 3233 3133 3291; x_wconf 84' lang='lat' dir='ltr'><strong><em>debitas</em></strong></span> <span class='ocrx_word' id='word_1_741' title='bbox 3160 3239 3260 3293; x_wconf 90' lang='lat' dir='ltr'><strong><em>sibi</em></strong></span> <span class='ocrx_word' id='word_1_742' title='bbox 3294 3255 3523 3300; x_wconf 85' lang='lat' dir='ltr'><strong><em>coronas</em></strong></span> 
     </span>
    </p>
   </div>
   <div class='ocr_carea' id='block_1_95' title="bbox 1907 3319 3512 3390">
    <p class='ocr_par' dir='ltr' id='par_1_95' title="bbox 1907 3319 3512 3390">
     <span class='ocr_line' id='line_1_95' title="bbox 1907 3319 3512 3390; baseline 0.015 -25"><span class='ocrx_word' id='word_1_743' title='bbox 1907 3319 2315 3384; x_wconf 80' lang='lat' dir='ltr'><strong><em>perceperunt?</em></strong></span> <span class='ocrx_word' id='word_1_744' title='bbox 2356 3333 2572 3375; x_wconf 88' lang='lat' dir='ltr'><strong><em>causam</em></strong></span> <span class='ocrx_word' id='word_1_745' title='bbox 2603 3321 2760 3390; x_wconf 88' lang='lat' dir='ltr'><strong><em>hujus</em></strong></span> <span class='ocrx_word' id='word_1_746' title='bbox 2790 3323 2870 3379; x_wconf 89' lang='lat' dir='ltr'><strong><em>rei</em></strong></span> <span class='ocrx_word' id='word_1_747' title='bbox 2900 3325 3072 3382; x_wconf 88' lang='lat' dir='ltr'><strong><em>discat</em></strong></span> <span class='ocrx_word' id='word_1_748' title='bbox 3099 3345 3124 3380; x_wconf 88' lang='lat' dir='ltr'><strong><em>a</em></strong></span> <span class='ocrx_word' id='word_1_749' title='bbox 3160 3330 3343 3387; x_wconf 85' lang='lat' dir='ltr'><strong><em>Paulo.</em></strong></span> <span class='ocrx_word' id='word_1_750' title='bbox 3376 3335 3512 3389; x_wconf 87' lang='lat' dir='ltr'><strong><em>Cum</em></strong></span> 
     </span>
    </p>
   </div>
   <div class='ocr_carea' id='block_1_96' title="bbox 1908 3407 3522 3495">
    <p class='ocr_par' dir='ltr' id='par_1_96' title="bbox 1908 3407 3522 3495">
     <span class='ocr_line' id='line_1_96' title="bbox 1908 3407 3522 3495; baseline 0.014 -37"><span class='ocrx_word' id='word_1_751' title='bbox 1908 3407 2050 3459; x_wconf 86' lang='lat' dir='ltr'><strong><em>enim</em></strong></span> <span class='ocrx_word' id='word_1_752' title='bbox 2084 3409 2306 3464; x_wconf 75' lang='lat' dir='ltr'><strong><em>dixisset</em></strong></span> <span class='ocrx_word' id='word_1_753' title='bbox 2337 3429 2349 3464; x_wconf 91' lang='lat'><strong>:</strong></span> <span class='ocrx_word' id='word_1_754' title='bbox 2382 3409 2515 3489; x_wconf 79' lang='lat' dir='ltr'><strong><em>ide</em></strong></span> <span class='ocrx_word' id='word_1_755' title='bbox 2542 3424 2662 3468; x_wconf 89' lang='lat' dir='ltr'><strong><em>sunt</em></strong></span> <span class='ocrx_word' id='word_1_756' title='bbox 2689 3418 2874 3470; x_wconf 86' lang='lat' dir='ltr'><strong><em>mortui</em></strong></span> <span class='ocrx_word' id='word_1_757' title='bbox 2895 3435 3068 3471; x_wconf 80' lang='lat' dir='ltr'><strong><em>omnes</em></strong></span> <span class='ocrx_word' id='word_1_758' title='bbox 3094 3422 3146 3473; x_wconf 71' lang='lat' dir='ltr'><strong><em>Iri</em></strong></span> <span class='ocrx_word' id='word_1_759' title='bbox 3175 3439 3273 3475; x_wconf 89' lang='lat' dir='ltr'><strong><em>non</em></strong></span> <span class='ocrx_word' id='word_1_760' title='bbox 3302 3427 3522 3495; x_wconf 74' lang='lat' dir='ltr'><strong><em>acceptis</em></strong></span> 
     </span>
    </p>
   </div>
   <div class='ocr_carea' id='block_1_97' title="bbox 1909 3498 3524 3587">
    <p class='ocr_par' dir='ltr' id='par_1_97' title="bbox 1909 3498 3524 3587">
     <span class='ocr_line' id='line_1_97' title="bbox 1909 3498 3524 3587; baseline 0.015 -38"><span class='ocrx_word' id='word_1_761' title='bbox 1909 3498 2342 3567; x_wconf 78' lang='lat' dir='ltr'><strong><em>promissionibus,</em></strong></span> <span class='ocrx_word' id='word_1_762' title='bbox 2371 3502 2661 3572; x_wconf 77' lang='lat' dir='ltr'><strong><em>subjunxit,</em></strong></span> <span class='ocrx_word' id='word_1_763' title='bbox 2694 3503 2804 3560; x_wconf 88' lang='lat' dir='ltr'><strong><em>Deo</em></strong></span> <span class='ocrx_word' id='word_1_764' title='bbox 2829 3523 2922 3578; x_wconf 88' lang='lat' dir='ltr'><strong><em>pro</em></strong></span> <span class='ocrx_word' id='word_1_765' title='bbox 2953 3511 3096 3563; x_wconf 84' lang='lat' dir='ltr'><strong><em>nobis</em></strong></span> <span class='ocrx_word' id='word_1_766' title='bbox 3121 3513 3300 3567; x_wconf 83' lang='lat' dir='ltr'><strong><em>melius</em></strong></span> <span class='ocrx_word' id='word_1_767' title='bbox 3327 3516 3524 3587; x_wconf 80' lang='lat' dir='ltr'><strong><em>aliquid</em></strong></span> 
     </span>
    </p>
   </div>
   <div class='ocr_carea' id='block_1_98' title="bbox 1909 3589 3519 3673">
    <p class='ocr_par' dir='ltr' id='par_1_98' title="bbox 1909 3589 3519 3673">
     <span class='ocr_line' id='line_1_98' title="bbox 1909 3589 3519 3673; baseline 0.015 -33"><span class='ocrx_word' id='word_1_768' title='bbox 1909 3589 2219 3658; x_wconf 77' lang='lat' dir='ltr'><strong><em>providente,</em></strong></span> <span class='ocrx_word' id='word_1_769' title='bbox 2240 3602 2294 3645; x_wconf 87' lang='lat' dir='ltr'><strong><em>ut</em></strong></span> <span class='ocrx_word' id='word_1_770' title='bbox 2320 3609 2422 3647; x_wconf 91' lang='lat' dir='ltr'><strong><em>non</em></strong></span> <span class='ocrx_word' id='word_1_771' title='bbox 2443 3596 2551 3648; x_wconf 82' lang='lat' dir='ltr'><strong><em>sine</em></strong></span> <span class='ocrx_word' id='word_1_772' title='bbox 2571 3597 2712 3650; x_wconf 85' lang='lat' dir='ltr'><strong><em>nobis</em></strong></span> <span class='ocrx_word' id='word_1_773' title='bbox 2729 3603 3403 3673; x_wconf 75' lang='lat' dir='ltr'><strong><em>consummarentur(Hebr.</em></strong></span> <span class='ocrx_word' id='word_1_774' title='bbox 3433 3609 3519 3664; x_wconf 84' lang='lat' dir='ltr'><strong><em>ll.</em></strong></span> 
     </span>
    </p>
   </div>
   <div class='ocr_carea' id='block_1_99' title="bbox 1909 3680 3521 3770">
    <p class='ocr_par' dir='ltr' id='par_1_99' title="bbox 1909 3680 3521 3770">
     <span class='ocr_line' id='line_1_99' title="bbox 1909 3680 3521 3770; baseline 0.014 -37"><span class='ocrx_word' id='word_1_775' title='bbox 1909 3680 1999 3734; x_wconf 79' lang='lat' dir='ltr'><strong><em>l5.</em></strong></span> <span class='ocrx_word' id='word_1_776' title='bbox 2032 3682 2104 3736; x_wconf 74' lang='grc'><strong><em>40</em></strong></span> <span class='ocrx_word' id='word_1_777' title='bbox 2126 3681 2165 3753; x_wconf 90' lang='grc'><strong><em>).</em></strong></span> <span class='ocrx_word' id='word_1_778' title='bbox 2199 3683 2511 3740; x_wconf 87' lang='lat' dir='ltr'><strong><em>Communis</em></strong></span> <span class='ocrx_word' id='word_1_779' title='bbox 2541 3687 2684 3742; x_wconf 88' lang='lat' dir='ltr'><strong><em>enim</em></strong></span> <span class='ocrx_word' id='word_1_780' title='bbox 2714 3701 2792 3744; x_wconf 89' lang='lat' dir='ltr'><strong><em>est</em></strong></span> <span class='ocrx_word' id='word_1_781' title='bbox 2819 3691 3104 3754; x_wconf 72' lang='lat' dir='ltr'><strong><em>celebritas</em></strong></span> <span class='ocrx_word' id='word_1_782' title='bbox 3137 3693 3252 3751; x_wconf 69' lang='lat' dir='ltr'><strong><em>hmc</em></strong></span> <span class='ocrx_word' id='word_1_783' title='bbox 3276 3738 3290 3763; x_wconf 92' lang='lat'><strong><em>,</em></strong></span> <span class='ocrx_word' id='word_1_784' title='bbox 3325 3698 3521 3770; x_wconf 86' lang='lat' dir='ltr'><strong><em>inquit,</em></strong></span> 
     </span>
    </p>
   </div>
   <div class='ocr_carea' id='block_1_100' title="bbox 1906 3773 3523 3855">
    <p class='ocr_par' dir='ltr' id='par_1_100' title="bbox 1906 3773 3523 3855">
     <span class='ocr_line' id='line_1_100' title="bbox 1906 3773 3523 3855; baseline 0.015 -31"><span class='ocrx_word' id='word_1_785' title='bbox 1906 3773 2337 3843; x_wconf 86' lang='lat' dir='ltr'><strong><em>quanquuidem</em></strong></span> <span class='ocrx_word' id='word_1_786' title='bbox 2367 3777 2538 3847; x_wconf 63' lang='lat' dir='ltr'><strong><em>major</em></strong></span> <span class='ocrx_word' id='word_1_787' title='bbox 2567 3781 2730 3835; x_wconf 86' lang='lat' dir='ltr'><strong><em>etiam</em></strong></span> <span class='ocrx_word' id='word_1_788' title='bbox 2764 3791 2846 3836; x_wconf 59' lang='lat' dir='ltr'><strong><em>est</em></strong></span> <span class='ocrx_word' id='word_1_789' title='bbox 2875 3784 3146 3855; x_wconf 81' lang='lat' dir='ltr'><strong><em>voluptas,</em></strong></span> <span class='ocrx_word' id='word_1_790' title='bbox 3178 3787 3304 3843; x_wconf 90' lang='lat' dir='ltr'><strong><em>dum</em></strong></span> <span class='ocrx_word' id='word_1_791' title='bbox 3333 3807 3523 3849; x_wconf 83' lang='lat' dir='ltr'><strong><em>omnes</em></strong></span> 
     </span>
    </p>
   </div>
   <div class='ocr_carea' id='block_1_101' title="bbox 1909 3863 3524 3953">
    <p class='ocr_par' dir='ltr' id='par_1_101' title="bbox 1909 3863 3524 3953">
     <span class='ocr_line' id='line_1_101' title="bbox 1909 3863 3524 3953; baseline 0.016 -38"><span class='ocrx_word' id='word_1_792' title='bbox 1909 3863 2094 3918; x_wconf 86' lang='lat' dir='ltr'><strong><em>eadem</em></strong></span> <span class='ocrx_word' id='word_1_793' title='bbox 2140 3881 2302 3934; x_wconf 89' lang='lat' dir='ltr'><strong><em>opera</em></strong></span> <span class='ocrx_word' id='word_1_794' title='bbox 2345 3883 2690 3925; x_wconf 87' lang='lat' dir='ltr'><strong><em>coronamur.</em></strong></span> <span class='ocrx_word' id='word_1_795' title='bbox 2740 3872 2882 3928; x_wconf 83' lang='lat' dir='ltr'><strong><em>Idem</em></strong></span> <span class='ocrx_word' id='word_1_796' title='bbox 2916 3875 2974 3930; x_wconf 90' lang='lat' dir='ltr'><strong><em>fit</em></strong></span> <span class='ocrx_word' id='word_1_797' title='bbox 3017 3891 3070 3931; x_wconf 90' lang='lat' dir='ltr'><strong><em>et</em></strong></span> <span class='ocrx_word' id='word_1_798' title='bbox 3116 3878 3167 3932; x_wconf 91' lang='lat' dir='ltr'><strong><em>in</em></strong></span> <span class='ocrx_word' id='word_1_799' title='bbox 3194 3879 3524 3953; x_wconf 80' lang='lat' dir='ltr'><strong><em>Olympiacis</em></strong></span> 
     </span>
    </p>
   </div>
   <div class='ocr_carea' id='block_1_102' title="bbox 1906 3959 3524 4041">
    <p class='ocr_par' dir='ltr' id='par_1_102' title="bbox 1906 3959 3524 4041">
     <span class='ocr_line' id='line_1_102' title="bbox 1906 3959 3524 4041; baseline 0.015 -32"><span class='ocrx_word' id='word_1_800' title='bbox 1906 3959 2289 4014; x_wconf 87' lang='lat' dir='ltr'><strong><em>certaminibus</em></strong></span> <span class='ocrx_word' id='word_1_801' title='bbox 2318 3980 2330 4014; x_wconf 93' lang='lat'>:</span> <span class='ocrx_word' id='word_1_802' title='bbox 2361 3960 2626 4030; x_wconf 89' lang='lat' dir='ltr'><strong><em>luctator,</em></strong></span> <span class='ocrx_word' id='word_1_803' title='bbox 2660 3967 2800 4036; x_wconf 81' lang='lat' dir='ltr'><strong><em>pugil</em></strong></span> <span class='ocrx_word' id='word_1_804' title='bbox 2823 4009 2837 4027; x_wconf 88' lang='lat'><strong><em>,</em></strong></span> <span class='ocrx_word' id='word_1_805' title='bbox 2872 3969 3226 4036; x_wconf 81' lang='lat' dir='ltr'><strong><em>pancratiasta</em></strong></span> <span class='ocrx_word' id='word_1_806' title='bbox 3246 4013 3263 4041; x_wconf 94' lang='lat'><strong><em>,</em></strong></span> <span class='ocrx_word' id='word_1_807' title='bbox 3295 3972 3524 4033; x_wconf 68' lang='lat' dir='ltr'><strong><em>diversis</em></strong></span> 
     </span>
    </p>
   </div>
   <div class='ocr_carea' id='block_1_103' title="bbox 1905 4050 3520 4125">
    <p class='ocr_par' dir='ltr' id='par_1_103' title="bbox 1905 4050 3520 4125">
     <span class='ocr_line' id='line_1_103' title="bbox 1905 4050 3520 4125; baseline 0.014 -25"><span class='ocrx_word' id='word_1_808' title='bbox 1905 4050 2120 4117; x_wconf 90' lang='lat' dir='ltr'><strong><em>quidem</em></strong></span> <span class='ocrx_word' id='word_1_809' title='bbox 2154 4051 2484 4120; x_wconf 84' lang='lat' dir='ltr'><strong><em>temporibus</em></strong></span> <span class='ocrx_word' id='word_1_810' title='bbox 2513 4065 2786 4111; x_wconf 90' lang='lat' dir='ltr'><strong><em>certamen</em></strong></span> <span class='ocrx_word' id='word_1_811' title='bbox 2818 4059 3050 4114; x_wconf 75' lang='lat' dir='ltr'><strong><em>subeunt</em></strong></span> <span class='ocrx_word' id='word_1_812' title='bbox 3077 4103 3092 4125; x_wconf 90' lang='lat'><strong><em>,</em></strong></span> <span class='ocrx_word' id='word_1_813' title='bbox 3123 4062 3214 4116; x_wconf 87' lang='lat' dir='ltr'><strong><em>sed</em></strong></span> <span class='ocrx_word' id='word_1_814' title='bbox 3247 4079 3356 4120; x_wconf 88' lang='lat' dir='ltr'><strong><em>uno</em></strong></span> <span class='ocrx_word' id='word_1_815' title='bbox 3382 4075 3520 4122; x_wconf 82' lang='lat' dir='ltr'><strong><em>tem-</em></strong></span> 
     </span>
    </p>
   </div>
   <div class='ocr_carea' id='block_1_104' title="bbox 1907 4140 3524 4228">
    <p class='ocr_par' dir='ltr' id='par_1_104' title="bbox 1907 4140 3524 4228">
     <span class='ocr_line' id='line_1_104' title="bbox 1907 4140 3524 4228; baseline 0.013 -36"><span class='ocrx_word' id='word_1_816' title='bbox 1907 4140 2055 4209; x_wconf 90' lang='lat' dir='ltr'><strong><em>poris</em></strong></span> <span class='ocrx_word' id='word_1_817' title='bbox 2103 4151 2379 4198; x_wconf 87' lang='lat' dir='ltr'><strong><em>momento</em></strong></span> <span class='ocrx_word' id='word_1_818' title='bbox 2406 4159 2596 4202; x_wconf 86' lang='lat' dir='ltr'><strong><em>omnes</em></strong></span> <span class='ocrx_word' id='word_1_819' title='bbox 2635 4161 2666 4200; x_wconf 89' lang='lat' dir='ltr'><strong><em>a</em></strong></span> <span class='ocrx_word' id='word_1_820' title='bbox 2712 4163 2958 4217; x_wconf 72' lang='lat' dir='ltr'><strong><em>praecone</em></strong></span> <span class='ocrx_word' id='word_1_821' title='bbox 3006 4154 3237 4228; x_wconf 85' lang='lat' dir='ltr'><strong><em>victores</em></strong></span> <span class='ocrx_word' id='word_1_822' title='bbox 3279 4172 3524 4228; x_wconf 90' lang='lat' dir='ltr'><strong><em>pronun-</em></strong></span> 
     </span>
    </p>
   </div>
   <div class='ocr_carea' id='block_1_105' title="bbox 1911 4229 3514 4307">
    <p class='ocr_par' dir='ltr' id='par_1_105' title="bbox 1911 4229 3514 4307">
     <span class='ocr_line' id='line_1_105' title="bbox 1911 4229 3514 4307; baseline 0.012 -23"><span class='ocrx_word' id='word_1_823' title='bbox 1911 4229 2130 4286; x_wconf 88' lang='lat' dir='ltr'><strong><em>tiantur.</em></strong></span> <span class='ocrx_word' id='word_1_824' title='bbox 2161 4230 2305 4288; x_wconf 84' lang='lat' dir='ltr'><strong><em>Idem</em></strong></span> <span class='ocrx_word' id='word_1_825' title='bbox 2337 4233 2393 4289; x_wconf 90' lang='lat' dir='ltr'><strong><em>fit</em></strong></span> <span class='ocrx_word' id='word_1_826' title='bbox 2422 4244 2475 4291; x_wconf 91' lang='lat' dir='ltr'><strong><em>et</em></strong></span> <span class='ocrx_word' id='word_1_827' title='bbox 2499 4235 2552 4290; x_wconf 91' lang='lat' dir='ltr'><strong><em>in</em></strong></span> <span class='ocrx_word' id='word_1_828' title='bbox 2584 4238 2866 4294; x_wconf 74' lang='lat' dir='ltr'><strong><em>conviviis.</em></strong></span> <span class='ocrx_word' id='word_1_829' title='bbox 2906 4239 3126 4307; x_wconf 63' lang='lat' dir='ltr'><strong><em>Quoties</em></strong></span> <span class='ocrx_word' id='word_1_830' title='bbox 3155 4245 3297 4300; x_wconf 91' lang='lat' dir='ltr'><strong><em>enim</em></strong></span> <span class='ocrx_word' id='word_1_831' title='bbox 3325 4251 3514 4304; x_wconf 85' lang='lat' dir='ltr'><strong><em>convi-</em></strong></span> 
     </span>
    </p>
   </div>
   <div class='ocr_carea' id='block_1_106' title="bbox 1908 4321 3513 4408">
    <p class='ocr_par' dir='ltr' id='par_1_106' title="bbox 1908 4321 3513 4408">
     <span class='ocr_line' id='line_1_106' title="bbox 1908 4321 3513 4408; baseline 0.014 -35"><span class='ocrx_word' id='word_1_832' title='bbox 1908 4334 2094 4375; x_wconf 81' lang='lat' dir='ltr'><strong><em>varum</em></strong></span> <span class='ocrx_word' id='word_1_833' title='bbox 2123 4321 2211 4377; x_wconf 88' lang='lat' dir='ltr'><strong><em>alii</em></strong></span> <span class='ocrx_word' id='word_1_834' title='bbox 2239 4335 2504 4379; x_wconf 88' lang='lat' dir='ltr'><strong><em>veuerunt</em></strong></span> <span class='ocrx_word' id='word_1_835' title='bbox 2532 4326 2793 4382; x_wconf 85' lang='lat' dir='ltr'><strong><em>maturius</em></strong></span> <span class='ocrx_word' id='word_1_836' title='bbox 2813 4369 2826 4392; x_wconf 93' lang='lat'><strong><em>,</em></strong></span> <span class='ocrx_word' id='word_1_837' title='bbox 2857 4328 2946 4383; x_wconf 87' lang='lat' dir='ltr'><strong><em>alii</em></strong></span> <span class='ocrx_word' id='word_1_838' title='bbox 2974 4329 3150 4388; x_wconf 91' lang='lat' dir='ltr'><strong><em>adhuc</em></strong></span> <span class='ocrx_word' id='word_1_839' title='bbox 3170 4344 3513 4408; x_wconf 80' lang='lat' dir='ltr'><strong><em>cunctantur,</em></strong></span> 
     </span>
    </p>
   </div>
   <div class='ocr_carea' id='block_1_107' title="bbox 1907 4410 3519 4496">
    <p class='ocr_par' dir='ltr' id='par_1_107' title="bbox 1907 4410 3519 4496">
     <span class='ocr_line' id='line_1_107' title="bbox 1907 4410 3519 4496; baseline 0.014 -31"><span class='ocrx_word' id='word_1_840' title='bbox 1907 4410 2281 4470; x_wconf 82' lang='lat' dir='ltr'><strong><em>convivatores</em></strong></span> <span class='ocrx_word' id='word_1_841' title='bbox 2310 4414 2363 4469; x_wconf 91' lang='lat' dir='ltr'><strong><em>in</em></strong></span> <span class='ocrx_word' id='word_1_842' title='bbox 2391 4415 2650 4472; x_wconf 86' lang='lat' dir='ltr'><strong><em>honorem</em></strong></span> <span class='ocrx_word' id='word_1_843' title='bbox 2677 4419 2978 4476; x_wconf 86' lang='lat' dir='ltr'><strong><em>absentium</em></strong></span> <span class='ocrx_word' id='word_1_844' title='bbox 3000 4422 3190 4491; x_wconf 86' lang='lat' dir='ltr'><strong><em>jubent</em></strong></span> <span class='ocrx_word' id='word_1_845' title='bbox 3221 4438 3519 4496; x_wconf 71' lang='lat' dir='ltr'><strong><em>prmsentes</em></strong></span> 
     </span>
    </p>
   </div>
   <div class='ocr_carea' id='block_1_108' title="bbox 1894 4505 3514 4584">
    <p class='ocr_par' dir='ltr' id='par_1_108' title="bbox 1894 4505 3514 4584">
     <span class='ocr_line' id='line_1_108' title="bbox 1894 4505 3514 4584; baseline 0.014 -27"><span class='ocrx_word' id='word_1_846' title='bbox 1894 4505 2184 4577; x_wconf 60' lang='lat' dir='ltr'><strong><em>paulisper</em></strong></span> <span class='ocrx_word' id='word_1_847' title='bbox 2228 4523 2448 4563; x_wconf 87' lang='lat' dir='ltr'><strong><em>manere</em></strong></span> <span class='ocrx_word' id='word_1_848' title='bbox 2475 4550 2490 4574; x_wconf 91' lang='lat'><strong><em>,</em></strong></span> <span class='ocrx_word' id='word_1_849' title='bbox 2531 4509 2708 4567; x_wconf 91' lang='lat' dir='ltr'><strong><em>donec</em></strong></span> <span class='ocrx_word' id='word_1_850' title='bbox 2737 4513 2811 4567; x_wconf 91' lang='lat' dir='ltr'><strong><em>illi</em></strong></span> <span class='ocrx_word' id='word_1_851' title='bbox 2841 4529 3056 4584; x_wconf 90' lang='lat' dir='ltr'><strong><em>quoque</em></strong></span> <span class='ocrx_word' id='word_1_852' title='bbox 3097 4517 3334 4575; x_wconf 78' lang='lat' dir='ltr'><strong><em>veniant.</em></strong></span> <span class='ocrx_word' id='word_1_853' title='bbox 3367 4520 3514 4579; x_wconf 88' lang='lat' dir='ltr'><strong><em>ldcm</em></strong></span> 
     </span>
    </p>
   </div>
   <div class='ocr_carea' id='block_1_109' title="bbox 1908 4597 3521 4670">
    <p class='ocr_par' dir='ltr' id='par_1_109' title="bbox 1908 4597 3521 4670">
     <span class='ocr_line' id='line_1_109' title="bbox 1908 4597 3521 4670; baseline 0.011 -20"><span class='ocrx_word' id='word_1_854' title='bbox 1908 4597 2070 4650; x_wconf 89' lang='lat' dir='ltr'><strong><em>etiam</em></strong></span> <span class='ocrx_word' id='word_1_855' title='bbox 2098 4599 2234 4652; x_wconf 88' lang='lat' dir='ltr'><strong><em>Deus</em></strong></span> <span class='ocrx_word' id='word_1_856' title='bbox 2265 4599 2381 4653; x_wconf 83' lang='lat' dir='ltr'><strong><em>fecit</em></strong></span> <span class='ocrx_word' id='word_1_857' title='bbox 2421 4617 2433 4651; x_wconf 86' lang='lat'><strong>:</strong></span> <span class='ocrx_word' id='word_1_858' title='bbox 2461 4601 2712 4670; x_wconf 77' lang='lat' dir='ltr'><strong><em>quoniam</em></strong></span> <span class='ocrx_word' id='word_1_859' title='bbox 2743 4604 2884 4656; x_wconf 83' lang='lat' dir='ltr'><strong><em>enim</em></strong></span> <span class='ocrx_word' id='word_1_860' title='bbox 2907 4619 2973 4659; x_wconf 81' lang='lat' dir='ltr'><strong><em>ex</em></strong></span> <span class='ocrx_word' id='word_1_861' title='bbox 3004 4615 3117 4659; x_wconf 90' lang='lat' dir='ltr'><strong><em>toto</em></strong></span> <span class='ocrx_word' id='word_1_862' title='bbox 3139 4606 3270 4664; x_wconf 88' lang='lat' dir='ltr'><strong><em>orbe</em></strong></span> <span class='ocrx_word' id='word_1_863' title='bbox 3289 4608 3521 4668; x_wconf 76' lang='lat' dir='ltr'><strong><em>diversis</em></strong></span> 
     </span>
    </p>
   </div>
   <div class='ocr_carea' id='block_1_110' title="bbox 1910 4687 3516 4764">
    <p class='ocr_par' dir='ltr' id='par_1_110' title="bbox 1910 4687 3516 4764">
     <span class='ocr_line' id='line_1_110' title="bbox 1910 4687 3516 4764; baseline 0.011 -24"><span class='ocrx_word' id='word_1_864' title='bbox 1910 4687 2241 4755; x_wconf 82' lang='lat' dir='ltr'><strong><em>temporibus</em></strong></span> <span class='ocrx_word' id='word_1_865' title='bbox 2278 4687 2482 4743; x_wconf 88' lang='lat' dir='ltr'><strong><em>electos</em></strong></span> <span class='ocrx_word' id='word_1_866' title='bbox 2512 4690 2578 4743; x_wconf 89' lang='lat' dir='ltr'><strong><em>ad</em></strong></span> <span class='ocrx_word' id='word_1_867' title='bbox 2609 4705 2896 4748; x_wconf 88' lang='lat' dir='ltr'><strong><em>commune</em></strong></span> <span class='ocrx_word' id='word_1_868' title='bbox 2936 4702 2992 4748; x_wconf 89' lang='lat' dir='ltr'><strong><em>et</em></strong></span> <span class='ocrx_word' id='word_1_869' title='bbox 3021 4693 3300 4764; x_wconf 78' lang='lat' dir='ltr'><strong><em>spirituale</em></strong></span> <span class='ocrx_word' id='word_1_870' title='bbox 3325 4699 3516 4757; x_wconf 83' lang='lat' dir='ltr'><strong><em>convl-</em></strong></span> 
     </span>
    </p>
   </div>
   <div class='ocr_carea' id='block_1_111' title="bbox 1910 4777 3517 4862">
    <p class='ocr_par' dir='ltr' id='par_1_111' title="bbox 1910 4777 3517 4862">
     <span class='ocr_line' id='line_1_111' title="bbox 1910 4777 3517 4862; baseline 0.012 -34"><span class='ocrx_word' id='word_1_871' title='bbox 1910 4778 2052 4831; x_wconf 87' lang='lat' dir='ltr'><strong><em>vium</em></strong></span> <span class='ocrx_word' id='word_1_872' title='bbox 2070 4777 2326 4841; x_wconf 86' lang='lat' dir='ltr'><strong><em>invitavit,</em></strong></span> <span class='ocrx_word' id='word_1_873' title='bbox 2347 4781 2498 4848; x_wconf 76' lang='lat' dir='ltr'><strong><em>jubet</em></strong></span> <span class='ocrx_word' id='word_1_874' title='bbox 2516 4795 2612 4836; x_wconf 90' lang='lat' dir='ltr'><strong><em>cos</em></strong></span> <span class='ocrx_word' id='word_1_875' title='bbox 2627 4782 2714 4852; x_wconf 86' lang='lat' dir='ltr'><strong><em>qui</em></strong></span> <span class='ocrx_word' id='word_1_876' title='bbox 2733 4783 2939 4851; x_wconf 87' lang='lat' dir='ltr'><strong><em>priores</em></strong></span> <span class='ocrx_word' id='word_1_877' title='bbox 2960 4785 3186 4852; x_wconf 88' lang='lat' dir='ltr'><strong><em>iverunt,</em></strong></span> <span class='ocrx_word' id='word_1_878' title='bbox 3201 4801 3517 4862; x_wconf 76' lang='lat' dir='ltr'><strong><em>exspectare</em></strong></span> 
     </span>
    </p>
   </div>
   <div class='ocr_carea' id='block_1_112' title="bbox 1912 4869 3522 4948">
    <p class='ocr_par' dir='ltr' id='par_1_112' title="bbox 1912 4869 3522 4948">
     <span class='ocr_line' id='line_1_112' title="bbox 1912 4869 3522 4948; baseline 0.01 -27"><span class='ocrx_word' id='word_1_879' title='bbox 1912 4881 2008 4923; x_wconf 88' lang='lat' dir='ltr'><strong><em>eos</em></strong></span> <span class='ocrx_word' id='word_1_880' title='bbox 2032 4869 2120 4938; x_wconf 92' lang='lat' dir='ltr'><strong><em>qui</em></strong></span> <span class='ocrx_word' id='word_1_881' title='bbox 2153 4871 2480 4938; x_wconf 86' lang='lat' dir='ltr'><strong><em>posteriores</em></strong></span> <span class='ocrx_word' id='word_1_882' title='bbox 2505 4879 2631 4926; x_wconf 88' lang='lat' dir='ltr'><strong><em>sunt</em></strong></span> <span class='ocrx_word' id='word_1_883' title='bbox 2657 4874 2866 4928; x_wconf 89' lang='lat' dir='ltr'><strong><em>venturi</em></strong></span> <span class='ocrx_word' id='word_1_884' title='bbox 2883 4915 2898 4940; x_wconf 89' lang='lat'><strong><em>,</em></strong></span> <span class='ocrx_word' id='word_1_885' title='bbox 2931 4884 2991 4930; x_wconf 91' lang='lat' dir='ltr'><strong><em>ut</em></strong></span> <span class='ocrx_word' id='word_1_886' title='bbox 3033 4876 3136 4933; x_wconf 87' lang='lat' dir='ltr'><strong><em>hoc</em></strong></span> <span class='ocrx_word' id='word_1_887' title='bbox 3165 4889 3318 4948; x_wconf 80' lang='lat' dir='ltr'><strong><em>pacto</em></strong></span> <span class='ocrx_word' id='word_1_888' title='bbox 3343 4883 3522 4937; x_wconf 89' lang='lat' dir='ltr'><strong><em>omni-</em></strong></span> 
     </span>
    </p>
   </div>
   <div class='ocr_carea' id='block_1_113' title="bbox 1911 4959 3524 5044">
    <p class='ocr_par' dir='ltr' id='par_1_113' title="bbox 1911 4959 3524 5044">
     <span class='ocr_line' id='line_1_113' title="bbox 1911 4959 3524 5044; baseline 0.012 -30"><span class='ocrx_word' id='word_1_889' title='bbox 1911 4959 2013 5015; x_wconf 90' lang='lat' dir='ltr'><strong><em>bus</em></strong></span> <span class='ocrx_word' id='word_1_890' title='bbox 2038 4976 2140 5015; x_wconf 88' lang='lat' dir='ltr'><strong><em>una</em></strong></span> <span class='ocrx_word' id='word_1_891' title='bbox 2182 4964 2560 5032; x_wconf 78' lang='lat' dir='ltr'><strong><em>przesentibus,</em></strong></span> <span class='ocrx_word' id='word_1_892' title='bbox 2595 4980 2739 5022; x_wconf 87' lang='lat' dir='ltr'><strong><em>unus</em></strong></span> <span class='ocrx_word' id='word_1_893' title='bbox 2763 4968 3014 5024; x_wconf 89' lang='lat' dir='ltr'><strong><em>omnibus</em></strong></span> <span class='ocrx_word' id='word_1_894' title='bbox 3043 4973 3317 5044; x_wconf 86' lang='lat' dir='ltr'><strong><em>contingat</em></strong></span> <span class='ocrx_word' id='word_1_895' title='bbox 3346 4975 3524 5033; x_wconf 81' lang='lat' dir='ltr'><strong><em>honor</em></strong></span> 
     </span>
    </p>
   </div>
   <div class='ocr_carea' id='block_1_114' title="bbox 1911 5052 2390 5123">
    <p class='ocr_par' dir='ltr' id='par_1_114' title="bbox 1911 5052 2390 5123">
     <span class='ocr_line' id='line_1_114' title="bbox 1911 5052 2390 5123; baseline 0.004 -17"><span class='ocrx_word' id='word_1_896' title='bbox 1911 5060 1966 5106; x_wconf 91' lang='lat' dir='ltr'><strong><em>et</em></strong></span> <span class='ocrx_word' id='word_1_897' title='bbox 1994 5065 2100 5106; x_wconf 84' lang='lat' dir='ltr'><strong><em>una</em></strong></span> <span class='ocrx_word' id='word_1_898' title='bbox 2126 5052 2390 5123; x_wconf 80' lang='lat' dir='ltr'><strong><em>voluptas.</em></strong></span> 
     </span>
    </p>
   </div>
   <div class='ocr_carea' id='block_1_115' title="bbox 1987 5143 3522 5222">
    <p class='ocr_par' dir='ltr' id='par_1_115' title="bbox 1987 5143 3522 5222">
     <span class='ocr_line' id='line_1_115' title="bbox 1987 5143 3522 5222; baseline 0.01 -23"><span class='ocrx_word' id='word_1_899' title='bbox 1987 5145 2073 5200; x_wconf 76' lang='grc'><strong><em>10.</em></strong></span> <span class='ocrx_word' id='word_1_900' title='bbox 2098 5143 2284 5216; x_wconf 73' lang='lat' dir='ltr'><strong><em>Cogita</em></strong></span> <span class='ocrx_word' id='word_1_901' title='bbox 2305 5146 2447 5200; x_wconf 90' lang='lat' dir='ltr'><strong><em>enim</em></strong></span> <span class='ocrx_word' id='word_1_902' title='bbox 2470 5159 2668 5216; x_wconf 82' lang='lat' dir='ltr'><strong><em>quanta</em></strong></span> <span class='ocrx_word' id='word_1_903' title='bbox 2689 5147 2758 5202; x_wconf 86' lang='lat' dir='ltr'><strong><em>sit</em></strong></span> <span class='ocrx_word' id='word_1_904' title='bbox 2778 5147 2999 5205; x_wconf 86' lang='lat' dir='ltr'><strong><em>honoris</em></strong></span> <span class='ocrx_word' id='word_1_905' title='bbox 3017 5153 3276 5222; x_wconf 88' lang='lat' dir='ltr'><strong><em>accessio,</em></strong></span> <span class='ocrx_word' id='word_1_906' title='bbox 3298 5155 3522 5215; x_wconf 82' lang='lat' dir='ltr'><strong><em>Paulum</em></strong></span> 
     </span>
    </p>
   </div>
   <div class='ocr_carea' id='block_1_116' title="bbox 1914 5235 3525 5319">
    <p class='ocr_par' dir='ltr' id='par_1_116' title="bbox 1914 5235 3525 5319">
     <span class='ocr_line' id='line_1_116' title="bbox 1914 5235 3525 5319; baseline 0.01 -29"><span class='ocrx_word' id='word_1_907' title='bbox 1914 5245 1970 5290; x_wconf 91' lang='lat' dir='ltr'><strong><em>et</em></strong></span> <span class='ocrx_word' id='word_1_908' title='bbox 1997 5235 2084 5290; x_wconf 87' lang='lat' dir='ltr'><strong><em>sui</em></strong></span> <span class='ocrx_word' id='word_1_909' title='bbox 2111 5236 2366 5304; x_wconf 89' lang='lat' dir='ltr'><strong><em>temporis</em></strong></span> <span class='ocrx_word' id='word_1_910' title='bbox 2387 5236 2653 5306; x_wconf 81' lang='lat' dir='ltr'><strong><em>homines,</em></strong></span> <span class='ocrx_word' id='word_1_911' title='bbox 2681 5240 3042 5297; x_wconf 80' lang='lat' dir='ltr'><strong><em>Abraliamum</em></strong></span> <span class='ocrx_word' id='word_1_912' title='bbox 3067 5243 3196 5300; x_wconf 85' lang='lat' dir='ltr'><strong><em>item</em></strong></span> <span class='ocrx_word' id='word_1_913' title='bbox 3218 5256 3380 5316; x_wconf 87' lang='lat' dir='ltr'><strong><em>atque</em></strong></span> <span class='ocrx_word' id='word_1_914' title='bbox 3403 5249 3525 5319; x_wconf 87' lang='lat' dir='ltr'><strong><em>ejus</em></strong></span> 
     </span>
    </p>
   </div>
   <div class='ocr_carea' id='block_1_117' title="bbox 1915 5325 3523 5402">
    <p class='ocr_par' dir='ltr' id='par_1_117' title="bbox 1915 5325 3523 5402">
     <span class='ocr_line' id='line_1_117' title="bbox 1915 5325 3523 5402; baseline 0.01 -23"><span class='ocrx_word' id='word_1_915' title='bbox 1915 5325 2089 5380; x_wconf 62' lang='lat' dir='ltr'><strong><em>aetatis</em></strong></span> <span class='ocrx_word' id='word_1_916' title='bbox 2120 5328 2263 5382; x_wconf 89' lang='lat' dir='ltr'><strong><em>viros</em></strong></span> <span class='ocrx_word' id='word_1_917' title='bbox 2288 5369 2302 5395; x_wconf 89' lang='lat'><strong><em>,</em></strong></span> <span class='ocrx_word' id='word_1_918' title='bbox 2349 5342 2414 5382; x_wconf 90' lang='lat' dir='ltr'><strong><em>ac</em></strong></span> <span class='ocrx_word' id='word_1_919' title='bbox 2451 5344 2664 5384; x_wconf 88' lang='lat' dir='ltr'><strong><em>rursum</em></strong></span> <span class='ocrx_word' id='word_1_920' title='bbox 2694 5331 2832 5385; x_wconf 84' lang='lat' dir='ltr'><strong><em>alios</em></strong></span> <span class='ocrx_word' id='word_1_921' title='bbox 2875 5331 2968 5402; x_wconf 87' lang='lat' dir='ltr'><strong><em>qui</em></strong></span> <span class='ocrx_word' id='word_1_922' title='bbox 3009 5341 3088 5388; x_wconf 91' lang='lat' dir='ltr'><strong><em>tot</em></strong></span> <span class='ocrx_word' id='word_1_923' title='bbox 3133 5335 3349 5392; x_wconf 65' lang='lat' dir='ltr'><strong><em>saeculis</em></strong></span> <span class='ocrx_word' id='word_1_924' title='bbox 3394 5349 3523 5396; x_wconf 83' lang='lat' dir='ltr'><strong><em>ante</em></strong></span> 
     </span>
    </p>
   </div>
   <div class='ocr_carea' id='block_1_118' title="bbox 1918 5420 3524 5499">
    <p class='ocr_par' dir='ltr' id='par_1_118' title="bbox 1918 5420 3524 5499">
     <span class='ocr_line' id='line_1_118' title="bbox 1918 5420 3524 5499; baseline 0.008 -26"><span class='ocrx_word' id='word_1_925' title='bbox 1918 5420 2063 5473; x_wconf 90' lang='lat' dir='ltr'><strong><em>illum</em></strong></span> <span class='ocrx_word' id='word_1_926' title='bbox 2091 5429 2430 5476; x_wconf 80' lang='lat' dir='ltr'><strong><em>certaverunt</em></strong></span> <span class='ocrx_word' id='word_1_927' title='bbox 2457 5430 2507 5477; x_wconf 89' lang='lat' dir='ltr'><strong><em>et</em></strong></span> <span class='ocrx_word' id='word_1_928' title='bbox 2533 5423 2792 5489; x_wconf 80' lang='lat' dir='ltr'><strong><em>vicerunt,</em></strong></span> <span class='ocrx_word' id='word_1_929' title='bbox 2825 5423 3015 5481; x_wconf 89' lang='lat' dir='ltr'><strong><em>sedere</em></strong></span> <span class='ocrx_word' id='word_1_930' title='bbox 3037 5441 3177 5481; x_wconf 90' lang='lat' dir='ltr'><strong><em>nunc</em></strong></span> <span class='ocrx_word' id='word_1_931' title='bbox 3202 5439 3524 5499; x_wconf 78' lang='lat' dir='ltr'><strong><em>exspectan-</em></strong></span> 
     </span>
    </p>
   </div>
   <div class='ocr_carea' id='block_1_119' title="bbox 1919 5512 3527 5586">
    <p class='ocr_par' dir='ltr' id='par_1_119' title="bbox 1919 5512 3527 5586">
     <span class='ocr_line' id='line_1_119' title="bbox 1919 5512 3527 5586; baseline 0.008 -21"><span class='ocrx_word' id='word_1_932' title='bbox 1919 5520 1999 5565; x_wconf 87' lang='lat' dir='ltr'><strong><em>tes</em></strong></span> <span class='ocrx_word' id='word_1_933' title='bbox 2019 5512 2190 5568; x_wconf 89' lang='lat' dir='ltr'><strong><em>donec</em></strong></span> <span class='ocrx_word' id='word_1_934' title='bbox 2209 5529 2308 5567; x_wconf 90' lang='lat' dir='ltr'><strong><em>nos</em></strong></span> <span class='ocrx_word' id='word_1_935' title='bbox 2326 5529 2538 5584; x_wconf 80' lang='lat' dir='ltr'><strong><em>quoque</em></strong></span> <span class='ocrx_word' id='word_1_936' title='bbox 2558 5515 2768 5584; x_wconf 86' lang='lat' dir='ltr'><strong><em>probati</em></strong></span> <span class='ocrx_word' id='word_1_937' title='bbox 2788 5517 2978 5576; x_wconf 62' lang='lat' dir='ltr'><strong><em>simus.</em></strong></span> <span class='ocrx_word' id='word_1_938' title='bbox 2999 5517 3150 5586; x_wconf 85' lang='lat' dir='ltr'><strong><em>Quod</em></strong></span> <span class='ocrx_word' id='word_1_939' title='bbox 3170 5518 3314 5576; x_wconf 89' lang='lat' dir='ltr'><strong><em>enim</em></strong></span> <span class='ocrx_word' id='word_1_940' title='bbox 3331 5521 3527 5578; x_wconf 78' lang='lat' dir='ltr'><strong><em>Paulus</em></strong></span> 
     </span>
    </p>
   </div>
   <div class='ocr_carea' id='block_1_120' title="bbox 1921 5603 3526 5684">
    <p class='ocr_par' dir='ltr' id='par_1_120' title="bbox 1921 5603 3526 5684">
     <span class='ocr_line' id='line_1_120' title="bbox 1921 5603 3526 5684; baseline 0.01 -30"><span class='ocrx_word' id='word_1_941' title='bbox 1921 5603 2156 5657; x_wconf 89' lang='lat' dir='ltr'><strong><em>nondum</em></strong></span> <span class='ocrx_word' id='word_1_942' title='bbox 2181 5608 2439 5659; x_wconf 78' lang='lat' dir='ltr'><strong><em>coronam</em></strong></span> <span class='ocrx_word' id='word_1_943' title='bbox 2484 5608 2749 5675; x_wconf 89' lang='lat' dir='ltr'><strong><em>receperit</em></strong></span> <span class='ocrx_word' id='word_1_944' title='bbox 2774 5649 2786 5666; x_wconf 92' lang='lat'><strong><em>.</em></strong></span> <span class='ocrx_word' id='word_1_945' title='bbox 2822 5622 2997 5677; x_wconf 85' lang='lat' dir='ltr'><strong><em>neque</em></strong></span> <span class='ocrx_word' id='word_1_946' title='bbox 3025 5623 3210 5664; x_wconf 89' lang='lat' dir='ltr'><strong><em>eorum</em></strong></span> <span class='ocrx_word' id='word_1_947' title='bbox 3241 5614 3526 5684; x_wconf 88' lang='lat' dir='ltr'><strong><em>quisquam</em></strong></span> 
     </span>
    </p>
   </div>
   <div class='ocr_carea' id='block_1_121' title="bbox 1920 5695 3528 5768">
    <p class='ocr_par' dir='ltr' id='par_1_121' title="bbox 1920 5695 3528 5768">
     <span class='ocr_line' id='line_1_121' title="bbox 1920 5695 3528 5768; baseline 0.009 -21"><span class='ocrx_word' id='word_1_948' title='bbox 1920 5696 2009 5766; x_wconf 92' lang='lat' dir='ltr'><strong><em>qui</em></strong></span> <span class='ocrx_word' id='word_1_949' title='bbox 2043 5711 2273 5767; x_wconf 86' lang='lat' dir='ltr'><strong><em>unquam</em></strong></span> <span class='ocrx_word' id='word_1_950' title='bbox 2305 5695 2373 5751; x_wconf 87' lang='lat' dir='ltr'><strong><em>ab</em></strong></span> <span class='ocrx_word' id='word_1_951' title='bbox 2406 5697 2558 5752; x_wconf 90' lang='lat' dir='ltr'><strong><em>initio</em></strong></span> <span class='ocrx_word' id='word_1_952' title='bbox 2589 5697 2698 5753; x_wconf 90' lang='lat' dir='ltr'><strong><em>Deo</em></strong></span> <span class='ocrx_word' id='word_1_953' title='bbox 2729 5698 3074 5768; x_wconf 88' lang='lat' dir='ltr'><strong><em>placuerunt,</em></strong></span> <span class='ocrx_word' id='word_1_954' title='bbox 3120 5701 3229 5758; x_wconf 90' lang='lat' dir='ltr'><strong><em>imo</em></strong></span> <span class='ocrx_word' id='word_1_955' title='bbox 3261 5720 3328 5759; x_wconf 89' lang='lat' dir='ltr'><strong><em>ne</em></strong></span> <span class='ocrx_word' id='word_1_956' title='bbox 3368 5719 3528 5760; x_wconf 82' lang='lat' dir='ltr'><strong><em>rece-</em></strong></span> 
     </span>
    </p>
   </div>
   <div class='ocr_carea' id='block_1_122' title="bbox 1925 5789 3538 5866">
    <p class='ocr_par' dir='ltr' id='par_1_122' title="bbox 1925 5789 3538 5866">
     <span class='ocr_line' id='line_1_122' title="bbox 1925 5789 3538 5866; baseline 0.003 -24"><span class='ocrx_word' id='word_1_957' title='bbox 1925 5790 2061 5860; x_wconf 87' lang='lat' dir='ltr'><strong><em>pturi</em></strong></span> <span class='ocrx_word' id='word_1_958' title='bbox 2093 5789 2308 5861; x_wconf 83' lang='lat' dir='ltr'><strong><em>quidem</em></strong></span> <span class='ocrx_word' id='word_1_959' title='bbox 2340 5790 2450 5848; x_wconf 87' lang='lat' dir='ltr'><strong><em>sint</em></strong></span> <span class='ocrx_word' id='word_1_960' title='bbox 2491 5790 2664 5847; x_wconf 88' lang='lat' dir='ltr'><strong><em>donec</em></strong></span> <span class='ocrx_word' id='word_1_961' title='bbox 2696 5805 2886 5848; x_wconf 79' lang='lat' dir='ltr'><strong><em>omnes</em></strong></span> <span class='ocrx_word' id='word_1_962' title='bbox 2925 5793 3015 5863; x_wconf 89' lang='lat' dir='ltr'><strong><em>qui</em></strong></span> <span class='ocrx_word' id='word_1_963' title='bbox 3069 5796 3373 5866; x_wconf 24' lang='lat' dir='ltr'><strong><em>coronandi.</em></strong></span> <span class='ocrx_word' id='word_1_964' title='bbox 3403 5797 3538 5849; x_wconf 82' lang='lat' dir='ltr'><strong><em>sunt</em></strong></span> 
     </span>
    </p>
   </div>
  </div>
