4194 6302
671 367 780 423 29:1

671 478 1021 535 convenerint
1050 517 1065 541 ,
1112 474 1234 529 andi
1268 474 1437 539 ipsum
1478 467 1699 523 Paulum
1726 464 1992 519 dicentem
2024 480 2037 517 :
2070 458 2266 515 Bonum

673 581 929 625 certamen
970 567 1150 622 certari
1176 604 1192 632 ,
1223 554 1423 618 curuum
1447 558 1788 616 consummari
1805 600 1819 618 ,
1850 558 1999 625 ﬁdem
2023 557 2214 609 servari
2248 571 2267 610 :

676 661 732 714 iu
763 664 954 730 reliquo
984 656 1204 724 reposita
1230 664 1302 709 est
1336 653 1461 706 utiii
1484 667 1671 705 corona
1689 649 1934 720 justitic,
1978 662 2131 718 quam
2153 648 2269 701 red-

676 758 759 804 det
788 750 908 803 mihi
930 751 1100 820 justus
1117 746 1287 817 podex
1355 744 1405 798 Ξ.
1448 742 1581 797 τίνι.
1615 744 1667 797 ι.
1700 741 1753 795 7.
1785 738 1881 811 8
1908 738 2177 805 Quando?
2208 736 2269 791 lu

676 842 765 895 illa
793 839 894 903 die,
924 854 1026 892 non
1056 838 1222 890 solum
1246 846 1411 888 autem
1440 834 1581 897 mihi,
1613 831 1769 885 sedet
1796 829 2028 883 omnibus
2070 829 2157 898 qui
2183 828 2265 881 di-

675 929 1133 1007 ligatutodoeutunt
1171 930 1298 998 ejus.
1329 927 1392 979 Et
1436 940 1648 977 rursum
1677 921 1803 976 alibi
1849 921 2087 973 indicans
2130 918 2283 971 bona‘

678 1023 762 1075 illa
802 1022 1071 1076 univezsis
1116 1020 1275 1073 simul
1315 1016 1382 1071 ad
1427 1015 1710 1072 fruendum
1745 1011 2081 1068 concedenda
2110 1026 2267 1075 esse,

674 1110 1239 1167 Thessalonicensibus
1270 1108 1349 1163 sic
1386 1106 1573 1161 scribit
1603 1123 1616 1159 :
1646 1104 1907 1172 Siquidem
1944 1102 2141 1173 justum
2198 1110 2270 1155 ex!

674 1200 814 1271 apud
835 1201 997 1254 Deum
1025 1209 1079 1252 ut
1107 1198 1347 1251 reddatur
1379 1196 1708 1267 «diligentibus
1745 1210 1831 1247 vos
1870 1192 2071 1262 aﬂictio
2095 1234 2108 1255 ,
2132 1191 2270 1244 nobis

676 1301 843 1344 autem
859 1290 944 1359 qui
984 1288 1263 1359 aﬂligimiui
1295 1288 1542 1341 relaxatio
1568 1302 1666 1337 rma
1689 1282 1942 1337 nobiscum
1970 1280 2041 1353 (9..
2095 1280 2267 1334 Thess.

686 1384 730 1435 l.
759 1382 811 1436 6.
842 1381 932 1449 7).
966 1384 1043 1435 Ac
1073 1393 1285 1434 rursum
1322 1396 1334 1430 :
1366 1377 1617 1445 Quoniam
1658 1366 1750 1429 nos
1775 1374 1860 1443 qui
1904 1374 2145 1436 vicimus,
2178 1372 2264 1441 qui

678 1472 1004 1543 relinquimur
1028 1472 1079 1523 in
1100 1472 1370 1523 adventum
1395 1466 1618 1530 Domini,
1646 1482 1749 1519 non
1785 1465 2145 1537 praemiorum
2186 1479 2271 1517 eos

674 1562 759 1630 qui
804 1562 1114 1614 dormierunt
1159 1558 1253 1632 (l.
1300 1555 1481 1611 Thess.
1517 1557 1572 1610 ι.
1619 1554 1723 1625 14)
1752 1570 1766 1608 :
1800 1572 1896 1625 per
1939 1554 2055 1609 iure
2092 1553 2270 1607 omnia

674 1656 873 1709 docens
903 1661 1152 1723 oportere
1177 1664 1275 1706 nos
1298 1648 1455 1703 simul
1484 1662 1673 1704 omnes
1699 1655 1750 1701 et
1778 1647 1830 1699 in
1859 1658 2142 1699 commune
2169 1658 2273 1698 cte-

678 1744 824 1799 lestis
853 1743 1068 1797 honoris
1096 1741 1491 1812 possessionem
1518 1754 1584 1793 ac
1614 1737 1841 1792 fructum
1864 1737 2127 1805 accipere.
2162 1734 2273 1790 lloc

681 1836 854 1903 ipsum
875 1834 1033 1887 etiam
1068 1833 1170 1888 illis
1200 1830 1291 1901 qui
1316 1845 1412 1883 nos
1437 1836 1830 1899 prmeesserunt
1853 1841 2095 1896 magnam
2120 1824 2276 1879 affert

686 1923 1030 1993 voluptatem,
1062 1922 1200 1993 quod
1228 1937 1327 1975 una
1345 1935 1465 1974 cum
1485 1920 1718 1991 prepriis
1738 1918 1994 1972 membris
2013 1917 2120 1971 sint
2145 1916 2276 1971 incf-

685 2016 931 2071 fabilibmt
963 2016 1065 2069 illis
1092 2014 1246 2068 bouis
1263 2011 1591 2084 perfruituri.
1620 2010 1828 2065 Etenim
1857 2017 2009 2079 pater
2037 2020 2276 2062 mensam

680 2107 880 2162 habens
906 2104 1236 2174 splendidam
1261 2117 1323 2156 ac
1348 2102 1624 2171 opiparam
1646 2141 1661 2166 ,
1692 2108 1801 2154 tum
1830 2098 2044 2154 demum
2076 2097 2279 2168 majore

676 2214 796 2252 cum
828 2199 1096 2266 voluptate
1126 2212 1187 2251 ea
1221 2194 1445 2258 fruetur,
1474 2193 1685 2263 quando
1715 2193 1865 2248 liberi
1892 2203 2016 2248 sunt
2038 2191 2153 2262 ejus
2181 2206 2279 2247 vo-

681 2290 897 2360 luptatis
942 2304 1005 2342 ac
1054 2288 1336 2342 hilaritatis
1387 2286 1693 2355 participes.
1746 2286 1833 2340 Sic
1877 2285 2035 2339 etiam
2083 2284 2280 2339 Paulus

680 2383 903 2453 cjuSqnc
929 2380 1130 2435 similes
1160 2382 1227 2432 ita
1254 2379 1468 2432 demum
1500 2380 1818 2447 ampliorem
1853 2380 2086 2433 sentient
2110 2377 2274 2431 animi

683 2476 1010 2544 voluptatem
1039 2515 1055 2539 ,
1086 2473 1300 2542 quando
1331 2488 1432 2527 uua
1471 2486 1593 2527 cum
1632 2472 1860 2542 propriis
1890 2471 2147 2525 membris
2193 2471 2279 2524 illa

679 2568 1034 2637 perfruentur.
1066 2564 1247 2634 Neque
1274 2565 1415 2619 enim
1449 2564 1684 2632 patribus
1722 2572 1899 2619 tantus
1939 2572 2024 2619 est
2049 2578 2173 2630 erga
2212 2563 2275 2616 li-

684 2661 842 2713 bertis
870 2657 1090 2711 allectus
1110 2698 1125 2721 ,
1156 2666 1406 2727 quautam
1446 2656 1521 2710 illi
1566 2655 1978 2710 sollicitudinem
2002 2664 2193 2725 gerunt
2218 2656 2285 2708 de

680 2750 759 2803 eis
792 2748 884 2819 qui
920 2747 1162 2803 eamdem
1208 2745 1417 2800 virtutis
1440 2748 1579 2800 riam
1606 2754 1731 2801 sunt
1759 2745 2003 2816 ingressi.
2037 2743 2107 2800 Ut
2129 2745 2286 2814 igitur

684 2840 844 2894 etiam
879 2853 975 2891 nos
1006 2837 1060 2891 in
1101 2852 1290 2892 eorum
1320 2836 1408 2905 qui
1454 2846 1578 2890 tunc
1618 2836 2021 2890 honorabuntur
2060 2848 2281 2888 numero

683 2930 883 2995 simus,
914 2927 1104 2983 demus
1145 2941 1361 2996 cperam
1399 2935 1455 2979 ut
1499 2936 1713 2980 sanctos
1751 2926 1871 2980 illos
1914 2939 2280 2995 assequamur.

685 3023 752 3078 Et
779 3024 1046 3095 quomodo
1085 3023 1297 3093 assequi
1326 3023 1620 3092 poterimus
1644 3064 1659 3087 ,
1691 3022 1940 3092 inquies?
1965 3022 2085 3092 quis
2130 3020 2285 3075 nobis

682 3118 857 3179 viam,
886 3133 1003 3188 qua:
1044 3116 1109 3170 ad
1141 3116 1263 3170 illos
1292 3115 1470 3178 ducit,
1502 3114 1797 3169 indicabit?
1827 3113 1944 3184 ipse
1975 3123 2282 3167 sanctorum

684 3208 896 3262 illorum
926 3207 1201 3271 Dominus,
1235 3206 1327 3275 qui
1350 3219 1455 3258 non
1482 3205 1655 3258 solum
1688 3203 1957 3274 quomodo
1986 3203 2103 3257 illos
2128 3218 2282 3257 asse-

684 3313 911 3369 quamur
935 3297 1109 3362 docet,
1141 3296 1493 3349 verumetiam
1519 3294 1789 3363 quomodo
1816 3294 2026 3347 illorum
2048 3293 2285 3347 omnium

684 3388 1093 3445 contubernales
1131 3402 1193 3442 ac
1236 3386 1447 3441 sodales
1493 3386 1602 3439 tleri
1654 3387 1919 3454 possimus
1951 3403 1962 3438 :
1993 3386 2067 3439 ait
2095 3384 2237 3439 enim
2272 3402 2287 3437 :

693 3478 869 3534 Facite
902 3478 1042 3533 vobis
1071 3479 1257 3531 amicos
1300 3478 1364 3529 de
1406 3492 1696 3529 mammona
1715 3476 1993 3546 iniquitatis
2024 3518 2038 3542 ,
2077 3486 2133 3528 ut
2171 3492 2288 3529 cum

688 3571 987 3642 Λεία-σωκ,
1011 3570 1255 3640 recipiant
1280 3583 1365 3621 vos
1392 3569 1443 3620 iu
1469 3578 1658 3621 turma
1677 3584 1770 3621 sua
1788 3567 2111 3621 tabernacula
2134 3568 2285 3636 (Luc.

693 3655 779 3709 16.
798 3653 876 3723 9).
899 3652 1059 3706 [lecte
1078 3650 1228 3714 dixit.
1254 3648 1488 3705 literato.
1509 3649 1639 3704 Nam
1669 3651 1721 3705 in
1746 3652 1847 3705 hoc
1862 3651 2061 3706 saeculo
2080 3649 2287 3706 etiamsi

692 3744 1023 3815 splendidam
1054 3742 1270 3798 domum
1302 3741 1518 3804 babcas,
1552 3742 1775 3795 omnino
1803 3750 2067 3796 vetustate
2092 3750 2167 3796 cst
2202 3756 2290 3811 pc-

691 3839 856 3893 ritura
887 3854 901 3888 :
931 3837 1037 3890 imo
1085 3834 1234 3904 prius
1288 3847 1446 3903 quam
1498 3833 1585 3887 illa
1632 3843 1857 3902 pereat,
1891 3847 2038 3887 mors
2081 3832 2293 3887 irruens

693 3930 875 3999 cjiciet
904 3937 955 3983 te
987 3944 1050 3981 ex
1082 3925 1361 3997 magniﬁco
1405 3925 1509 3978 isto
1536 3918 1849 3980 domicilio:
1882 3942 1987 3979 non
2020 3941 2141 3980 raro
2176 3927 2293 3993 qui-

694 4022 817 4075 dem
840 4020 919 4073 vel
951 4029 1073 4074 ante
1099 4018 1301 4072 obitum
1316 4014 1549 4081 infausta
1580 4019 1783 4087 negotia
1807 4059 1820 4080 ,
1848 4018 2290 4073 calumniatorum

699 4116 927 4185 impetus
954 4130 1015 4167 ac
1046 4111 1249 4167 insidia:
1276 4111 1479 4167 faciunt
1504 4154 1518 4176 ,
1549 4123 1606 4165 ut
1631 4112 1751 4166 inde
1782 4112 2030 4179 ejiciaris.
2062 4113 2171 4166 Illic
2200 4130 2294 4165 au-

699 4214 805 4258 tem
838 4220 942 4257 non
966 4213 1046 4256 est
1077 4203 1217 4272 quod
1266 4204 1369 4257 tale
1413 4202 1700 4272 quidquam
1728 4204 1961 4258 Vcrcaris
1994 4221 2006 4256 :
2041 4220 2146 4257 nun
2175 4219 2291 4258 cor-

701 4297 1005 4366 ruptioncm
1033 4338 1046 4357 ,
1075 4310 1178 4348 non
1209 4306 1456 4359 mortem,
1490 4311 1594 4349 non
1626 4298 1870 4359 ruinam,
1907 4312 2009 4348 non
2039 4295 2291 4351 damnum

697 4404 725 4440 a
743 4387 1232 4452 calumniatoribus,
1259 4405 1305 4441 nt
1318 4404 1362 4441 ιι
1376 4387 1513 4441 aliud
1532 4389 1836 4457 quidquam;
1858 4388 1950 4442 sed
1970 4388 2298 4443 immmobile

701 4489 753 4533 ct
795 4479 1092 4533 immortale
1142 4487 1224 4534 est
1262 4478 1611 4535 domicilium.
1656 4480 1990 4550 Qnapmptcr
2034 4492 2295 4536 :etcrnutn

699 4568 824 4624 illud
855 4568 1156 4639 appellavit.
1190 4568 1363 4623 Facite
1392 4570 1526 4623 vobis
1546 4571 1736 4623 amicos
1767 4614 1781 4635 ,
1812 4572 1981 4641 inquit
2007 4614 2020 4636 ,
2056 4573 2117 4625 de
2139 4590 2298 4625 manto

702 4676 851 4713 manu
875 4658 1174 4729 iniquitatis.

782 4751 869 4805 ii.
904 4748 1234 4821 Elemaosyna
1258 4768 1321 4806 ea:
1346 4752 1523 4818 rapina
1552 4754 1691 4818 dum,
1720 4770 1817 4807 nou
1846 4764 1917 4807 est
1962 4756 2294 4827 elemosyna.

712 4842 1062 4913 Elecmosynte
1087 4841 1283 4896 laudes.
1325 4842 1428 4897 Cur
1458 4860 1545 4913 pro
1569 4846 1759 4913 foribus
1786 4844 2087 4915 templorum
2110 4864 2301 4918 ptmpe-

710 4951 792 4988 ηε
817 4952 834 4999 ;
862 4938 1029 5004 fontes
1070 4940 1184 4986 ante
1226 4935 1467 4988 oratorio.
1504 4965 1569 4977 -—
1600 4936 1729 4990 Vide
1756 4945 1950 5005 quanta
1995 4938 2063 4992 sit
2091 4938 2299 4993 Domini

719 5024 1039 5094 benignitas,
1071 5034 1269 5094 quanta
1312 5025 1521 5079 lmnitas
1564 5042 1624 5080 ac
1654 5030 1914 5097 atquitas;
1948 5045 2120 5099 neque
2158 5032 2299 5085 enim

722 5128 921 5169 temere
944 5114 1043 5169 boc
1070 5114 1308 5185 adjunxit
1332 5132 1344 5166 ε
1374 5116 1466 5171 sed
1493 5116 1739 5185 quoniam
1765 5119 2000 5189 pit-rique
2030 5120 2221 5175 divites
2235 5138 2298 5175 cx

717 5205 921 5275 rapinis
946 5221 1009 5259 ac
1039 5204 1224 5260 fraude
1266 5205 1475 5260 divitias
1502 5207 1601 5261 sibi
1633 5220 2093 5277 Cttl’tlpal‘:t\'cl'ttttl,
2146 5212 2297 5277 Male,

713 5288 1152 5364 inquit,,factunt,
1180 5311 1281 5351 nec
1306 5297 1586 5365 oportebat
1628 5309 1677 5351 te
1705 5299 1771 5352 ita
1800 5302 2051 5367 pecunias
2081 5302 2295 5373 collige-

715 5405 807 5451 re;
834 5399 1199 5442 verumtamen
1226 5386 1649 5459 thandoquidcm
1670 5390 1779 5456 jam
1802 5391 2082 5459 collegisti,
2103 5392 2301 5447 tit-siste

716 5496 742 5531 ιι
776 5480 956 5549 rapina
1002 5493 1053 5533 et
1096 5479 1297 5542 fraude.
1330 5491 1383 5535 et
1428 5489 1579 5537 utere
1627 5485 1844 5549 pecunia
1887 5484 1951 5535 ad
1998 5498 2079 5539 ea.
2113 5485 2303 5553 quibus

713 5586 847 5639 npus
892 5569 1074 5624 babes.
1105 5570 1218 5624 Non
1247 5571 1409 5639 jubco
1457 5583 1505 5626 te
1549 5588 1665 5626 esse
1709 5591 1770 5627 ex
1815 5585 1966 5643 rapto
2006 5577 2305 5631 misericor-

717 5661 863 5728 dem,
908 5662 1001 5715 sed
1029 5677 1058 5714 ει
1088 5661 1269 5716 fraude
1303 5674 1705 5731 temperantem,
1740 5664 1936 5717 divitiis
1966 5665 2029 5718 ad
2063 5666 2303 5737 benigni-

714 5748 1363 5823 tatemeteletntosyuant
1384 5754 1482 5810 uti.
1508 5754 1613 5810 Nisi
1643 5756 1781 5811 enim
1802 5770 1831 5809 a
1852 5758 2030 5825 rapina
2056 5756 2301 5823 desistas,

1347 357 1402 409 S.
1444 349 1723 409 JOANNIS
1760 342 2234 403 (ῖιιιιιέοετοιιι
2276 339 2595 397 ARCIIIEP.
2636 338 3173 397 CONSTANTINOP.

3864 353 3972 411 39'

2378 478 2445 517 ne
2474 462 2817 534 eleemosyna
2848 462 3062 531 quidem
3092 463 3194 516 erit
3228 480 3242 515 :
3275 462 3368 518 sed
3412 464 3619 521 etiamsi
3666 471 3976 524 innumeras

2376 554 2626 624 pecunias
2655 554 2753 609 des
2782 556 2833 608 in
2862 570 3049 609 manus
3072 570 3387 625 egenorum,
3416 574 3447 612 ι
3494 555 3684 615 fraude
3708 571 3764 616 et
3790 563 3977 631 rapina

2375 646 2588 700 interim
2616 661 2721 699 non
2746 646 3043 711 abstinens,
3068 648 3121 700 in
3146 646 3531 703 homicidarum
3556 666 3785 707 numero
3814 666 3848 706 ι
3869 651 3979 707 Deo

2373 736 2791 807 computaberis.
2814 737 3152 808 Quapropter
3173 748 3388 808 oportet
3411 754 3441 795 a
3477 738 3663 795 fraude
3688 742 3978 804 absistere.

2374 843 2437 881 ac
2465 838 2575 882 tum
2606 827 2822 882 demum
2870 828 2922 881 in
2953 842 3153 897 egenos
3181 831 3579 887 misericordem
3610 846 3752 887 esse.
3786 832 3981 904 Magna

2375 921 2516 975 enim
2546 929 2627 974 est
2654 919 3010 990 elccmosyna:
3031 921 3129 981 vis.
3153 921 3221 977 de
3250 938 3352 993 qua
3382 924 3542 978 etiam
3574 924 3625 979 in
3647 924 3833 995 priore
3852 941 3983 980 oon-

2376 1020 2539 1064 ventu
2568 1010 2708 1079 apud
2753 1026 2846 1064 vos
2892 1011 3265 1075 disseruimus,
3297 1028 3359 1067 ac
3391 1030 3531 1069 nunc
3560 1032 3773 1087 quoque
3800 1015 3982 1071 disse-

2377 1114 2577 1154 remus.
2624 1099 2729 1155 Sed
2775 1116 2935 1155 nemo
2981 1114 3214 1158 vestrum
3261 1104 3330 1157 ita
3375 1106 3592 1173 cogitet.
3627 1106 3764 1161 hanc
3790 1107 3987 1161 admo-

2380 1190 2539 1243 nendi
2567 1191 2931 1245 assiduitatem
2961 1194 3028 1246 ad
3068 1194 3368 1247 auditorum
3415 1194 3635 1251 tendere
3674 1198 3983 1252 accusatio-

2380 1296 2524 1335 nem.
2573 1281 2705 1336 Nam
2772 1291 2825 1335 et
2880 1284 2931 1335 in
2986 1284 3368 1339 certaminibus
3419 1285 3490 1339 illi
3560 1288 3903 1355 potissimum
3951 1305 3985 1346 ι

2376 1374 2771 1444 spectatoribus
2818 1375 3135 1437 excitantur,
3165 1376 3253 1445 qui
3285 1376 3351 1431 ad
3382 1390 3577 1432 metam
3630 1380 3856 1449 propius
3895 1397 3987 1436 sc-

2378 1465 2596 1526 cedunt.
2628 1474 2682 1520 ct
2708 1467 2991 1521 certiorem
3025 1467 3260 1521 victoria:
3288 1482 3438 1536 spem
3480 1468 3679 1524 habere
3710 1472 3983 1527 ridentur.

2382 1554 2523 1625 Ergo
2551 1554 2675 1624 quia
2705 1570 2894 1625 magna
2924 1558 3198 1612 alacritate
3221 1558 3377 1612 video
3403 1574 3498 1613 rus
3525 1559 3594 1615 de
3634 1560 3986 1635 eleemosyna

2380 1660 2684 1701 sermonem
2716 1646 2994 1713 excipere,
3023 1663 3091 1701 eo
3118 1648 3287 1718 magis
3316 1646 3445 1704 libet
3471 1651 3625 1705 istam
3649 1652 3989 1709 exhortatio.

2380 1752 2502 1792 nem
2547 1738 2883 1793 continuare.
2931 1728 3119 1793 Medici
3159 1742 3458 1795 animarum
3506 1753 3814 1797 nostrarum
3861 1755 3989 1800 sunt

2381 1844 2665 1899 pauperes,
2710 1830 3081 1886 bcnefactorcs
3119 1842 3174 1886 et
3211 1842 3546 1903 protectores
3578 1853 3589 1886 :
3625 1850 3799 1906 neque
3842 1838 3986 1892 enim

2383 1930 2588 1975 tantum
2630 1922 2746 1989 das,
2770 1932 3028 1992 quantum
3072 1923 3309 1994 accipis;
3339 1925 3437 1979 das
3467 1928 3769 1996 pecuniam,
3796 1938 3857 1982 et
3894 1942 3991 1983 ac-

2382 2012 2451 2081 c1,
2473 2013 2517 2066 is
2565 2026 2788 2082 regnum
2828 2004 3080 2067 cartorum
3111 2029 3127 2074 ;
3158 2014 3407 2069 subiens
3450 2026 3767 2085 egestatem,
3803 2026 3863 2072 et
3907 2032 3992 2074 re-

2383 2101 2643 2156 cuncilias
2674 2101 2767 2155 tibi
2815 2101 3121 2156 Dominum.
3150 2102 3312 2159 Vides
3355 2106 3612 2172 imparem
3659 2121 3781 2161 esse
3827 2108 3985 2162 retri-

2384 2193 2704 2248 butionem?
2750 2193 2875 2247 ηπ
2924 2203 3051 2248 sunt
3096 2204 3352 2259 terrena,
3398 2196 3483 2251 illa
3541 2197 3819 2261 czelestia;
3875 2197 3991 2253 haec

2386 2284 2646 2354 peritura,
2696 2285 2783 2338 illa
2834 2286 3235 2353 permanentia;
3268 2286 3381 2341 haec
3425 2298 3865 2356 corrumpuntur,
3900 2289 3988 2345 illa

2385 2385 2511 2431 sunt
2541 2386 2691 2430 extra
2718 2377 3079 2445 corruptionis
3109 2376 3421 2445 periculum.
3449 2377 3560 2433 liae
3587 2377 3655 2433 de
3682 2394 3843 2433 causa
3875 2395 3990 2433 ma-

2382 2467 2529 2537 jores
2558 2467 2726 2520 nostri
2760 2481 2857 2536 pro
2887 2466 3090 2522 foribus
3118 2467 3465 2522 ecclesiarum
3497 2483 3759 2540 pauperes
3784 2472 3992 2525 consti-

2389 2568 2603 2615 tuerunt
2635 2600 2651 2625 ,
2706 2568 2764 2613 nt
2808 2558 2890 2613 vel
2940 2559 3455 2615 inltumanissimum-
3503 2572 3558 2617 et
3609 2564 3991 2633 nequissimum

2389 2665 2658 2719 quemque
2705 2659 2955 2719 aspectus
2988 2651 3100 2720 ipse
3140 2665 3433 2721 egenorum
3478 2651 3547 2707 ad
3588 2652 3993 2727 elcemosynam

2390 2742 2604 2795 excitet.
2638 2742 2737 2796 ilbi
2785 2744 2929 2797 enim
2977 2751 3082 2797 stat
3131 2742 3330 2799 chorus
3372 2758 3561 2798 senum
3603 2746 3949 2801 incurvornm
3974 2789 3991 2811 ,

2392 2848 2787 2902 ιιειιιιιοδοτιιιιι,
2835 2833 3239 2902 διυίιιίἀοτυηι,
3290 2835 3720 2900 sordidatorum,
3774 2837 3994 2893 baculo:

2392 2929 2711 2992 tenentium,
2760 2936 2920 2995 atque
2964 2926 3047 2979 his
3085 2942 3228 2996 σιεγε
3272 2941 3330 2981 se
3376 2929 3811 2995 sustentantium,
3866 2947 3997 2984 non-

2391 3035 2682 3090 numquam
2728 3019 2897 3073 oculis
2944 3018 3278 3083 orbatorum,
3333 3029 3551 3089 totoque
3585 3035 3807 3089 corpore
3852 3023 4001 3077 male

2394 3110 2796 3176 mulctatorum,
2824 3111 2943 3180 quis
2976 3118 3085 3164 tam
3106 3125 3301 3165 saxeus
3322 3119 3423 3175 est,
3452 3111 3574 3181 quis
3599 3121 3704 3164 tam
3734 3112 4002 3167 adaman-

2397 3203 2561 3268 tinos,
2593 3202 2687 3271 qui
2725 3202 2793 3255 ad
2826 3216 3011 3255 eorum
3054 3202 3523 3271 grandmvitatcm,
3548 3202 4000 3269 imbecillitatem,

2392 3295 2710 3356 czccitatcm,
2743 3303 3062 3363 egestatem,
3115 3292 3326 3347 habitus
3370 3291 3653 3357 vilitatem,
3680 3301 3866 3362 totque
3892 3293 4003 3349 alia

2394 3384 2459 3436 ad
2493 3383 2885 3438 condolendum
2929 3383 3218 3447 moventia,
3250 3382 3518 3438 obdurare
3560 3398 3618 3439 se
3642 3394 3696 3439 et
3724 3383 4004 3439 inﬂexibi-

2396 3475 2465 3529 lis
2489 3483 2651 3546 qucat
2693 3472 3055 3545 permanere?
3082 3473 3193 3529 Hac
3233 3473 3302 3528 de
3329 3490 3489 3529 causa
3517 3489 3613 3544 pro
3660 3474 3864 3529 foribus
3895 3491 3974 3530 no
3993 3502 4008 3513 -

2395 3570 2520 3621 stris
2547 3577 2710 3630 stant,
2752 3574 2809 3621 et
2834 3566 2953 3637 ipso
2979 3574 3222 3637 aspectu,
3251 3568 3421 3637 magis
3464 3582 3623 3637 quam
3654 3567 3771 3621 ullis
3811 3568 4006 3623 verbis

2395 3669 2638 3728 possunt,
2670 3657 2736 3711 ad
2782 3658 3187 3713 beneﬁcentiam
3227 3666 3521 3728 provocant
3565 3672 3658 3712 eos
3684 3657 3770 3726 qui
3815 3657 4005 3712 intro:-

2398 3750 2733 3818 grediuntur.
2784 3748 3247 3815 Quemadmodum
3314 3750 3458 3804 enim
3520 3750 3759 3803 solemne
3806 3758 3897 3803 est
3947 3760 4006 3803 ut

2400 3842 2573 3897 futues
2602 3851 2798 3912 prresto
2846 3843 2951 3897 sint
2976 3849 3100 3895 ante
3125 3841 3381 3905 oratoria,
3425 3851 3481 3896 ut
3510 3841 3776 3897 adoraturi
3822 3842 4001 3898 Deum

2401 3949 2589 3989 manus
2636 3936 2785 4007 prius
2832 3935 2968 3989 lotas
3018 3934 3158 3989 inter
3199 3934 3523 4003 precandum
3570 3934 3813 3989 attollant
3855 3952 3873 3989 :
3930 3936 4003 3991 ita

2402 4040 2668 4096 pauperes
2700 4025 2926 4080 fnutium
2971 4026 3087 4081 vice
3119 4035 3243 4081 ante
3274 4026 3417 4081 fures
3440 4026 3835 4081 collocaverunt
3880 4041 4003 4080 ma-

2397 4119 2545 4184 jores
2574 4117 2764 4181 nostri,
2789 4127 2843 4168 ut
2866 4116 3315 4185 quemadmodum
3344 4133 3532 4171 manus
3551 4117 3812 4170 abluimus
3830 4131 4001 4183 aqua,

2402 4209 2477 4262 sic
2509 4209 2657 4278 prius
2692 4223 2785 4277 per
2816 4207 3219 4263 beneiiccntiam
3252 4208 3491 4263 abstersa
3536 4208 3729 4271 anima,
3762 4216 3874 4261 tum
3907 4211 4003 4261 dc-

2405 4313 2547 4351 nmm
2576 4312 2763 4367 preces
2794 4307 3006 4354 nostras
3034 4299 3347 4353 oll'eramus.

2476 4388 2563 4442 12.
2606 4387 2722 4443 Non
2764 4390 2905 4443 cnim
2956 4398 3062 4443 tam
3111 4397 3232 4459 apta
3282 4397 3365 4443 cst
3403 4404 3538 4458 aqua
3590 4388 3656 4442 ad
3702 4388 4002 4443 abluendas

2404 4479 2645 4549 corporis
2695 4480 2950 4544 maculas,
3002 4494 3161 4549 quam
3209 4479 3547 4552 clcemosyna
3588 4479 3655 4533 ad
3706 4477 4005 4534 aholendas

2405 4570 2593 4626 sordes
2619 4569 2829 4625 animm.
2864 4570 3325 4638 Quemadmodum
3358 4570 3518 4638 igitur
3548 4585 3652 4625 non
3681 4570 3843 4624 audes
3873 4568 4003 4622 illo-

2408 4662 2474 4715 tis
2505 4661 2749 4715 manibus
2778 4661 2843 4716 ad
2874 4662 3199 4731 precandum
3222 4661 3441 4723 intrare,
3464 4662 3704 4731 quamvis
3738 4660 3911 4716 levius
3936 4663 4003 4714 sit

2414 4754 2514 4809 hoc
2542 4753 2768 4816 crimen,
2802 4753 2872 4805 ita
2919 4766 3017 4807 nec
3060 4752 3262 4822 absque
3292 4753 3635 4824 cleemosyna
3676 4753 3743 4807 ad
3776 4768 4003 4821 precan-

2407 4846 2534 4901 dum
2566 4860 2817 4916 umquam
2857 4844 3101 4900 accedas.
3148 4844 3307 4913 Atqui
3358 4861 3463 4898 non
3502 4858 3627 4898 raro
3671 4845 3837 4899 etiam
3882 4859 4005 4899 cum

2411 4952 2569 5007 puras
2597 4953 2784 4991 manus
2817 4936 3127 4999 habeamus,
3158 4951 3266 4989 nun
3312 4935 3578 4990 tendimus
3612 4933 3678 4988 ad
3709 4935 3877 4989 Deum
3904 4933 4004 4989 nisi

2412 5030 2557 5098 prius
2590 5030 2723 5083 Intas
2754 5046 2766 5081 :
2800 5037 3004 5082 tantum
3038 5027 3177 5082 valet
3200 5025 3552 5082 consuetudo.
3585 5024 3818 5095 Idipsum
3849 5025 4005 5095 igitur

2411 5121 2460 5174 in
2486 5121 2824 5191 elecmosyua
2865 5129 2949 5172 est
2979 5117 3276 5173 faciendum
3302 5135 3317 5183 ;
3348 5129 3401 5172 et
3430 5119 3554 5173 licet
3598 5117 3798 5172 nullius
3829 5119 4004 5187 magni

2410 5211 2610 5279 peccati
2653 5212 2806 5266 nobis
2835 5210 3003 5265 simus
3031 5209 3262 5274 conscii,
3295 5218 3472 5264 tamen
3514 5210 3855 5279 eleemosyna
3883 5208 4004 5263 data

2410 5305 2793 5359 conscientiam
2840 5313 3076 5355 nostram
3126 5302 3432 5372 abstergere
3470 5310 3702 5371 oportet.
3752 5301 3909 5356 Multa
3957 5303 4005 5354 in

2415 5396 2529 5449 fore
2569 5395 2659 5447 tibi
2701 5392 3015 5447 contraxisti
3047 5393 3184 5448 mala
3220 5411 3231 5445 :
3267 5392 3516 5447 inimicus
3557 5392 3803 5458 irritavit,
3844 5392 4001 5462 judcx

2411 5486 2607 5555 aliquid
2639 5499 2826 5553 parum
2856 5483 3110 5539 decorum
3142 5484 3319 5539 facere
3354 5484 3633 5561 compulit,
3666 5484 3825 5540 verba
3865 5497 4004 5554 tta-pe

2412 5576 2683 5631 cfl'utivisti
2718 5591 2821 5629 non
2856 5575 3014 5641 bona,
3048 5591 3113 5630 ne
3143 5575 3371 5628 amicum
3401 5575 3704 5630 oll'etuleres
3732 5586 4004 5645 peccatum

2415 5668 2629 5739 aliquod
2661 5667 2920 5721 admisisti
2953 5684 2965 5719 :
2994 5668 3126 5720 alias
3157 5683 3260 5719 non
3292 5681 3485 5734 paucas
3519 5667 3752 5720 maculas
3788 5677 4005 5720 eontra-

2422 5760 2561 5823 xisti,
2596 5769 2651 5812 ut
2695 5759 2867 5812 solent
2897 5758 3139 5811 homines
3170 5757 3257 5823 qui
3304 5759 3354 5810 iu
3387 5756 3501 5811 fnro
3528 5767 3833 5820 versantur,
3867 5754 4006 5821 judi-
