4194 6302
222 401 340 461 299

222 512 454 570 νοῦσθαι
505 512 793 585 μέλλοντες
832 510 1139 580 ἀφίκωνται
1161 548 1177 572 ,
1231 509 1465 564 ἀκουσον
1517 503 1683 562 αὑτοῦ
1729 501 1823 558 τοῦ

422 594 638 649 Παύλου
663 594 914 664 λέγοντος
935 609 952 624 ο
985 594 1096 648 Τὸν
1108 590 1312 664 ἀγῶνα
1328 590 1437 646 τὸν
1458 587 1829 659 καλύνῄῃώ·

222 696 461 750 νισμαι,
495 677 606 733 τὸν
624 678 850 748 δρόμον
872 677 1175 739 τετέλεκα,
1202 676 1320 743 τὴν
1343 676 1555 731 πίστιν
1578 673 1821 744 18113911-

221 778 343 817 κει·
369 762 591 819 λοιπὸν
612 761 925 818 ἀπόκειταί
940 777 1043 832 μοι
1064 762 1099 814 ό
1118 758 1231 829 τῆς
1260 758 1659 826 δικαιοσύνης
1684 753 1825 812 στέ-

220 864 457 917 ςρανος,
489 846 563 903 δν
584 846 885 903 ἀποδώσει
912 863 1016 917 μοι
1048 848 1083 901 ό
1120 844 1354 911 δίκαιος
1380 843 1608 912 κριτής.
1639 841 1777 897 Πότε
1807 858 1822 907 ;

234 932 350 986 Ἔν
379 932 584 1001 ἐκείνῃ
625 929 702 999 τῇ
738 930 965 999 ἡμέρα*
1008 930 1082 985 οὐ
1111 930 1308 1000 μόνον
1354 928 1424 983 δὲ
1459 928 1589 998 ἐμοὶ
1615 968 1630 991 ,
1662 924 1826 983 ἀλλὰ

220 1014 333 1068 καί
357 1013 511 1069 ,πᾶσι
542 1013 669 1079 τοῖς
695 1013 1043 1085 ἠγαπηκόσι
1070 1012 1188 1081 τὴν
1217 1010 1577 1080 ἐπιφάνειαν
1608 1009 1821 1066 αὐτοῦ.

221 1097 341 1152 Καὶ
368 1096 533 1152 πάλιν
565 1096 807 1170 ἀλλαχοῦ
844 1096 1093 1161 δεικνὺς,
1123 1096 1207 1150 δτι
1238 1098 1395 1167 κοινῇ
1429 1096 1596 1149 πᾶσιν
1630 1097 1664 1166 ἡ
1713 1094 1824 1148 τῶν

218 1179 449 1249 ἀγαθῶν
473 1180 779 1245 ἀπόλαυσις
828 1179 1029 1234 δίδοται
1054 1218 1070 1242 ,
1094 1178 1553 1233 Θεσσαλονικεῦσι
1590 1178 1823 1251 γράφων

220 1262 413 1332 ιλεγεν
432 1279 446 1294 ο
476 1263 666 1331 Εἴπερ
687 1262 923 1317 δίκαιον
944 1261 1108 1331 παρὰ
1154 1260 1279 1328 Θεῷ
1308 1260 1645 1316 ἀποδοῦναι
1697 1260 1824 1328 τοῖς

218 1346 547 1401 θλίϐουσιν
569 1344 726 1416 ὑμᾶς
747 1345 979 1415 θλίψιν,
1007 1346 1105 1399 καί
1134 1343 1277 1414 ὑμῖν
1300 1343 1425 1410 τοῖς
1448 1343 1822 1413 θλιϐομένοις

218 1427 443 1487 ἄνεσιν
473 1428 603 1500 μεθ’
635 1427 825 1499 ἡμῶν.
849 1428 959 1483 Καὶ
990 1428 1154 1481 πάλιν
1176 1443 1191 1458 ⁸
1218 1428 1351 1482 ’Ὅτι
1376 1426 1552 1497 ἡμεῖς
1593 1428 1647 1480 οί
1676 1424 1821 1487 ζῶν-ρ
1876 1435 1879 1438 ‘

214 1529 347 1580 τες,
377 1516 434 1567 ot
458 1513 937 1583 περιλειπόμενοι
962 1514 1051 1577 είς
1071 1510 1188 1580 τὴν
1210 1510 1556 1579 παρουσίαν
1579 1510 1685 1564 τοῦ
1702 1512 1821 1564 Κυ-

208 1596 381 1665 ρίου,
395 1598 468 1651 οὐ
487 1595 575 1666 μὴ
595 1594 922 1665 φθάσωμεν
940 1593 1085 1660 τοὺς
1110 1593 1505 1664 κοιμηθέντας
1520 1608 1537 1625 ο
1565 1592 1655 1648 διὰ
1682 1593 1821 1649 πάνυ

214 1692 333 1733 των
364 1677 569 1734 τούτων
598 1677 797 1750 δηλῶν,
822 1678 904 1747 δτι
937 1680 1089 1750 κοινῇ
1116 1676 1329 1743 πάντας
1358 1676 1454 1732 καὶ
1476 1676 1613 1749 ὁμοῦ
1639 1693 1818 1749 παραυ

213 1760 551 1831 γενομένους
569 1760 679 1815 τῶν
699 1761 967 1832 οὐρανίων
986 1759 1164 1830 τιμῶν
1180 1759 1475 1815 ἀπολαύειν
1496 1759 1627 1833 χρή.
1646 1758 1821 1816 Τοῦτο

213 1843 320 1898 καὶ
339 1846 455 1909 τοῖς
484 1834 725 1913 φθάσασι
747 1844 949 1915 πολλὴν
974 1845 1130 1917 φέρει
1156 1842 1256 1916 τὴν
1284 1842 1501 1914 ἡδονὴν,
1523 1844 1652 1898 δταν
1666 1840 1819 1914 μετά

211 1924 331 1980 τῶν
352 1926 572 1981 οἰκείων
603 1926 784 1997 μελῶν
812 1928 921 1982 τῶν
960 1927 1290 2001 ἀπορρήτων
1327 1927 1552 1981 ἐκείνων
1579 1926 1819 1981 ἀπολαύ⁸

214 2024 391 2064 σωσιν
420 2008 661 2079 ἀγαθῶν.
708 2012 818 2066 Καὶ
866 2009 978 2084 7&9
1028 2009 1213 2082 πατὴρ
1240 2009 1521 2083 τραπέζης
1572 2008 1817 2082 μετέχων

210 2092 485 2165 λαμπρᾶς
510 2095 605 2149 καὶ
638 2094 1001 2159 πολυτελοῦς.
1029 2094 1153 2149 τότε
1190 2093 1330 2165 μεεά
1372 2093 1619 2158 πλείονος
1643 2094 1819 2165 αὐτῆς

209 2176 593 2232 ἀπολαύσεται
615 2177 717 2249 τῆς
757 2178 1134 2251 εὐφροσύνης.
1161 2174 1293 2234 ὅταν
1324 2178 1467 2251 μετά
1504 2178 1615 2232 τιῖιν
1647 2176 1814 2233 αὑτοῦ

212 2258 453 2314 παιδίων
492 2260 697 2333 μετέχῃ
727 2262 827 2333 τῆς
854 2262 1090 2334 εὐωχίας
1128 2262 1223 2315 καὶ
1255 2261 1617 2336 εὐφροσύνης.
1644 2261 1816 2318 ὀὑτω

178 2342 315 2396 καὶ
346 2341 559 2409 Παῦλος
610 2345 706 2398 καὶ
754 2346 803 2399 οί
849 2345 970 2399 κατ’
1019 2346 1228 2399 ἐκεῖνον
1280 2345 1520 2412 ἀπαντες
1568 2346 1816 2420 μείζονος

208 2425 577 2498 αίσθήσονται
610 2428 713 2499 τῆς
759 2428 1057 2502 θυμηδίας,
1090 2429 1220 2485 ὅταν
1260 2429 1402 2501 μετά
1436 2428 1548 2484 τῶν
1594 2428 1813 2484 οίκείων

211 2510 401 2580 μελῶν
437 2511 592 2575 ϐντες
619 2512 1006 2568 ἀπολαύσωσιν
1036 2513 1229 2585 αὐτῆς.
1276 2514 1353 2568 Οὐ
1398 2513 1509 2587 γάρ
1541 2515 1816 2585 τοσαύτην

209 2594 454 2667 ⁴ιιιαιιεέρες
510 2596 639 2666 περὶ
695 2596 894 2661 παῖδας
950 2598 1351 2654 ἐπιδείκνυνται
1399 2598 1814 2671 φιλοστοργίαν,

206 2682 349 2750 ὅσην
377 2680 576 2733 ἐκεῖνοι
605 2680 735 2751 περὶ
756 2681 884 2744 τοὺς
905 2680 974 2734 τὰ
1005 2678 1147 2735 αὐτά
1170 2681 1606 2752 κατωρθωκότας
1628 2682 1814 2746 αὐτοῖς

208 2762 398 2833 έχουσι
430 2762 781 2833 κηδεμονίαν.
805 2763 903 2817 Ἶν⁹
935 2757 1028 2818 οὑν
1052 2765 1145 2817 καὶ
1166 2765 1327 2835 ἡμεῖς
1351 2764 1462 2818 τῶν
1479 2763 1601 2819 τότε
1634 2782 1813 2835 τιμω-

211 2846 402 2917 μένων
450 2846 742 2919 γενώμεθα
768 2889 783 2909 ,
846 2844 1241 2918 σπουδάζωμεν
1293 2846 1626 2901 καταλαϐεῖν
1684 2849 1814 2913 τοὺς

206 2929 408 2999 ἁγίους
441 2929 704 2995 ἐκείνους.
742 2931 854 2985 Καὶ
879 2929 998 2994 πῶς
1024 2928 1390 3002 δυνησόμεθα,
1416 2933 1571 3003 φησι,
1612 2932 1814 2998 αὐτοὺς

206 3011 542 3067 καταλαϐεῖν
565 3029 582 3080 ;
614 3012 698 3078 τίς
723 3014 856 3085 ἡμῖν
880 3012 1047 3079 δείξει
1080 3012 1181 3085 τὴν
1206 3014 1325 3067 ἐκεῖ
1347 3013 1621 3085 φέρουσαν
1656 3015 1809 3079 ὀδόν;

204 3096 435 3161 Αὐτδςό
461 3096 571 3151 τῶν
616 3097 794 3167 ἀγίων
840 3097 1064 3152 ἐκείνων
1092 3096 1372 3167 Δεσπότης
1396 3136 1412 3161 ,
1442 3098 1502 3162 δς
1531 3097 1629 3169 οὐχ
1661 3100 1813 3163 ὅπως

158 3194 161 3197 ‘
203 3182 415 3245 αὐτοὺς
437 3180 885 3253 καταληψώμεθα
909 3182 1070 3255 μόνον
1092 3180 1358 3248 διδάσκει,
1384 3181 1523 3236 ἀλλά
1546 3184 1641 3235 καὶ
1659 3183 1811 3248 ὅπως

203 3262 513 3335 ὁμωρόφιοι
564 3263 660 3319 καὶ
714 3262 975 3336 σύσκηνοι
1032 3262 1322 3336 γενώμεθα
1366 3266 1535 3319 πᾶσιν
1586 3266 1773 3331 αὐτοῖς
1792 3281 1807 3297 ο

204 3344 517 3412 Ποιήσατε
548 3345 660 3419 7&9
689 3345 836 3416 ὑμῖν
866 3348 1088 3417 φίλους
1120 3348 1189 3402 ἐκ
1220 3348 1327 3402 τοῦ
1360 3346 1657 3418 μαμμωνᾶ
1698 3346 1811 3416 τῆς

204 3429 451 3497 ἀδικίας
468 3470 484 3496 ,
508 3432 695 3502 φησὶν,
728 3431 807 3484 ἵν’
828 3430 976 3486 ὅταν
998 3432 1307 3500 ἐκλίπητε,
1329 3431 1620 3496 δέξωνται
1653 3431 1811 3503 ὑμᾶς

207 3514 300 3579 τίς
340 3515 448 3580 τὰς
497 3514 778 3580 αιωνίους
808 3512 1012 3569 αὐτῶν
1062 3512 1322 3584 σκηνάς.
1374 3514 1573 3580 Καλῶς
1632 3511 1809 3581 εἶπεν,

206 3596 496 3659 Αῖωνίους.
545 3596 813 3651 Ἐνταῦθα
855 3597 954 3669 μέν
986 3596 1099 3671 γάρ
1130 3600 1237 3654 κάν
1262 3599 1526 3672 λαμπράν
1566 3600 1695 3671 ἐχῃς
1727 3603 1810 3655 οί-

205 3678 359 3743 κίαν,
390 3678 675 3732 ἀπολεῖται
707 3679 927 3744 πάντως
950 3678 1285 3755 φθειρομένη
1314 3681 1395 3753 τῷ
1424 3682 1602 3755 χρόνῳ
1623 3700 1635 3713 υ
1673 3683 1811 3753 μᾶλ-

204 3760 305 3813 λον
338 3760 395 3814 δὲ
427 3762 522 3815 καὶ
552 3762 659 3834 πρὸ
684 3761 785 3833 τῆς
810 3761 950 3815 κατά
978 3763 1070 3816 τὸν
1092 3765 1285 3835 χρόνον
1312 3764 1549 3836 φθορᾶς,
1581 3765 1811 3829 θάνατος

206 3842 471 3919 ἐμπεσὼν
501 3844 759 3898 ἐκϐάλλει
781 3860 842 3898 σε
867 3844 967 3915 τῆς
997 3844 1261 3918 λαμπρᾶς
1284 3846 1491 3917 ταύτης
1521 3849 1808 3919 οἰκήσεως·

206 3912 474 3992 πολλάκις
503 3929 561 3983 δέ
585 3929 680 3983 καὶ
719 3927 827 4000 1:90
862 3912 958 3983 τοῦ
990 3912 1224 3985 θανάτου
1270 3912 1614 4004 πραγμάτων
1630 3912 1810 3987 ’τινῶν

206 4008 498 4065 δυσκολίαι
552 4013 671 4067 καὶ
706 4012 1064 4084 συκοφαντῶν
1125 4013 1310 4082 ἔφοδοι
1362 4016 1457 4068 καὶ
1518 4014 1811 4070 ἐπιϐουλαὶ

207 4095 468 4149 ἐκπεσεῖν
490 4096 659 4167 αὐτῆς
686 4096 1131 4170 παρεσκεύασαν.
1167 4097 1319 4151 Ἐκεῖ
1338 4097 1395 4151 δὲ
1420 4098 1575 4153 οὑδέν
1603 4098 1811 4153 τούτων

206 4175 364 4231 ἐστὶν
399 4180 740 4234 ὑποπτεῦσαι
760 4221 776 4247 ,
801 4181 862 4233 οὐ
901 4180 1131 4251 φθορὰν,
1166 4181 1229 4235 οὐ
1256 4181 1487 4236 θάνατον
1507 4221 1522 4243 .
1551 4182 1614 4235 οὐ
1645 4183 1813 4237 κατά-

204 4278 423 4317 πτωσιν
447 4305 462 4327 ,
502 4265 564 4319 οὐ
611 4264 965 4334 συκοφαντῶν
1005 4266 1294 4336 ἐπήρειαν,
1340 4267 1441 4321 οὐκ
1469 4265 1598 4321 ἄλλο
1632 4266 1808 4334 οὐδὲν,

204 4346 328 4400 ἀλλ’
359 4348 611 4419 ἀκίνητος
640 4349 732 4401 καὶ
751 4347 1021 4411 ἀθάνατός
1049 4349 1196 4402 ἐστιν
1220 4351 1255 4421 ἡ
1276 4348 1629 4420 οίκησις.’Διά
1652 4350 1811 4405 τοῦτο

206 4429 465 4494 αἰωνίους
496 4430 668 4495 αὐτάς
717 4431 966 4485 ἐκάλεσε.
1004 4430 1307 4496 Ποιήσατε
1364 4432 1509 4502 ὑμῖν
1550 4433 1807 4503 φίλους,

207 4514 403 4582 φησὶν,
435 4513 505 4568 ἐκ
532 4514 639 4568 τοῦ
656 4514 951 4585 μαμμωνᾶ
993 4514 1109 4583 τῆς
1136 4515 1397 4583 ἀδικίας.

285 4610 378 4659 ια’.
440 4605 583 4676 Ὅρα
622 4605 765 4676 πόση
799 4605 1180 4675 φιλανθρωπία
1208 4606 1302 4660 τοῦ
1334 4610 1629 4674 Δεσπότου,
1664 4611 1805 4681 πόση

211 4688 523 4758 χρηστότης
540 4687 637 4740 καὶ
655 4688 925 4741 ἐπιείκεια
962 4689 1023 4741 οὐ
1040 4690 1151 4761 7&9
1169 4688 1356 4752 ἀπλῶς
1373 4690 1578 4763 ταύτην
1595 4692 1808 4745 τέθεικε

208 4773 311 4842 τὴν
346 4770 667 4842 προσθήκην
689 4788 704 4803 ·
728 4771 842 4825 ἀλλ’
877 4773 1065 4840 ἐπειδὴ
1098 4773 1311 4839 πολλοῖς
1340 4774 1618 4840 πλουσίοις
1644 4775 1811 4830 πλοῦ-

210 4870 300 4917 τος
338 4854 679 4908 συνείλεκται
712 4854 773 4919 ἐξ
800 4856 1056 4926 ἁρπαγῆς
1090 4855 1187 4909 καὶ
1220 4857 1556 4923 πλεονεξίας,
1602 4861 1808 4925 Κακῶς

212 4937 335 5005 μὲν,
379 4938 535 5006 φησὶ,
570 4938 663 4991 καὶ
699 4938 799 4991 οὐκ
834 4938 999 5008 ἐχρῆν
1029 4955 1087 4991 σε
1108 4938 1251 4991 οὓτω
1292 4940 1541 5009 συλλέξαι
1570 4944 1639 4998 τά
1672 4946 1810 5016 χρή-

214 5038 364 5091 ματα
389 5037 402 5050 ’
436 5020 577 5091 πλὴν
604 5020 718 5075 ἀλλ’
740 5022 926 5093 ἐπειδὴ
961 5023 1252 5089 συνέλεξας
1270 5064 1284 5086 ,
1312 5025 1470 5094 στῆθι
1494 5027 1597 5097 τῆς
1626 5030 1808 5101 ἀρπα.

210 5101 318 5180 γῆς
343 5110 558 5181 καὶτῆς
584 5110 916 5174 πλεονεξίας,
942 5113 1037 5164 καὶ
1060 5112 1264 5182 χρῆσαι
1292 5115 1372 5178 είς
1397 5116 1515 5168 δέον
1537 5118 1651 5180 τοῖς
1672 5119 1805 5188 χρή-

214 5214 402 5266 μασιν.
444 5199 519 5253 υύ
552 5197 699 5265 λέγω
724 5237 739 5259 ,
797 5200 884 5251 ἴνα
928 5198 1191 5269 ἁρπάζων
1220 5202 1375 5272 ἐλεῇς
1397 5244 1412 5268 ,
1449 5202 1563 5256 ἀλλ’
1592 5207 1679 5259 ἴνα
1707 5206 1807 5274 τῆς

214 5283 531 5349 πλεονεξίας
553 5284 800 5347 ἀποστάς
821 5323 836 5347 ,
864 5285 1000 5354 πρὸς
1028 5286 1401 5359 ἐλεημοσύνην
1424 5289 1575 5362 [289]
1602 5292 1695 5345 καὶ
1725 5311 1809 5361 φι-

210 5370 564 5442 λανθρωπίαν
586 5371 876 5442 ἁποχρήση
894 5371 975 5443 τῷ
998 5373 1231 5445 πλούτῳ.
1253 5375 1315 5428 Εί
1340 5377 1450 5448 γάρ
1470 5395 1556 5442 τις
1579 5380 1653 5450 μὴ
1675 5380 1810 5433 παύ.

213 5472 372 5511 σαιτο
411 5458 512 5528 τῆς
562 5460 852 5529 ἁρπαγῆς,
888 5460 1011 5514 οὐδὲ
1058 5461 1432 5535 ἐλεημοσύνην
1470 5466 1764 5535 ἐργάσεται
1790 5486 1804 5499 ο

210 5544 352 5600 ἀλλά
385 5545 487 5600 κᾶν
521 5546 692 5617 μυρία
716 5546 999 5620 καταϐάλῃ
1031 5549 1292 5619 χρήματα
1321 5552 1403 5616 είς
1429 5554 1529 5617 τὰς
1554 5554 1663 5607 τῶν
1691 5556 1805 5611 δεον

215 5633 397 5705 μένων
415 5637 612 5705 χεῖρας
632 5675 647 5697 ,
678 5634 748 5686 τά
779 5636 980 5703 ἐτέρων
1024 5636 1285 5705 ἁρπάξων
1323 5640 1415 5693 καὶ
1446 5641 1807 5708 πλεονεκτῶν,

212 5723 326 5788 τοῖς
352 5723 703 5797 ἀνδροφόνοις
733 5724 919 5793 ἐξίσης
944 5725 1251 5793 λελόγισται
1286 5728 1364 5796 τῷ
1395 5728 1533 5799 Θεῷ.
1578 5732 1669 5785 Διὸ
1698 5732 1804 5805 χρὴ

215 5808 534 5877 πλεονεξίας
559 5811 875 5867 ἀποστάντα
899 5814 1184 5883 πρότερον,
1204 5814 1347 5867 οὑτω
1369 5817 1493 5882 τοὺς
1520 5817 1808 5892 δεομένους

533 5919 803 5987 Pana.
848 5921 966 5986 Gn.
1015 5924 1113 5989 LI.

844 402 941 463 DE
977 402 1235 462 VERBIS
1269 402 1634 470 ΑΡοετοιι.
1671 400 2043 463 BABENTES
2081 398 2372 460 EUMDEM
2416 395 2766 455 SPIRI'I'UM.
2807 393 2897 451 Ill.

3422 397 3533 459 σοι)

1935 505 2127 563 ἐλεεῖν.
2168 507 2347 583 Πολλὴ
2373 507 2484 584 7&9
2512 508 2615 580 τῆς
2641 508 3017 582 ἐλεημοσύνης
3046 510 3080 582 ή
3106 507 3367 585 δύναμις,
3401 512 3533 579 περὶ

1932 585 2003 663 ἧς
2029 591 2123 645 καὶ
2149 594 2216 663 τῇ
2242 592 2546 665 προτεραίᾳ
2565 592 2786 659 συνάξει
2814 592 2953 662 1:90;
2979 592 3125 665 ὑμᾶς
3152 592 3531 666 διελέχθημεν.

1934 674 2030 727 καὶ
2060 673 2157 727 νῦν
2174 674 2515 746 διαλέξομαι.
2556 675 2718 731 Ἀλλά
2762 675 2950 747 μηδεὶς
2985 677 3085 748 τὴν
3120 676 3405 751 συνέχειαν
3430 678 3533 749 τῆς

1934 754 2298 827 ὑπομνήσεως
2319 759 2658 831 κατηγορίαν
2682 758 2923 830 ἡγείσθω
2944 758 3055 813 τῶν
3076 760 3405 815 ἀκουόντων.
3421 761 3536 815 Καὶ

1933 838 2045 912 7&9
2070 841 2128 892 ἐν
2158 844 2272 901 τοῖς
2302 842 2511 911 ἀγῶσιν
2537 842 2781 906 ἐκείνους
2808 842 2920 897 τῶν
2957 840 3208 915 δρομέων
3229 842 3531 915 διεγείρου-

1936 937 2020 975 σιν
2052 925 2101 976 οί
2127 922 2338 991 θεαταὶ,
2357 924 2452 989 οὓς
2480 923 2548 979 ἀν
2575 924 2759 979 ίδωσιν
2786 925 2954 994 ἐγγὺς
2979 923 3076 979 τοῦ
3104 924 3360 997 βραϐείου
3386 942 3535 994 γενο-

1936 1004 2131 1076 μένους
2150 1045 2165 1069 ,
2198 1008 2295 1061 καὶ
2327 1007 2529 1072 πολλάς
2555 1008 2656 1080 τῆς
2687 1008 2846 1077 νίκης
2880 1008 3106 1075 ἐλπίδας
3142 1008 3387 1080 ἐχοντας.
3418 1010 3532 1065 Καὶ

1932 1087 2045 1158 ἐγὼ
2071 1090 2253 1143 τοίνυν
2271 1131 2287 1156 ,
2326 1090 2515 1161 ἐπειδὴ
2546 1090 2687 1162 μετά
2736 1091 2943 1163 πολλῆς
2968 1093 3057 1146 ἀεὶ
3083 1092 3395 1166 προθυμίας
3420 1092 3533 1167 δρῶ

1930 1173 2058 1237 τοὺς
2088 1174 2218 1246 περὶ
2247 1172 2620 1246 ἐλεημοσύνης
2648 1175 2975 1246 δεχομένους
3008 1174 3201 1245 λόγους
3231 1177 3411 1249 ὑμᾶς,
3441 1178 3534 1234 διὰ

1930 1257 2092 1311 τοῦτο
2116 1257 2213 1312 καὶ
2241 1258 2404 1323 αὐτὸς
2435 1260 2824 1333 συνεχέστερον
2852 1260 2953 1331 τὴν
2986 1261 3129 1333 ὐπέρ
3161 1261 3369 1317 τούτων
3395 1262 3534 1316 κινῶ

1930 1340 2273 1411 παραίνεσιν.
2294 1340 2495 1412 ’ἰατροὶ
2516 1341 2626 1394 τῶν
2650 1340 2842 1413 ψυχῶν
2860 1342 3020 1415 ἡμῶν
3041 1345 3180 1399 είσιν
3203 1345 3254 1399 οί
3274 1345 3530 1415 πένητες,

1930 1423 2218 1497 εὐεργέται
2252 1425 2345 1479 καὶ
2396 1426 2735 1495 προστάταιο
2768 1427 2831 1481 οὐ
2892 1427 2997 1499 γάρ
3048 1428 3304 1483 τοσοῦτον
3351 1428 3530 1493 δίδως,

1929 1505 2052 1559 ὅσον
2077 1506 2379 1577 λαμϐάνεις
2396 1522 2410 1536 ·
2438 1507 2597 1573 δίδως
2625 1508 2914 1583 ἀργύριον,
2935 1512 3030 1566 καὶ
3051 1511 3352 1582 λαμϐάνεις
3373 1512 3531 1582 βασι-

1928 1588 2081 1643 λείαν
2101 1589 2378 1663 οὐρανῶν·
2404 1589 2553 1655 λύεις
2585 1592 2799 1656 πενίαν,
2825 1593 2922 1647 καὶ
2940 1593 3337 1659 καταλλάττεις
3367 1610 3531 1649 σεαυ-

1926 1670 2007 1742 τῷ
2054 1672 2149 1727 τὸν
2186 1674 2489 1745 Δεσπότην.
2538 1674 2706 1748 Ὁρᾷς
2732 1677 2815 1732 δτι
2861 1676 2964 1731 οὐκ
3007 1677 3178 1751 ίσηίή
3216 1677 3528 1743 άντίδοσιςς

1928 1754 2117 1808 Ταῦτα
2148 1756 2242 1808 ἐπὶ
2269 1756 2399 1828 γῆς,
2429 1759 2617 1812 ἐκεῖνα
2646 1760 2705 1813 ἐν
2722 1758 2968 1831 οὐρανιῖι·
2999 1758 3174 1814 ταῦτα
3203 1760 3527 1825 ἀπόλλυται,

1926 1838 2109 1892 ἐκεῖνα
2131 1838 2381 1911 διαμένει
2402 1856 2415 1870 ·
2440 1840 2615 1896 ταῦτα
2641 1842 2948 1914 φθείρεται,
2969 1843 3153 1898 ἐκεῖνα
3176 1844 3358 1916 πάσης
3378 1846 3530 1899 ἐστὶν

1926 1919 2177 1995 ἀνώτερα
2196 1923 2492 1990 ἀταυλείας.
2518 1926 2616 1980 Διά
2645 1926 2804 1981 τοῦτο
2825 1927 2921 1981 καὶ
2948 1926 3058 2000 1:90
3082 1927 3192 1983 τῶν
3217 1927 3397 1998 θυρῶν
3418 1929 3529 1984 τῶν

1924 2002 2094 2060 οἴκων
2122 2006 2235 2062 τῶν
2261 2010 2569 2083 εὐκτηρίων
2590 2010 2829 2083 ἐστησαν
2853 2014 2981 2078 τοὺς
3005 2012 3249 2086 πένητας
3274 2014 3325 2067 οί
3357 2015 3529 2069 πατέ-

1927 2102 2021 2158 ρες
2038 2090 2089 2143 οί
2115 2090 2396 2165 ἡμέτεροι,
2418 2094 2505 2149 ῐνα
2527 2094 2733 2151 καὶτὸν
2756 2094 3097 2168 νωθρότατον
3116 2097 3211 2151 καὶ
3237 2096 3529 2170 ἀπανθρω-

1926 2172 2161 2228 πότατον
2187 2176 2329 2248 αὐτὴ
2378 2176 2490 2233 τῶν
2519 2179 2772 2251 πενήτων
2801 2181 2835 2253 ἡ
2869 2180 2997 2253 δψις
3046 2180 3185 2253 1:90;
3214 2180 3527 2253 ὑπόμνησιν

1923 2255 2116 2331 ἐγείρῃ
2158 2259 2258 2331 τῆς
2310 2261 2705 2336 ἐλεημοσύνης.
2740 2265 2912 2320 ὀταν
2939 2264 3051 2338 γάρ
3104 2266 3310 2339 ἐστήκῃ
3364 2265 3529 2340 χορὸς

1923 2342 2197 2416 γερόντων
2221 2386 2238 2413 ,
2270 2349 2753 2417 συγκεκυφότων,
2796 2349 2966 2421 ράκια
3012 2349 3523 2423 περιϐεϐλημένων,

1923 2426 2300 2499 αὐχμώντων,
2350 2429 2679 2503 ῥυπώντων,
2719 2432 3021 2508 βακτηρίας
3052 2433 3287 2505 ἐχόντων
3307 2473 3324 2497 ,
3370 2434 3525 2504 μόλις

1925 2508 2281 2582 στηρίζεσθαι
2309 2513 2645 2587 δυναμένων,
2672 2516 2934 2583 πολλάκις
2966 2516 3024 2571 δέ
3049 2517 3147 2571 καὶ
3168 2517 3295 2582 τοὺς
3320 2515 3525 2587 ὀφθαλ-

1926 2594 2063 2664 μοὺς
2090 2594 2520 2669 ἐκκεκομμένων
2543 2640 2559 2663 ,
2590 2600 2685 2654 καὶ
2735 2600 2798 2654 10
2844 2600 3008 2673 σῶμα
3040 2600 3163 2656 ὅλον
3196 2601 3524 2673 ἀναπήρων.

1922 2676 2007 2740 τίς
2032 2675 2175 2731 οὕτω
2201 2678 2425 2744 λίθινος,
2456 2682 2541 2745 τίς
2567 2680 2741 2747 οὕτως
2775 2683 3011 2755 ἀδάμας,
3045 2681 3123 2748 ὠς
3151 2684 3247 2738 καὶ
3278 2683 3377 2754 τῆς
3405 2683 3538 2754 ήλιο.

1923 2758 2080 2825 κίας,
2112 2761 2208 2814 καὶ
2249 2761 2351 2832 τῆς
2404 2764 2692 2831 ἀσθενείας
2715 2806 2731 2831 ,
2781 2768 2877 2821 καὶ
2914 2768 3017 2839 τῆς
3380 2806 3397 2831 ν
3430 2768 3527 2822 καὶ

1920 2844 2021 2913 τῆς
2050 2845 2275 2911 πενίας,
2326 2849 2423 2901 καὶ
2464 2848 2566 2919 τῆς
2617 2850 2869 2916 εὐτελοῦς
2906 2851 3103 2924 στολῆς
3124 2893 3141 2917 ,
3177 2852 3274 2925 καὶ
3303 2851 3526 2907 πάντων

1922 2927 2112 2991 ἁπλῶς
2138 2929 2275 2999 πρὸς
2309 2931 2659 3001 συμπάθειαν
2682 2934 3034 2989 ἐπικλώντων
3055 2934 3240 2999 αὑτὸν,
3268 2934 3526 3005 ἀντιστῆ-

1922 3026 2011 3062 ναι
2045 3011 2140 3063 καὶ
2198 3014 2377 3081 μεῖναι
2426 3014 2564 3085 πρὸς
2593 3015 2812 3071 ἀπαντα
2850 3018 3032 3073 ταῦτα
3078 3018 3390 3083 ἀνένδοτος;
3424 3021 3526 3075 Διά

1919 3092 2094 3145 ταῦτα
2136 3094 2242 3165 πρὸ
2275 3094 2385 3147 τῶν
2419 3095 2601 3169 θυρῶν
2633 3099 2793 3170 ἡμῶν
2822 3102 3093 3172 ἐστήκασι
3120 3102 3324 3166 παντὸς
3358 3102 3524 3172 λόγου

1919 3174 2279 3257 δυνατώτεροι
2303 3216 2318 3240 ,
2353 3178 2442 3233 διά
2478 3180 2579 3249 τῆς
2609 3181 2784 3251 ὄψεως
2826 3185 3235 3257 ἐπισπώμενοι,
3266 3185 3406 3257 πρὸς
3431 3203 3524 3257 φιο

1919 3255 2272 3342 λανθρωπίαν
2312 3261 2440 3342 τοὺς
2480 3264 2761 3328 εἰσιόντας
2798 3255 3213 3338 ἐκκαλούμενοι.
3249 3255 3525 3342 καθάπερ

1919 3340 2031 3411 7&9
2061 3344 2271 3419 κρήνας
2293 3339 2435 3398 εἶναι
2456 3347 2513 3399 ἐν
2536 3350 2656 3410 ταῖς
2684 3349 2875 3413 αὐλαῖς
2893 3350 3007 3404 τῶν
3031 3352 3340 3425 εὐκτηρίων
3357 3339 3524 3409 οῖκων

1919 3426 2255 3497 νενόμισται,
2294 3430 2383 3483 ῖνα
2408 3432 2459 3483 οί
2494 3431 2783 3501 μέλλοντες
2815 3434 3075 3506 εὐχεσθαι
3105 3436 3183 3508 τῷ
3209 3435 3351 3507 Θεῷ,
3390 3438 3526 3509 πρό-

1918 3525 2079 3580 τερον
2108 3512 2510 3583 ἀπονιψάμενοι
2539 3515 2638 3579 τάς
2670 3520 2862 3586 χεῖρας
2880 3560 2895 3584 ,
2927 3517 3104 3583 οὕτως
3126 3520 3298 3583 αὐτὰς
3322 3521 3405 3584 είς
3432 3522 3523 3574 εὑο

1919 3594 2022 3665 χὴν
2048 3595 2403 3650 ἀνατείνωσιν
2430 3614 2444 3628 ο
2480 3598 2624 3653 οὕτω
2676 3602 2771 3653 καὶ
2800 3602 2929 3665 100;
2972 3604 3217 3673 πένητας
3254 3605 3377 3658 ἀντὶ
3416 3623 3524 3677 πη-

1918 3677 2032 3745 γῶν
2060 3680 2153 3732 καὶ
2184 3678 2401 3751 κρηνῶν
2430 3680 2669 3751 ἔστησαν
2696 3683 2745 3736 οί
2778 3684 3015 3755 πατέρες
3048 3688 3155 3757 1:90
3180 3687 3289 3740 τῶν
3315 3687 3521 3761 θυρῶν⁹

1920 3762 2008 3844 ῖν⁹,
2044 3761 2234 3834 ὥσπερ
2262 3763 2415 3818 ὕδατι
2447 3766 2549 3829 τὰς
2580 3770 2768 3838 χεῖρας
2795 3770 3204 3841 ἀπονίπτομεν,
3245 3771 3390 3826 οὑτω
3428 3792 3520 3844 :9:-

1918 3843 2240 3919 λανθρωπίᾳ
2264 3847 2362 3919 τὴν
2384 3848 2564 3922 ψυχὴν
2592 3851 3009 3923 άποσμήχοντες
3030 3853 3318 3928 πρότερον,
3344 3843 3523 3925 0010:;

1919 3930 2231 4001 εὐχώμεθα.
2456 3998 2482 4024 .

1994 4023 2083 4095 ιβ’.
2125 4025 2261 4080 Οὐδέ
2277 4026 2387 4099 γὰρ
2406 4023 2579 4092 οὕτως
2596 4028 2789 4095 ὓδατος
2806 4030 2970 4102 φύσις
2985 4033 3277 4088 ἀπονίπτει
3294 4034 3521 4107 κηλῖδας

1921 4107 2198 4194 σώματος,
2228 4110 2304 4175 ῶς
2339 4111 2715 4194 ἐλεημοσύνης
2743 4113 2974 4187 δύναμις
3003 4118 3318 4191 ἀποσμήχει
3344 4120 3521 4194 ῥύπον

1918 4191 2103 4275 ψυχῆςῄ
2126 4192 2360 4275 .”Ὠσπερ
2391 4190 2487 4249 οὖν
2522 4196 2582 4248 οὐ
2611 4197 2818 4269 τολμᾷς
2846 4200 3097 4266 ἀνίπτοις
3124 4190 3313 4275 χερσὶν
3338 4190 3519 4257 είσελ-

1921 4273 2029 4327 θὼν
2049 4272 2332 4340 εὔξασθαι,
2356 4278 2533 4332 καίτοι
2555 4279 2779 4333 ἔλαττον
2798 4282 2857 4335 10
2882 4272 3137 4354 ἔγκλημα
3157 4272 3357 4349 ἐκεῖνο,
3373 4285 3521 4339 οὕτω

1922 4358 2060 4428 μήτε
2098 4359 2267 4430 χωρὶς
2298 4359 2669 4433 ἐλεημοσύνης
2694 4365 2781 4417 ἐπ’
2817 4366 2985 4436 εὐχὴν
3008 4366 3169 4440 ἔλθῃς
3200 4370 3352 4425 ποτέ.
3386 4372 3521 4425 Καί-

1918 4459 2001 4494 τοι
2015 4442 2120 4528 ’καὶ
2149 4442 2396 4528 καθαράς
2432 4446 2695 4511 πολλάκις
2726 4448 2943 4519 ἔχοντες
2969 4450 3069 4515 τὰς
3097 4456 3307 4525 χεῖρας,
3342 4454 3409 4509 ἀν
3441 4457 3516 4528 μὴ

1920 4525 2185 4610 πρότερον
2215 4527 2387 4591 αὐτὰς
2408 4530 2810 4599 ἀποπλύνωμεν
2836 4531 3010 4596 ὑδατι,
3038 4537 3139 4589 οὐκ
3161 4525 3518 4610 ἀνατείνομεν

1919 4610 1998 4672 είς
2024 4608 2193 4679 εὐχήν
2216 4624 2230 4638 '
2264 4611 2520 4666 τοσοῦτόν
2553 4615 2702 4669 ἐστιν
2742 4618 2776 4685 ὴ
2809 4617 3085 4688 συνήθεια.
3116 4619 3291 4674 Τοῦτο
3335 4608 3519 4676 τοίνυν

1918 4691 2013 4773 καὶ
2034 4691 2126 4743 ἐπὶ
2154 4692 2251 4759 τῆς
2281 4694 2653 4769 ἐλεημοσύνης
2678 4698 2919 4769 ποιῶμεν
2943 4717 2956 4731 ’
2984 4702 3087 4755 κᾶν
3113 4704 3278 4773 μηδὲν
3300 4706 3517 4772 ἑαυτοῖς

1918 4772 2232 4848 ὦμενίῖθοῖ
2255 4780 2555 4844 συνειδότες
2582 4784 2723 4853 μέγα
2748 4783 3080 4856 ἁμάρτημα,
3097 4772 3248 4859 ὅμως
3269 4789 3519 4861 ἀποσμή-

1917 4877 2102 4930 χωμεν
2154 4861 2215 4913 10
2250 4862 2489 4925 συνειδὸς
2521 4864 2609 4917 διὰ
2634 4864 2733 4935 τῆς
2766 4865 3157 4940 ἐλεημοσύνης.
3195 4871 3374 4927 Πολλά
3405 4874 3517 4929 ἀπὸ

1918 4944 2014 5013 τῆς
2040 4946 2248 5015 ἀγορᾶς
2274 4947 2575 5002 ἐπεσπάσω
2606 4949 2785 5002 δεινά⁶
2816 4951 3011 5023 ἐχθρὸς
3038 4955 3349 5025 παρώξυνε,
3366 4956 3517 5012 δικα-

1920 5032 2052 5101 στὴς
2080 5032 2361 5101 ἠνάγκασέ
2385 5052 2438 5088 τι
2470 5037 2696 5106 ποιῆσαι
2723 5038 2834 5092 τῶν
2861 5040 2921 5093 οὐ
2960 5044 3350 5115 προσηκόντων
3374 5062 3515 5116 πρα-

1917 5121 2170 5189 γμάτων,
2222 5122 2447 5193 ῥήματα
2494 5124 2752 5191 πολλάκις
2798 5127 3054 5193 ἐξέϐαλες
3107 5130 3305 5198 ἄτοπα,
3362 5135 3515 5204 φίλος

1917 5209 2268 5281 ἐδυσώπησεν
2317 5212 2658 5284 ἐργάσασθαί
2705 5234 2758 5270 τι
2797 5217 2905 5271 τῶν
2938 5219 3218 5291 ἁμαρτίαν
3255 5224 3510 5294 ἐχόντων.

1916 5297 2081 5368 ἔτερα
2117 5301 2469 5371 προσετρίςω
2504 5303 2673 5357 πολλά
2695 5346 2710 5369 ,
2753 5300 2841 5359 οἷα
2889 5308 3036 5371 εἰκὸς
3065 5308 3353 5381 ἄνθρωπον
3384 5312 3515 5367 ὄντα

1918 5386 2367 5456 προστρίϐεσθαι,
2402 5392 2460 5442 ἐν
2494 5391 2670 5462 ἀγορᾷ
2706 5396 3072 5464 στρεφόμενον
3098 5440 3112 5462 ,
3142 5397 3517 5470 δικαστηρίοις

1918 5474 2369 5544 προσεδρεύοντα,
2388 5478 2460 5530 τά
2486 5479 2585 5548 τῆς
2614 5481 2823 5545 πόλεως
2850 5484 3161 5555 πράττοντα
3185 5488 3513 5559 πράγματα’

1918 5560 2058 5631 ὑπὲρ
2081 5562 2288 5617 τούτων
2310 5565 2567 5619 ἀπάντων
2593 5568 2816 5640 είσέρχῃ
2839 5571 2932 5625 τὸν
2960 5572 3095 5626 Θεὸν
3125 5577 3364 5646 αἰτήσων
3388 5593 3516 5646 συγ-

1917 5646 2145 5737 γνώμην
2200 5652 2295 5704 καὶ
2330 5652 2830 5726 ἀπολογησόμενος.
2875 5661 3166 5717 Κατάϐαλε
3204 5664 3386 5718 τοίνυν
3413 5666 3515 5737 ἀρ-

1917 5734 2105 5826 γύριον
2125 5738 2225 5826 ,εἰς
2250 5738 2348 5802 τὰς
2375 5741 2485 5794 τῶν
2524 5744 2775 5814 πενήτων
2804 5749 2993 5819 χεῖρας
3012 5790 3026 5814 ,
3068 5752 3162 5806 καὶ
3194 5734 3517 5826 ἀπόσμηξον

1916 5823 2016 5891 τὰς
2049 5824 2273 5899 κηλῖδας
2317 5830 2565 5897 ἐκείνας,
2599 5832 2686 5886 ἵνα
2742 5836 2880 5905 μετά
2915 5841 3230 5912 παρρησίας
3277 5823 3513 5916 καλέσης

3066 5961 3141 6022 19
