4194 6302
242 405 342 463 ’591

239 537 373 578 cum
406 520 698 576 tousessui
725 520 1024 585 intersunt,
1061 534 1174 575 rem
1201 517 1385 591 populi
1409 518 1831 576 administrant:

246 628 350 684 pro
373 613 461 668 his
477 611 735 669 omnibus
752 611 973 668 accedis
986 610 1156 667 Deum
1174 621 1524 673 exoraturus,
1538 620 1595 667 et
1616 613 1832 667 veniam

238 705 536 775 petiturus.
558 703 702 776 Ergo
740 704 807 760 da
829 704 1120 775 pecuniam
1142 704 1199 759 in
1217 718 1412 759 manus
1436 719 1758 774 pauperum,
1776 710 1835 759 et

240 796 501 867 absterge
519 797 643 852 illas
660 798 927 861 maculas,
957 805 1016 852 ut
1038 810 1161 850 cum
1179 794 1376 851 fiducia
1391 797 1611 852 invoces
1630 810 1833 867 rogans

240 887 402 942 illum
437 889 533 958 qui
572 896 755 956 potest
791 889 906 945 hazc
947 889 1047 945 tibi
1089 897 1313 959 peccata
1348 889 1650 944 remittere.
1692 888 1749 944 Si
1780 894 1834 945 te

239 978 613 1034 assuefeceris
655 995 957 1051 numquam
995 983 1116 1037 sine
1156 982 1501 1052 eleemosyna
1531 994 1688 1036 sacra
1718 980 1834 1035 haec

237 1068 520 1123 vestibula
562 1070 793 1135 intrare,
821 1084 922 1126 nec
961 1078 1180 1142 sponte,
1235 1069 1444 1125 invitus
1480 1083 1738 1141 umquam
1765 1067 1838 1123 2b

239 1156 355 1212 hoc
381 1157 527 1213 bono
555 1172 723 1229 opere
748 1161 1096 1218 abstinebis:
1126 1167 1339 1217 tantum
1366 1162 1511 1217 valet
1533 1167 1836 1216 consuetu-

225 1246 323 1300 do.
355 1246 425 1301 Et
440 1248 576 1302 sicut
598 1250 1100 1319 quomodocumque
1119 1262 1180 1303 se
1198 1262 1287 1303 res
1313 1246 1524 1314 habeat,
1544 1262 1833 1316 numquam

224 1338 466 1392 sustines
512 1338 671 1393 illotis
715 1338 961 1393 manibus
1005 1338 1241 1407 precari,
1274 1346 1618 1408 posteaquam
1665 1336 1835 1392 semel

222 1433 672 1489 consuetudinem
696 1433 831 1489 hanc
846 1435 1137 1503 usurpasti,
1156 1435 1223 1488 ita
1242 1433 1401 1488 etia’m
1427 1433 1479 1486 in
1497 1434 1835 1504 eleemosyna

223 1527 275 1579 si
305 1524 444 1581 hanc
473 1525 644 1597 legem
682 1526 775 1582 tibi
808 1525 1122 1595 prtefixeris,
1160 1527 1346 1580 volens
1378 1525 1568 1579 nolens
1597 1523 1836 1594 quatidic

225 1616 379 1672 illam
422 1619 687 1688 impl'ebis,
734 1619 848 1688 ipsa
876 1616 1262 1674 consuetudine
1289 1618 1353 1670 ad
1387 1618 1489 1670 hoc
1518 1626 1833 1687 pertractus.

304 1709 544 1766 Precatio
588 1729 703 1765 cum
751 1712 869 1781 igne
910 1712 1116 1765 collata.
1147 1740 1220 1751 —
1246 1710 1387 1781 Ignis
1432 1720 1514 1763 est
1561 1711 1833 1780 precatio,

227 1802 502 1871 pmcipue
528 1817 647 1856 cum
680 1818 710 1855 a
741 1802 992 1872 vigilante
1020 1812 1075 1857 et
1101 1802 1277 1857 sobria
1323 1810 1501 1856 mente
1545 1800 1838 1869 proficisci-

212 1900 320 1954 _tur
354 1911 366 1944 :
400 1890 491 1946 sed
540 1892 676 1962 ignis
704 1892 804 1948 iste
845 1906 980 1961 opus
1009 1892 1170 1946 habet
1214 1892 1356 1957 oleo,
1388 1900 1445 1945 ut
1470 1891 1535 1945 ad
1568 1892 1678 1960 ipsa
1720 1892 1834 1944 emli

227 1997 472 2038 convexa
523 1985 1127 2053 perveniattcaztcrum
1174 1986 1369 2048 oleum,
1418 1998 1526 2054 quo
1566 1983 1702 2054 ignis
1750 1982 1837 2037 hic

225 2073 479 2139 fovetur,
525 2091 628 2130 non
676 2076 817 2130 aliud
863 2084 946 2130 est
992 2090 1151 2145 quam
1200 2076 1562 2144 clecmnsyna.
1612 2073 1837 2128 All‘uude

226 2164 393 2233 igitur
418 2165 594 2220 oleum
625 2170 728 2221 hoc
756 2167 994 2236 largiter,
1022 2176 1075 2221 ut
1101 2166 1433 2220 exhilaratus
1461 2166 1561 2220 hoc
1582 2175 1674 2219 tuo
1693 2170 1836 2219 bono

827 350 913 458 fiE
957 400 1204 459 VERBIS
1230 400 1596 468 APOSTOLI,
1624 393 1875 458 UTINAM
1914 391 2408 467 SUSTINERETIS
2446 392 2780 463 MODICUM,
2820 392 2976 450 ETC.

3435 384 3543 443 302

1938 524 2125 581 opere,
2157 525 2279 566 cum
2324 510 2530 581 majore
2556 507 2835 565 alacritate
2876 506 3238 578 precationem
3270 510 3413 557 tuam
3443 499 3543 555 ab-

1936 602 2136 656 solvas.
2181 600 2333 657 Sicut
2373 601 2517 655 enim
2560 599 2653 669 qui
2698 597 2897 654 nullius
2943 595 3099 650 bonas
3149 593 3228 648 rei
3274 590 3377 647 sibi
3420 599 3544 645 sunt

1935 695 2159 761 conscii,
2193 693 2336 749 nulla
2376 707 2500 749 cum
2548 692 2741 747 fiducia
2785 689 2994 761 precari
3040 692 3308 758 possunt:
3338 683 3408 738 ita
3454 688 3543 751 qui

1940 789 2077 845 bene
2108 787 2309 858 aliquid
2356 794 2603 857 egerunt,
2633 794 2686 841 et
2716 792 2836 856 post
2864 783 2963 837 ista
3012 793 3175 857 Opera
3204 777 3285 832 ad
3314 788 3544 846 precan-

1938 883 2064 937 dum
2096 896 2156 936 se
2200 880 2501 944 conferunt,
2534 878 2642 933 lceti
2680 875 3053 932 recordatione
3083 873 3218 926 bene
3243 878 3543 940 gestorum,

1938 973 2143 1043 majore
2167 986 2290 1027 cum
2317 970 2595 1025 alacritate
2620 967 3065 1038 supplicationem
3091 977 3244 1019 suam
3286 958 3543 1015 offerunt.

1939 1063 2008 1120 Ut
2040 1064 2203 1134 igitur
2245 1063 2346 1118 hac
2388 1076 2603 1133 quoque
2646 1067 2799 1130 parte
2840 1056 3179 1113 efﬁcaciores
3218 1054 3328 1108 sint
3355 1064 3547 1123 preces

1939 1163 2160 1222 nostras,
2189 1153 2443 1209 nimirum
2488 1162 2669 1209 mente
2698 1165 2797 1221 per
2834 1145 3205 1204 beneﬁcentia:
3230 1144 3562 1231 memoriam

1939 1247 2189 1310 excitata,
2218 1261 2340 1301 cum
2367 1246 2710 1316 eleemosyna
2740 1241 2805 1297 ad
2832 1237 3162 1312 precandum
3202 1234 3544 1291 accedamus.

1939 1348 1994 1394 et
2023 1339 2309 1410 diligenter
2338 1337 2513 1392 omnia
2558 1349 2678 1406 quae
2708 1333 2849 1389 dicta
2880 1340 3005 1386 sunt
3046 1331 3101 1384 in
3134 1327 3391 1382 memoria
3421 1324 3551 1380 reti-

1942 1447 2187 1496 neamus,
2228 1438 2282 1484 et
2312 1440 2439 1484 ante
2466 1428 2645 1483 omnia
2693 1426 2837 1479 illam
2886 1435 3178 1493 pauperum
3222 1417 3545 1485 imaginem,

1941 1538 2045 1593 qua
2075 1537 2169 1577 eos
2199 1519 2306 1575 dixi
2333 1533 2432 1590 pro
2464 1516 2670 1573 foribus
2693 1514 2916 1572 oratorii
2958 1512 3278 1574 consistere,
3314 1504 3543 1576 idipsum

1943 1615 1996 1669 in
2027 1615 2219 1668 anima:
2250 1627 2405 1667 usum
2449 1618 2789 1681 praestantes,
2819 1604 2961 1677 quod
3006 1604 3062 1659 in
3105 1598 3346 1671 corporis
3391 1611 3548 1652 usum

1943 1706 2066 1761 fons
2091 1705 2328 1761 exhibet.
2352 1704 2409 1759 Si
2437 1708 2579 1759 enim
2603 1702 2794 1755 horum
2825 1711 3093 1753 memores
3116 1694 3370 1748 continue
3394 1704 3549 1745 men-

1944 1804 2049 1852 tem
2081 1795 2429 1859 ablucrimus,
2459 1792 2752 1863 poterimus
2782 1798 2837 1844 et
2865 1802 3026 1858 puras
3058 1799 3244 1853 preces
3270 1782 3337 1837 ad
3369 1782 3545 1836 Domi-

1946 1905 2070 1942 num
2106 1888 2360 1957 allegare,
2392 1885 2612 1940 multam
2638 1882 2778 1951 apud
2811 1882 2977 1935 Deum
3004 1877 3248 1932 fiduciam
3278 1874 3547 1937 obtinere,

1945 1991 1999 2035 et
2048 1980 2263 2035 czeleste
2314 1992 2535 2046 regnum
2581 1978 2862 2045 consequi,
2909 1972 3077 2042 gratia
3122 1979 3177 2024 et
3223 1968 3549 2037 benignitate

1949 2071 2156 2125 Domini
2188 2071 2358 2124 nostri
2390 2064 2516 2123 Je'su
2543 2066 2765 2131 Christi,
2794 2064 2879 2119 cui
2907 2063 3073 2134 gloria
3101 2071 3156 2117 et
3181 2060 3465 2130 imperium
3494 2057 3547 2110 in

1945 2163 2142 2218 sa‘cula
2163 2156 2505 2217 saeculorum.
2536 2161 2729 2213 Amen.

740 2696 1039 2762 UTINAM
1079 2691 1627 2763 SUSTINERETIS
1670 2702 2015 2765 MODICUM
2058 2704 2243 2777 QUID
2283 2705 2765 2767 INSIPIENTLE
2806 2706 3009 2767 ME/E.

235 2919 371 2962 cum
410 2906 786 2965 moderatione
816 2912 1187 2980 prastandum
1223 2925 1366 2967 esse.
1397 2910 1639 2984 ldipsum
1682 2930 1815 2972 vero
1859 2916 2150 2972 conﬁrmat
2183 2918 2435 2989 exemplo
2471 2916 2694 2975 Davidis
2730 2927 2786 2973 et
2839 2917 3113 2974 Samuelis
3142 2936 3157 2974 :
3192 2927 3247 2974 et
3287 2917 3425 2973 nihil
3454 2933 3516 2974 ve

240 3018 427 3076 obiter
452 3024 645 3094 tangit,
669 3039 779 3095 quo
812 3026 1109 3084 internosci
1137 3028 1315 3085 valeat
1344 3030 1722 3088 Antiochiame
1751 3048 1820 3087 an
1854 3032 2330 3103 Corrstantinopoli
2372 3035 2513 3093 hanc
2547 3035 2867 3092 concionem
2902 3035 3179 3092 habuerit.

299 3156 805 3231 Interpretationem
826 3164 1022 3222 incerti
1036 3165 1486 3237 cujusdam,'qute
1503 3168 1686 3225 minus
1704 3167 1841 3225 bene
1858 3170 2187 3225 concinnata
2207 3180 2343 3235 erat,
2363 3171 2753 3242 expunximus,
2775 3186 3085 3243 novamque
3104 3170 3516 3227 adornavimus.

274 3423 459 3433 ——._
475 3426 1661 3443 —.—.-—.__—.—c———-—_—_c———._——-
1697 3437 1829 3445 ._-~-

1962 3438 2277 3447 -m—

1136 3632 1247 3704 IN
1302 3633 1527 3704 HOC
1578 3632 2098 3743 APOSTOLI
2144 3633 2588 3720 DICTUM,

594 3804 842 3847 unum
888 3805 1339 3850 susrrnsns'rts
1376 3805 1675 3851 montem!
1718 3804 1874 3858 omn
1917 3780 2322 3848 mstrtnnru‘:
2366 3805 2519 3849 una:
2551 3785 2658 3867 (.2.
2706 3786 2859 3849 Cor.
2894 3789 2991 3849 11.
3027 3790 3051 3849 1
3088 3789 3133 3868 ).

1536 3946 1790 3961 _

289 4058 343 4111 Ι.
381 4055 498 4111 Veri
533 4059 722 4112 amoris
753 4060 903 4113 ratio.
928 4090 999 4100 —
1027 4060 1227 4115 Omnes
1253 4061 1501 4130 equidem
1545 4080 1669 4118 amo
1697 4079 1821 4120 san-

202 4160 357 4215 ctos,
389 4152 624 4207 maxime
665 4167 793 4207 vero
838 4152 1051 4208 beatum
1094 4154 1339 4219 Paulum,
1370 4170 1465 4210 vas
1494 4156 1774 4212 electionis
1802 4198 1817 4223 ,

206 4240 400 4296 tubam
444 4242 738 4306 czelestem,
783 4240 982 4298 Christi
1031 4244 1352 4313 pronubum.
1400 4243 1456 4299 Id
1502 4262 1631 4303 vero
1668 4246 1816 4315 dixi,

206 4336 509 4402 meumque
534 4347 660 4404 erga
704 4334 852 4389 illum
880 4349 1120 4389 amorem
1152 4334 1204 4390 in
1234 4336 1469 4392 medium
1510 4339 1727 4409 protuli,
1762 4348 1821 4393 ut

203 4421 461 4491 ejusdem
485 4439 580 4477 vos
610 4423 898 4495 participes
927 4425 1219 4482 efficerem.
1252 4427 1384 4483 Nam
1411 4431 1499 4500 qui
1531 4445 1816 4502 corporum

202 4529 401 4569 amore
427 4514 673 4585 flagrant,
704 4518 776 4583 id,
809 4530 863 4572 et
890 4519 1011 4587 jure
1035 4520 1270 4589 quidem,
1304 4523 1627 4578 erubescunt
1654 4522 1816 4593 proﬁ-

203 4610 336 4672 teri,
373 4617 558 4679 utpote
580 4610 667 4679 qui
714 4610 792 4664 sic
838 4620 892 4665 et
932 4612 1033 4667 sibi
1083 4614 1364 4683 pudorem,
1409 4626 1463 4671 et
1491 4617 1699 4672 ca‘teris
1726 4617 1820 4672 da-

203 4714 400 4753 mnum
448 4698 675 4755 inferant
709 4720 722 4755 :
751 4703 839 4771 qui
873 4718 998 4758 vero
1020 4704 1281 4775 spirituali
1308 4707 1496 4761 ardent
1518 4722 1722 4778 arnore,
1765 4709 1815 4763 id

200 4793 368 4849 interi
398 4808 688 4860 numquam
715 4806 934 4851 cessent
968 4815 981 4852 :
1013 4798 1209 4852 etenim
1251 4807 1305 4852 et
1333 4800 1432 4853 sibi
1458 4808 1514 4853 et
1556 4801 1817 4856 auditori-

204 4889 313 4939 bus
366 4885 480 4957 suis
530 4886 630 4939 hac
692 4888 913 4955 pulchra
974 4886 1315 4944 confessione
1359 4891 1673 4959 proderunt.
1724 4892 1818 4949 Ille

106 4973 129 4985 “
203 4990 449 5045 namque
478 4990 633 5029 antor-
670 4977 875 5031 crimen
902 4987 1005 5045 est,
1052 4978 1138 5034 hic
1168 4995 1295 5038 vero
1325 4980 1498 5035 laudis
1528 4994 1815 5053 argumcni

200 5079 326 5123 tum
352 5084 368 5121 :
398 5067 488 5123 ille
534 5079 591 5122 ut
634 5069 854 5123 morbus
896 5070 1090 5124 anima:
1136 5071 1274 5125 male
1322 5072 1489 5137 audit,
1539 5073 1625 5130 hic
1653 5076 1815 5131 animi

202 5160 399 5214 lmtitia
424 5168 528 5224 est,
555 5158 864 5227 exsultatio,
892 5170 948 5216 et
972 5172 1189 5216 ornatus
1216 5163 1449 5231 optimus
1470 5183 1481 5215 :
1505 5165 1593 5219 ille
1618 5166 1813 5221 bellum

202 5252 271 5305 in.
292 5252 587 5304 annmtium
619 5260 852 5304 mentem
886 5251 1108 5315 inducit,
1144 5252 1228 5306 hic
1255 5254 1297 5307 si
1330 5253 1474 5323 quod
1504 5256 1573 5308 sit
1617 5257 1813 5311 bellum

199 5343 474 5406 eliminat,
506 5344 559 5397 in
602 5358 900 5414 magnaque
950 5359 1081 5411 pace
1108 5347 1384 5399 constituit
1428 5357 1716 5403 amatores.
1750 5351 1815 5404 Et

204 5435 343 5490 hinc
389 5435 528 5491 nulla
576 5438 821 5505 provenit
852 5437 1089 5501 utilitas,
1119 5438 1212 5493 sed
1258 5440 1421 5493 multa
1465 5444 1811 5509 pecuniarum

198 5528 432 5598 jactura,
484 5536 728 5598 sumptus
777 5529 970 5595 insani,
1015 5531 1136 5584 vita:
1180 5531 1479 5597 subversio,
1530 5534 1809 5591 domorum

200 5630 455 5675 extrema
502 5621 811 5690 pernicies;
846 5623 971 5677 hinc
1002 5622 1243 5694 ingentes
1274 5624 1536 5680 bonorum
1588 5644 1809 5699 operum

200 5713 430 5777 diritir,
463 5713 673 5770 virtutis
703 5730 890 5787 magna
918 5717 1092 5787 copia.
1126 5717 1203 5770 Ad
1236 5716 1350 5771 hzec
1390 5736 1518 5774 vero
1550 5719 1811 5777 formoso-

201 5819 330 5861 rum
347 5819 633 5877 corporum
652 5819 938 5877 amatores,
959 5810 1046 5884 qui
1067 5810 1132 5868 ad
1155 5808 1374 5869 decoras
1399 5812 1559 5870 facies
1582 5812 1807 5883 inhiant,

1796 3926 2190 3984 31810——

1931 4068 1975 4121 si
2007 4077 2188 4137 turpes
2218 4067 2317 4143 ipsi
2348 4069 2455 4122 sint
2485 4082 2547 4123 ac
2572 4066 2863 4133 deformes,
2896 4068 3025 4124 nihil
3066 4084 3132 4125 ex
3174 4085 3357 4125 earum
3387 4073 3541 4141 cupi.

1930 4157 2056 4213 diue
2083 4158 2147 4212 ad
2175 4157 2570 4212 deformitatem
2600 4173 2749 4212 suam
2770 4160 3205 4216 commutandam
3224 4162 3537 4231 lucrantur;

1931 4249 2024 4303 sed
2054 4264 2120 4305 ex
2165 4250 2567 4320 comparatione
2612 4250 2879 4319 turpiores
2924 4252 3382 4324 deformioresque
3419 4271 3541 4311 esse

1930 4340 2179 4395 videnlur
2211 4358 2222 4395 :
2254 4350 2438 4397 contra
2469 4356 2596 4397 vero
2625 4343 2817 4399 accidit
2842 4345 2895 4399 in
2928 4345 3029 4399 hoc
3056 4360 3259 4401 amore.
3292 4346 3423 4401 Nam
3449 4350 3536 4418 qui

1930 4444 2195 4502 sanctam,
2229 4434 2542 4499 formosam,
2592 4435 2929 4505 splendidam
2970 4449 3025 4494 et
3067 4439 3318 4495 decoram
3367 4441 3541 4513 diligit

1929 4526 2185 4593 animam,
2210 4528 2309 4582 etsi
2335 4527 2594 4583 deformis
2616 4528 2705 4584 ille
2728 4530 2817 4597 sit,
2843 4532 2941 4586 etsi
2964 4532 3201 4586 omnium
3230 4534 3534 4588 mortalium

1929 4619 2291 4689 turpissimus,
2338 4620 2391 4675 in
2438 4632 2743 4677 sanctorum
2788 4638 2973 4679 amore
3018 4640 3399 4694 perseverans,
3432 4627 3538 4681 cito

1929 4711 2051 4765 talis
2080 4712 2205 4777 erit,
2254 4712 2427 4782 qualis
2474 4712 2521 4767 is
2558 4714 2648 4785 qui
2681 4723 2912 4770 amatur.
2962 4714 3017 4770 ld
3048 4718 3189 4771 enim
3231 4726 3314 4772 est
3340 4718 3537 4773 divinae.

1928 4801 2272 4873 benignitatis
2316 4820 2472 4874 opus,
2506 4806 2648 4876 quod
2678 4822 2875 4877 corpus
2900 4807 3144 4863 deforme
3186 4818 3240 4865 et
3287 4812 3534 4866 mutilum

1930 4902 2160 4964 nequeat
2202 4896 2518 4961 emendari,
2559 4900 2736 4952 anima
2782 4914 2910 4954 vero
2955 4901 3125 4970 turpis
3167 4915 3231 4955 ac
3277 4900 3537 4958 deformis

1928 4986 2208 5054 splendida
2252 4986 2555 5057 decoraque
2602 4990 2770 5059 possit
2816 4990 2977 5046 effici.
3012 4991 3089 5047 Ex
3138 4992 3539 5061 pulchritudine

1928 5076 2071 5132 enim
2099 5076 2241 5133 illius
2262 5079 2391 5133 nihil
2416 5080 2546 5135 lucri
2588 5082 2873 5151 provenit,
2904 5099 2967 5137 ex
3010 5085 3405 5155 pulchritudine
3439 5103 3538 5142 au-

1930 5179 2035 5224 tem
2076 5171 2271 5225 animae
2317 5180 2394 5227 tot
2442 5185 2666 5243 possunt
2694 5175 2911 5246 excerpi
2960 5178 3120 5243 bona,
3152 5188 3284 5247 quot
3329 5194 3423 5248 par
3452 5189 3533 5237 est

1926 5264 2168 5320 obtinere
2215 5283 2361 5331 eum,
2395 5268 2482 5338 qui
2516 5269 2682 5323 Deum
2733 5281 3027 5326 amatorem
3075 5272 3290 5327 habeat.
3322 5274 3397 5327 De
3430 5273 3532 5327 hat:

1926 5357 2324 5424 pulchritudine
2348 5360 2512 5413 David
2533 5362 2584 5414 in
2609 5361 2834 5416 Psalmis
2856 5378 3057 5418 canens
3084 5366 3154 5418 ait
3183 5383 3195 5419 :
3225 5366 3374 5429 Audi,
3395 5366 3529 5433 ﬁlia,

1924 5458 1970 5502 et
1999 5450 2128 5514 vide,
2159 5462 2203 5505 et
2230 5452 2421 5505 inclina
2448 5470 2622 5505 aurem
2658 5463 2817 5521 tuam,
2867 5466 2913 5508 et
2941 5456 3232 5511 obliviscere
3286 5458 3529 5529 populum

1925 5550 2089 5605 tuum,
2121 5553 2167 5596 et
2190 5544 2394 5595 domum
2425 5547 2582 5613 patris
2613 5546 2685 5598 tui
2714 5563 2731 5599 :
2758 5557 2806 5600 et
2844 5550 3164 5617 concupisret
3190 5566 3279 5603 rea:
3304 5561 3532 5603 decorem

1923 5641 2064 5685 tuum
2098 5634 2267 5701 (Psal.
2301 5637 2390 5690 H.
2426 5638 2511 5690 ll.
2548 5637 2629 5708 l9)
2669 5656 2680 5691 :
2716 5639 2967 5695 decorem
3016 5641 3103 5697 hic
3146 5644 3338 5697 anima:
3366 5643 3527 5709 dicit,

1922 5725 2010 5795 qui
2039 5726 2235 5781 virtute
2267 5728 2565 5799 pietateque
2591 5734 2952 5787 constituitur.

1989 5819 2042 5874 2.
2074 5818 2206 5875 Cum
2233 5836 2361 5893 ergo
2395 5834 2595 5881 tantum
2626 5826 2691 5880 sit
2716 5826 2923 5882 lucrum
2956 5830 3038 5899 iis,
3059 5833 3299 5904 quicum
3321 5835 3525 5889 sant-tis
