4194 6302
667 377 768 437 503

663 491 1042 549 communione
1062 495 1376 566 junguntur,
1398 490 1597 547 amoris
1621 490 1725 547 mei
1749 491 2033 563 participes
2054 499 2244 547 esttue:

667 583 809 640 hunc
838 594 1083 639 sanetum
1111 599 1317 639 summo
1341 582 1681 640 cmn'aﬂ‘ectu
1706 584 2004 655 diligamus.
2044 583 2176 640 Nam
2204 585 2247 638 si

670 673 757 729 hic
784 688 936 729 amor
978 674 1032 727 in
1074 673 1309 727 animum
1350 673 1678 745 ingrediatur
1718 685 1981 742 nostrum,
2011 674 2249 745 splendi-

665 762 895 835 damque
924 761 1187 817 flammam
1218 763 1412 818 excitet
1440 780 1456 818 :
1488 764 1533 820 si
1578 765 1704 835 quid
1734 766 2028 836 spinosum,
2055 766 2099 820 si
2124 764 2250 837 quid

667 866 914 908 saxosum
943 854 1025 907 vel
1052 868 1327 922 asperum,
1354 854 1439 910 vel
1465 856 1735 927 stupidum
1766 857 1817 910 in
1843 855 2250 926 cogitationibus

669 944 866 999 nostris
905 942 1159 1012 oﬂ’endat,
1192 955 1301 1001 tum
1332 946 1382 1002 id
1429 948 1737 1013 absumens,
1766 956 1873 1002 tum
1923 948 2053 1004 illud
2079 950 2248 1004 emol~

667 1031 820 1097 Eleus,
867 1033 1099 1088 animam
1152 1045 1387 1091 nostram
1438 1053 1538 1093 ceu
1586 1039 1780 1109 pingue
1823 1054 2010 1093 arvum
2056 1040 2252 1095 div'nai

667 1125 893 1179 sementi
939 1134 1119 1195 aptum
1162 1127 1376 1183 efﬁciet.
1408 1126 1517 1183 Nec
1558 1129 1686 1184 mihi
1714 1129 1882 1195 dicas,
1915 1129 2111 1185 Paulus
2154 1145 2252 1186 nec

665 1214 816 1269 adest
846 1232 1005 1283 nunc,
1040 1233 1137 1273 nec
1164 1219 1332 1273 oculis
1356 1221 1682 1289 conspicitur
1705 1222 1904 1276 nostris
1927 1238 1943 1286 ;
1983 1221 2251 1292 quomodo

667 1306 835 1373 possit
857 1307 1022 1361 amari
1055 1308 1118 1373 is,
1152 1324 1305 1378 quem
1339 1324 1442 1365 non
1475 1310 1760 1367 videmus?
1784 1311 1928 1367 Nihil
1956 1314 2098 1368 enim
2129 1312 2250 1369 huic

664 1396 831 1451 amori
863 1406 946 1453 est
970 1397 1349 1468 impedimento
1379 1418 1392 1453 :
1421 1402 1618 1456 etenim
1647 1413 1705 1459 et
1723 1404 1997 1460 absentem
2028 1420 2209 1462 amare
2231 1446 2249 1473 ,

663 1493 715 1539 et
744 1500 849 1539 non
872 1498 1220 1557 conspectum
1248 1490 1471 1561 diligere
1517 1507 1817 1562 possumus,
1860 1511 1981 1550 cum
2011 1498 2250 1558 maxime

665 1583 744 1630 tot
773 1586 827 1631 et
855 1579 974 1632 uilia
1010 1579 1246 1648 quotidie
1276 1582 1484 1636 virtutis
1530 1583 1670 1640 illius
1696 1598 2041 1643 monumenta
2068 1587 2249 1643 videa-

666 1680 803 1732 mus,
850 1684 1042 1737 nempe
1093 1670 1357 1727 Ecclesiae
1404 1672 1599 1743 ubique
1640 1682 1905 1731 terrarum
1952 1678 2247 1745 stabilitas,

666 1759 951 1829 impietatis
968 1763 1339 1829 eversionem,
1364 1764 1620 1834 improba)
1644 1768 1767 1823 vita:
1788 1769 1839 1823 in
1862 1768 2052 1825 melius
2078 1780 2250 1826 muta-

668 1850 885 1915 tionem,
914 1856 1128 1910 "erroris
1170 1855 1563 1927 expulsionem,
1609 1858 1813 1916 dirutas
1854 1876 1996 1928 aras,
2037 1864 2247 1919 occlusa

667 1941 896 2011 templa,
940 1943 1242 1999 daemonum
1294 1946 1581 2002 silentium.
1641 1949 1766 2005 llatc
1811 1953 2007 2022 quippe
2070 1954 2250 2009 omnia

666 2030 810 2085 Pauli
838 2030 1023 2087 efficax
1056 2033 1254 2106 lingua,
1287 2036 1463 2090 divina
1492 2038 1788 2109 inspirante
1814 2042 2003 2111 gratia,
2034 2041 2248 2098 destru-

665 2126 759 2190 xit,
778 2139 839 2179 ac
862 2125 1195 2196 splendidam
1224 2128 1418 2200 ubique
1446 2130 1653 2198 pietatis
1692 2130 1959 2185 flammam
1984 2134 2247 2187 accendit.

665 2212 794 2269 Cum
840 2224 915 2270 tot
945 2217 1211 2288 tantisque
1239 2220 1403 2289 gestis
1454 2220 1589 2290 ejus,
1621 2220 1816 2275 adsunt
1844 2236 2056 2291 quoque
2084 2231 2251 2277 sacra:

666 2303 804 2358 illius
828 2306 1086 2374 epistolm,
1115 2323 1235 2377 qua:
1262 2309 1429 2363 beata:
1470 2308 1589 2378 ejus
1614 2310 1804 2364 anima:
1831 2309 2053 2365 formam
2088 2326 2249 2366 accu-

667 2403 780 2449 rate
801 2396 955 2451 nobis
980 2396 1289 2469 depingant.
1321 2401 1395 2454 Ac
1421 2400 1466 2453 si
1503 2415 1632 2470 ergo
1660 2415 1779 2456 cum
1811 2402 1927 2471 ipso
1953 2403 2116 2457 Paulo
2137 2402 2247 2473 jam

667 2496 926 2553 praesente
949 2497 1005 2543 et
1033 2489 1309 2545 nobiscum
1335 2501 1584 2546 versante
1601 2492 2009 2562 dissereremns,
2037 2494 2114 2549 sic
2134 2496 2249 2563 ejus

664 2578 873 2647 scriptis
902 2578 1138 2635 studiose
1182 2582 1639 2652 obtemperemus.
1674 2584 1856 2638 intima
1888 2596 1942 2640 et
1988 2585 2248 2656 profunda

664 2669 1012 2738 explicemus,
1041 2672 1304 2727 discamus
1331 2674 1457 2744 quid
1485 2675 1612 2729 illud
1657 2677 1726 2731 sit
1751 2678 1891 2746 quod
1924 2677 2082 2733 hodie
2110 2679 2253 2733 voci-

669 2760 941 2817 ferabatur
968 2764 1150 2819 dicens
1182 2784 1196 2819 :
1233 2765 1438 2820 Utinam
1488 2769 1798 2823 sustinerctis
1837 2771 2089 2825 modicum
2130 2772 2253 2842 quid

666 2852 968 2921 insipientia
1006 2870 1127 2909 ntere
1149 2872 1169 2921 ,-
1194 2856 1283 2910 scd
1325 2866 1372 2910 et
1397 2866 1691 2927 snpportate
1732 2875 1809 2912 me
1839 2859 2094 2914 :tentslor
2118 2862 2252 2914 enim

671 2959 752 2997 ros
802 2941 900 2997 Dei
944 2946 1263 3001 amulatione
1312 2946 1387 3017 (2.
1424 2945 1544 3003 Cor.
1602 2950 1688 3004 11.
1743 2951 1793 3003 1.
1836 2949 1913 3021 2).
1964 2949 2100 3017 Quid
2146 2950 2248 3017 ais,

668 3033 1001 3103 PauletQui
1042 3035 1198 3106 iubes
1243 3036 1534 3108 discipulos
1577 3038 1630 3093 in
1678 3040 1932 3108 sapientia
1980 3040 2252 3095 ambulare

667 3141 791 3197 erga
818 3136 1122 3193 extraneos,
1152 3130 1240 3198 qui
1266 3128 1420 3197 dicis,
1454 3128 1636 3185 Sermo
1664 3141 1819 3185 oestcr
1843 3148 2036 3201 seraper
2054 3133 2105 3187 in
2128 3150 2246 3203 gra-

666 3218 735 3272 tia
762 3218 866 3273 sale
892 3219 957 3273 sit
999 3220 1252 3287 conditus,
1299 3230 1353 3275 ut
1402 3222 1572 3277 sciatis
1620 3222 1869 3290 quomodo
1911 3233 2136 3291 aporteat
2168 3239 2255 3277 eos

668 3310 937 3380 unicuique
958 3310 1262 3380 respondere
1288 3310 1509 3377 (Coloss.
1537 3311 1589 3366 4.
1619 3310 1674 3367 5.
1707 3310 1764 3382 6)
1788 3326 1804 3376 ;
1836 3311 1926 3382 qui
1950 3315 2256 3382 apprecaris

667 3401 943 3465 omnibus,
979 3410 1038 3455 ut
1066 3402 1331 3472 sapientia
1359 3404 1678 3472 repleantur
1717 3398 2255 3475 spiritualilColoss.

671 3491 719 3543 1.
739 3492 815 3561 9),
843 3491 956 3560 ipse
978 3490 1138 3554 dicis,
1171 3490 1385 3546 Utinam
1403 3494 1731 3547 sustinentis
1754 3494 2013 3547 modicum
2032 3496 2160 3565 quid
2178 3496 2255 3547 in-

668 3582 925 3651 sipientitz
946 3583 1110 3651 ηδεφῖ
1132 3582 1250 3638 Non
1271 3584 1406 3639 satis
1426 3593 1545 3639 erat
1563 3584 1661 3638 tibi
1680 3584 1902 3653 aliquod
1922 3585 2253 3655 insipientia

671 3673 890 3725 verbum
934 3674 1198 3739 emisisse,
1244 3673 1337 3727 sed
1369 3683 1423 3728 et
1451 3674 1724 3745 discipulis
1770 3675 1899 3731 illud
1928 3677 2130 3733 effers?
2156 3694 2255 3734 nec

671 3760 831 3817 modo
860 3761 1017 3817 ellers
1064 3762 1358 3832 discipulis,
1386 3764 1477 3819 sed
1527 3765 1579 3818 id
1622 3767 1870 3821 omnibus
1918 3776 2038 3836 post
2066 3768 2256 3823 futuris

673 3850 977 3907 hominibus
1006 3868 1099 3923 per
1124 3854 1403 3922 epistolam
1430 3863 1612 3908 notum
1640 3854 1810 3910 facis?
1842 3857 2257 3925 Animadvertite

673 3957 831 4012 quam
859 3957 966 3998 nou
1007 3952 1251 4013 oporteat
1279 3945 1418 3999 dicta
1464 3954 1666 4001 temere
1706 3936 2138 4015 prmtercurrere,
2164 3949 2257 4004 sed

674 4051 839 4092 unum
865 4036 1111 4109 quodque
1152 4046 1398 4093 accurate
1421 4038 1647 4093 scrutari
1670 4038 1693 4091 ἲ
1718 4037 1850 4092 lllud
1882 4040 2022 4094 enim
2053 4041 2097 4095 si
2126 4043 2260 4095 sim-

674 4126 886 4197 pliciter
928 4129 1165 4199 legatur,
1212 4128 1413 4184 circum
1457 4129 1715 4185 emittltur
1770 4130 2103 4185 auditoribus
2132 4148 2147 4186 :
2174 4130 2257 4197 sin

676 4234 805 4275 vero
826 4220 1177 4285 esaminetur,
1210 4234 1452 4290 magnam
1480 4219 1713 4274 ostendit
1742 4219 1889 4273 Pauli
1921 4220 2256 4289 sapientiam,

680 4326 922 4379 magnam
967 4310 1323 4382 prudentiam,
1354 4308 1671 4364 ineffabilem
1701 4324 1904 4365 curam.

750 4402 807 4460 ὅ.
841 4402 884 4455 Δ
923 4400 1369 4470 Pseudoapostolis
1409 4409 1674 4453 accusatus
1713 4397 1913 4453 Paulus
1953 4414 2007 4453 se
2054 4398 2267 4454 laudare

679 4493 895 4564 regitur.
924 4520 999 4533 ——
1024 4491 1159 4559 Quid
1188 4490 1398 4545 tandem
1424 4488 1551 4544 illud
1573 4497 1654 4543 est
1680 4487 1818 4558 quod
1842 4487 2071 4543 dicitur?
2101 4487 2267 4543 Pseu-

683 4584 981 4656 dnapostoli
1004 4583 1154 4638 multi
1181 4592 1331 4637 erant
1357 4581 1495 4652 apud
1520 4579 1829 4637 Corinthios
1854 4580 1943 4652 qui
1971 4580 2114 4650 ipsos
2141 4595 2264 4636 cor-

685 4684 1072 4744 rumperentnc
1103 4674 1318 4728 Paulum
1347 4681 1660 4728 accusarent
1683 4714 1698 4737 ,
1748 4671 1864 4741 ejus
1914 4671 2133 4737 famam,
2161 4686 2265 4740 qua

688 4766 827 4835 apud
857 4766 1144 4835 discipulos
1169 4778 1295 4819 suos
1323 4764 1549 4828 valebat,
1574 4763 1797 4817 subdole
1835 4762 2088 4817 laedentes
2107 4803 2121 4824 .
2148 4762 2265 4816 dic-

689 4859 837 4913 tcriis
867 4857 1014 4911 illum
1044 4855 1430 4909 subsannantcs
1454 4896 1469 4919 ,
1502 4862 1560 4907 ut
1591 4861 1927 4923 arrogantem
1956 4852 2267 4907 insimulan-

690 4959 787 5004 tes.
820 4946 930 5002 llos
954 4946 1262 5016 plerumque
1301 4945 1353 4998 in
1392 4944 1617 5013 epistola
1655 4957 1750 4997 sua
1792 4942 2049 5013 impetere
2077 4942 2268 5010 depre—

692 5039 940 5095 henditur
964 5055 977 5089 :
1010 5036 1454 5107 quemadmodum
1474 5050 1595 5090 cum
1628 5034 1778 5100 dicit,
1802 5032 1920 5089 Non
1946 5050 2120 5087 sumus
2138 5035 2270 5086 sicut

692 5133 856 5185 ra'tcrl
878 5171 891 5193 ,
924 5128 1262 5181 adulterantes
1306 5126 1507 5180 verbum
1558 5124 1650 5178 Dei
1691 5124 1786 5195 (2.
1809 5122 1928 5181 Cor.
1954 5124 2151 5191 2.17);
2207 5137 2271 5177 ac

695 5232 877 5274 rursus
897 5232 1015 5271 cum
1044 5215 1185 5280 dicit,
1207 5214 1331 5270 Sine
1357 5230 1505 5269 onere
1530 5230 1607 5267 me
1632 5214 1768 5267 vobis
1785 5214 1971 5266 servavi
1991 5211 2074 5283 (Ib
2101 5228 2146 5263 σε.
2179 5213 2268 5265 11.

696 5313 786 5379 El):
816 5324 876 5364 ac
923 5306 1187 5379 pollicitus
1230 5321 1289 5361 se
1346 5306 1481 5359 hanc
1525 5304 1696 5374 legem
1741 5319 1952 5372 semper
2000 5304 2269 5357 immotam

695 5413 1027 5457 servaturum
1048 5415 1197 5455 esse:
1232 5397 1325 5452 Est
1355 5400 1519 5465 enim,
1552 5400 1741 5468 inquit,
1774 5398 1953 5450 vetitas
1980 5394 2164 5449 Clu-isti
2220 5397 2273 5447 in

698 5514 773 5548 me
799 5511 815 5547 :
847 5496 1083 5562 quoniam
1107 5495 1211 5544 hate
1236 5492 1472 5562 gloriatio
1496 5506 1604 5544 mea
1634 5506 1736 5543 non
1764 5489 2065 5559 infringatur
2094 5487 2147 5539 in
2191 5502 2272 5539 re-

698 5588 927 5657 gionibus
954 5586 1158 5638 Achaica
1179 5586 1195 5653 (
1217 5583 1295 5636 lb.
1327 5599 1354 5636 υ
1402 5581 1527 5653 10);
1558 5597 1679 5636 cum
1701 5580 1892 5634 deinde
1914 5594 2125 5632 causam
2148 5578 2275 5632 Still-

698 5680 885 5747 junxit,
943 5676 1234 5731 sceleratos
1289 5675 1408 5729 illos
1454 5674 1747 5727 subindicat
1796 5672 2022 5726 dicens:
2060 5668 2275 5735 Quare?

706 5771 836 5836 Quia
864 5787 959 5823 non
991 5769 1144 5837 rliligo
1172 5765 1302 5821 ros?
1358 5765 1486 5819 Deus
1532 5766 1641 5819 scit.
1677 5763 1822 5833 Quod
1852 5771 2015 5816 autem
2044 5761 2177 5833 facio
2224 5771 2274 5815 et

1375 376 1435 434 S.
1470 373 1748 434 JOANNIS
1783 371 2254 434 CllRYSOSTOMi
2299 371 2613 430 ARCHIEP.
2656 366 3190 429 COXSTANTINOP.

3844 366 3955 427 an

2362 486 2550 559 faciam
2570 502 2591 542 :
2611 496 2667 542 ut
2687 495 2943 557 amputem
2969 483 3285 539 occasionem
3312 497 3506 550 eorum,
3561 484 3655 559 qui
3679 480 3843 540 coluit
3864 495 3955 535 oc-

2356 577 2609 631 casionem
2638 576 2713 647 (ἰ.
2739 576 2856 631 Car.
2891 577 2979 632 11.
3004 573 3129 647 l2);
3157 582 3219 631 et
3248 583 3375 630 ante
3399 573 3516 629 lucc
3543 561 3838 645 discipulos
3862 583 3959 627 ω-

2360 665 2619 732 hortatur,
2642 680 2713 721 ne
2727 667 2899 737 ipsum
2914 664 3166 721 inducant
3183 664 3233 718 in
3254 664 3633 720 necessitatem
3653 678 3806 718 suam
3825 661 3964 733 ipsis

2360 762 2679 827 potestatem
2700 756 3009 822 exhibendi,
3039 755 3112 811 ita
3142 756 3364 809 dicens:
3401 753 3546 824 Rogo
3568 762 3738 808 autem
3766 768 3855 808 eos
3900 766 3962 806 Its

2359 864 2580 919 pra'sens
2602 848 2842 910 “hanc,
2878 863 2969 916 per
3007 864 3118 901 eam
3148 846 3507 916 conﬁdentiam
3552 862 3655 915 qua
3690 844 3965 900 aiam

2355 941 2564 1004 audere,
2587 939 2640 993 in
2658 937 2905 1007 quosdam
2929 938 3016 1008 qui
3038 938 3351 992 arbitrantur
3380 952 3472 991 nos
3492 947 3750 1003 tamquam
3768 949 3962 989 uctu-

2357 1030 2482 1084 dsm
2505 1044 2708 1084 carnem
2732 1030 3044 1083 ambulemus
3072 1027 3163 1097 (2.
3188 1026 3314 1084 'Cor.
3346 1027 3541 1099 l0.'2).
3564 1026 3629 1081 Hi
3659 1025 3807 1081 enim
3829 1024 3963 1095 ipsi,

2357 1118 2425 1174 de
2449 1119 2639 1188 quibus
2668 1118 2783 1174 haec
2807 1119 2899 1181 ait,
2927 1133 3024 1189 per
3052 1118 3277 1172 ironiam
3309 1116 3484 1187 ipsum
3510 1117 3822 1172 incusantes
3844 1115 3968 1170 haec

2357 1209 2608 1265 dicebant
2637 1228 2651 1264 :
2679 1210 2934 1281 epistolas
2976 1210 3122 1266 Pauli
3156 1225 3405 1279 magnum
3447 1223 3555 1278 pra!
3583 1224 3647 1262 se
3678 1210 3823 1264 ferre
3877 1217 3969 1261 tu-

2358 1316 2560 1356 morem
2591 1309 2646 1355 et
2671 1301 2956 1355 verborum
2985 1300 3367 1372 arrogantiam,
3411 1300 3585 1369 ipsum
3618 1314 3749 1353 vero
3800 1297 3966 1352 nihili

2358 1407 2499 1456 esse,
2528 1391 2684 1446 vilem
2712 1401 2767 1446 et
2792 1390 3080 1461 abjectum.
3109 1390 3466 1460 Posteaquam
3502 1399 3678 1445 autem
3712 1390 3822 1445 huc
3866 1390 3970 1443 ad-

2360 1483 2585 1548 venerit,
2614 1483 2851 1547 aiebant,
2876 1482 3076 1536 nullius
3094 1480 3250 1552 pretii
3272 1480 3466 1551 dignus
3480 1480 3784 1536 videbitur:
3813 1480 3969 1551 quod

2357 1574 2530 1643 ipsum
2551 1572 2831 1627 declarans
2858 1572 3068 1627 dicebat
3095 1587 3109 1624 :
3148 1571 3218 1627 Ut
3236 1582 3407 1627 autern
3421 1590 3524 1626 non
3544 1573 3804 1626 existimer
3826 1582 3969 1626 tam-

2357 1683 2506 1738 quam
2553 1676 2738 1719 terrere
2761 1681 2846 1719 ros
2873 1681 2964 1735 per
2988 1664 3230 1731 epistolas
3256 1681 3277 1718 :
3302 1665 3545 1733 quoniam
3593 1663 3800 1733 quidem
3851 1664 3973 1734 epi-

2355 1758 2519 1825 stolte,
2544 1759 2798 1828 inquiunt,
2828 1773 3003 1828 graues
3041 1767 3158 1814 sunt
3180 1766 3229 1812 et
3254 1762 3411 1830 fortes
3435 1774 3454 1813 :
3486 1758 3758 1829 praesentia
3785 1766 3970 1811 autem

2356 1850 2583 1917 corporis
2611 1848 2836 1917 infirma,
2861 1857 2908 1902 et
2931 1865 3093 1902 sermo
3114 1850 3503 1919 contemptibilis
3531 1846 3640 1915 (Ib.
3671 1864 3722 1903 υ.
3761 1849 3819 1904 9.
3846 1848 3990 1918 l0).-

2358 1938 2558 1994 Deinde
2587 1938 2893 1995 Corinthios
2922 1937 3089 2009 ipsos,
3119 1939 3210 2010 qni
3258 1941 3497 2009 persuasi
3527 1940 3763 2005 fuerant,
3793 1954 3970 1994 aecu-

2357 2047 2484 2087 sans
2508 2032 2599 2098 ait,
2634 2031 2898 2102 Numquid
2925 2041 3184 2100 peccatum
3223 2033 3345 2101 feci,
3378 2031 3628 2101 meipsum
3647 2031 3965 2091 ltundlians.

2358 2132 2413 2177 ut
2438 2138 2527 2178 sos
2552 2122 2844 2177 exaltemini
2873 2122 2950 2190 (2.
2974 2121 3093 2177 Cor.
3118 2123 3205 2177 11.
3241 2120 3341 2191 7)?
3369 2122 3439 2177 Et
3464 2121 3566 2177 hoc
3613 2123 3824 2177 crimen
3873 2122 3968 2176 di-

2357 2215 2510 2270 luens
2536 2214 2609 2270 sit
2634 2215 2846 2278 iterum,
2869 2212 3003 2279 Quia
3023 2215 3198 2284 quales
3210 2230 3389 2269 minus
3408 2213 3557 2268 verba
3585 2230 3678 2284 per
3707 2212 3970 2285 episton

2357 2310 2604 2373 absentes,
2625 2308 2751 2362 tales
2778 2315 2825 2360 et
2844 2316 3115 2375 praesentes
3135 2307 3187 2359 in
3200 2311 3335 2377 facta
3352 2305 3429 2376 (2.
3444 2305 3562 2360 Cor.
3582 2305 3651 2360 10
3696 2306 3804 2373 11).
3820 2304 3967 2371 Quia

2359 2398 2517 2467 igitur
2542 2396 2694 2451 multl
2723 2396 2863 2466 apud
2887 2396 3004 2450 illos
3030 2404 3181 2450 erant
3210 2396 3663 2465 pseudoapostnli,
3721 2408 3865 2465 quos
3911 2404 3971 2447 et

2357 2487 2634 2558 operarios
2660 2487 2877 2543 dnlosos
2901 2488 3162 2553 nominat,
3193 2487 3270 2542 sic
3294 2486 3465 2541 dicit:
3507 2486 3644 2539 Nam
3700 2487 3972 2559 ejusmodi

2362 2578 2773 2649 pseudoapostoli
2800 2579 3022 2643 operarii
3043 2575 3247 2631 subdoli
3267 2584 3408 2641 sunt,
3427 2576 3865 2646 transﬁgurantes
3912 2592 3973 2629 se

2357 2675 2408 2721 tn
2430 2666 2685 2738 apostolos
2712 2665 2919 2721 Christi.
2953 2662 3016 2719 Et
3059 2682 3160 2720 non
3183 2666 3365 2719 mirum
3390 2680 3410 2719 :
3437 2666 3546 2734 ipse
3568 2666 3703 2719 enirn
3729 2664 3971 2719 Satanas

2359 2759 2687 2829 transﬁgurat
2711 2773 2764 2811 se
2787 2758 2841 2811 in
2863 2757 3097 2828 angelum
3121 2757 3271 2811 lucis.
3302 2756 3424 2812 Non
3456 2768 3532 2812 est
3561 2774 3681 2829 ergo
3705 2774 3967 2830 mag-nm

2355 2851 2402 2905 si
2444 2851 2662 2905 ministri
2701 2851 2813 2920 ejus
2855 2849 3282 2919 transﬁgurentnr
3320 2854 3454 2904 velut
3497 2850 3720 2905 ministri
3736 2850 3973 2922 justitia

2356 2940 2447 3012 (2.
2472 2939 2590 2995 Car.
2618 2939 2703 2993 11.
2749 2938 2964 3007 1545).
2995 2937 3130 2993 Cum
3183 2938 3341 3008 igitur
3392 2937 3469 3003 hi,
3516 2937 3813 2994 innumeris
3864 2953 3971 2993 el-

2357 3033 2601 3103 ongitatis
2620 3041 2809 3087 contra
2837 3046 2960 3087 eum
3006 3030 3311 3098 calumniis,
3344 3030 3621 3101 discipulis
3647 3042 3919 3087 nocerent
3952 3073 3972 3099 ,

2360 3125 2535 3179 minus
2561 3131 2945 3192 congruentem
2973 3121 3211 3176 doctoris
3222 3121 3673 3177 existimationem
3696 3122 3977 3180 inducen-

2362 3223 2467 3292 tesI
2501 3215 2709 3284 cogitur
2740 3213 2829 3268 ille
2858 3212 3074 3268 demum
3106 3213 3159 3267 in
3187 3214 3526 3283 propriarum
3558 3213 3770 3269 laudum
3794 3228 3974 3269 coni-

2360 3306 2799 3359 msmorationem
2847 3303 3115 3358 incidi-re:
3143 3318 3317 3373 neque
3341 3304 3486 3358 enim
3511 3303 3649 3358 ultra
3680 3304 3848 3360 silere
3881 3315 3979 3359 tu-

2363 3406 2475 3451 tum
2502 3404 2635 3452 erat.
2656 3394 2789 3463 Quia
2815 3394 2972 3465 igitur
2996 3409 3087 3449 sua
3114 3393 3269 3449 nobis
3290 3393 3582 3449 certamina
3606 3403 3981 3449 enarrat-mis

2360 3495 2464 3553 est,
2510 3499 2722 3541 necnon
2751 3499 2865 3551 eas,
2895 3500 3028 3555 quas
3048 3484 3200 3550 vidit,
3231 3485 3607 3551 revelationes,
3634 3484 3981 3554 laboresque

2360 3592 2495 3647 quos
2520 3577 2684 3631 subiit
2716 3592 2730 3629 :
2761 3584 2818 3630 ut
2847 3574 3095 3631 ostendat
3120 3574 3371 3629 omnibus
3395 3590 3454 3631 se
3480 3590 3621 3645 :egre
3641 3583 3694 3629 et
3723 3573 3981 3629 inritum

2362 3669 2414 3723 id
2464 3683 2644 3739 agere,
2671 3684 2735 3724 ac
2784 3668 2907 3722 licet
2951 3667 3002 3722 id
3042 3667 3405 3722 necessarium
3451 3681 3573 3723 esse
3600 3667 3792 3732 videat,
3828 3667 3986 3722 insi-

2363 3761 2615 3829 picntiam
2644 3770 2821 3815 tamen
2846 3758 2896 3814 id
2925 3767 3100 3825 vocat,
3127 3759 3208 3813 sie
3232 3758 3480 3829 loquens,
3507 3758 3713 3814 Utinam
3735 3760 3987 3813 sustines

2365 3851 2484 3904 retis
2514 3851 2766 3904 modicum
2788 3850 2908 3919 quid
2929 3848 3237 3917 insipientia
3257 3863 3401 3902 mea.
3438 3847 3574 3903 Rem
3600 3848 3842 3911 stultam,
3881 3848 3985 3902 in-

2367 3942 2502 4012 quit,
2531 3954 2876 4011 aggressurus
2902 3955 3042 4005 sum,
3070 3946 3128 3992 ut
3156 3939 3421 4008 meipsum
3451 3937 3662 3993 laudem
3705 3945 3763 3993 et
3807 3939 3985 3993 cele-

2368 4031 2556 4096 brem;
2586 4040 2640 4085 at
2665 4044 2771 4084 non
2798 4045 2898 4100 ego
2920 4030 2973 4083 in
2998 4043 3157 4084 causa
3186 4042 3327 4095 sum,
3356 4028 3453 4085 sed
3474 4027 3509 4082 ii
3539 4029 3730 4098 potius,
3755 4028 3852 4096 qui
3883 4044 3987 4084 me

2368 4121 2420 4177 in
2448 4122 2585 4177 hanc
2607 4120 3354 4190 necessitatemimpulerunt:
3386 4134 3555 4189 quare
3582 4132 3709 4187 rogo
3732 4133 3813 4171 me
3841 4132 3987 4173 sus-

2370 4212 2605 4279 tinentis,
2636 4210 2852 4281 illisque
2874 4226 2992 4265 eam
3021 4224 3239 4265 causam
3264 4209 3562 4278 impntetis.

2440 4306 2495 4359 4.
2536 4303 2608 4358 At
2634 4303 2757 4358 vide
2790 4301 2921 4357 mihi
2970 4301 3116 4357 Pauli
3146 4300 3479 4371 prudentiam
3504 4315 3521 4354 :
3549 4314 3671 4355 eum
3695 4298 3940 4355 dixisset
3964 4342 3988 4368 ,

2378 4392 2586 4448 Utinam
2609 4392 2923 4446 sustineretis
2950 4392 3202 4445 modicum
3226 4390 3348 4459 quid
3369 4391 3676 4458 insipientia:
3697 4404 3844 4453 metr,
3882 4393 3987 4443 sed

2375 4496 2421 4538 et
2446 4492 2742 4553 supportate
2778 4498 2857 4535 me
2880 4497 2901 4536 :
2929 4482 3140 4536 annulor
3186 4481 3318 4535 enitn
3344 4496 3430 4535 eos
3475 4479 3573 4534 Dei
3617 4479 3988 4543 cnmlationr,

2376 4589 2480 4628 non
2513 4572 2693 4628 statim
2719 4572 2784 4626 ad
2812 4571 3026 4626 landum
3060 4573 3419 4625 narrationem
3448 4569 3628 4635 venit,
3650 4569 3743 4623 sed
3797 4568 3991 4623 inter-

2378 4664 2565 4732 positis
2588 4660 2786 4724 wrbis,
2820 4661 2900 4715 sic
2919 4659 3119 4714 infert:
3152 4660 3343 4713 lterum
3369 4661 3503 4723 dico,
3538 4675 3603 4712 ne
3625 4659 3736 4729 quis
3762 4674 3842 4710 me
3870 4677 3988 4727 pu-

2378 4762 2445 4806 tet
2472 4753 2791 4822 insipientem
2817 4767 2922 4805 esse
2952 4766 2969 4803 :
2999 4750 3226 4816 alioquin
3256 4750 3389 4802 velut
3413 4748 3730 4817 insipientem
3752 4748 3994 4814 accipite

2375 4841 2496 4914 me(
2515 4842 2572 4894 2.
2600 4839 2718 4895 Cor.
2752 4840 2838 4895 11.
2871 4837 2979 4910 16).
3025 4838 3209 4908 Neque
3240 4847 3414 4891 tamen
3444 4836 3523 4891 sic
3559 4834 3629 4889 ad
3666 4838 3993 4890 enarratiu-

2379 4947 2499 4987 nem
2544 4931 2710 4998 venit,
2753 4930 2846 4986 sed
2880 4931 3072 4984 iterum
3103 4927 3375 4997 subiungit
3401 4942 3466 4982 ac
3490 4926 3655 4981 dicit:
3693 4924 3846 4991 Quod
3906 4929 3995 4981 lo-

2378 5040 2525 5093 quor,
2555 5039 2654 5077 non
2683 5024 2862 5092 loquor
2891 5020 3164 5074 secundum
3192 5016 3490 5081 Dominum,
3519 5015 3610 5069 sed
3627 5016 3771 5085 quasi
3796 5016 3852 5067 in
3888 5019 3985 5071 iss-

2378 5115 2636 5185 sipientia,
2656 5115 2710 5166 in
2740 5114 2835 5165 hac
2853 5110 3133 5165 substantia
3161 5108 3338 5179 gloria:
3357 5106 3525 5172 (Ib.o.
3547 5105 3658 5177 17).
3676 5104 3784 5159 Nec
3805 5108 3995 5163 etiam

2381 5218 2500 5276 post
2522 5206 2634 5261 htec
2662 5204 2821 5259 audet
2852 5201 3077 5271 ingredi,
3106 5198 3199 5253 sed
3233 5214 3343 5253 rem
3366 5197 3545 5253 differt
3564 5213 3627 5252 ac
3645 5197 3805 5251 dicit:
3831 5197 3996 5264 Quo-

2381 5299 2518 5350 niam
2558 5296 2701 5349 multi
2731 5294 3019 5366 gloriantur
3058 5290 3331 5343 secundum
3358 5305 3561 5343 carnem
3586 5330 3603 5353 ,
3646 5299 3691 5341 et
3724 5303 3816 5355 ego
3866 5292 3995 5356 gto.

2382 5389 2585 5451 riabor;
2610 5387 2816 5440 libenter
2841 5387 2975 5438 enim
3006 5380 3230 5449 stt/fertis
3254 5382 3568 5452 insipientes,
3597 5397 3711 5432 cum
3738 5380 3850 5432 sitis
3881 5382 3996 5450 ipsi

2382 5482 2633 5551 sapientes
2655 5478 2758 5547 (Ib.
2784 5497 2831 5533 v.
2865 5479 2952 5533 18.
2980 5476 3088 5541 19).
3118 5475 3255 5541 Quin
3283 5476 3441 5531 etiam
3465 5484 3650 5544 postea
3696 5471 3901 5541 refugit
3933 5488 3994 5527 et

2382 5582 2682 5635 cunctatur,
2712 5586 2773 5625 ac
2798 5569 3110 5639 quihusdam
3134 5567 3423 5636 interjeetis
3441 5580 3652 5620 rursum
3676 5562 3834 5617 infert
3871 5584 3883 5615 :
3924 5564 3992 5619 In

2381 5683 2481 5737 quo
2510 5666 2620 5736 quis
2641 5665 2807 5725 audet,
2837 5664 2889 5716 in
2914 5661 3205 5727 insipientia
3233 5660 3365 5725 dico,
3417 5658 3581 5712 audeo
3613 5666 3659 5710 ct
3685 5672 3776 5726 ego
3833 5657 3854 5727 (
3898 5655 3997 5709 Ib.

2385 5775 2430 5815 υ.
2460 5755 2575 5831 21).
2605 5757 2678 5812 Ac
2710 5766 2830 5810 tunc
2858 5754 3093 5822 domum,
3147 5761 3263 5822 po<t
3295 5761 3364 5806 tot
3398 5748 3701 5821 prtemissas
3757 5758 4005 5801 (‘XCttsn-
