4194 6302
265 476 463 540 tiones,
495 470 718 527 laudum
744 464 1310 525 commemorationem
1330 460 1418 517 vix
1437 458 1599 515 audet
1627 456 1866 529 aggredi.

273 567 353 623 ne
377 557 840 635 quemadmodum
863 568 1033 627 equus
1049 550 1401 626 pmcipitium
1444 557 1501 605 et
1544 554 1873 618 praeruptum

272 652 543 711 transilire
562 665 781 724 parans,
804 656 1055 705 cumtum
1083 643 1313 701 intendit
1333 649 1393 699 ut.
1414 647 1669 707 transeat,
1694 647 1752 694 ut
1776 654 1873 694 ve-

273 761 343 803 ro
356 744 771 819 profunditatem
788 742 1045 806 intuetur,
1063 737 1395 809 obstupescit
1408 733 1871 803 contrahiturque,

285 838 416 894 hinc
436 838 528 895 ubi
550 836 700 893 videt
727 833 965 907 equitem
987 833 1165 889 acrius
1191 831 1410 897 instare,
1438 841 1627 885 rursus
1658 834 1827 883 tentat
1852 864 1871 890 ,

275 928 619 1000 idipsumque
657 925 802 998 quod
831 935 1011 994 antea,
1034 922 1253 995 patitur,
1268 920 1640 978 necessitatem
1663 916 1876 988 vimque

274 1021 383 1077 sibi
409 1019 610 1075 illatam
637 1017 953 1086 ostendens,
974 1022 1082 1071 stat
1094 1014 1184 1070 diu
1203 1013 1456 1068 hinniens
1477 1010 1543 1066 ad
1565 1024 1715 1066 oram
1732 1023 1873 1079 prie-

274 1112 444 1182 rupti,
465 1118 525 1166 ut
546 1110 646 1166 sibi
675 1110 889 1165 animos
910 1107 1109 1163 faciens
1146 1106 1365 1161 demum
1382 1144 1400 1171 ,
1460 1102 1727 1158 transilire
1773 1115 1876 1155 au-

274 1202 446 1258 deat:
480 1201 561 1257 sic
585 1200 641 1257 et
664 1199 853 1259 beatus
879 1198 1099 1264 Paulus,
1122 1204 1393 1267 tamquam
1429 1193 1484 1249 in
1524 1190 1875 1263 prmcipitium

272 1291 550 1364 quoddam
574 1305 698 1348 sese
718 1305 843 1346 mox
866 1288 1222 1354 demissurus,
1239 1299 1435 1357 nempe
1459 1285 1515 1340 in
1540 1282 1875 1355 prepriarum

277 1382 496 1438 laudum
515 1379 1105 1445 commemorationem,
1151 1376 1342 1444 semel,
1372 1377 1567 1431 iterum
1597 1384 1652 1429 et
1678 1372 1837 1428 tertio
1857 1409 1873 1436 ,

275 1472 391 1530 imo
415 1473 617 1544 pluries
639 1470 927 1528 retrocedit
950 1471 1030 1527 sic
1050 1470 1258 1534 dicens,
1288 1466 1500 1525 Utinam
1536 1463 1878 1520 sustinueritis

276 1564 541 1619 modicum
566 1563 692 1637 quid
724 1561 1032 1633 insipientia
1058 1574 1183 1615 mea:
1199 1574 1221 1614 :
1246 1566 1301 1614 et
1327 1559 1541 1623 iterum,
1567 1553 1652 1611 Ne
1668 1554 1782 1627 quis
1800 1569 1881 1609 tne

278 1667 421 1729 putet
446 1658 768 1729 insipientem
786 1672 893 1713 esse
913 1670 933 1712 :
955 1656 1184 1726 alioquin
1210 1654 1346 1709 velut
1381 1651 1704 1722 insipientem
1730 1648 1877 1703 acci-

277 1750 388 1820 pite
410 1765 530 1815 me;
554 1757 629 1816 et,
660 1748 811 1815 Quod
839 1749 1039 1819 loquor,
1078 1746 1381 1819 nonloquor
1396 1744 1675 1801 secundum
1700 1741 1881 1797 Domi-

279 1856 427 1908 num,
451 1841 542 1895 sed
568 1841 716 1913 quasi
744 1840 799 1895 in
824 1839 1139 1909 insipientia,
1169 1837 1224 1893 in
1250 1838 1347 1891 hac
1365 1836 1649 1892 substantia
1662 1834 1879 1907 gloria,-

277 1947 350 1989 ac
374 1948 608 2001 rursum,
644 1930 901 2001 Quoniam
930 1932 1077 1986 multi
1116 1931 1404 2003 gloriantur
1430 1928 1711 1985 secundum
1757 1943 1879 1982 car-

282 2039 425 2091 nem,
447 2032 495 2076 et
516 2039 609 2094 ego
621 2022 914 2093 gloriabor;
938 2021 1148 2077 libenter
1166 2021 1299 2076 enim
1313 2018 1538 2087 suffertis
1562 2019 1878 2088 insipientes,

279 2128 401 2167 cuin
424 2112 534 2168 sitis
557 2112 657 2179 ipsi
678 2115 965 2184 sapientes;
993 2113 1317 2183 iterumque,
1345 2108 1415 2165 In
1440 2125 1543 2181 quo
1567 2109 1682 2180 quis
1704 2108 1879 2177 audet,

278 2205 340 2258 in
365 2204 659 2275 insipientia
685 2205 822 2272 dico,
852 2205 1017 2259 adeo
1043 2214 1091 2259 et
1122 2220 1233 2276 ego.
1286 2203 1366 2259 Ac
1420 2211 1703 2273 postquam
1753 2202 1881 2256 sex;

281 2298 495 2352 centies
518 2312 578 2353 se
602 2297 824 2353 stultum
855 2306 913 2353 et
941 2297 1283 2366 insipientem
1310 2294 1624 2366 appellavit,
1650 2292 1735 2348 vix
1762 2300 1881 2348 tan-

280 2388 410 2444 dem
462 2387 626 2444 audet
663 2389 717 2444 in
762 2389 1007 2458 proprias
1049 2387 1238 2443 laudes
1282 2384 1649 2443 descendere:
1682 2383 1885 2438 Hebra'i

281 2485 426 2543 sunt,
462 2486 510 2532 et
554 2493 648 2550 ego
670 2496 690 2532 :
713 2475 971 2533 Israelita
995 2484 1133 2543 sunt,
1187 2487 1234 2531 et
1283 2493 1375 2549 ego
1400 2493 1420 2533 :
1447 2491 1616 2531 semen
1667 2473 1887 2529 Abraha:

284 2578 431 2634 sunt,
459 2577 506 2622 et
531 2583 624 2639 ego
644 2582 666 2623 :
694 2567 919 2623 ministri
956 2565 1148 2623 Christi
1186 2576 1327 2632 sunt,
1358 2573 1409 2621 et
1455 2580 1549 2637 ego
1577 2561 1693 2633 (Ib.
1714 2579 1763 2617 Ï….
1789 2562 1883 2617 22.

282 2656 404 2729 23).
435 2658 507 2713 At
534 2673 708 2729 neque
752 2658 841 2713 hic
862 2658 1062 2714 oblitus
1094 2665 1178 2712 est
1199 2658 1304 2723 sui,
1330 2654 1424 2712 scd
1447 2669 1660 2711 rursum
1706 2669 1887 2710 corre-

283 2750 524 2806 etionem
555 2752 798 2821 apponit,
827 2752 909 2807 sic
931 2750 1154 2818 addens,
1185 2748 1253 2806 Ut
1279 2750 1448 2804 minus
1485 2748 1687 2820 sapiens
1732 2746 1845 2800 dico
1868 2785 1883 2811 ,

288 2841 410 2911 plus
432 2856 525 2912 ego
550 2839 764 2912 (me).
800 2839 986 2911 Neque
1005 2840 1093 2895 hic
1118 2839 1341 2912 gradum
1370 2838 1552 2903 sistit,
1597 2835 1694 2892 sed
1736 2842 1886 2906 post-

285 2944 451 3001 quam
493 2944 683 2985 omnes
722 2929 906 2986 laudes
945 2944 1072 2985 suas
1115 2935 1477 2994 enarraverat,
1505 2926 1585 2981 sie
1613 2926 1885 2995 loquitur:

295 3018 495 3077 Factus
540 3037 657 3077 sum
698 3021 945 3092 insipiens
972 3020 1239 3093 gloriando
1261 3058 1278 3084 ,
1311 3034 1398 3073 eos
1423 3034 1501 3073 me
1524 3016 1756 3087 coegistis
1795 3014 1887 3089 (2.

288 3108 419 3167 Cor.
446 3109 532 3167 12.
566 3112 677 3181 11).
708 3112 789 3167 Ac
815 3111 862 3167 si
881 3111 1085 3167 diceret
1112 3130 1128 3165 :
1160 3108 1270 3166 Eos
1295 3123 1401 3180 ego
1427 3107 1581 3163 nihili
1601 3106 1890 3175 ducebam,

289 3203 339 3258 si
370 3216 459 3258 res
484 3211 676 3258 vestrm
697 3203 836 3259 bene
860 3217 921 3257 se
943 3202 1226 3268 haberent,
1258 3200 1362 3255 nisi
1392 3199 1567 3255 eversi
1608 3198 1846 3255 fuissetis
1868 3240 1887 3267 ,

290 3292 400 3348 nisi
422 3292 789 3348 vacillassetis.
818 3291 951 3347 Nam
980 3292 1082 3347 etsi
1112 3306 1328 3362 semper
1348 3290 1428 3345 illi
1471 3304 1559 3346 me
1588 3289 1891 3345 maledictis

293 3384 676 3455 impetiissent,
708 3383 842 3440 nihil
870 3398 941 3439 ex
988 3397 1176 3439 earum
1213 3381 1513 3437 maledictis
1556 3380 1687 3435 mihi
1725 3379 1894 3435 detri-

292 3473 462 3529 menti
483 3473 791 3530 accedebat.
822 3473 957 3542 Quia
984 3488 1114 3529 vero
1165 3487 1381 3543 gregem
1406 3471 1514 3527 vidi
1533 3471 1892 3542 pessumdari,

291 3565 587 3637 discipulos
614 3567 936 3635 resilientes,
965 3581 1080 3623 rem
1109 3581 1328 3637 gravem
1370 3574 1427 3623 et
1449 3580 1735 3621 onerosam
1765 3565 1893 3621 des-

297 3658 444 3727 pexi,
474 3666 531 3714 et
549 3658 812 3728 insipiens
829 3657 943 3714 fieri
970 3666 1188 3713 coactus
1208 3672 1349 3724 sum,
1378 3656 1507 3713 dum
1532 3656 1721 3712 laudes
1747 3670 1895 3712 meas

296 3757 518 3819 propter
546 3765 643 3805 vos
666 3758 1003 3820 vestramque
1028 3749 1257 3804 salutem
1285 3749 1534 3805 decanto.

370 3841 428 3896 5.
468 3840 649 3897 Î´Î¹Î·ÎµÎ¹á½¶
674 3851 881 3912 peccata
904 3858 1000 3897 sua
1023 3841 1195 3912 facile,
1223 3842 1400 3897 laudes
1426 3858 1673 3897 cerasus
1693 3842 1897 3897 nonnisi

296 3932 463 3985 coacti
510 3932 796 3987 enuntiant.
827 3961 897 3999 á½³-
916 3931 1016 3987 llic
1042 3932 1187 3986 enim
1215 3946 1333 3987 mos
1360 3941 1666 3988 sanctorum
1692 3941 1777 3989 est
1804 3951 1820 3988 :
1848 3933 1896 3989 si

298 4020 429 4090 quid
452 4021 577 4075 mali
605 4020 849 4088 fecerint,
880 4020 1011 4076 illud
1031 4022 1305 4092 evulgant,
1329 4022 1569 4093 quotidie
1588 4022 1895 4093 deplorant,

298 4113 658 4184 omnibusque
686 4114 859 4185 palam
887 4114 1132 4179 faciunt;
1190 4114 1236 4170 si
1263 4129 1395 4174 vero
1440 4113 1569 4185 quid
1612 4116 1789 4186 magni
1834 4130 1899 4173 ac

300 4204 571 4273 generosi,
601 4204 875 4261 occultant
919 4208 974 4261 et
1028 4205 1283 4261 oblivioni
1309 4205 1543 4261 tradunt.
1594 4206 1693 4263 llic
1721 4208 1900 4277 itaque

302 4304 525 4350 sanctus
547 4303 787 4366 peccata,
811 4297 1025 4353 nemine
1050 4305 1299 4368 cogente,
1328 4295 1635 4367 frequenter
1655 4297 1900 4354 versabat

304 4395 359 4441 et
386 4388 688 4459 evulgahat,
742 4389 905 4445 modo
946 4388 1153 4463 dicens,
1194 4390 1429 4451 Christus
1474 4390 1627 4446 Iesus
1661 4392 1794 4446 venit
1845 4393 1903 4447 in

304 4478 575 4546 mundum,
602 4489 659 4535 ut
677 4490 964 4553 peccatores
983 4483 1237 4547 saluam,
1290 4498 1504 4553 quorum
1553 4484 1746 4553 primus
1789 4500 1904 4540 sunt

304 4585 401 4641 ego
432 4570 510 4640 (l.
545 4565 677 4626 Tim.
704 4572 757 4627 1.
788 4571 912 4642 15)Í¾
944 4573 1105 4629 modo
1127 4582 1326 4638 autem,
1360 4571 1569 4628 Gratias
1591 4589 1688 4644 ago
1716 4574 1782 4638 ei,
1814 4576 1902 4644 qui

309 4676 390 4715 me
412 4662 739 4732 confortarit,
763 4663 989 4731 Christo,
1020 4665 1139 4735 quia
1190 4662 1391 4732 ï¬delem
1430 4679 1511 4717 me
1555 4664 1857 4719 existimarit
1881 4704 1899 4730 ,

310 4766 505 4820 potum
531 4752 585 4806 in
614 4752 914 4821 ministerio,
946 4754 1033 4824 qui
1070 4755 1262 4823 primus
1313 4754 1638 4822 blasphemus
1684 4756 1801 4825 fui,
1856 4765 1904 4810 et

312 4851 642 4913 pes'sequttlor
665 4852 714 4899 et
738 4844 1128 4902 contumeliosus
1156 4862 1175 4901 :
1201 4847 1290 4903 sed
1325 4847 1728 4903 misericordiam
1776 4864 1901 4903 con-

309 4942 559 5010 sequutus
573 4950 706 5003 sum,
721 4938 842 5006 quia
860 4937 1102 5009 ignorans
1133 4939 1229 5010 feci
1246 4939 1298 4993 in
1328 4938 1680 4994 incredulitate
1714 4938 1823 5003 (Ib.
1854 4955 1901 4994 Ï….

315 5021 401 5078 Î·.
430 5023 565 5096 .13);
592 5038 659 5081 ac
685 5040 921 5095 rursum,
951 5027 1241 5083 Nouissime
1280 5037 1448 5083 autem
1494 5031 1720 5084 omnium
1769 5039 1903 5085 tam-

309 5129 465 5182 quam
492 5117 718 5172 abortivo
743 5117 879 5173 visus
901 5127 976 5174 est
1002 5128 1051 5175 et
1072 5119 1199 5173 milii
1218 5135 1237 5174 :
1268 5136 1359 5191 ego
1382 5120 1513 5174 enim
1535 5136 1648 5175 sum
1668 5121 1905 5177 minimus

311 5205 685 5274 apostolorum,
712 5207 802 5278 qui
823 5224 926 5263 non
946 5226 1060 5264 sunt
1085 5208 1268 5282 dignus
1290 5209 1457 5265 vocari
1468 5211 1749 5280 apostolus,
1779 5228 1908 5282 quo-

313 5295 456 5349 niam
482 5307 812 5370 persequutus
829 5315 943 5353 sum
974 5298 1255 5356 Ecclesium
1280 5300 1380 5355 Dei
1409 5299 1485 5374 (Î™.
1535 5300 1657 5355 Cor.
1712 5302 1806 5357 l5.
1847 5302 1899 5358 8.

314 5384 374 5456 9)
392 5400 409 5451 ;
429 5399 494 5442 ac
512 5401 751 5459 rursum,
780 5388 913 5445 [illi
936 5391 1167 5448 omnium
1196 5401 1488 5446 sanctorum
1530 5392 1739 5447 minimo
1786 5393 1908 5449 data

196 5552 205 5559 á½·
314 5487 393 5533 est
421 5478 528 5535 hee
556 5479 959 5555 gratiawpltes.
1013 5484 1069 5539 3.
1118 5481 1199 5554 8).
1246 5484 1434 5541 Videnâ€˜
1479 5485 1750 5554 quomodo
1800 5502 1907 5544 non

318 5571 683 5674 apostolorum
711 5572 905 5674 modo,
950 5574 1046 5630 sed
1093 5576 1256 5631 etiam
1304 5576 1619 5656 simplicitpr
1672 5576 1907 5633 fidelium

316 5665 559 5721 Omnium
608 5665 987 5749 seminimum.
1020 5666 1213 5723 vocet?
1256 5666 1387 5722 Milli
1433 5669 1640 5723 minimo
1682 5668 1909 5723 omnium

313 5757 850 5829 snnctorum,inquit,
883 5759 1003 5814 data
1024 5767 1097 5816 est
1123 5760 1284 5829 gratia
1323 5760 1447 5817 hac.
1500 5760 1682 5830 Itaque
1733 5774 1908 5829 neque

834 353 921 409 DE
962 349 1209 409 VERBIS
1264 343 1621 413 APOSâ€™I'ULI,
1661 340 1925 401 DTINAM
1962 336 2458 398 SUSTINERETIS
2496 333 2825 404 HODlCUM,
2867 328 3020 389 ETC.

3472 330 3575 386 506

1980 455 2175 520 salute,
2202 470 2363 526 quam
2390 459 2754 523 consequutus
2780 457 2886 515 est,
2924 461 2984 503 se
3005 445 3226 517 dignum
3252 458 3375 501 esse
3401 444 3578 501 dicit:

1980 562 2102 602 cum
2123 546 2265 602 enim
2294 545 2510 612 dixerit,
2532 541 2766 598 Christus
2790 538 2943 595 Jesus
2966 538 3097 593 venit
3116 538 3169 592 in
3199 538 3445 591 mundum
3472 575 3487 599 ,
3517 543 3573 587 ut

1982 636 2514 708 peccatoressalraret
2538 674 2554 698 ,
2580 647 2800 699 quorum
2831 629 3026 700 primus
3052 643 3144 700 ego
3170 644 3283 682 sum
3314 628 3334 694 (
3355 626 3404 682 1.
3441 622 3574 679 Tim.

1983 728 2035 786 1.
2064 727 2195 799 15)Í¾
2225 725 2349 781 audi
2373 739 2475 795 qua
2501 723 2572 779 de
2612 735 2773 776 causa
2800 719 2852 775 id
2878 717 3059 775 dit-at:
3091 716 3197 773 Sed
3225 716 3339 771 ideo
3375 714 3580 770 miseri-

1980 818 2209 885 cordiam
2235 823 2575 885 consequutus
2597 828 2732 878 sum,
2784 819 2839 865 ut
2884 811 2937 865 in
2978 825 3060 868 nte
3084 808 3250 880 primo
3297 806 3581 863 ostenderet

1982 908 2213 965 Christus
2256 906 2411 961 Iesus
2462 920 2663 959 omnem
2706 901 3005 974 patientiam
3054 900 3123 953 ad
3171 899 3583 970 informationem

1982 1015 2177 1065 eorum,
2204 998 2291 1069 qui
2315 994 2557 1051 credituri
2585 1002 2702 1048 sunt
2744 992 2846 1057 illi,
2878 992 2931 1045 in
2954 992 3107 1045 vitant
3132 999 3375 1045 retentam
3399 989 3505 1062 (Ib.
3530 1005 3580 1044 lt.

1984 1087 2095 1163 16).
2132 1089 2333 1145 Horum
2359 1096 2538 1142 autem
2585 1098 2780 1140 sensus
2828 1093 2909 1137 cst
2936 1099 2951 1135 :
2980 1080 3097 1137 Non
3148 1080 3218 1135 ob
3263 1079 3583 1149 condignam

1982 1183 2105 1237 vita:
2128 1181 2477 1236 mulationem
2521 1175 2946 1233 misericordiam
2998 1181 3361 1242 consequutus
3410 1185 3580 1226 sum:

1982 1290 2114 1331 cave
2130 1274 2182 1328 id
2210 1273 2521 1337 existimes;
2551 1269 2648 1324 sed
2678 1278 2735 1323 ut
2749 1282 2911 1323 nemo
2939 1280 3150 1330 eorum,
3179 1258 3269 1335 qui
3292 1264 3347 1319 in
3390 1254 3583 1332 nequi;

1986 1366 2057 1422 tia
2084 1365 2354 1429 vixerunt,
2380 1361 2592 1417 etiamsi
2614 1358 2830 1415 Christo
2856 1356 3057 1412 bellum
3088 1352 3299 1419 fecerit,
3328 1352 3586 1424 despera-

1984 1464 2089 1524 ret,
2119 1454 2248 1511 dum
2278 1464 2581 1508 extremum
2607 1450 2847 1504 omnium
2874 1489 2889 1513 ,
2945 1460 3054 1517 quo
3110 1443 3288 1498 nullus
3332 1453 3586 1512 umquam

1984 1546 2230 1603 infestior
2247 1543 2467 1599 Christo
2493 1541 2609 1607 fuit,
2643 1540 2872 1595 salutem
2908 1543 3306 1607 consequututn
3351 1532 3583 1589 videret.

1985 1638 2263 1710 Siquidem
2293 1635 2538 1692 Christus
2566 1634 2718 1699 dicit,
2768 1631 3024 1700 Quoniam
3069 1646 3160 1684 uas
3208 1627 3467 1683 electionis
3511 1634 3587 1682 est

1984 1731 2131 1797 milii,
2162 1739 2216 1784 ut
2238 1738 2399 1801 portet
2429 1743 2617 1783 nomen
2647 1741 2812 1781 meum
2840 1739 3013 1778 coram
3038 1721 3271 1794 gentibus
3296 1730 3346 1776 et
3386 1718 3589 1791 regibus

1986 1822 2126 1895 (Act.
2150 1821 2204 1878 9.
2233 1818 2325 1891 15)
2348 1836 2365 1886 Í¾
2398 1819 2483 1874 hic
2511 1834 2641 1874 vero
2665 1824 2743 1872 tot
2764 1814 3014 1870 laudibus
3042 1829 3148 1869 non
3178 1813 3543 1868 intumescens
3568 1850 3586 1875 ,

1988 1923 2109 1987 post
2131 1922 2336 1969 tantam
2365 1910 2613 1966 tl'duciatn
2636 1923 2697 1965 se
2727 1908 2985 1963 miserum
3034 1904 3329 1975 prmd'tcare
3370 1900 3543 1971 pergit
3568 1939 3584 1964 ,

1987 2022 2046 2065 se
2077 2008 2307 2079 primum
2332 2012 2674 2075 peccatorum
2702 2012 2921 2065 vocans,
2949 2006 3110 2067 atque
3140 1994 3261 2051 ideo
3281 1992 3591 2050 misericor-

1985 2096 2128 2154 diam
2156 2102 2549 2159 ceiisequutum
2598 2091 2784 2146 dicens
2807 2130 2821 2154 ,
2867 2098 2925 2143 ut
2971 2100 3131 2143 nemo
3161 2084 3244 2141 vel
3277 2098 3463 2142 eorum
3494 2081 3586 2156 qui

1988 2185 2054 2241 ad
2085 2200 2387 2241 extremum
2415 2181 2667 2254 nequitias
2694 2178 3031 2243 devenerint,
3057 2176 3127 2231 de
3170 2174 3385 2245 propria
3415 2169 3591 2226 salqu

1989 2278 2337 2348 desperaret,
2365 2275 2492 2329 dum
2519 2288 2578 2329 se
2623 2270 2833 2341 sibique
2875 2268 3128 2324 collatum
3159 2263 3477 2321 beneficium
3505 2276 3593 2316 re-

1988 2370 2241 2441 spiceret'.

2061 2460 2116 2515 6.
2159 2460 2381 2521 Peccata
2426 2456 2606 2527 itaque
2654 2468 2771 2520 sua,
2822 2451 2969 2507 nulla
3011 2458 3233 2506 coactus
3273 2446 3595 2504 necessitate

1989 2550 2230 2622 quotidic
2259 2549 2476 2619 evulgat
2521 2547 2575 2601 in
2616 2542 2867 2600 omnibus
2910 2540 3154 2611 epistolis
3203 2539 3352 2605 suis;
3398 2538 3594 2607 illaque

1993 2642 2225 2698 traducit
2266 2649 2322 2697 et
2363 2636 2603 2696 declarat
2634 2651 2743 2691 non
2790 2634 2935 2691 illius
2980 2632 3243 2704 temporis
3286 2622 3599 2693 hominibus

1993 2742 2221 2799 tantum,
2249 2732 2347 2788 sed
2374 2732 2538 2785 etiam
2564 2727 2815 2783 omnibus
2840 2733 2963 2795 post
2982 2722 3209 2788 futuris;
3233 2721 3418 2776 laudes
3440 2732 3595 2782 vero.

1991 2826 2155 2883 etiam
2179 2825 2414 2879 instante
2439 2819 2781 2884 necessitate,
2813 2806 3034 2872 narrare
3058 2821 3339 2869 cunctatur
3364 2819 3420 2866 et
3447 2807 3596 2865 refu-

1994 2916 2093 2989 git.
2148 2914 2203 2969 ld
2230 2928 2362 2970 sane
2389 2912 2475 2968 vel
2502 2926 2570 2967 ex
2598 2925 2667 2966 eo
2692 2908 2866 2978 palam
2898 2915 3013 2973 est,
3040 2903 3185 2975 quod
3215 2901 3268 2967 id
3295 2899 3598 2959 sexcenties

1994 3005 2351 3078 insipientiam
2383 3010 2559 3067 vocet;
2592 2999 2769 3071 palam
2796 2998 2923 3073 item
2950 3004 3037 3051 est
3058 3010 3123 3050 ex
3154 3001 3315 3048 tanto
3330 3000 3594 3060 tempore,

1994 3112 2101 3170 quo
2126 3094 2424 3163 mirabilem
2456 3092 2605 3146 illam
2630 3097 2687 3144 et
2712 3087 2951 3143 divinam
2977 3080 3594 3156 revelationemâ€™tacuit:

1996 3204 2104 3245 non
2135 3186 2279 3243 enim
2310 3193 2454 3249 tunc,
2482 3181 2570 3238 vel
2598 3189 2725 3235 ante
2753 3178 2889 3233 duos
2914 3186 3096 3232 tresve
3138 3182 3234 3231 aut
3266 3172 3456 3229 decem
3497 3184 3599 3225 au-

1995 3294 2118 3345 nos,
2143 3277 2236 3333 sed
2262 3285 2389 3331 ante
2418 3272 2587 3329 multo
2608 3271 2790 3342 plures
2811 3267 2958 3323 illam
2983 3266 3212 3336 viderat.
3236 3260 3600 3339 Quamobrem

1997 3374 2171 3443 ipsum
2200 3378 2408 3438 tempus
2432 3363 2673 3433 assignat
2698 3360 2783 3416 his
2806 3358 2987 3415 verbis
3014 3374 3029 3411 :
3056 3356 3179 3412 Scio
3200 3355 3456 3409 hominem
3480 3361 3601 3405 ante

1996 3441 2159 3518 annos
2186 3456 2566 3533 quatuordecim
2592 3461 2802 3524 raptum
2828 3449 2896 3503 ad
2925 3455 3129 3533 tertium
3166 3446 3351 3502 calum
3388 3443 3447 3514 (Îž
3476 3441 3599 3496 Cor.

2000 3556 2087 3610 19..
2114 3551 2173 3625 2)
2200 3532 2224 3606 7:
2254 3558 2313 3605 ut
2350 3532 2697 3609 tuâ€˜disceres,
2727 3558 2797 3598 ne
2823 3548 2951 3595 tunc
2972 3532 3191 3610 quidem
3233 3536 3306 3591 ita
3351 3534 3604 3625 loquutu-

1997 3660 2120 3702 rum
2146 3624 2335 3708 fuisse,
2363 3638 2467 3694 nisi
2498 3649 2689 3707 magna
2721 3637 2945 3703 urgente
2972 3627 3316 3685 necessitate.
3345 3624 3406 3681 Si
3444 3638 3602 3678 nam-

2000 3752 2104 3809 que
2129 3734 2389 3789 voluisset
2414 3727 2601 3785 laudes
2628 3740 2755 3783 suas
2782 3714 3088 3787 rccensere,
3115 3718 3300 3773 statim
3328 3724 3491 3787 atque
3524 3714 3605 3770 vi-

2000 3829 2169 3887 disset
2198 3840 2338 3887 eam,
2381 3821 2732 3884 declarasset,
2782 3815 2871 3871 vel
2914 3813 3105 3870 saltem
3155 3811 3351 3883 primo,
3385 3808 3473 3866 vel
3510 3822 3605 3864 se-

2000 3919 2179 3977 cundo
2207 3926 2301 3973 aut
2326 3915 2483 3970 tertio
2507 3928 2650 3967 anno
2681 3927 2697 3965 :
2729 3916 2784 3963 at
2809 3907 2898 3961 ille
2924 3902 3334 3976 quatuordecim
3364 3901 3521 3957 annis
3550 3900 3603 3955 in

2002 4010 2218 4067 silentio
2248 4002 2629 4079 perseveravit,
2660 4009 2716 4055 et
2743 3996 2944 4053 nemini
2982 3994 3136 4061 dixit,
3177 3992 3280 4049 nisi
3312 3988 3608 4048 Corinthiis

2003 4112 2233 4159 tantum.
2266 4094 2661 4168 Quandonaml
2687 4089 2822 4146 Cum
2854 4084 3337 4158 pseudoapostolds
3363 4081 3499 4138 vidit
3519 4080 3607 4136 in-

2004 4204 2308 4267 surgentes,
2359 4189 2641 4247 declarans
2692 4198 2753 4239 se
2791 4196 2861 4237 ne
2905 4188 3033 4236 tunc
3078 4176 3298 4248 quidem
3336 4174 3606 4237 dicturum

2005 4264 2193 4356 fuisse,
2231 4285 2335 4342 nisi
2366 4288 2571 4338 tantam
2609 4277 2836 4333 vidisset
2871 4271 3273 4342 corruptionem
3315 4264 3608 4336 discipulos

2006 4381 2278 4438 invadere.
2313 4378 2383 4432 At
2410 4389 2508 4430 nos
2535 4386 2640 4426 non
2672 4370 2803 4425 item
2836 4384 2851 4423 :
2893 4364 2990 4421 sed
3031 4377 3253 4434 prorsus
3278 4358 3606 4417 contrarium

2006 4474 2250 4530 facimus.
2274 4471 2624 4525 Peccatorum
2651 4476 2720 4517 nc
2738 4474 2849 4516 uno
2868 4456 3087 4529 quidem
3118 4453 3206 4510 die
3226 4452 3604 4514 recordamur;

2006 4562 2102 4619 sed
2126 4562 2171 4618 si
2194 4558 2473 4630 quospiam
2494 4570 2558 4611 ca
2580 4562 3008 4610 commemorare
3031 4545 3334 4610 audiamus,
3365 4542 3609 4612 indigna-

2010 4672 2153 4721 mur,
2180 4668 2327 4725 agre
2366 4650 2611 4714 ferimus,
2659 4641 3042 4701 contumeliam
3089 4638 3143 4693 id
3177 4651 3299 4694 esse
3332 4646 3607 4708 putamus,

2009 4737 2306 4803 innumeris
2333 4742 2452 4798 illos
2482 4735 2779 4795 maledictis
2808 4731 3161 4795 incessimus;
3197 4729 3243 4785 si
3267 4726 3400 4799 quid
3426 4732 3607 4780 autem

2011 4838 2134 4895 boni
2166 4843 2507 4907 prmslemus,
2534 4829 2591 4884 in
2614 4842 2711 4884 ore
2735 4825 3045 4895 frequenter
3064 4834 3363 4887 versamus,
3389 4816 3439 4873 id
3462 4832 3581 4871 com
3596 4846 3611 4857 -

2012 4925 2438 4987 memorantibus
2466 4923 2693 4993 gratiam
2721 4916 3009 4980 habemus,
3040 4912 3270 4983 illosque
3300 4910 3456 4964 nobis
3484 4908 3612 4961 ami-

2010 5037 2104 5077 eos
2132 5019 2508 5077 existimamus
2544 5029 2558 5066 :
2592 5011 2718 5065 licet
2756 5004 3005 5063 Christus
3036 5002 3368 5059 contrarium
3399 5013 3606 5071 praece-

2012 5114 2177 5184 perit,
2204 5118 2262 5165 ut
2282 5114 2431 5165 recte
2460 5104 2721 5159 factorum
2744 5098 2962 5170 quidem
2991 5082 3392 5156 obliviscamur,
3419 5104 3609 5162 pecca-

2015 5218 2189 5266 torum
2213 5218 2343 5261 vero
2368 5200 2738 5258 rewrdemur.
2763 5194 2917 5263 Quod
2957 5191 3114 5248 nobis
3150 5186 3443 5244 declaravit
3480 5184 3610 5238 dum

2013 5304 2092 5360 sic
2114 5298 2408 5370 discipulos
2441 5294 2817 5351 cohortaretur
2850 5303 2865 5341 :
2906 5285 3035 5343 Cum
3061 5283 3233 5339 omnia
3260 5278 3501 5353 feceritis,
3530 5277 3615 5331 di-

2014 5390 2130 5461 cite,
2158 5390 2397 5461 quoniam
2427 5385 2558 5440 serui
2586 5382 2793 5438 inutiles
2820 5393 2997 5435 sumus
3027 5375 3180 5449 (Luc.
3214 5374 3302 5428 l7.
3330 5371 3452 5443 l0);
3479 5370 3609 5425 etin

2016 5482 2270 5558 parabole
2292 5477 2572 5541 Pharistui,
2600 5473 2688 5531 cui
2711 5471 3051 5543 publicanum
3074 5465 3382 5537 prteposuit.
3409 5462 3609 5529 Quem-

2014 5552 2302 5632 admodum
2329 5571 2473 5628 enini
2500 5568 2642 5623 hunc
2680 5573 3021 5636 peccatorum
3056 5554 3498 5616 commemoratio
3522 5552 3608 5623 ju-

2016 5662 2287 5730 stillcavit,
2314 5662 2393 5717 sic
2418 5666 2475 5716 et
2500 5659 2646 5714 illum
2668 5662 2817 5712 recte
2846 5653 3103 5707 factorum
3136 5644 3393 5703 mem0ria
3422 5642 3603 5713 pcrdiâ€”

2018 5756 2114 5813 dit.
2152 5752 2350 5812 ludatis
2387 5765 2601 5824 quoque
2637 5749 2777 5805 Dcus
2816 5744 3005 5803 cadent
3049 5731 3249 5799 monita
3300 5736 3480 5804 tradit,
3525 5733 3613 5789 his
