4194 6302
702 339 809 399 307

682 464 873 523 verbis
904 481 920 522 :
955 463 1069 537 Ego
1099 482 1217 522 sunt
1242 467 1375 537 ipse,
1402 470 1491 539 qui
1520 469 1668 525 deleo
1688 481 1905 539 peccata
1943 483 2059 539 tua,
2086 482 2136 528 e:
2156 489 2258 529 nou

680 555 1033 622 recordabar;
1059 567 1116 611 tu
1144 572 1259 612 sero
1283 558 1566 613 recordere
1587 558 1725 632 (las.
1751 562 1844 619 ‘3.
1869 564 1983 633 25).

757 645 811 703 7.
852 645 957 705 Ilio
994 665 1113 706 mos
1144 656 1264 705 erat
1308 651 1708 721 apostolorum,
1740 654 1829 709 hic
1869 653 2256 725 prophetarum

678 745 731 791 ct
746 739 1019 807 iustorum
1034 742 1299 799 omnium.
1325 741 1498 799 David
1517 747 1662 801 enim
1690 749 1895 817 peccati
1940 749 2023 804 sui
2053 749 2258 818 jugiter

680 828 1095 895 recordabatur,
1122 830 1394 886 bonorum
1422 848 1654 903 operum
1679 850 1948 906 nusquam
1978 838 2084 892 nisi
2120 837 2259 894 forte

677 926 902 987 cogente
928 922 1255 993 necessitate
1277 922 1351 992 (l.
1375 922 1500 994 Reg.
1522 924 1640 991 l7).
1671 925 1805 981 Cum
1855 940 1987 996 ergo
2015 926 2261 983 barbari-

676 1021 802 1061 cum
828 1007 963 1063 illud
1006 1009 1211 1065 bellum
1240 1012 1489 1067 Judasum
1520 1006 1768 1077 vexabat,
1791 1016 2083 1085 omniaque
2113 1015 2260 1086 peri-

675 1095 820 1152 culis
862 1098 1025 1169 plena
1053 1110 1251 1171 erant;
1290 1118 1415 1158 cum
1449 1104 1541 1159 ille
1568 1104 1788 1174 juvenis
1816 1105 1995 1162 adhuc
2024 1114 2169 1162 esset
2200 1115 2256 1163 et

673 1182 803 1241 belli
842 1187 1155 1259 imperitus,
1188 1192 1396 1249 relictis
1419 1194 1615 1250 ovibus
1648 1194 1704 1249 in
1731 1198 1907 1251 aciem
1943 1197 2251 1264 descendit,

672 1292 913 1350 cumque
925 1295 1115 1339 omnes
1134 1284 1454 1351 exterritos,
1487 1284 1851 1344 formidantes
1868 1304 1933 1344 ac
1956 1296 2253 1345 trementes

666 1380 932 1435 censeret,
963 1372 1093 1427 nihil
1136 1372 1429 1432 humanum
1460 1393 1647 1449 passus
1677 1391 1779 1448 est,
1824 1395 1997 1451 neque
2026 1391 2252 1435 exteros

665 1460 904 1529 abiectos
942 1460 1131 1519 videns
1171 1464 1553 1523 formidolosus
1596 1468 1730 1535 fuit,
1760 1471 1855 1525 sed
1905 1470 2007 1525 ilde
2048 1470 2247 1535 omnia,

666 1563 784 1618 qua
807 1552 1277 1622 conspiciebantur
1320 1558 1722 1626 transcenderis,
1754 1559 1821 1615 ad
1850 1560 2048 1631 Regem
2088 1561 2251 1617 caelo-

666 1653 784 1694 rum
810 1640 1123 1711 respiciens,
1162 1645 1386 1701 multam
1414 1648 1595 1705 animo
1622 1650 1952 1707 alacritatem
1982 1651 2248 1719 concepit,

662 1736 717 1784 ct
742 1729 811 1787 ad
842 1731 1037 1788 milites
1064 1734 1363 1807 fratresque
1387 1753 1512 1795 suos
1531 1742 1779 1806 accessit,
1807 1742 2071 1811 pollicens
2096 1757 2157 1799 se
2181 1742 2251 1797 ab

666 1818 887 1876 instanti
938 1823 1178 1892 periculo
1204 1826 1349 1895 ipsos
1375 1828 1746 1885 liberaturum.
1786 1833 1919 1889 Cum
1955 1846 2133 1889 autem
2162 1834 2249 1890 di-

662 1918 807 1967 ctum
852 1914 1140 1994 irridercnt
1168 1917 1359 1974 fratres
1393 1921 1512 1991 ejus
1556 1922 1755 1994 (neque
1801 1926 1943 1981 enim
2000 1928 2251 1985 videbant

666 2003 831 2061 Deum
857 2005 1002 2064 intus
1031 2010 1180 2066 illum
1219 2016 1601 2081 concitantem,
1633 2032 1809 2088 neque
1837 2030 2096 2076 noverant
2132 2022 2249 2076 ani-

662 2111 809 2154 mum
832 2098 981 2155 illum
1010 2116 1350 2173 generosum,
1381 2106 1447 2161 ad
1490 2108 1679 2163 malum
1728 2127 1895 2181 usque
1936 2114 2243 2184 pertingen-

661 2194 792 2255 tem,
820 2204 1115 2261 magnaque
1159 2193 1348 2251 ﬁducia
1394 2197 1657 2268 plenum),
1703 2200 1807 2255 illis
1846 2203 2065 2270 relictis,
2110 2204 2245 2259 alios

657 2277 808 2334 adiit.
836 2278 937 2336 Ubi
962 2293 1139 2339 autem
1168 2286 1315 2341 illum
1344 2288 1691 2347 adduxissent
1728 2292 1794 2347 ad
1839 2309 2038 2366 regem,
2082 2311 2241 2367 quem

659 2368 852 2427 timore
878 2385 1181 2431 emortuum
1226 2379 1423 2449 reperit
1468 2397 1481 2434 :
1515 2382 1688 2452 primo
1730 2384 1777 2439 is
1824 2386 1965 2441 illius
2002 2387 2239 2443 animum

653 2459 830 2549 erigit,
862 2461 945 2517 bis
969 2464 1169 2533 verbis,
1198 2465 1282 2524 Ne
1316 2472 1554 2527 concidat
1587 2490 1676 2527 cor
1720 2472 1915 2529 domini
1956 2478 2053 2532 mei
2089 2496 2243 2549 super

653 2548 787 2619 ipso,
814 2554 935 2620 quis
960 2570 1132 2613 servus
1167 2566 1284 2615 tuus
1317 2560 1408 2615 ibit
1435 2570 1483 2617 et
1502 2564 1747 2636 pugnabit
1777 2582 1891 2619 cum
1930 2568 2027 2621 hoc
2054 2569 2241 2623 alicui-

654 2654 785 2710 αρσια
810 2642 887 2715 (1.
916 2643 1047 2716 Reg.
1072 2646 1158 2703 Π.
1185 2646 1300 2721 32).
1323 2648 1457 2707 Cum
1488 2662 1667 2709 autem
1698 2655 1788 2711 ille
1822 2671 1927 2712 non
1959 2658 2118 2714 fidem
2148 2660 2241 2715 lia-

659 2728 811 2787 beret
829 2746 891 2787 ac
910 2732 1135 2805 diceret,
1167 2736 1289 2793 Non
1321 2743 1511 2812 poteris
1536 2745 1643 2811 ire;
1670 2754 1727 2800 tu
1764 2765 1891 2817 puer
1917 2766 1991 2814 es,
2032 2750 2123 2806 ille
2145 2769 2233 2805 au-

652 2827 751 2875 tem
779 2823 856 2877 eir
882 2824 1099 2883 bellator
1124 2845 1157 2883 α
1174 2830 1439 2900 iuventute
1467 2852 1561 2889 sua
1588 2835 1694 2906 (Ib.
1722 2854 1771 2893 ο.
1795 2840 1908 2912 33),
1939 2842 1991 2895 in
2018 2828 2234 2912 ancipiti

649 2912 975 2971 constitutus
1030 2916 1195 2973 David
1252 2922 1463 2993 cogitur
1504 2928 1746 2995 proprias
1788 2930 1980 2987 efferre
2024 2932 2233 2989 laudes.

650 3002 802 3095 Quod
825 3006 968 3062 enim
999 3007 1051 3064 id
1079 3010 1268 3080 nollet,
1297 3027 1365 3068 ex
1405 3014 1671 3084 prioribus
1703 3022 1961 3091 arguitur,
1991 3024 2234 3095 quando-

647 3094 863 3186 quidem
893 3112 993 3154 nce
1017 3097 1270 3157 fratribus
1293 3103 1405 3161 suis
1423 3104 1493 3161 de
1516 3108 1677 3164 rebus
1696 3125 1726 3164 a
1754 3125 1813 3167 se
1838 3112 2045 3170 fortiter
2068 3120 2234 3186 gestis

646 3184 915 3279 quidpiam
958 3189 1191 3261 dixerat,
1232 3203 1289 3249 ut
1328 3211 1500 3268 neque
1540 3200 1817 3270 militibus,
1873 3206 1979 3262 imo
2132 3208 2232 3279 ipsi

647 3277 779 3349 regi,
824 3278 995 3338 donec
1036 3282 1169 3347 vidit
1208 3300 1330 3342 eum
1374 3304 1481 3345 non
1525 3292 1767 3363 credere,
1812 3277 2235 3357 contendere—et

646 3381 992 3459 congressum
1017 3390 1170 3431 suum
1196 3386 1380 3434 contra
1400 3380 1763 3440 adversarium
1786 3387 2067 3457 impedire.
2092 3390 2229 3459 Quid

645 3466 770 3515 tunc
798 3458 1100 3519 hciendum
1144 3467 1417 3524 restabat?
1449 3470 1517 3527 an
1559 3474 1798 3529 tacenda:
1828 3476 2014 3535 laudes
2037 3458 2229 3537 erant?

644 3550 711 3639 At
734 3566 839 3608 non
869 3553 1083 3612 sivisset
1108 3558 1311 3629 egredi,
1351 3569 1407 3616 et
1432 3561 1503 3619 ab
1540 3562 1839 3623 imminan
1880 3570 2119 3639 periculo
2160 3572 2229 3627 li-

644 3638 850 3699 berare.
875 3642 1003 3707 Ideo
1027 3662 1149 3703 cum
1173 3650 1445 3718 tacuisset,
1475 3654 1689 3725 quando
1719 3638 1896 3715 tacere
1922 3661 2224 3731 oportebat,

642 3732 729 3787 ubi
754 3732 885 3790 vidit
922 3739 1177 3809 temporis
1205 3742 1466 3809 rationem
1506 3745 1559 3801 id
1597 3749 1867 3816 postulare
1894 3760 1948 3808 ut
1976 3752 2227 3825 loquere.

638 3832 745 3912 tur,
774 3838 882 3882 non
907 3825 1042 3883 ultra
1082 3831 1265 3895 tacuit,
1307 3832 1401 3888 sed
1438 3835 1519 3890 sic
1557 3851 1681 3892 eum
1722 3840 2027 3912 alloquutus
2069 3854 2155 3901 est
2205 3862 2220 3901 :

641 3911 863 3972 Pasceris
897 3934 1038 3974 m
1080 3937 1253 3978 aereus
1296 3933 1414 3979 tuus
1440 3943 1639 4001 gregem
1668 3933 1830 4001 patris
1851 3911 1973 4001 mei,
2016 3945 2065 3990 et
2110 3954 2228 3994 cum

637 4006 823 4100 veniret
847 4008 926 4064 leo
952 4021 1041 4064 aut
1068 4028 1249 4081 ursus,
1275 4025 1324 4069 et
1346 4018 1592 4088 acciperet
1629 4030 1768 4076 orem
1797 4024 1862 4077 de
1884 4042 2057 4097 grege,
2084 4044 2229 4100 egre-

638 4096 811 4151 dietur
837 4108 950 4169 post
977 4116 1113 4170 eum,
1140 4112 1188 4158 et
1218 4105 1553 4175 percutiebam
1582 4126 1715 4178 eum,
1740 4123 1788 4167 et
1816 4096 2138 4173 extrahentis
2162 4120 2225 4175 ad

635 4204 722 4243 ore
740 4191 874 4262 ejus,
901 4200 949 4246 et
977 4195 1417 4266 opprehendebam
1459 4210 1638 4272 guttur
1663 4206 1794 4275 ejus,
1842 4217 1890 4263 et
1935 4210 2225 4267 occidebant

634 4295 747 4334 eum
774 4295 797 4336 :
817 4298 879 4337 ac
909 4280 1102 4340 leonem
1127 4294 1176 4341 et
1202 4304 1377 4344 ursum
1404 4296 1652 4361 percussit
1675 4312 1847 4353 seruus
1869 4308 1988 4356 tuus
2017 4319 2041 4356 :
2059 4311 2107 4358 et
2126 4305 2224 4358 erit

632 4370 917 4464 alienigena
932 4374 1015 4429 hic
1037 4386 1084 4431 et
1110 4376 1491 4437 incircumcisus
1512 4384 1641 4439 sicut
1656 4402 1785 4444 unus
1804 4404 1867 4445 ea:
1886 4391 1956 4446 eis
1985 4393 2033 4464 (l
2046 4433 2060 4446 .
2085 4394 2217 4453 Rea.

636 4462 721 4517 i7.
750 4458 960 4539 3‘48).
1015 4466 1170 4526 Vides
1209 4472 1477 4545 quomodo
1515 4473 1805 4534 declaravit
1830 4496 1932 4551 qua
1959 4458 2028 4541 de
2056 4501 2215 4543 causa

632 4554 702 4609 ab
737 4570 797 4611 se
838 4555 1045 4615 fortiter
1078 4572 1227 4632 gesta
1270 4570 1810 4626 commemoraverit?
1838 4572 1974 4627 Tum
2014 4577 2219 4635 scilicet

626 4658 723 4738 rex
747 4658 1017 4719 assumpta
1033 4650 1245 4719 tlducia,
1262 4652 1605 4725 iussitabire.
1636 4660 1782 4716 Abiit
1802 4677 1984 4737 porro,
2015 4680 2219 4738 pugna-

632 4737 706 4790 vit
728 4747 781 4829 ot
808 4738 951 4794 vicit.
974 4740 1044 4796 At
1063 4742 1165 4798 nisi
1190 4742 1378 4801 laudes
1392 4760 1517 4805 suas
1530 4763 1857 4821 enarrasset,
1880 4737 2217 4829 nequaquam

632 4843 725 4882 rex
738 4827 812 4882 illi
828 4832 1924 4911 monomacbiamejusmodiconcessisset;
1936 4827 2101 4903 sinon
2113 4862 2225 4906 cre-

628 4916 872 4985 didisset,
920 4933 1026 4976 non
1068 4907 1287 4981 sivisset
1314 4941 1439 4985 eum
1484 4927 1538 4985 in
1578 4930 1746 4989 aciem
1776 4907 2137 5008 descendere;
2169 4942 2215 4998 si

627 5024 733 5065 non
760 5009 995 5101 sivisset,
1016 5011 1293 5073 victoriam
1318 5019 1685 5093 impedivissct
1710 5040 1724 5077 :
1752 5026 2003 5101 impedita
2032 5042 2245 5090 autem-

628 5100 868 5169 victoria,
902 5116 1079 5173 neque
1113 5105 1251 5166 Deus
1279 5117 1406 5166 tunc
1433 5110 1778 5183 glorificatus,
1814 5100 1989 5191 neque
2024 5123 2213 5181 civitas

620 5191 690 5283 ab
736 5193 1050 5265 urgentibus
1092 5198 1249 5255 malis
1300 5199 1522 5258 liberata
1575 5216 1738 5261 esset.
1789 5208 1865 5266 Ne
1920 5211 2083 5283 igitur
2133 5226 2211 5271 tot

617 5282 848 5377 absurda
867 5285 1260 5359 contingerent,
1280 5305 1453 5364 neque
1470 5302 1631 5351 tanta:
1645 5282 2055 5368 dispensationis
2072 5320 2211 5377 opus

622 5375 1026 5446 prmpediretur,
1060 5386 1281 5438 coactus
1316 5393 1399 5439 est
1439 5384 1605 5443 David
1650 5392 1893 5461 proprias
1927 5375 2209 5456 recensere

622 5464 890 5523 victorias.
912 5465 984 5526 Ut
1000 5469 1143 5526 enim
1162 5479 1339 5530 tacere
1357 5477 1553 5545 sciunt,
1580 5478 1667 5534 ubi
1690 5480 1833 5537 nulla
1855 5483 2208 5558 estloquendi

620 5558 935 5650 necessitas,
968 5559 1041 5614 ita
1071 5570 1127 5615 et
1152 5560 1297 5635 loqui
1324 5576 1539 5637 norunt,
1574 5567 1627 5623 vi
1657 5570 1889 5629 instante
1915 5582 2075 5650 atque
2102 5576 2206 5633 im-

620 5659 879 5711 mittente.

688 5736 742 5797 8.
788 5738 970 5815 Neque
998 5741 1050 5799 in
1092 5742 1197 5801 hcc
1238 5755 1462 5816 tantum,
1509 5750 1604 5808 sed
1648 5751 1810 5811 etiam
1852 5754 1906 5812 in
1953 5754 2207 5817 Samaeis

1434 339 1489 398 8.
1517 338 1798 398 ,ιοΑΝΝιδ
1826 336 2306 397 ειιιιγεοετωιι
2335 335 2653 394 AKClllEl’.
2686 331 3228 394 CONSTANTINOP.

3848 332 3957 393 503

2378 466 2608 537 ldipsum
2634 465 2926 539 contigisse
2951 465 3073 537 quis
3118 463 3317 523 videat.
3350 464 3563 523 Etenim
3598 464 3686 523 ille
3725 480 3852 523 eun
3888 472 3971 525 tot

2370 557 2526 615 annis
2551 555 2775 615 .ludaico
2803 556 2999 629 populo
3025 555 3350 628 prasfuisset,
3382 557 3547 630 idque
3575 556 3644 614 ad
3668 557 3765 614 Dei
3795 557 3968 629 pisci-

2370 657 2506 717 tum,
2534 663 2634 708 nec
2664 647 2937 721 quidpiam
2976 649 3154 721 magni
3198 649 3268 704 de
3310 664 3370 705 se
3408 664 3659 720 umquam
3711 649 3969 719 loquutus

2368 741 2579 806 fuisset,
2604 739 2768 795 multa
2791 738 2917 796 licet
2935 739 3155 795 haberet
3178 739 3426 807 dicenda,
3444 740 3490 794 si
3511 738 3788 805 voluisset,
3811 752 3966 795 suam

2367 846 2397 887 a
2426 832 2676 901 primaeva
2704 840 2863 886 aetate
2893 830 3290 898 educationem,
3333 830 3390 887 in
3431 831 3633 901 templo
3656 843 3962 886 commora-

2370 921 2588 979 tionem.
2617 919 2917 990 proplietite
2942 918 3145 975 donum
3188 919 3259 975 ab
3303 919 3659 984 incunabulis,
3690 928 3816 991 post
3853 918 3968 975 bac

2368 1007 2529 1075 bella,
2554 1008 2824 1075 victorias,
2855 1022 2990 1079 quas
3015 1024 3122 1064 non
3152 1010 3340 1075 armis,
3372 1008 3470 1065 sed
3491 1023 3560 1065 ex
3588 1007 3962 1065 benevolentia

2371 1100 2464 1156 Dei
2499 1099 2669 1154 aciem
2708 1099 2980 1156 instruens
3005 1099 3295 1170 reportavit
3334 1116 3352 1155 :
3381 1098 3575 1155 borum
3608 1106 3787 1154 tamen
3833 1096 3966 1153 nillil

2365 1188 2624 1258 superiori
2657 1198 2899 1260 tempore
2924 1188 3154 1244 dixerat.
3182 1192 3254 1245 At
3296 1189 3385 1244 ubi
3425 1190 3782 1260 principatum
3805 1188 3965 1243 abdi-

2364 1291 2598 1343 caturus,
2649 1279 2916 1350 alterique
2961 1279 3244 1348 impcrimn
3299 1278 3593 1335 traditurus
3642 1290 3784 1343 crat,
3839 1287 3966 1337 tunc

2362 1379 2578 1427 coactus
2604 1379 2689 1426 est
2713 1373 2957 1441 proprias
2994 1371 3179 1427 laudes
3210 1386 3518 1438 recensere,
3568 1371 3729 1442 idque
3769 1370 3965 1425 admo-

2362 1460 2488 1515 dum
2518 1476 2697 1531 parce.
2743 1462 3085 1533 i‘Zvocatoque
3135 1463 3389 1517 universo
3432 1461 3654 1532 populo,
3694 1470 3965 1532 prasente

2362 1553 2543 1617 Saule,
2571 1554 2639 1607 ita
2673 1555 2925 1625 loquutus
2951 1562 3037 1611 est
3076 1572 3092 1609 :
3140 1552 3272 1609 Ecce
3296 1554 3466 1608 audivi
3510 1569 3679 1607 vocem
3720 1561 3961 1615 miratu,

2361 1654 2408 1698 et
2436 1645 2672 1699 constitui
2699 1646 2840 1700 vobis
2862 1660 3030 1717 regem
3055 1660 3075 1700 :
3098 1654 3146 1700 et
3174 1661 3266 1717 ego
3292 1660 3404 1700 ecce
3422 1653 3746 1699 conuersatus
3769 1658 3885 1696 sunt
3910 1642 3962 1694 in

2358 1748 2629 1807 conspectu
2674 1747 2836 1793 oestro
2871 1755 2903 1791 α
2937 1739 3208 1809 jumtute
3248 1755 3380 1803 uses,
3426 1747 3473 1792 et
3512 1753 3669 1808 usque
3706 1735 3779 1788 ad
3824 1735 3962 1788 diem

2359 1827 2514 1891 hanc,
2543 1837 2589 1882 et
2616 1830 2778 1882 δεταί.
2814 1827 3135 1901 Respondete
3160 1840 3338 1885 contra
3364 1847 3443 1884 nte
3465 1831 3520 1884 in
3547 1838 3819 1898 conspectu
3844 1826 3960 1881 Do-

2358 1920 2503 1988 mini,
2527 1922 2645 1974 etin
2665 1930 2936 1993 conspectu
2959 1922 3137 1976 christi
3155 1924 3300 1994 ejus:
3327 1923 3470 1994 cujus
3499 1932 3721 1977 vestrum
3747 1923 3961 1976 uitulum

2356 2010 2573 2078 accepi?
2604 2020 2693 2064 aut
2724 2012 2870 2078 cujus
2911 2011 3111 2065 asinum
3151 2011 3368 2081 occepi?
3410 2021 3499 2065 aut
3534 2027 3682 2083 quens
3726 2021 3953 2065 vestrum

2355 2100 2584 2169 Oppressi
2600 2099 2627 2153 7
2673 2110 2763 2154 aut
2815 2102 2898 2154 sui
2942 2110 3161 2156 vestrum
3215 2102 3313 2157 vim
3363 2102 3502 2171 feci!
3546 2112 3635 2155 aut
3689 2117 3754 2155 ea:
3803 2102 3958 2171 cujus

2355 2198 2573 2242 restium
2630 2206 2785 2244 mnu
2837 2192 3009 2262 occepi
3058 2192 3393 2263 piscationem
3447 2202 3537 2246 aut
3589 2192 3853 2258 calceum,
3908 2202 3957 2245 et

2352 2279 2593 2333 abscondi
2637 2282 2811 2335 auios
2861 2298 2998 2336 meos
3038 2284 3093 2336 in
3136 2282 3271 2338 illo!
3311 2282 3475 2337 Dicite
3523 2291 3699 2336 contra
3747 2298 3849 2345 me,
3907 2290 3957 2334 et

2350 2372 2613 2424 restituam
2663 2372 2799 2426 vobis
2842 2372 2917 2445 (I.
2972 2372 3101 2443 Reg.
3154 2374 3241 2429 12.
3293 2374 3437 2445 1-5).
3494 2374 3674 2443 Ecqua
3714 2374 3957 2429 necessi-

2352 2471 2432 2516 tas
2478 2462 2591 2518 bmc
2636 2463 2884 2530 dicendi,
2930 2466 3175 2535 inquies?
3219 2465 3379 2521 “ulta
3438 2479 3758 2535 magnaque.
3804 2464 3952 2531 Quo-

2352 2555 2495 2607 niam
2549 2554 2690 2607 cnim
2748 2554 3041 2624 principem
3097 2555 3411 2611 inducturus
3470 2555 3577 2611 illis
3630 2562 3749 2609 erat
3813 2554 3951 2609 Sau-

2351 2642 2474 2705 lem,
2524 2653 2577 2696 ut
2620 2644 2792 2699 iu-sui
2838 2646 3003 2713 ipsius
3042 2645 3354 2701 defensione
3395 2644 3614 2701 doceret
3655 2657 3805 2711 eum,
3845 2659 3951 2715 quo

2349 2743 2503 2801 pacto
2548 2749 2779 2804 praeesse
2827 2745 3135 2805 oporteret,
3184 2746 3238 2791 et
3291 2750 3475 2791 curam
3523 2750 3718 2806 gerere
3766 2734 3949 2790 subdi-

2349 2834 2544 2891 torum,
2574 2826 2718 2895 ipsos
2744 2826 2987 2881 subditos
3009 2826 3362 2896 philosophia:
3382 2841 3493 2881 sum
3520 2835 3685 2881 testes
3704 2824 3943 2880 adducit.

2344 2916 2453 2972 Nec
2480 2916 2607 2971 illud
2636 2918 2743 2988 cgit
2770 2919 2979 2987 imperii
3002 2918 3085 2973 sui
3116 2929 3380 2989 tempore,
3413 2934 3482 2974 ne
3508 2918 3629 2989 quis
3650 2918 3863 2972 diceret
3884 2916 3947 2970 il-

2346 3008 2424 3062 los
2451 3023 2560 3077 pra:
2589 3008 2756 3078 ipsius
2784 3021 2927 3064 metu
2959 3026 3021 3065 ac
3045 3010 3331 3066 formidine
3354 3028 3475 3082 qua:
3515 3026 3620 3065 non
3665 3021 3825 3065 erant
3868 3020 3942 3065 te-

2344 3102 2601 3157 stiiicatos
2628 3116 2771 3167 csse;
2790 3118 2972 3158 verum
2997 3102 3106 3173 jam
3132 3103 3307 3158 soluta
3331 3118 3427 3158 sua
3454 3102 3938 3162 administratione.

2343 3206 2465 3247 cum
2492 3194 2543 3246 in
2574 3193 2737 3247 alium
2769 3191 3083 3264 pta-fectum
3114 3194 3369 3249 translata
3413 3203 3579 3261 esset,
3626 3192 3943 3263 nullumque

2342 3288 2611 3343 accusanti
2641 3287 2933 3358 periculum
2959 3288 3202 3353 instaret,
3228 3297 3353 3343 tunc
3377 3303 3498 3342 cum
3522 3287 3626 3341 illis
3650 3287 3939 3356 disceptat.

2341 3379 2672 3451 Quamquam
2713 3380 2758 3434 si
2802 3380 2940 3434 alius
2970 3379 3179 3447 fuisset,
3206 3378 3408 3435 ludatis
3450 3380 3688 3434 infensus
3724 3376 3943 3433 futurus

2340 3478 2494 3536 erat,
2547 3485 2648 3526 nec
2698 3471 2955 3525 voluisset
3006 3470 3301 3541 principem
3356 3484 3727 3525 successorem
3778 3483 3936 3523 suum

2339 3578 2549 3634 equum
2576 3562 3017 3633 nndcratumque
3041 3576 3180 3628 esse,
3219 3562 3379 3633 idque
3404 3578 3513 3617 non
3550 3562 3724 3616 solum
3754 3576 3829 3616 ex
3857 3560 3940 3615 in-

2332 3653 2489 3726 juria:
2516 3666 2753 3726 acceptis
2783 3654 3063 3721 memoria,
3092 3652 3186 3709 sed
3213 3663 3271 3709 ut
3297 3662 3352 3709 et
3380 3653 3493 3724 ipse
3522 3651 3784 3723 majorem
3806 3666 3939 3709 con-

2335 3755 2651 3819 sequeretur
2677 3747 2912 3803 laudem.

2406 3840 2461 3895 9.
2498 3838 2765 3913 Principes
2793 3850 2970 3911 optant
2995 3841 3251 3911 improbos
3289 3840 3475 3895 habere
3511 3854 3936 3895 successores.—

2338 3929 2466 3984 lllud
2493 3929 2635 3985 enim
2679 3930 2851 3984 morbi
2883 3930 3179 4000 principum
3209 3929 3404 3985 animis
3461 3928 3677 3993 insidet,
3711 3939 3771 3984 ut
3805 3942 3935 3985 suc-

2335 4034 2582 4075 cessores
2607 4034 2732 4074 suos
2755 4020 3029 4090 improbos
3054 4021 3451 4089 sceleratosquc
3475 4034 3597 4075 esse
3621 4028 3932 4090 peroptent.

2335 4110 2466 4167 Nam
2497 4112 2542 4167 si
2588 4112 2795 4167 strenui
2833 4114 3190 4183 generosique
3234 4113 3459 4180 fuerint,
3505 4112 3829 4167 illustriores
3872 4126 3934 4167 se

2333 4205 2716 4261 existimandos
2742 4218 2861 4259 esse
2907 4213 3115 4274 putant,
3146 4206 3192 4260 si
3240 4207 3294 4270 ii,
3339 4204 3434 4275 qui
3464 4204 3748 4274 imperium
3778 4203 3932 4258 exci-

2333 4296 2503 4366 piunt,
2541 4311 2648 4354 non
2684 4296 2765 4350 sui
2804 4296 3009 4351 similes
3037 4297 3143 4350 sint
3175 4313 3189 4352 :
3234 4297 3279 4351 si
3322 4309 3498 4352 autem
3532 4296 3774 4366 perversi
3803 4309 3929 4350 cor-

2330 4388 2581 4457 ruptique
2610 4387 2737 4451 sint,
2771 4400 3143 4441 sutxessorum
3172 4386 3464 4458 nequitiam
3494 4385 3800 4457 apologiam
3827 4385 3930 4442 sibi

2329 4484 2444 4533 iure
2471 4486 2674 4548 putant.
2705 4478 2813 4533 Sed
2844 4494 2953 4532 non
2981 4478 3104 4532 talis
3139 4489 3257 4533 erat
3294 4478 3483 4534 beatus
3512 4478 3600 4534 ille
3623 4477 3741 4546 vir;
3776 4489 3931 4550 opta.

2328 4571 2420 4627 bat
2443 4572 2640 4641 quippe
2670 4571 2915 4640 votisque
2945 4570 3195 4626 omnibus
3233 4572 3503 4642 cupiebat,
3534 4578 3596 4625 ut
3618 4569 3780 4643 longe
3811 4585 3924 4626 me-

2328 4663 2444 4717 liori
2474 4663 2701 4733 imperio
2728 4661 3035 4718 fruerentur
3067 4680 3080 4716 :
3115 4670 3268 4717 tanto
3299 4662 3505 4717 scilicet
3543 4676 3728 4718 amore
3774 4670 3926 4718 tene-

2327 4752 2505 4819 batur,
2537 4767 2707 4823 usqne
2731 4752 2867 4808 adeo
2892 4752 3075 4807 livoris
3104 4768 3306 4824 expers
3330 4762 3467 4819 erat,
3491 4762 3545 4807 et
3574 4768 3604 4807 a
3641 4767 3779 4807 vana
3808 4750 3928 4824 glo-

2326 4844 2404 4899 ria
2429 4845 2656 4899 alienus.
2681 4843 2957 4915 Siquidem
2983 4860 3147 4899 unum
3171 4853 3373 4900 tantum
3401 4844 3706 4914 expetebat,
3731 4855 3928 4913 nempe

2326 4935 2601 4991 hominum
2635 4937 2883 4992 salutem.
2916 4936 3043 4993 Ideo
3072 4938 3125 4991 in
3167 4936 3486 4992 defensione
3524 4951 3619 4990 sua
3663 4935 3927 5007 principis

2323 5027 2502 5083 ofilcia
2522 5026 2864 5099 depingebat.
2896 5026 3031 5095 Quia
3056 5028 3223 5094 enim,
3254 5026 3301 5084 si
3329 5042 3514 5099 regem
3546 5027 3925 5097 compellsssct

2312 5132 2387 5175 “ac
2414 5120 2658 5186 dixisset,
2704 5119 2837 5175 Esto
2860 5134 3064 5190 equus,
3100 5130 3437 5187 mansuetus,
3478 5117 3797 5176 muneribus
3827 5118 3926 5175 im-

2322 5212 2555 5281 pervius.
2584 5211 2785 5267 nemini
2812 5211 2919 5267 vim
2946 5210 3166 5276 inferas,
3194 5212 3463 5268 neminem
3492 5210 3679 5279 lzcdas,
3707 5210 3795 5267 vel
3824 5210 3921 5267 do-

2319 5302 2555 5370 fraudes,
2584 5320 2746 5376 grave
2780 5304 2911 5361 illud
2944 5304 3337 5377 molestumque
3361 5302 3552 5361 fuisset
3570 5303 3847 5370 audienti;
3877 5306 3919 5361 si

2321 5395 2581 5453 tacuisset
2601 5396 2751 5464 item,
2775 5395 2905 5453 illud
2930 5405 3047 5454 erat
3068 5396 3325 5471 populum
3354 5396 3587 5477 prodere
3610 5413 3623 5450 :
3646 5394 3917 5454 defensio-

2319 5489 2403 5543 nis
2430 5488 2611 5559 specie
2640 5489 2849 5561 utrique
2874 5490 3171 5546 remedium
3213 5489 3457 5547 adhibuit
3496 5506 3511 5544 :
3542 5488 3692 5547 illum
3714 5488 3917 5568 quippe

2316 5580 2501 5637 docuit
2524 5595 2683 5653 quem
2709 5592 2984 5653 oporteret
3013 5597 3134 5637 esse
3163 5597 3365 5653 regem,
3392 5578 3627 5655 talisque
3644 5583 3914 5641 doctrinae

2312 5672 2617 5729 molestiam
2659 5670 2858 5743 eil‘ugit.
2905 5672 2971 5729 Et
3017 5672 3233 5743 quidem
3275 5672 3491 5729 videtur.
3528 5672 3619 5728 ille
3663 5687 3757 5743 pm
3802 5673 3913 5728 suis

2316 5772 2521 5823 tantum
2549 5760 2709 5820 rebus
2735 5762 3060 5837 disceptare,
3090 5763 3356 5839 docetque
3383 5762 3598 5821 interim
3630 5763 3777 5822 illum
3805 5768 3915 5837 quo
