4194 6302
268 307 400 366 509

270 418 463 475 modo
500 438 677 493 quave
698 421 912 477 ratione
927 415 1266 474 subditiuum
1296 431 1484 472 curam
1511 430 1700 487 gerere
1738 429 1902 486 opor-

272 518 425 563 teat.
474 508 557 565 τυ
588 524 717 565 vero
747 509 877 565 mihi
907 508 1179 580 perpende
1207 506 1480 579 quomodo
1518 522 1579 563 se
1615 505 1901 577 diligenter

266 600 446 655 omni
471 615 694 656 munere
712 616 904 673 purum
926 616 1047 657 esse
1066 600 1419 655 demonstret.
1444 599 1560 655 Non
1578 599 1720 655 enim
1742 598 1897 661 dixit,

266 691 431 746 Num
466 708 625 763 agros
659 693 957 764 cujuspiam
986 704 1226 749 vestrum
1254 692 1486 749 abstuli?
1513 707 1638 747 num
1669 691 1900 747 aurum?

264 781 381 835 sed
432 769 578 853 quod
620 784 859 839 omnium
905 782 1223 839 vilissimum
1267 794 1405 850 erat,
1456 782 1593 838 Num
1630 782 1893 850 calceum,

264 872 508 943 inquit?
569 874 773 931 Deinde
832 874 993 931 aliam
1060 891 1290 947 eamque
1345 891 1591 946 magnam
1643 877 1895 932 virtutem

262 978 446 1019 suam
476 964 747 1036 patefecit.
777 964 909 1033 Quia
945 967 1088 1022 enim
1126 968 1280 1022 multi
1324 967 1612 1039 principes,
1642 967 1769 1023 dum
1813 967 1897 1023 fu-

262 1065 500 1120 rantur,
542 1058 808 1113 mansueti
840 1067 963 1115 sunt
1001 1068 1057 1114 et
1101 1059 1385 1126 moderati,
1428 1076 1536 1115 non
1574 1069 1765 1131 suapte
1802 1077 1896 1115 na-

264 1152 432 1213 tura,
463 1146 559 1201 sed
588 1155 815 1218 cogente
838 1148 1188 1215 conscientia,
1232 1148 1375 1221 quod
1414 1151 1623 1206 scilicet
1660 1151 1765 1206 illis
1794 1150 1893 1206 ad-

271 1236 521 1291 missum
551 1237 747 1293 furtum
776 1238 1025 1295 llduciam
1055 1240 1206 1295 tollat
1233 1258 1245 1295 :
1278 1251 1464 1297 contra
1493 1257 1624 1297 vero
1649 1244 1739 1313 qui
1769 1258 1892 1297 mu-

265 1340 416 1382 nera
459 1340 798 1399 aversantur,
841 1330 1054 1387 molesti
1097 1333 1424 1403 onerosique
1460 1343 1605 1399 sunt,
1655 1348 1755 1389 nec
1790 1333 1891 1403 ipsi

262 1426 478 1487 suapte
511 1427 724 1487 natura,
752 1421 848 1477 sed
887 1438 953 1478 ex
982 1423 1212 1494 quadam
1256 1439 1389 1479 vana
1424 1425 1617 1495 gloria,
1662 1434 1715 1480 et
1744 1426 1888 1496 quod

262 1509 602 1565 muneribus
625 1512 777 1566 vacui
806 1512 916 1568 sint
951 1531 965 1567 :
1012 1522 1239 1585 utraque
1278 1524 1460 1570 autem
1500 1517 1638 1571 mala
1682 1516 1735 1572 in
1783 1533 1890 1572 uno

260 1611 614 1656 concurrere
638 1616 745 1657 non
776 1601 935 1659 facile
957 1604 1142 1661 videas
1191 1625 1205 1661 :
1248 1621 1369 1661 eum
1409 1608 1695 1664 ostendere
1728 1609 1889 1665 vellet

262 1686 356 1741 vir
386 1687 483 1745 ille
520 1700 760 1760 sanctus,
808 1707 869 1750 se
910 1702 965 1750 et
997 1696 1312 1752 muneribus
1341 1706 1394 1753 et
1430 1698 1507 1752 ira
1552 1698 1885 1768 superiorem

261 1775 469 1846 fuisse,
508 1781 598 1836 ubi
627 1782 872 1852 dixisset,
920 1784 1066 1839 Num
1108 1788 1321 1841 uitulum
1357 1790 1630 1858 cujusdam
1668 1801 1886 1845 oestrum

258 1871 490 1939 accepi?
518 1888 622 1927 non
652 1875 835 1940 tacuit,
866 1876 961 1930 sed
990 1877 1287 1946 subjunxit,
1319 1879 1422 1933 Aut
1449 1883 1679 1951 oppressi
1705 1900 1883 1952 quent-

259 1958 416 2026 piam
448 1965 710 2017 oestrum?
732 1966 833 2033 Laut
874 1965 1123 2037 depressi,
1170 1968 1223 2024 id
1263 1977 1366 2033 est,
1410 1971 1676 2026 contrivi?
1715 1973 1883 2042 Hujus

258 2064 440 2119 porro
463 2052 591 2109 dicti
614 2071 808 2112 sensus
830 2067 915 2115 est
939 2078 953 2114 :
977 2060 1147 2116 Nemo
1169 2061 1296 2116 illud
1325 2062 1505 2119 dicere
1526 2066 1711 2133 possit,
1738 2065 1882 2140 quod

256 2155 377 2198 non
398 2148 703 2217 acceperim
730 2149 969 2220 quidem,
999 2151 1093 2208 sed
1116 2154 1241 2224 quia
1266 2168 1373 2209 non
1398 2170 1733 2226 acceperam,
1760 2158 1880 2213 ideo

253 2236 471 2301 gravis,
503 2237 786 2307 molestus,
830 2241 1064 2299 crudelis
1107 2251 1164 2299 et
1210 2245 1458 2300 immanis
1496 2246 1708 2302 fuerim.
1742 2248 1877 2303 Pro-

252 2331 461 2392 pterea
511 2326 727 2384 diccbat
773 2322 789 2386 ἐ
842 2330 984 2387 Num
1034 2336 1264 2405 oppressi
1317 2338 1609 2408 quempiam
1657 2350 1876 2395 vestrum

254 2414 339 2485 (Ι.
390 2416 529 2489 Reg.
587 2420 674 2475 12.
708 2421 857 2494 54).
893 2424 1031 2491 Quid
1069 2424 1230 2495 igitur
1267 2427 1385 2481 illi?
1419 2426 1540 2482 Non
1581 2433 1875 2499 oppressisti

252 2520 381 2573 nos,
414 2524 577 2579 neque
602 2513 816 2576 sensti,
848 2530 938 2568 nec
964 2517 1205 2586 accepisti
1229 2534 1294 2572 ex
1319 2535 1474 2573 manu
1513 2531 1686 2575 nostra
1718 2522 1871 2592 quid-

253 2596 429 2666 piam.
482 2598 552 2653 Et
591 2610 651 2655 ut
693 2602 869 2659 discas
920 2605 1072 2662 illum
1122 2617 1180 2662 ut
1233 2624 1413 2680 regem
1465 2612 1704 2668 erudiret
1756 2613 1873 2671 haec

250 2684 489 2754 dixisse,
519 2691 795 2761 subjunsit
834 2709 853 2751 :
899 2693 1061 2751 Testis
1096 2696 1368 2767 Dominus,
1396 2710 1446 2754 et
1487 2704 1624 2757 testis
1652 2705 1871 2762 clm'stus

249 2777 371 2847 ejus
393 2779 506 2848 (Ib.
533 2796 581 2835 υ.
608 2783 665 2852 5)
692 2801 710 2841 :
736 2784 838 2842 hoc
860 2797 1038 2842 autem
1063 2790 1357 2846 ostendens
1381 2802 1542 2863 atque
1563 2795 1865 2864 declarans,

254 2882 463 2940 nempe
500 2873 870 2932 testimonium
916 2892 1025 2934 non
1065 2878 1232 2937 fuisse
1273 2882 1340 2937 ad
1390 2885 1612 2955 gratiam
1657 2886 1866 2957 datum,

252 2958 439 3029 ipsum
456 2962 739 3022 advocavit
767 2978 981 3036 testem,
1003 2970 1093 3040 qui
1111 2974 1306 3028 mentis
1336 2990 1530 3031 arcam
1543 2979 1709 3046 novit,
1724 2981 1866 3051 quod

246 3060 336 3106 est
378 3055 595 3125 signum
626 3074 774 3128 pura:
812 3064 1179 3120 conscientiae.
1219 3066 1391 3123 Nemo
1429 3071 1647 3142 quippe,
1679 3090 1860 3142 nemo,

250 3144 356 3201 nisi
385 3158 574 3204 mente
617 3160 807 3221 captus
839 3169 904 3209 ac
947 3155 1185 3213 furiosus
1228 3160 1318 3225 sit,
1365 3164 1709 3219 conscientia:
1751 3180 1862 3223 sua:

258 3246 461 3332 testem
503 3243 846 3302 advocaverit
889 3248 1080 3317 Deum;
1119 3251 1221 3306 nisi
1262 3253 1329 3307 ad
1368 3256 1584 3311 modum
1614 3258 1714 3313 sibi
1759 3260 1859 3332 ipsi

248 3326 404 3386 iidat.
465 3332 601 3389 Cum
664 3336 843 3408 itaque
911 3340 984 3394 illi
1039 3340 1178 3397 dicta
1235 3344 1402 3413 ipsius
1461 3362 1561 3404 suo
1617 3326 1857 3409 testimo-

247 3419 343 3475 nio
375 3422 784 3494 conﬁrmarent,
827 3430 985 3485 aliam
1033 3432 1147 3502 ipse
1188 3436 1435 3491 virtutem
1474 3454 1624 3496 suam
1661 3445 1857 3513 przcdi-

244 3519 336 3605 cat
364 3528 379 3565 :
413 3528 482 3569 ac
513 3522 953 3577 commemoratis
988 3525 1221 3595 antiquis
1247 3528 1351 3581 illis
1377 3530 1646 3599 omnibus,
1681 3537 1771 3605 qui
1800 3536 1853 3592 in

246 3600 489 3675 Egypto
534 3607 771 3676 luerunt,
820 3629 1030 3671 necnon
1079 3617 1171 3674 Dei
1214 3624 1548 3691 patrocinio,
1594 3600 1854 3699 bellisque

243 3709 367 3764 qua:
402 3706 593 3769 postea
621 3705 981 3776 contigerunt,
998 3710 1177 3765 refert
1204 3729 1432 3784 pugnam
1462 3731 1521 3772 se
1544 3718 1680 3776 duce
1704 3738 1853 3779 com-

244 3788 471 3846 missam
517 3802 573 3849 et
616 3794 896 3853 vistoriam
945 3801 1271 3873 inopinatam
1306 3823 1319 3859 :
1359 3821 1423 3863 ac
1468 3823 1588 3864 cum
1627 3810 1852 3871 dixisset

242 3882 522 3948 quomodo
545 3900 690 3977 saepe
718 3888 789 3943 ob
815 3901 1032 3960 peccnta
1056 3909 1152 3950 sua
1191 3896 1423 3955 inimicis
1454 3902 1696 3971 traditos,
1732 3905 1849 3977 ipso

244 3982 527 4043 precante,
560 3976 703 4034 Deus
725 3980 795 4037 ab
820 3981 1065 4040 hostibus
1102 3987 1432 4056 liberaverit,
1458 3997 1732 4052 veteribus
1761 4017 1850 4054 rc-

240 4062 418 4157 centia
460 4065 778 4139 adjungens,
828 4071 909 4129 sic
954 4074 1114 4132 infert
1154 4097 1169 4135 :
1214 4079 1359 4135 Misit
1395 4084 1534 4139 Deus
1576 4086 1839 4157 Jerobaal,

241 4150 453 4211 Cedeou
478 4157 579 4230 (a),
608 4158 802 4232 Barac,
834 4164 1094 4238 Jeplttlue,
1136 4182 1184 4224 et
1217 4170 1527 4243 Samuelcm,
1573 4185 1619 4231 ct
1658 4150 1843 4249 eripuit

298 4262 379 4329 (η)
414 4272 466 4317 tn
488 4266 620 4320 hunc
642 4269 802 4324 locum
844 4281 979 4328 notat
1008 4277 1211 4332 Savilius
1243 4297 1441 4345 vocem,
1485 4288 1699 4351 Gedeon,
1726 4304 1840 4342 esse

904 301 994 357 DE
1034 298 1283 358 VERBIS
1321 300 1679 371 APOSTOLI,
1723 300 1991 362 UTINAM
2032 305 2540 366 SUSTINERETIS
2576 309 2912 371 MODICUII.
2952 313 3043 370 ill.

3504 315 3613 375 510

2014 430 2104 471 vos
2131 415 2182 469 in
2209 416 2421 470 circuitu
2453 416 2516 470 de.
2544 432 2698 470 manu
2725 416 3044 472 inimicorum
3069 426 3369 487 vestrorum,
3402 428 3450 474 ct
3470 419 3614 474 habi-

2008 510 2125 564 tatis
2152 507 2464 574 coufideuter
2490 509 2568 580 (l.
2600 507 2729 580 Reg.
2765 508 2851 563 12.
2888 508 2999 580 Η).

2078 598 2165 653 10.
2197 598 2378 654 Sancti
2398 598 2600 653 nonnisi
2626 604 2834 670 urgente
2857 600 3149 655 necessitate
3182 599 3362 655 laudes
3391 616 3512 656 suas
3534 602 3605 670 ef-

2004 692 2194 762 ferunt.
2225 722 2297 732 —
2324 690 2512 746 Viden’
2538 692 2807 762 quomodo
2845 691 2899 747 in
2946 707 3098 749 more
3139 696 3211 749 sit
3253 692 3455 749 sanctis
3499 708 3607 749 non

2003 780 2261 851 praeclara
2306 797 2401 837 sua
2431 792 2579 854 gesta
2622 797 2841 837 narrare
2863 782 2964 838 nisi
2996 791 3219 855 urgente
3246 784 3610 840 necessitate?

2002 870 2130 928 ideo
2158 872 2352 928 Paulus
2375 873 2444 928 ad
2467 871 2567 929 hos
2591 872 2886 943 respiciens
2905 916 2921 942 ,
2950 881 3005 931 et
3029 884 3281 933 accurate
3304 866 3605 939 institutus,

2001 963 2285 1019 molestum
2316 981 2707 1034 oncrosumque
2729 980 2882 1030 esse,
2913 965 2957 1020 si
2994 966 3117 1037 quis
3159 966 3229 1022 de
3278 966 3460 1036 seipse
3501 967 3604 1022 ali-
3634 1006 3641 1013 -

1998 1053 2125 1124 quid
2164 1053 2464 1125 proferret,
2497 1055 2733 1123 dicebat,
2768 1054 2977 1112 Utinam
3000 1058 3317 1112 sustineretis
3346 1057 3610 1113 modicum

1997 1146 2121 1216 quid
2166 1146 2473 1218 insipientia:
2515 1164 2675 1213 mea;
2716 1164 2822 1203 non
2865 1163 3115 1218 magnum
3141 1189 3157 1215 ,
3203 1148 3300 1205 sed
3346 1150 3609 1204 modicum

1995 1237 2122 1306 quid
2145 1237 2223 1308 (2.
2246 1238 2365 1294 Cor.
2397 1240 2484 1293 ll.
2511 1237 2588 1311 l).
2620 1238 2802 1311 Neque
2826 1240 2971 1294 enim
3019 1250 3244 1311 cogente
3282 1239 3603 1295 necessitate

1996 1328 2270 1399 cepiosam
2293 1329 2507 1385 laudum
2539 1345 2757 1385 suarum
2792 1331 3155 1385 narrationem
3196 1328 3474 1386 en‘uudere
3500 1344 3599 1399 prt—

1996 1429 2145 1477 ratus
2168 1430 2282 1475 erat
2305 1463 2321 1487 ,
2349 1420 2445 1477 sed
2488 1422 2673 1490 paucis
2700 1420 2819 1475 illas
2847 1420 3109 1490 percurrit
3154 1438 3169 1475 :
3215 1431 3271 1477 et
3299 1421 3399 1475 hoc
3422 1420 3599 1491 ipsum

1995 1521 2221 1582 propter
2239 1526 2335 1567 eos
2361 1526 2656 1581 eorumque
2680 1510 2928 1566 salutem.
2963 1510 3427 1578 Quemadmodum
3451 1514 3596 1565 enim

1992 1602 2108 1657 sine
2131 1602 2309 1674 aliqua
2341 1603 2661 1658 necessitate
2686 1617 2784 1658 sua
2824 1617 3112 1659 recensere
3158 1604 3416 1675 praeclara
3447 1611 3593 1673 gesta

1992 1702 2248 1748 extremae
2276 1693 2561 1748 dementite
2590 1702 2705 1758 est;
2735 1692 2814 1747 sic
2840 1692 3074 1748 instante
3110 1692 3431 1748 necessitate
3459 1702 3517 1748 et
3544 1692 3594 1747 vi

1989 1783 2376 1852 compellcute,
2406 1783 2636 1853 proditio
2658 1793 2802 1837 esset
2828 1783 2919 1838 illa
2945 1786 3128 1839 tacere
3152 1798 3271 1853 qua:
3314 1782 3486 1854 probe
3516 1782 3593 1838 fe-

1988 1874 2142 1928 cerit.
2167 1871 2417 1928 Attamen
2446 1873 2643 1930 Paulus
2671 1875 2832 1929 etiam
2860 1889 2983 1929 cum
3016 1883 3229 1945 urgeret
3258 1875 3551 1931 necessitas
3571 1918 3587 1943 ,

1996 1965 2364 2030 cunctabatur,
2397 1979 2621 2035 remque
2665 1964 2809 2020 illum
2842 1957 3201 2035 insipientiam
3241 1966 3501 2033 vocabat,
3535 1978 3591 2022 nt

1984 2054 2163 2111 discas
2208 2055 2323 2125 ejus
2376 2056 2713 2125 prudentiam
2765 2065 2819 2111 ct
2849 2056 3163 2126 sapientiam
3187 2098 3202 2121 ,
3236 2072 3591 2127 magnamque

1915 2154 1918 2157 λ
1983 2147 2309 2202 cautionem.
2345 2146 2478 2202 Nam
2519 2163 2640 2202 cum
2668 2147 2926 2215 dixisset,
2963 2147 3116 2215 Quod
3145 2147 3345 2220 loquor,
3374 2166 3474 2203 non
3500 2149 3584 2203 to-

1982 2252 2109 2305 quor
2133 2236 2411 2291 secundum
2445 2236 2719 2291 Dominum
2741 2278 2756 2302 ,
2798 2236 3028 2306 adjecit,
3071 2234 3139 2291 In
3167 2238 3264 2292 hac
3299 2237 3585 2293 substantia

1980 2326 2303 2396 gloriationis
2334 2328 2407 2399 (2.
2434 2327 2552 2381 Cor.
2586 2328 2673 2383 ll.
2709 2326 2784 2400 7).
2810 2326 2888 2382 Ne
2916 2335 3071 2398 putes
3090 2369 3107 2392 ,
3141 2328 3341 2398 inquit,
3378 2344 3464 2384 me
3491 2345 3585 2399 ge-

1980 2416 2207 2472 neratim
2239 2417 2341 2472 boc
2363 2418 2563 2473 dicere.
2588 2418 2772 2488 itaque
2798 2418 2920 2473 ideo
2936 2416 3169 2474 maxime
3196 2419 3369 2473 virum
3399 2418 3582 2483 laudo,

1977 2509 2216 2565 admiror
2243 2521 2299 2565 et
2322 2510 2777 2581 sapientissimum
2812 2525 2946 2565 voco
2965 2552 2981 2578 ,
3008 2509 3152 2581 quod
3180 2526 3294 2566 rem
3327 2499 3587 2582 insipien-

1978 2608 2085 2655 tem
2116 2616 2238 2658 esse
2267 2611 2477 2672 putaret
2505 2604 2740 2673 seipsum
2768 2602 2988 2659 laudare
3027 2612 3083 2658 et
3104 2603 3399 2659 celebrare.
3429 2603 3582 2672 Quod

1974 2694 2019 2748 si
2051 2693 2140 2749 ille
2164 2735 2180 2758 ,
2211 2694 2335 2749 licet
2364 2695 2737 2751 necessitatem
2769 2695 2971 2750 instare
2986 2694 3232 2763 videret,
3258 2695 3360 2752 hoc
3388 2696 3542 2751 stulti
3561 2728 3575 2737 -

1974 2783 2101 2837 tiam
2120 2782 2362 2849 vocabat,
2376 2800 2479 2856 qua
2499 2784 2675 2852 venia,
2693 2801 2798 2856 qua
2815 2787 3163 2842 excusatione
3181 2785 3324 2857 digni
3339 2795 3501 2842 erunt
3522 2788 3576 2853 ii,

1971 2871 2061 2943 qui
2091 2873 2236 2928 nulla
2265 2875 2587 2932 iteceSSitate
2611 2876 2679 2932 de
2706 2876 2900 2946 seipsis
2922 2892 3112 2948 magna
3138 2877 3366 2949 iactant,
3396 2886 3491 2934 aut
3519 2894 3579 2933 a-

1972 2963 2073 3019 lios
2092 2964 2294 3034 jactare
2319 2967 2552 3037 cogunt?
2570 2967 2695 3029 [late
2723 2983 2845 3023 cum
2871 2977 3145 3039 comperta
3163 2969 3476 3034 habeamus,
3510 2987 3580 3026 ne

1971 3053 2080 3120 illa,
2101 3070 2221 3124 quae
2246 3054 2387 3111 dicta
2418 3066 2562 3123 sunt,
2583 3055 2861 3113 laudemus
2885 3067 3111 3122 tantum,
3136 3058 3230 3114 sed
3260 3060 3421 3115 etiam
3452 3058 3576 3115 imi-

1970 3155 2144 3202 temur
2172 3156 2229 3201 et
2252 3148 2596 3215 aemulemur,
2625 3158 2681 3204 et
2710 3160 2856 3206 recte
2883 3148 3151 3207 factorum
3178 3150 3329 3207 obliti
3358 3163 3575 3224 peccata

1966 3250 2182 3305 semper
2205 3252 2717 3307 commemoremus,
2748 3248 2890 3295 utet
2929 3242 3205 3298 moderate
3242 3258 3403 3316 agere
3447 3261 3575 3317 pos-

1964 3328 2156 3397 simus,
2206 3330 2355 3385 etad
2398 3345 2459 3385 ca
2506 3346 2628 3401 quae
2656 3342 2784 3387 ante
2832 3347 2931 3389 nos
2979 3342 3099 3389 sunt
3150 3335 3572 3404 contendentes,

1966 3419 2212 3475 bravium
2265 3436 2511 3492 superna:
2552 3423 2846 3478 vocationis
2898 3425 3251 3495 accipiamus,
3308 3428 3474 3497 gratia
3517 3437 3571 3482 et

1962 3511 2294 3581 benignitate
2338 3512 2550 3567 Domini
2584 3514 2905 3569 nostriJesu
2952 3515 3186 3584 Christi,
3219 3519 3437 3588 quicum
3468 3519 3570 3574 Pa-

1964 3603 2050 3667 tri,
2102 3620 2204 3660 una
2264 3621 2386 3661 cum
2449 3616 2639 3662 sancto
2690 3608 2923 3677 Spiritu,
2982 3610 3188 3679 gloria,
3244 3612 3561 3681 imperium,

1959 3695 2152 3762 honor,
2196 3712 2338 3752 nunc
2386 3706 2438 3752 et
2485 3711 2717 3768 semper,
2759 3709 2813 3753 et
2857 3698 2910 3753 in
2962 3700 3162 3755 saeuis
3217 3700 3562 3757 saeculorum.

1958 3785 2151 3840 Amen.

1954 3961 2533 4031 superﬂuamortamque
2550 3976 2614 4013 ex
2640 3963 2941 4031 glossemate
2964 3966 3216 4031 marginali
3235 3968 3296 4019 ad
3316 3969 3561 4022 Jerobaal.

1952 4023 2231 4095 Et'quidem
2252 4026 2384 4095 idem
2411 4023 2521 4095 erat.
2551 4023 2780 4095 .terobaal
2803 4032 2856 4077 et
2894 4023 3113 4095 (:edeon.
3141 4037 3312 4095 Itaque
3334 4040 3419 4095 aut
3443 4047 3562 4095 vos,

1952 4038 2006 4072 ιι
2064 4038 2231 4073 niuem
2253 4038 2384 4073 idem
2411 4038 2520 4073 erat
2551 4038 2779 4076 Jerooaat
2803 4038 2856 4077 et
2894 4038 3113 4078 (:edeon.
3141 4038 3312 4095 Itaque
3334 4040 3419 4082 aut
3443 4047 3561 4092 \mx,

1950 4038 2141 4155 cegean‘
2144 4120 2158 4143 ,
2186 4092 2270 4135 aut
2292 4084 2641 4155 virgulsinter
2662 4088 2853 4139 aedem
2877 4090 3176 4155 et_Jerobaat
3210 4095 3366 4155 posita
3384 4093 3561 4143 delea-

1952 4151 2031 4195 tur
2055 4148 2414 4212 uecesseest’;
2454 4148 2647 4212 virgula
2668 4155 2837 4201 autem
2868 4150 3039 4203 deleta
3062 4188 3077 4203 .
3110 4148 3225 4204 duo"
3242 4156 3437 4205 nomina
3473 4168 3563 4206 suo

1950 4212 2147 4259 mcutur
2170 4210 2463 4274 conjunctim
2486 4210 2635 4261 unum
2659 4220 2713 4263 et
2736 4214 2967 4265 eumdem
2989 4214 3332 4278 signiﬁcantia.
