4194 6302
1392 276 1450 332 3.
1483 274 1769 332 JOANNIS
1804 272 2292 335 CIIRYSOSTOMI
2349 272 2668 332 ARCHIEP.
2706 272 3248 332 CONSTANTINOP.

3849 278 3954 333 3H

1462 578 1817 641 MONlTUM
1858 578 1959 640 AD
1991 577 2369 640 HOMILIAM
2410 578 2491 640 ΙΝ
2530 576 2761 640 ILLUD
2800 577 3191 651 APOSTOLI,

772 724 923 781 Hanc
951 723 1227 780 homiliatn
1254 722 1512 795 habuisse
1551 721 2003 795 Chrysostomum
2044 736 2154 789 quo
2198 730 2441 795 tempore
2480 720 2925 795 eumuAnomtnis
2967 722 3269 795 «ratiocinia:
3316 722 3711 795 concertabat,
3745 720 3793 777 si
3825 736 3955 795 _noa

707 798 932 851 omnino
950 803 1177 853 certum.
1204 793 1497 847 admodum
1528 790 1717 847 saltem
1748 792 2041 862 verisimile
2076 800 2177 845 est.
2206 791 2261 845 Id
2287 790 2432 846 enim
2464 790 2676 845 exordii
2718 792 2879 847 verba
2906 792 3159 862 suadent.
3184 792 3315 846 Cum
3346 810 3531 862 nuper,
3564 792 3776 859 inquit,
3816 790 3958 843 Plio-

702 865 850 920 risari
873 876 921 919 et
952 862 1220 933 publicani
1253 864 1577 933 mentioneut
1597 864 1883 933 faceremus
1914 871 1962 915 et
1994 861 2126 913 duos
2162 876 2350 933 currus
2383 876 2449 915 ea:
2475 864 2670 933 virtute
2697 870 2748 933 et
2788 860 3009 933 upilio
3037 862 3379 933 jugggcremus
3404 860 3427 926 ,ἡ
3454 874 3741 930 utrumque
3772 869 3957 933 ostent-

626 953 633 961 '
701 938 899 997 dimus,
929 929 1187 1000 quantum
1215 934 1281 986 sit
1308 933 1361 985 ia
1390 931 1689 985 humilitate
1714 930 1870 993 lucri,
1906 944 1954 985 et
1982 940 2240 1000 quantum
2268 931 2340 1000 in_
2356 931 2665 1000 arrogantia
2699 929 2916 997 damni,
2946 940 3054 986 etc.
3096 929 3219 985 Haec
3269 946 3433 999 porro
3473 929 3664 986 confer
3697 946 3842 1000 cum
3874 931 3960 985 his

706 1005 886 1059 verbis
913 998 1159 1057 iiomilias
1191 1004 1393 1071 quintae
1422 1012 1610 1071 contra
1644 1001 1936 1055 Anomaaos
1976 998 2129 1055 lium.
2170 1000 2204 1053 6
2236 1009 2291 1053 et
2326 998 2356 1051 7
2391 1020 2404 1055 :
2442 998 2508 1053 Ut
2538 1010 2715 1053 autem
2749 1001 2959 1065 discas,
2997 998 3488 1071 quantunt'bonam
3534 1003 3601 1054 sit
3637 1016 3743 1054 non
3786 999 3956 1071 ullum

703 1089 909 1137 sapere,
948 1070 1253 1152 duos/inge
1278 1086 1488 1127 currus.
1516 1070 1681 1152 iunge
1704 1071 1973 1152 justitiam
2003 1086 2123 1124 cum
2155 1073 2487 1152 arrogantia,
2518 1079 2575 1152 et.
2597 1079 2869 1152 peccatum
2895 1085 3015 1152 clum
3046 1070 3344 1124 humilitate
3370 1086 3389 1125 :
3424 1072 3729 1152 videbimus:
3743 1070 3958 1152 peccati

703 1156 917 1195 currum
941 1138 1175 1210 justitia:
1194 1138 1407 1210 currum
1432 1138 1831 1210 praedem...
1866 1138 1932 1193 Ut
1962 1154 2119 1207 porro
2158 1138 2333 1193 videas
2361 1140 2496 1193 lianc
2522 1140 2696 1210 bigam
2721 1141 2817 1193 illa
2852 1139 3159 1193 velociorem
3189 1156 3323 1206 esse,
3356 1138 3643 1194 recordare
3662 1192 3665 1193 ν
3685 1138 3955 1210 l’ltnriscl

702 1218 754 1265 et
783 1208 1050 1280 publicani
1067 1228 1086 1275 ,-
1113 1210 1298 1277 janxit
1327 1208 1631 1262 Plurimus
1652 1209 1922 1278 justitiam
1957 1218 2005 1262 at
2034 1210 2421 1280 arrogantiam,
2448 1208 2689 1280 ete._His
2712 1209 3019 1280 conspectis
3054 1210 3143 1263 vix
3177 1220 3263 1280 est
3291 1210 3789 1280 quoddubitemus
3820 1209 3960 1280 hanc

706 1278 984 1333 homiliam
1010 1282 1199 1349 paucis
1220 1288 1341 1346 post
1358 1280 1675 1334 concionem
1704 1280 1950 1346 quintam
1988 1278 2179 1349 contra
2201 1278 2508 1349 gnomonis
2547 1278 2740 1333 diebus
2766 1279 3174 1348 pronuntiatam
3214 1278 3405 1349 fuisse.

3433 1279 3630 1346 Quinta
3685 1295 3821 1346 vero
3860 1278 3958 1331 he-

706 1350 855 1403 milia
877 1346 1070 1418 contra
1100 1347 1388 1403 Auernaeos
1410 1350 1848 1418 eamprtecessit,
1876 1363 1998 1418 qua
2024 1348 2077 1401 iu
2115 1346 2172 1402 S.
2201 1346 2584 1418 Philogonium
2618 1346 2874 1418 dicta)“
2902 1349 3143 1418 quinque
3168 1359 3295 1402 ante
3316 1348 3558 1404 Natalem
3592 1346 3811 1403 Domini
3842 1347 3958 1418 die-

708 1419 828 1473 bus.
862 1416 1230 1487 Quamobrem
1249 1420 1307 1487 si
1336 1418 1478 1475 inter
1507 1417 1862 1487 llomiljas__in
1898 1416 2275 1487 Philogouium
2304 1416 2445 1471 et’in
2475 1416 2718 1471 Natalem
2771 1416 2999 1487 Domini
3024 1416 3170 1475 nulla
3216 1419 3626 1483 intercesserit,
3665 1428 3725 1472 ut
3750 1417 3959 1487 optime

702 1487 922 1568 conjicit
954 1486 1351 1568 Tilletttonttitts,
1382 1486 1497 1568 haec
1532 1488 1584 1541 in
1616 1484 1740 1568 dies
1764 1484 2006 1568 Natalem
2040 1484 2253 1568 liom‘i'ui
2279 1490 2700 1568 subsequent”,
2736 1496 2898 1568 atque
2919 1486 3078 1568 .adeo
3117 1489 3170 1543 iu
3202 1498 3529 1568 postremos
3563 1490 3692 1568 anni
3867 1500 3961 1564 ap-

704 1553 881 1627 posite
908 1557 1220 1627 conjicitur.
1250 1553 1369 1621 Qua
1399 1556 1465 1611 de
1492 1571 1550 1610 re
1580 1556 1830 1626 pluribus
1864 1566 2055 1627 agetur
2082 1557 2135 1610 in
2165 1554 2283 1611 Vita
2310 1553 2708 1627 Chrysostomi.
2741 1553 2969 1614 Occasio
2993 1566 3174 1614 autem
3200 1553 3365 1629 liujus
3387 1558 3647 1614 habenda:
3669 1556 3959 1612 conciuuis

724 1821 1117 1833 ——-——~—I—

2135 2035 2493 2108 INEOS

812 2183 921 2243 QUI
966 2184 1134 2230 ιλιι
1181 2185 1479 2228 υτῦκτυιι
1526 2185 1652 2227 HOC
1694 2185 1992 2228 Ανοετοιι
2036 2186 2249 2246 ωσι-ο,
2297 2188 2310 2229 ε

2387 2188 2436 2227 Ἐ
2481 2187 2599 2229 PER
2644 2188 3063 2245 OCCASIONEM,
3094 2191 3232 2234 SIVE
3277 2192 3397 2234 νει
3440 2189 3841 2246 νεκιτιτευ,

1169 2262 1475 2307 cnatsrus
1522 2245 2042 2326 Ακιηυκτιηυψ(
2071 2246 2351 2325 Philipp.
2389 2248 2445 2306 1.
2479 2248 2553 2308 13
2588 2250 2608 2331 )
2638 2270 2654 2320 ;

2258 2362 2367 2419 ΞῘΞΙ

775 2486 825 2541 Ι.
886 2486 951 2541 In
988 2484 1284 2539 humilitate
1315 2495 1572 2555 quantum
1606 2485 1746 2549 boni,
1788 2493 1837 2537 et
1873 2487 1927 2540 in
1963 2490 2277 2557 arrogantia

701 2584 959 2646 quantum
1018 2572 1149 2628 mali
1199 2574 1344 2627 insit.
1406 2604 1475 2614 --
1527 2572 1664 2628 Cum
1709 2590 1887 2643 nuper
1931 2575 2186 2630 Pharisaai
2220 2582 2278 2630 et

701 2664 981 2735 publicani
1036 2663 1372 2719 mentionem
1429 2662 1772 2727 faceremus,
1834 2678 1899 2717 ac
1952 2662 2091 2718 duos
2145 2678 2274 2717 cur-

703 2768 800 2809 rus
832 2770 900 2808 ex
936 2754 1141 2809 virtute
1175 2761 1231 2808 et
1267 2770 1335 2807 ex
1370 2753 1507 2807 vitio
1534 2754 1927 2824 jungeremus,
1978 2762 2271 2823 utrumque

700 2841 1106 2908 ostendimus,
1146 2848 1413 2911 quantum
1453 2841 1525 2897 sit
1565 2843 1617 2895 in
1658 2840 1962 2895 humilitate
2001 2841 2137 2896 lucri
2163 2882 2177 2905 ,
2216 2851 2273 2897 et

698 2940 967 3003 quantum
1006 2933 1062 2987 in
1095 2931 1405 3001 arrogantia
1445 2930 1649 2983 damni.
1695 2929 1819 2984 [hec
1850 2929 2054 2999 quippe
2103 2929 2270 2984 etiam

699 3036 826 3077 cum
861 3023 1102 3093 justitia,
1162 3030 1218 3077 et
1255 3038 1381 3076 cum
1415 3020 1667 3090 jejuniis,
1726 3029 1889 3089 atque
1929 3020 2268 3076 decimarum

698 3111 973 3167 solutione
1034 3113 1359 3182 conjuncta.
1417 3110 1619 3165 defecit
1678 3120 1859 3165 tamen
1922 3128 1937 3163 :
1997 3111 2090 3165 illa
2138 3127 2271 3165 vero

698 3200 865 3252 etiam
913 3214 1039 3255 cum
1102 3209 1329 3269 peccato
1377 3198 1669 3267 capulata,
1734 3198 2071 3255 Pharisaeum
2132 3215 2275 3271 pra-

702 3282 896 3349 vertit,
926 3284 1025 3338 etsi
1054 3283 1351 3349 improbum
1381 3286 1616 3353 aurigam
1644 3297 1817 3341 nacta.
1850 3288 1987 3355 Quid
2015 3290 2155 3344 enim
2188 3306 2281 3361 pe-

698 3375 784 3445 jus
814 3376 1128 3445 publicano?
1153 3378 1397 3430 Attamen
1427 3378 1544 3445 quia
1575 3377 1804 3432 animam
1832 3394 1983 3435 suam
2008 3382 2279 3449 contrivit,

701 3475 835 3521 etse
864 3476 1197 3537 peccatorcm
1246 3465 1557 3534 declaravit,
1607 3478 1663 3522 ut
1704 3484 1893 3524 revera
1921 3481 2058 3535 erat,
2091 3471 2280 3526 Plui-

700 3572 864 3611 szenm
886 3557 1172 3626 superavit,
1200 3557 1285 3626 qui
1302 3557 1500 3626 jejuuia
1521 3567 1574 3612 et
1600 3558 1929 3614 decimarum
1957 3562 2279 3619 solutionem

703 3647 943 3716 proferre
1002 3659 1231 3716 po:erat,
1272 3660 1493 3718 eratque
1537 3650 1604 3704 ab
1635 3652 1779 3705 omni
1835 3654 2069 3721 nequitia
2124 3654 2275 3707 iiber.

702 3741 827 3802 Cur,
855 3748 909 3793 et
928 3754 1027 3808 qua
1052 3739 1118 3793 de
1138 3743 1341 3794 causa?
1368 3740 1501 3808 Quia
1529 3744 1626 3795 etsi
1655 3742 1722 3795 ab
1746 3744 1965 3815 avaritia
1995 3754 2050 3798 et
2075 3759 2105 3799 a
2137 3747 2279 3815 rapi-

702 3845 767 3884 na
807 3836 951 3884 esset
974 3830 1200 3895 alienus,
1252 3830 1486 3884 mnuium
1539 3814 1798 3887 maioruin
1834 3842 2058 3887 matrem
2090 3850 2279 3889 vanam

700 3920 919 3988 gloriam
969 3929 1022 3974 et
1062 3920 1419 3990 arrogantiam
1453 3921 1635 3975 habuit
1674 3921 1725 3976 iu
1757 3924 1935 3977 animo
1966 3925 2277 3979 radicatam.

704 4012 825 4067 Ideo
880 4011 1075 4067 Paulus
1124 4012 1367 4066 hortatur
1394 4024 1446 4067 et
1496 4012 1624 4067 dicit
1672 4031 1687 4067 :
1736 4013 1879 4083 Opus
1917 4031 2063 4069 suum
2106 4017 2278 4087 probet

702 4102 1043 4171 unusquisque
1070 4142 1086 4166 ,
1118 4110 1164 4154 et
1192 4102 1263 4155 sic
1293 4102 1344 4155 in
1380 4103 1645 4172 semetipso
1701 4104 1915 4174 gloriam
1958 4104 2185 4167 habebit,
2233 4115 2281 4159 et

702 4210 802 4248 non
830 4194 883 4247 in
903 4194 1063 4247 altero
1091 4191 1233 4263 (fi-.l.
1257 4192 1311 4248 ϐ.
1350 4191 1424 4259 ι).
1468 4191 1562 4249 llic
1604 4204 1781 4249 autem
1811 4195 1970 4249 totius
2010 4194 2157 4251 orbis
2192 4212 2283 4252 ac-

700 4293 918 4339 cusator
948 4284 1002 4340 in
1028 4282 1262 4339 medium
1295 4285 1552 4354 prorupit.
1580 4299 1744 4356 seque
1772 4286 2021 4341 omnibus
2048 4286 2281 4342 homini-

707 4377 804 4431 bus
834 4376 1113 4432 meliorem
1140 4375 1293 4430 dixit.
1322 4376 1479 4445 Atqui
1506 4377 1550 4431 si
1580 4377 1755 4446 denis,
1799 4378 1846 4435 si
1871 4379 2049 4449 quiuis
2068 4422 2081 4443 ,
2114 4380 2157 4433 si
2204 4380 2284 4436 bi-

701 4466 804 4532 nis,
844 4467 951 4521 imo
976 4466 1021 4522 si
1052 4466 1143 4522 uni
1194 4466 1428 4535 seipsum
1458 4469 1812 4537 praetulisset,
1858 4486 1926 4524 ne
1974 4470 2025 4524 id
2065 4470 2281 4541 quidem

701 4558 978 4615 ferendum
1021 4566 1137 4613 erat
1170 4576 1185 4615 :
1209 4558 1317 4628 jam
1352 4573 1481 4613 vero
1523 4573 1630 4614 non
1674 4574 1735 4615 se
1777 4569 1977 4614 tantum
2033 4563 2126 4616 toti
2163 4562 2281 4617 orbi

702 4652 1029 4721 anteposuit,
1058 4651 1151 4705 sed
1181 4651 1341 4706 etiam
1371 4666 1557 4708 omnes
1572 4653 1857 4707 accusavit.
1891 4652 2017 4708 ideo
2041 4654 2093 4708 io
2120 4670 2282 4710 cursu

699 4740 915 4797 defecit.
944 4741 1008 4797 Et
1031 4756 1131 4796 ceu
1153 4743 1319 4805 navis,
1342 4741 1431 4811 qui
1463 4742 1769 4797 innmneros
1790 4730 1981 4798 fluctus
2009 4753 2282 4813 pertrans-

702 4832 781 4895 iit,
825 4842 879 4887 et
929 4840 1268 4901 tempestates
1294 4832 1486 4888 multas
1525 4832 1727 4904 effugit,
1753 4848 1817 4887 ac
1844 4834 2038 4889 deinde
2068 4836 2120 4889 in
2170 4838 2286 4905 ipso

708 4932 888 4991 portus
908 4924 1046 4977 ostio
1070 4922 1122 4976 in
1150 4922 1379 4993 aliquem
1416 4923 1692 4991 scopulum
1724 4924 1961 4994 impegit,
1994 4940 2206 4979 omnem
2231 4941 2283 4979 m

703 5028 763 5068 se
784 5013 1073 5083 repositum
1095 5012 1401 5068 thesaurum
1429 5012 1622 5067 amittit
1650 5030 1662 5063 :
1694 5014 1761 5067 ita
1783 5022 1837 5067 et
1867 5012 1953 5068 hic
1983 5014 2285 5069 Pharisaeus

705 5101 1031 5172 post'jrjunii
1062 5112 1483 5171 cmtrrarumquc
1509 5101 1748 5156 omnium
1765 5103 2015 5157 virtutum
2046 5104 2277 5168 labores.

706 5192 826 5261 quia
857 5193 1089 5261 linguam
1119 5206 1223 5246 non
1250 5190 1508 5256 cohibuit,
1536 5191 1587 5244 in
1618 5191 1734 5260 ipso
1764 5201 1916 5261 portu
1954 5192 2281 5263 naufragium

704 5282 852 5338 fecit.
876 5284 952 5339 Ex
981 5285 1225 5355 precibus
1240 5284 1404 5349 enim,
1430 5284 1567 5338 unde
1585 5283 1790 5337 iucrmu
1808 5293 1921 5337 erat
1937 5286 2278 5353 sperandum,

706 5390 829 5429 cum
862 5383 1010 5431 tanto
1031 5376 1179 5432 abire
1219 5374 1449 5441 damno,
1499 5374 1632 5430 nihil
1676 5374 1819 5428 aliud
1867 5387 1997 5440 erat,
2040 5392 2198 5447 quam
2226 5376 2279 5431 iu

709 5476 865 5536 portu
888 5466 1215 5537 naufragium
1244 5464 1438 5521 facere.

761 5555 837 5620 (α)
869 5556 1050 5606 Collata
1073 5571 1180 5607 cum
1199 5556 1311 5607 llas.
1334 5555 1625 5620 coibertinis
1653 5555 1749 5620 970
1780 5554 1996 5620 et_3058,
2020 5557 2103 5620 qui
2126 5557 2197 5606 sic
2217 5557 2274 5605 ti-

698 5616 853 5669 tulum
888 5620 1105 5688 taliet-unt
1121 5632 1134 5667 :
1150 5621 1205 5687 κ)
1214 5621 1396 5688 cadent;
1426 5624 1534 5688 ante
1550 5616 1675 5688 lianc
1686 5616 1933 5688 horniliam
1949 5618 2010 5688 de
2029 5616 2274 5688 Monstra

698 5678 1200 5744 www.mx'
1217 5680 1265 5731 in
1286 5693 1365 5733 eos
1380 5678 1522 5733 verba
1544 5678 1659 5742 facit
1683 5678 1765 5743 qui
1788 5678 1913 5729 male
1935 5684 2146 5739 uttmtur,
2174 5686 2269 5730 etc.

2701 2269 2782 2310 ur
2825 2270 2908 2311 ne
2953 2270 3348 2314 ιιυιιιιιτΑτΕ
3396 2251 3505 2334 (η).

2380 2386 2632 2401 ﬂ

2460 2490 2516 2544 2.
2552 2491 2675 2546 llaec
2698 2506 2819 2545 eum
2848 2491 3100 2556 sciamus,
3130 2490 3331 2557 dilecti,
3354 2490 3561 2546 etiamsi
3588 2490 3640 2544 iu
3670 2491 3846 2560 ipsum
3870 2488 3972 2544 vir-

2386 2583 2513 2636 tutis
2562 2580 2827 2651 fastigium
2873 2582 3307 2651 pervenerit-ms,
3345 2596 3446 2637 nos
3484 2580 3723 2634 omnium
3769 2588 3975 2648 [nutrc-

2385 2688 2500 2727 mos
2530 2674 2942 2727 existimemus:
2981 2687 3102 2726 cum
3145 2670 3492 2726 didicerint-us
3516 2671 3885 2739 arrogantiam
3914 2685 3976 2724 es

2385 2765 2500 2833 ipso
2520 2765 2653 2819 cado
2680 2779 2836 2833 posse
2860 2779 2983 2819 eum
3006 2804 3022 2831 ,
3057 2763 3149 2833 qui
3178 2778 3284 2817 non
3309 2762 3409 2817 sibi
3441 2762 3686 2823 attendit,
3721 2759 3976 2830 dejicere.

2384 2864 2436 2909 et
2465 2855 2818 2909 humilitatem
2847 2869 2993 2920 eum,
3021 2854 3110 2923 qui
3144 2854 3195 2906 in
3228 2862 3568 2922 peccatorum
3596 2852 3852 2921 abyssum
3884 2848 3978 2903 de-

2385 2959 2596 2999 mersus
2618 2945 2720 3009 sit,
2747 2945 2797 2998 in
2826 2943 2992 2997 altum
3018 2943 3277 2998 reducere
3300 2983 3315 3008 ,
3349 2945 3395 2997 si
3418 2942 3661 2997 modeste
3680 2949 3822 3011 agat.
3857 2938 3980 2995 [ire

2384 3036 2526 3091 enim
2556 3036 2826 3089 Pharisa'o
2851 3035 3192 3104 publicanum
3220 3034 3537 3104 pra'posuit;
3568 3034 3659 3087 illa
3689 3047 3822 3085 vero
3843 3073 3860 3094 ,
3894 3029 3978 3085 ui-

2387 3126 2580 3181 mirum
2609 3124 2912 3195 arrogantia
2942 3135 2997 3180 et
3035 3126 3284 3195 superbia
3304 3165 3321 3191 ,
3352 3126 3518 3195 ipsius
3543 3124 3739 3179 diaboli
3797 3122 3978 3193 incor-

2388 3215 2538 3285 porei
2577 3216 2681 3269 vim
2703 3216 3002 3285 superavit,
3048 3217 3324 3270 humilitas
3353 3226 3531 3270 autem
3560 3224 3613 3269 et
3639 3213 3979 3283 propriorum

2392 3316 2731 3374 peccatorum
2762 3304 2962 3375 agnitio
2988 3305 3249 3360 latronem
3280 3314 3404 3359 ante
3444 3304 3716 3373 apostolos
3742 3304 3796 3356 in
3827 3317 3981 3372 para-

2387 3397 2558 3451 disqu
2582 3395 2808 3449 induxit.
2838 3395 2893 3450 Si
2930 3406 3108 3449 autem
3134 3395 3205 3460 ii,
3234 3395 3321 3463 qui
3366 3408 3460 3447 sua
3495 3393 3822 3447 confitentur
3852 3407 3980 3462 pec-

2386 3498 2500 3543 cata
2520 3530 2535 3555 ,
2562 3498 2760 3543 tantam
2792 3486 2892 3541 sibi
2931 3487 3177 3542 fiduciam
3204 3484 3491 3541 conciliant
3520 3502 3534 3539 :
3566 3485 3598 3538 ii
3631 3485 3722 3555 qui
3750 3484 3855 3538 sibi
3888 3484 3981 3538 bo-

2388 3596 2577 3636 norum
2608 3581 2895 3635 multorum
2925 3580 3125 3636 conscii
3150 3580 3382 3634 animam
3416 3591 3592 3633 tamen
3620 3592 3773 3632 suam
3808 3576 3982 3630 hmui-

2386 3670 2549 3735 liaut,
2592 3681 2819 3739 quantas
2878 3685 2984 3725 non
3034 3684 3261 3725 coronas
3307 3668 3697 3737 assequentur?
3753 3666 3979 3735 Quamio

2387 3760 2529 3814 enim
2568 3772 2840 3829 peccatum
2869 3775 2990 3814 cum
3015 3761 3310 3815 humilitate
3325 3760 3561 3831 jugatur,
3592 3768 3696 3814 tam
3724 3758 3978 3828 expedite

2388 3850 2589 3916 currit,
2619 3860 2675 3903 ut
2696 3850 2955 3918 justitiam
2994 3864 3115 3904 cum
3147 3851 3445 3921 arrogantia
3469 3849 3709 3919 junctam
3758 3861 3979 3919 superet

2386 3950 2547 4008 atque
2573 3949 2876 4007 prznvertat.
2908 3939 2961 3995 Si
2984 3954 3112 4009 ergo
3141 3939 3285 3994 illam
3314 3954 3437 3993 cum
3463 3926 3975 4010 justitia'junxcris.

2386 4044 2491 4097 quo
2539 4045 2644 4083 non
2702 4030 3014 4098 pervenietl
3062 4038 3192 4098 quot
3220 4029 3389 4085 caios
3433 4045 3539 4083 non
3584 4029 3977 4098 pertransibit?

2385 4118 2553 4174 Stabit
2574 4119 2727 4187 plane
2750 4118 2939 4173 tiducia
2957 4133 3141 4187 magna
3158 4119 3298 4173 inter
3315 4118 3533 4190 angelos
3544 4128 3669 4173 ante
3690 4117 3865 4187 ipsum
3887 4118 3976 4174 Dei

2389 4212 2658 4265 thronum.
2686 4208 2882 4265 Contra
2925 4211 2969 4263 si
2994 4210 3294 4279 arrogantia
3324 4225 3443 4265 cum
3473 4210 3675 4279 iustitia
3703 4210 3972 4279 copulata,

2390 4300 2637 4370 nequitiac
2666 4314 2777 4354 sum
2803 4299 2944 4354 mole
2980 4314 3044 4355 ac
3077 4300 3311 4369 pondere
3337 4300 3456 4369 ejus
3507 4298 3754 4353 fiduciam
3800 4299 3976 4353 detra—

2388 4391 2518 4446 here
2569 4392 2739 4461 potuit
2767 4406 2780 4441 :
2811 4391 2855 4443 si
2907 4404 3028 4444 cum
3058 4398 3279 4459 peccato
3300 4389 3575 4459 jungatur,
3610 4389 3663 4443 in
3688 4404 3853 4459 quam
3884 4404 3974 4460 ge-

2389 4481 2618 4536 henuam
2651 4494 2757 4543 non
2787 4479 3137 4549 praecipitahit
3165 4495 3287 4535 eum
3308 4520 3325 4547 ,
3352 4480 3442 4550 qui
3470 4480 3558 4535 illa
3586 4479 3839 4535 detentus
3868 4477 3974 4535 sitl

2462 4570 2741 4625 Humilitas
2767 4563 3104 4639 philosophia
3132 4580 3319 4625 nostrte
3340 4569 3828 4641 fundomantum.—
3853 4569 3975 4627 nec

2389 4661 2509 4717 dico
2552 4676 2657 4715 non
2683 4670 2736 4715 ut
2771 4661 3031 4731 justitiam
3074 4661 3436 4732 negligamus,
3469 4660 3564 4716 sed
3604 4670 3663 4715 ut
3713 4659 3974 4731 fugiamus

2390 4754 2779 4824 arrogantiam;
2810 4766 2915 4806 non
2943 4761 2998 4807 ut
3026 4766 3337 4821 peccemus,
3370 4751 3464 4808 sed
3492 4761 3552 4808 ut
3577 4752 3825 4807 modeste
3848 4766 3970 4824 aga-

2390 4860 2529 4900 mus.
2571 4842 2930 4912 Pbilosophia:
2968 4842 3163 4912 quippe
3202 4851 3401 4899 nostra
3446 4840 3857 4897 fundamentum
3895 4849 3972 4898 est

2391 4934 2681 4988 humilitas.
2712 4932 2825 4987 Etsi
2854 4932 3136 4987 innumera
3162 4947 3375 4988 sursum
3404 4931 3637 4989 adiﬂces
3656 4972 3671 4996 .
3702 4932 3806 4988 etsi
3835 4930 3975 4987 cico-

2391 5040 2691 5097 mosynam,
2740 5036 2927 5094 preces
2956 5064 2972 5092 ,
3022 5022 3321 5093 jejunium,
3390 5037 3685 5094 omnesque
3748 5022 3973 5077 virtutes

2388 5131 2671 5185 congeras,
2703 5115 2805 5169 nisi
2835 5128 2953 5169 eam
3003 5130 3098 5184 pro
3124 5113 3469 5170 fundamento
3497 5113 3760 5185 posueris,
3798 5110 3970 5168 omnia

2390 5207 2586 5262 frustra
2610 5218 2662 5263 ct
2687 5208 2957 5263 incassum
2982 5206 3279 5275 mdiﬂcasti,
3306 5208 3519 5277 citoqtto
3544 5214 3819 5269 corruant.
3838 5219 3961 5277 pcr-

2391 5298 2514 5353 inde
2562 5308 2721 5367 atque
2782 5297 3068 5352 mditlcium
3111 5297 3240 5354 illud
3290 5310 3455 5368 super
3494 5310 3719 5353 arenam
3759 5306 3970 5351 exstru-

2386 5403 2553 5446 ctum.
2585 5390 2796 5447 Nullum
2852 5391 3052 5460 quippe
3083 5403 3221 5460 epos
3270 5388 3471 5445 bonum
3523 5401 3632 5442 non
3686 5386 3773 5441 illa
3822 5392 3971 5457 eget.

2388 5485 2591 5539 nullum
2632 5484 2747 5539 sine
2778 5484 2863 5538 illa
2892 5493 3037 5539 stare
3064 5483 3275 5553 poterit.
3304 5479 3413 5538 Sed
3451 5478 3660 5536 etiamsi
3689 5480 3970 5535 contiun-

2391 5575 2517 5630 tiam
2545 5575 2747 5630 dixeris
2767 5615 2782 5642 ,
2819 5573 3029 5629 etiamsi
3058 5574 3448 5643 virginitatem,
3474 5569 3685 5625 etiamsi
3714 5568 3964 5639 pecunia-

2381 5684 2498 5725 rum
2514 5676 2899 5739 contemptum,
2919 5665 3130 5723 etiamsi
3150 5664 3357 5737 quidvis
3374 5660 3729 5728 aiiud,omuia
3744 5659 3952 5717 immuu
