4194 6302
231 378 344 434 313

230 490 343 553 da,
383 488 720 547 exsecranda
759 497 815 545 et
856 486 1216 544 abominanda
1264 486 1485 542 absente
1536 486 1839 541 humilitate

239 587 395 635 sunt.
423 578 634 649 Ubique
680 580 844 651 igitur
871 578 1015 634 illam
1064 580 1115 633 in
1149 577 1363 645 verbis,
1388 578 1441 632 in
1469 577 1756 647 operibus,
1786 576 1841 630 in

234 669 657 740 cogitationibus
695 683 1071 737 assumamus,
1116 676 1172 724 et
1213 683 1336 723 cum
1377 668 1469 724 illa
1513 668 1628 723 hac
1674 665 1842 722 todill-

232 773 447 814 (emus.

312 849 372 904 5.
408 848 606 904 Verum
630 848 704 906 de
724 848 1025 906 humilitate
1053 849 1171 906 haec
1196 850 1327 905 satis
1354 857 1514 905 sunto
1534 890 1552 917 ,
1596 864 1703 906 non
1744 863 1845 919 pro

236 939 501 1011 dignitate
529 940 648 1005 rei;
678 956 841 996 nemo
864 934 1063 1012 quippe
1091 941 1237 996 illam
1276 939 1543 1011 condigne
1569 940 1845 995 celebrare

245 1032 452 1098 pOSsit;
476 1030 572 1086 sed
601 1030 670 1087 ad
700 1030 1108 1102 intelligentiam
1140 1040 1332 1086 vestra:
1352 1031 1559 1086 caritati
1588 1028 1841 1085 dandam.

239 1120 380 1177 Novi
420 1121 617 1191 quippe
639 1137 737 1177 vos
758 1138 823 1177 es
855 1126 1039 1193 paucis
1063 1123 1172 1179 illis
1192 1164 1205 1187 ,
1235 1138 1355 1193 qua:
1383 1122 1586 1193 prmfati
1617 1136 1804 1177 sumus
1823 1159 1842 1189 ,

240 1212 389 1267 illam
414 1216 585 1281 multo
611 1214 791 1270 studio
813 1216 1144 1285 suscepisse.
1185 1215 1320 1283 Quia
1351 1228 1481 1271 vero
1510 1228 1734 1271 necesse
1760 1222 1845 1270 est

238 1306 599 1374 apostolicum
628 1308 830 1362 dictum
878 1307 1149 1363 bolierua:
1176 1309 1421 1363 lectionis
1446 1350 1461 1373 ,
1489 1308 1631 1378 quod
1661 1306 1845 1363 multis

240 1396 457 1451 videtur
484 1399 727 1464 segnitiei
752 1400 1089 1455 occasionem
1111 1402 1371 1469 praebere,
1403 1399 1616 1468 planum
1643 1400 1840 1467 facere,

236 1494 300 1538 ut
323 1502 393 1541 ne
416 1488 634 1557 quidam
654 1489 778 1544 inde
798 1489 986 1563 frigida
1009 1500 1219 1561 sumpta
1249 1492 1593 1546 excusatione
1618 1492 1843 1546 salutem

240 1592 398 1632 suam
434 1581 748 1650 negligant:
790 1597 891 1653 age
938 1583 1034 1638 illo
1079 1598 1388 1638 sermonem
1433 1584 1842 1637 transferamus.

239 1669 526 1737 Quodnam
554 1683 636 1726 est
666 1673 865 1729 dictum
894 1674 1068 1729 illud?
1094 1674 1216 1729 Sive
1249 1692 1340 1744 per
1380 1677 1691 1730 occasionem
1713 1716 1726 1741 ,
1760 1676 1846 1729 in-

240 1760 393 1829 quit,
445 1763 548 1816 sire
589 1781 679 1833 per
705 1767 966 1821 ueritatem
990 1808 1007 1832 ,
1056 1767 1288 1822 Christus
1316 1769 1651 1822 annuntiatur
1686 1767 1845 1839 (Phi-

241 1859 376 1927 (ipp.
410 1856 464 1911 1.
492 1855 603 1923 18).
636 1855 751 1911 Hoc
776 1858 928 1911 multi
957 1859 1277 1929 simpliciter
1302 1869 1355 1913 et
1384 1870 1587 1917 temere
1608 1860 1846 1916 circum-

241 1947 457 2010 ierunt,
492 1947 585 2016 qui
617 1958 716 2001 nec
749 1947 927 2017 priora
968 1964 1067 2004 nec
1109 1951 1388 2019 sequentia
1420 1952 1695 2021 legerunt;
1751 1952 1845 2006 sed

238 2044 450 2092 resecta
478 2036 811 2106 reliquorum
843 2038 1210 2093 membrorum
1237 2042 1377 2095 serie
1397 2083 1412 2109 ,
1458 2042 1508 2094 in
1544 2042 1845 2097 animarum

238 2144 462 2182 suarum
495 2131 785 2197 perniciem
819 2130 933 2186 haec
969 2132 1309 2200 segnioribus
1347 2142 1669 2203 proponunt.
1712 2135 1844 2190 Nam

238 2218 371 2273 dum
402 2229 610 2274 tentant
632 2236 727 2275 eos
750 2237 777 2274 a
807 2236 933 2275 sana
969 2222 1071 2275 lide
1097 2222 1399 2289 abducere,
1432 2225 1733 2297 dcindeque
1764 2230 1845 2281 vi-

248 2312 385 2367 dent
406 2328 500 2368 eos
529 2313 907 2368 formidulosos
936 2330 997 2367 ac
1030 2317 1319 2381 tremulos,
1351 2318 1501 2385 quasi
1519 2318 1579 2377 .id
1610 2335 1713 2373 non
1748 2336 1843 2374 va-

236 2414 330 2460 cet
357 2406 596 2472 periculo
626 2424 638 2459 :
673 2415 729 2459 ut
770 2408 1016 2461 timorem
1044 2422 1231 2461 eorum
1273 2409 1515 2475 solvant,
1565 2410 1665 2465 hoc
1716 2425 1845 2479 apo-

236 2494 492 2549 stolicum
523 2495 804 2564 proferunt
849 2496 1119 2561 dicentes,
1172 2498 1366 2553 Paulus
1410 2498 1512 2555 hoc
1548 2502 1845 2566 concessit,

239 2585 528 2655 inquiens,
575 2586 695 2640 Sire
734 2602 825 2657 per
871 2588 1221 2651 occasionem,
1274 2589 1377 2641 sire
1424 2606 1512 2657 per
1556 2591 1844 2657 ueritatem,

238 2680 479 2738 Christus
518 2682 883 2735 annuutictur.
915 2681 1019 2736 Sed
1049 2680 1163 2734 hzrc
1190 2696 1295 2735 non
1324 2683 1393 2735 ita
1423 2696 1480 2737 se
1500 2680 1849 2749 habent,non

239 2773 315 2850 ita
343 2774 546 2845 utique.
581 2773 712 2827 Nam
744 2774 917 2842 primo
965 2789 1070 2827 non
1115 2772 1277 2839 dixit,
1320 2774 1685 2840 annuntietur,
1724 2773 1845 2839 sed,

239 2866 612 2931 Annuntiatur,
640 2864 785 2936 quod
831 2864 1057 2918 multum
1084 2862 1263 2918 diﬂ‘ert
1291 2863 1359 2918 ab
1383 2863 1492 2917 illo.
1520 2863 1731 2918 Etenim
1762 2863 1847 2917 di-

237 2970 403 3021 cere,
454 2956 823 3016 annuntietur,
878 2954 1050 3025 legem
1091 2954 1269 3008 dantis
1310 2960 1426 3018 est;
1478 2953 1844 3018 Annuntiatur,

240 3063 375 3104 vero
400 3047 617 3114 dicere,
668 3047 719 3102 id
760 3045 902 3117 quod
950 3045 1214 3115 contingit
1256 3044 1523 3099 narrantis
1552 3054 1653 3100 est.
1693 3042 1849 3111 Quod

243 3156 375 3197 vero
415 3139 613 3195 Paulus
652 3154 758 3194 non
811 3139 982 3207 legem
1029 3135 1163 3190 lerat
1200 3143 1259 3190 ut
1280 3136 1388 3190 sint
1431 3134 1703 3199 han-eses,
1752 3132 1847 3190 sed

241 3230 478 3285 abducat
500 3244 690 3284 omnes
718 3229 806 3300 qui
840 3228 939 3298 ipsi
970 3226 1341 3291 attenderem,
1372 3225 1495 3279 audi
1526 3225 1652 3295 quid
1700 3225 1845 3279 dixe-

241 3321 351 3375 rit:
383 3320 442 3374 Si
467 3324 581 3385 quis
607 3319 743 3373 vobis
769 3318 1082 3389 evangelise:
1112 3326 1292 3387 praeter
1318 3318 1371 3370 id
1399 3318 1532 3386 quod
1562 3318 1845 3383 accepistis,

240 3411 516 3466 anathema
546 3396 645 3475 siti,
678 3410 772 3464 etsi
799 3425 891 3480 ego
913 3450 927 3475 ,
957 3410 1050 3462 etsi
1089 3410 1301 3479 angelus
1338 3409 1401 3462 de
1442 3408 1578 3462 caelis
1618 3406 1759 3477 (Gai.
1794 3409 1846 3462 1.

241 3502 299 3557 8.
328 3499 548 3572 9).Nou
578 3509 756 3555 autem
786 3508 841 3554 et
867 3514 925 3553 se
949 3508 1005 3555 et
1032 3499 1280 3569 angelum
1308 3497 1810 3553 anathematizasset
1828 3538 1843 3563 ,

242 3593 288 3647 si
317 3607 431 3647 rem
460 3594 577 3647 sine
600 3591 836 3663 periculo
863 3606 985 3646 esse
1002 3591 1265 3645 scivissct.
1289 3592 1365 3645 Ac
1387 3604 1598 3644 rursum
1619 3608 1634 3644 ε
1657 3588 1848 3644 Αῐηια-

245 3686 325 3739 lor
344 3686 477 3739 enim
509 3701 593 3738 uos
625 3682 721 3738 Dei
764 3684 1129 3739 cmulatione:
1172 3683 1421 3752 despondi
1459 3683 1593 3737 enim
1633 3699 1720 3737 uos
1758 3683 1848 3737 uni

234 3775 349 3828 viro
381 3773 631 3842 uirginem
663 3784 902 3838 castam;
933 3773 1089 3827 timeo
1120 3783 1297 3827 autent
1335 3789 1416 3839 ne,
1446 3774 1585 3826 sicut
1618 3790 1829 3844 serpens

239 3864 410 3918 Euam
440 3866 642 3932 decepit
686 3865 886 3921 astutia
916 3882 1016 3919 sua
1038 3906 1053 3931 ,
1100 3866 1177 3919 sic
1205 3874 1618 3933 corrumpantur
1645 3882 1831 3922 sensus

236 3957 447 4008 restria
466 3956 807 4020 simplicitate
822 3973 940 4025 qua:
953 3967 1030 4011 est
1048 3957 1102 4011 in
1119 3956 1330 4011 Christo
1347 3955 1497 4024 (Cen.
1518 3958 1570 4012 5.
1588 3958 1640 4023 ι;
1656 3958 1828 4015 2Cor.

250 4046 331 4098 ll.
378 4046 430 4097 2.
458 4046 489 4098 3
512 4062 544 4104 ι.
603 4047 743 4100 Ecce
777 4055 833 4099 et
858 4044 1268 4116 simplicitatem
1297 4046 1503 4114 posuit,
1539 4052 1594 4098 et
1624 4043 1845 4097 veniam

244 4150 350 4190 non
395 4136 557 4190 dedit.
595 4136 726 4190 Nam
750 4138 794 4192 si
823 4137 976 4193 venia
1006 4148 1184 4208 esset,
1212 4148 1361 4195 certe
1400 4140 1698 4209 periculum
1739 4155 1847 4197 non

242 4239 400 4293 erat;
432 4231 475 4283 si
506 4231 816 4298 periculum
860 4247 966 4285 non
1004 4240 1158 4297 erat,
1213 4248 1318 4286 non
1361 4233 1543 4303 utique
1581 4234 1849 4291 timuisset

244 4320 471 4385 Paulus;
497 4337 670 4389 neque
700 4321 947 4376 Christus
972 4323 1170 4377 zizauia
1214 4323 1451 4379 comburi
1479 4324 1764 4394 jussisset,
1802 4328 1847 4381 si

244 4428 333 4467 res
391 4413 705 4469 inditTcrcns
752 4425 867 4471 erat
903 4415 1060 4483 huic,
1092 4415 1166 4469 illi
1197 4416 1278 4471 vel
1305 4417 1391 4471 alii
1423 4418 1701 4473 attendere
1730 4434 1846 4473 om-

243 4506 511 4577 nibusque
533 4508 872 4576 simpliciter.
1594 4564 1601 4571 ,

312 4599 368 4653 4.
395 4598 529 4667 Quid
561 4599 660 4653 sibi
690 4602 803 4653 vult
838 4601 964 4655 illttd
1005 4603 1146 4671 quod
1177 4600 1377 4657 dictum
1410 4605 1529 4656 est?
1559 4604 1722 4657 Paulo
1750 4606 1835 4658 al-

241 4690 351 4745 tius
370 4691 520 4745 vobis
550 4700 713 4744 totam
743 4691 1019 4746 historiam
1045 4704 1282 4762 repetam
1310 4710 1323 4746 :
1348 4692 1623 4747 sciendum
1652 4695 1847 4764 quippe

242 4792 326 4837 est
371 4798 478 4851 quo
519 4783 570 4835 in
622 4790 762 4836 statu
813 4782 1009 4836 Paulus
1054 4792 1198 4837 esset
1243 4799 1364 4837 cum
1406 4782 1521 4835 lucc
1561 4785 1843 4839 scriberet.

243 4875 364 4941 Quo
393 4875 444 4927 in
476 4884 620 4928 statu
652 4874 807 4943 igitur
834 4876 989 4927 erat?
1022 4875 1073 4927 in
1106 4890 1325 4929 carcere
1346 4916 1360 4938 ,
1403 4886 1457 4929 et
1494 4878 1696 4931 catenis
1718 4918 1731 4943 ,
1762 4879 1845 4931 in-

242 4964 600 5035 gentibusque
629 4964 903 5034 periculis.
926 4963 1204 5019 Undeuam
1233 4966 1284 5019 id
1314 4966 1521 5036 liquet?
1549 4968 1621 5022 Ex
1643 4983 1703 5022 ea
1735 4970 1847 5039 ipsa

242 5057 470 5127 epistola
506 5076 517 5109 :
550 5073 673 5111 nam
700 5066 855 5111 antea
904 5058 1152 5112 dixerat:
1185 5059 1331 5113 Scire
1371 5046 1536 5113 autem
1576 5077 1663 5114 vos
1705 5062 1844 5126 volo,

244 5143 453 5217 fratres,
482 5148 620 5217 quod
647 5165 724 5212 ea,
758 5165 875 5216 qua:
900 5150 1034 5201 circa
1066 5166 1143 5202 me
1166 5159 1320 5216 sunt,
1362 5154 1523 5223 magis
1566 5152 1635 5205 ad
1674 5156 1849 5223 profe-

242 5252 381 5295 ctum
412 5250 655 5294 venerant
694 5242 971 5311 euangelii;
1002 5242 1071 5294 ita
1110 5250 1163 5294 ut
1198 5242 1397 5294 vincula
1443 5260 1553 5298 mea
1583 5245 1851 5312 manifesta

252 5333 431 5400 ﬁerent
456 5333 511 5386 in
541 5332 739 5386 Christo
768 5334 819 5385 in
843 5342 945 5386 toto
974 5334 1211 5403 pratorio
1236 5342 1282 5386 et
1304 5337 1495 5387 ca'ten’s
1518 5336 1777 5399 omnibus;
1804 5346 1851 5389 et

244 5425 417 5493 plures
446 5439 473 5477 e
496 5424 743 5493 fratribus
769 5424 823 5477 in
847 5422 1067 5477 Domino
1098 5425 1405 5492 conﬁdentes
1446 5426 1659 5479 vinculis
1690 5428 1813 5481 meis
1831 5470 1845 5493 ,

242 5515 588 5569 abundantius
626 5517 875 5568 auderent
919 5516 1026 5569 sine
1072 5516 1252 5569 timore
1308 5516 1509 5569 verbum
1565 5517 1657 5571 Dei
1710 5520 1848 5587 loqui

245 5603 511 5675 (Philipp.
536 5606 587 5659 1.
618 5604 835 5678 1244).
858 5605 1001 5660 Nero
1030 5614 1164 5669 erat,
1195 5608 1280 5677 qui
1315 5609 1460 5661 illum
1493 5609 1542 5662 in
1575 5624 1845 5668 carcerem

243 5707 569 5767 conjccerat.
602 5698 1063 5767 Quemadmodum
1093 5702 1235 5755 enim
1271 5702 1449 5770 praedo
1481 5703 1693 5772 quidam
1718 5721 1853 5757 cun-

241 5787 346 5839 ctis
361 5787 762 5849 dormientibus
789 5792 1008 5851 domum
1036 5795 1326 5865 ingressus,
1350 5794 1476 5849 dum
1500 5796 1679 5851 omnia
1705 5795 1845 5852 abri-

1369 375 1458 430 DE
1496 371 1862 431 PROFECTU
1902 372 2295 431 BVANGELII.

3437 397 3500 454 3i
3513 395 3547 447 -ί

1954 487 2052 557 pit,
2076 488 2119 542 si
2143 503 2302 559 quem
2332 488 2508 545 videat
2540 490 2808 548 lucernam
2852 492 3183 563 accendere,
3226 491 3405 558 lumen
3441 512 3548 556 es-

1958 580 2215 651 stinguit,
2244 589 2300 638 et
2328 580 2479 637 illum
2522 582 2817 652 interimit,
2848 595 2904 638 ut
2944 586 3123 640 omnia
3171 586 3339 641 libere
3384 590 3551 657 possit

1947 671 2159 728 auferre
2201 683 2256 729 et
2294 674 2541 745 abripere
2571 692 2585 730 :
2611 676 2691 731 sic
2740 684 2795 731 et
2840 685 2966 731 tunc
3004 676 3147 732 Nero
3191 675 3396 743 Czcsar,
3449 693 3551 735 ceu

1946 761 2161 831 quidam
2187 764 2372 834 praedo
2397 773 2451 820 et
2478 765 2812 836 compilator,
2844 767 3238 823 dormientibus
3262 767 3513 824 omnibus
3530 809 3548 831 ,

1948 853 2320 925 profundoque
2362 870 2555 912 somno
2582 857 2819 923 obrutis,
2852 858 3093 913 omnium
3126 858 3263 913 bona
3311 859 3547 930 abripie-

1947 947 2075 1014 bat,
2125 947 2338 1017 nuptias
2384 948 2701 1017 invadebat,
2744 950 2933 1005 domos
2980 950 3343 1015 subvertebat,
3387 967 3551 1007 omne

1948 1046 2119 1107 genus
2162 1039 2412 1109 nequitia:
2456 1039 2785 1095 exhibebat:
2818 1056 3046 1111 cumque
3084 1040 3302 1096 Paulum
3345 1040 3552 1096 videret

1953 1128 2231 1185 lucernam
2262 1146 2359 1199 per
2387 1138 2554 1186 totum
2580 1132 2765 1187 orbem
2795 1132 3111 1198 accendere,
3142 1147 3334 1203 nempe
3355 1132 3546 1186 doctri-

1949 1236 2031 1276 nae
2058 1221 2298 1287 verbum,
2333 1222 2556 1293 ejusque
2582 1224 2871 1293 nequitiam
2903 1224 3251 1294 redarguere,
3285 1224 3547 1295 pradica-

1958 1313 2157 1369 tioncm
2188 1315 2529 1384 exstinguere
2553 1325 2606 1369 et
2631 1316 2906 1371 doctorem
2931 1316 3178 1371 occidere
3199 1323 3422 1371 conatus
3446 1325 3549 1382 est,

1948 1414 2009 1461 ut
2033 1408 2211 1464 omnia
2241 1422 2362 1462 cum
2394 1413 2658 1476 potestate
2676 1408 2777 1462 sibi
2808 1408 2984 1463 facere
3026 1407 3212 1463 liceret
3243 1426 3257 1462 :
3288 1410 3553 1462 vinctum-

1949 1513 2054 1567 que
2084 1506 2343 1552 sanctum-
2359 1496 2509 1552 illum
2535 1497 2768 1568 conjecit
2806 1497 2857 1552 in
2889 1512 3184 1552 carcerem.
3214 1496 3364 1552 Tunc
3396 1498 3553 1567 igitur

1950 1588 2068 1644 bace
2100 1590 2290 1643 beatus
2316 1590 2513 1645 Paulus
2539 1590 2773 1660 scripsit.

2025 1680 2335 1735 Sollicitudo
2362 1679 2520 1735 Pauli
2544 1698 2666 1753 erga
2690 1680 3011 1751 discipulos;
3032 1681 3399 1755 discipulorum
3427 1698 3551 1754 erga

1951 1772 2247 1842 magistrum
2290 1788 2451 1824 amor.
2479 1800 2550 1812 -—
2574 1771 2705 1837 Quis
2737 1786 2842 1825 non
2874 1772 3128 1837 stupeat‘l
3162 1774 3283 1842 quis
3312 1788 3416 1827 non
3448 1774 3549 1827 ad-

1953 1860 2215 1915 miretur?
2249 1862 2358 1914 imo
2385 1861 2526 1930 quis,
2560 1870 2740 1929 utpar
2764 1868 2867 1923 est,
2909 1869 3121 1931 stupeat
3159 1871 3215 1915 et
3256 1862 3556 1917 admiretur

1951 1965 2268 2019 generosum
2301 1950 2450 2005 illum
2481 1960 2534 2005 et
2562 1950 2629 2004 ad
2661 1950 2823 2005 ezelos
2849 1952 3241 2021 pertingentcm
3278 1954 3552 2031 animum,

1951 2042 2044 2109 qui
2073 2040 2259 2094 Romae
2278 2041 2486 2095 vinctus
2516 2052 2570 2094 ct
2595 2039 2979 2105 incarceratus,
3002 2057 3065 2096 ex
3095 2050 3243 2096 tanto
3270 2043 3553 2097 intervallo

1954 2133 2381 2203 Philippensibus
2410 2134 2709 2188 scriberet?
2746 2134 2908 2189 Scitis
2938 2144 3194 2204 quantum
3226 2135 3453 2205 spatium
3483 2136 3558 2191 sit

1952 2222 2313 2279 Macedoniam
2341 2223 2482 2279 inter
2508 2233 2563 2280 et
2590 2224 2837 2279 Romam.
2868 2224 2975 2280 Sed
3002 2241 3174 2296 neque
3204 2226 3411 2282 itineris
3439 2227 3558 2281 lon-

1950 2315 2170 2387 gitudo,
2220 2330 2397 2387 neque
2441 2316 2765 2372 diuturnitas
2814 2321 3104 2387 temporis,
3150 2334 3325 2389 neque
3374 2334 3555 2375 rerum

1955 2408 2237 2473 tumultus,
2273 2424 2447 2478 neque
2478 2408 2719 2478 pericula
2749 2417 2804 2464 et
2843 2409 3141 2479 frequentia
3180 2410 3318 2465 mala
3341 2452 3355 2473 ,
3384 2426 3559 2480 neque

1956 2499 2096 2553 aliud
2124 2499 2395 2570 quidpiam
2418 2500 2696 2554 caritatem
2718 2500 3141 2571 memoriamque
3166 2494 3554 2573 discipulorum

1954 2591 2275 2660 dejiciebat;
2298 2592 2391 2646 sed
2422 2606 2611 2646 omnes
2638 2592 2729 2647 ille
2757 2592 2808 2645 in
2838 2602 3019 2647 mente
3047 2592 3297 2647 servabat
3329 2611 3342 2647 :
3376 2610 3552 2665 neque

1955 2683 2025 2736 ita
2070 2683 2276 2737 catenis
2318 2697 2511 2736 manus
2558 2682 2879 2753 ligabantur,
2915 2690 2973 2737 ut
3001 2683 3177 2737 anima
3215 2683 3333 2752 ejus
3374 2698 3561 2739 amore

1959 2774 2351 2847 discipulorum
2384 2770 2636 2829 devineta
2675 2769 2943 2844 aﬂixaque
2981 2779 3097 2827 erat
3137 2790 3151 2825 :
3190 2772 3332 2840 quod
3384 2773 3556 2843 ipsum

1954 2862 2107 2916 initio
2152 2860 2397 2931 epiStolze
2451 2854 2797 2913 declarabat:
2826 2854 2903 2911 Eo
2930 2855 3072 2933 quod
3120 2854 3344 2911 habeam
3385 2876 3473 2915 vos
3502 2856 3559 2914 in

1954 2954 2107 3007 corde
2133 2956 2186 3007 in
2216 2953 2431 3006 vinculis
2457 2954 2601 3021 meis,
2630 2964 2678 3008 et
2703 2954 2757 3007 in
2787 2952 3080 3023 defensione
3107 2962 3155 3006 et
3176 2951 3563 3018 conﬁrmatione

1957 3044 2201 3113 euangelii
2234 3041 2493 3114 (Philipp.
2520 3044 2570 3096 1.
2596 3043 2671 3114 7).
2708 3043 2773 3097 Et
2806 3043 2940 3098 sicut
2968 3058 3066 3098 rex
3097 3057 3254 3097 mane
3279 3042 3332 3095 in
3363 3041 3559 3097 solium

1954 3134 2357 3199 conscendens,
2394 3136 2446 3189 in
2479 3136 2747 3203 regalibus
2788 3136 2925 3190 aulis
2970 3135 3165 3191 sedens
3190 3178 3205 3201 ,
3253 3135 3561 3189 innumeras

1955 3226 2132 3281 statim
2161 3226 2397 3296 undique
2441 3227 2629 3294 recipit
2675 3227 2929 3296 epistolas
2954 3244 2965 3279 :
2992 3227 3069 3282 sic
3096 3236 3152 3281 et
3178 3227 3269 3282 ille
3298 3226 3559 3295 quemad-

1960 3318 2180 3372 modum
2223 3318 2275 3371 in
2314 3317 2477 3389 regiis
2505 3317 2642 3372 aulis
2668 3317 2722 3371 in
2750 3332 2968 3373 carcere
2994 3315 3209 3382 sedens,
3240 3318 3412 3371 multo
3440 3316 3561 3385 plu-

1956 3422 2042 3463 res
2095 3407 2391 3477 acclpicbat
2444 3402 2607 3477 atque
2660 3407 2907 3463 mittebat
2958 3408 3212 3477 epistolas
3244 3449 3257 3469 ,
3311 3406 3562 3477 gentibus

1956 3498 2190 3567 undique
2220 3500 2430 3569 negotia
2464 3514 2557 3553 sua
2590 3500 2771 3553 omnia
2814 3499 2880 3554 ad
2927 3501 3043 3569 ejus
3070 3501 3387 3570 sapientiam
3421 3498 3560 3555 refe—

1954 3590 2194 3644 rentibus
2224 3607 2238 3643 :
2271 3597 2526 3659 tantoque
2556 3590 2710 3659 plura
2738 3590 2828 3646 ille
2856 3591 3089 3661 negotia,
3119 3606 3279 3660 quem
3309 3592 3422 3660 ipse
3452 3590 3563 3645 lm-

1955 3690 2211 3752 perator.
2262 3680 2524 3752 gerebat,
2578 3690 2782 3750 quanto
2836 3681 3010 3751 majus
3059 3682 3161 3737 sibi
3208 3682 3557 3737 commissum

1956 3772 2238 3842 imperium
2289 3772 2542 3828 habebat.
2589 3772 2773 3842 Neque
2822 3772 2965 3828 enim
3007 3771 3303 3827 Romanum
3352 3781 3558 3828 tantum

1953 3864 2232 3929 ditionem,
2262 3863 2359 3919 sed
2387 3864 2549 3920 etiam
2578 3862 2837 3919 barbaros
2866 3878 3077 3931 omnes,
3108 3872 3307 3919 terram
3330 3874 3386 3919 et
3410 3880 3560 3920 mare

1955 3956 2010 4011 in
2039 3972 2231 4011 manus
2269 3956 2385 4027 ejus
2430 3956 2728 4011 tradiderat
2761 3957 2919 4010 Deus.
2966 3958 3129 4023 quue
3158 3956 3413 4010 Romanis
3457 3957 3559 4011 dc-

1955 4047 2166 4103 clarans
2192 4048 2448 4103 dicebat:
2486 4046 2625 4099 Nolo
2668 4058 2839 4099 autem
2890 4063 2975 4100 ros
3020 4048 3290 4117 ignorare,
3335 4052 3557 4117 fratres,

1953 4139 2072 4210 quia
2125 4153 2259 4207 stupe
2301 4136 2541 4206 proposui
2583 4136 2750 4189 venire
2793 4135 2863 4189 ad
2906 4151 3025 4202 vos,
3058 4147 3104 4189 et
3134 4136 3415 4205 prohibitus
3445 4153 3560 4189 sum

1954 4246 2112 4301 usque
2139 4230 2309 4282 adhuc
2327 4244 2346 4293 ,'
2378 4238 2431 4281 ut
2458 4228 2681 4296 aliquem
2725 4232 2949 4297 fructum
2981 4226 3194 4280 habeant
3220 4237 3266 4280 et
3299 4229 3349 4280 in
3388 4228 3558 4295 vobis,

1956 4323 2085 4376 sicut
2110 4330 2155 4373 et
2182 4321 2233 4374 in
2260 4319 2452 4373 rtcteris
2480 4319 2709 4387 gentibus
2736 4333 2755 4372 :
2783 4317 2973 4372 Grecis
3003 4328 3049 4372 et
3075 4318 3323 4380 barbaris,
3356 4318 3562 4388 sapien-

1956 4413 2087 4467 tibus
2130 4423 2174 4465 et
2212 4411 2563 4482 insipientibus
2604 4410 2801 4462 debitor
2838 4426 2947 4463 sunt
2996 4408 3185 4479 (Rom.
3226 4409 3273 4462 1.
3310 4410 3389 4462 15.
3432 4409 3495 4463 Η
3521 4412 3560 4477 ).

1954 4506 2201 4576 Quotidie
2231 4521 2361 4575 ergo
2392 4503 2653 4557 sollicitus
2677 4512 2809 4563 erat,
2831 4501 2956 4569 quid
2980 4501 3263 4563 Corinthii,
3294 4500 3418 4569 quid
3443 4500 3560 4553 Mit-

1956 4599 2191 4653 ccdoncs
2222 4605 2443 4666 agerent
2476 4612 2489 4649 :
2522 4595 2792 4663 quomodo
2838 4593 3208 4663 Pbilippenses
3234 4635 3247 4652 .
3286 4594 3561 4673 quomodo

1953 4692 2323 4761 Cappadoces,
2342 4688 2613 4759 quomodo
2631 4686 2852 4750 Galaula,
2879 4686 3153 4756 quomodo
3178 4684 3561 4751 Athenienses,

1956 4782 2227 4855 quomodo
2254 4781 2481 4837 Pontum
2514 4781 2833 4843 incolentes,
2866 4776 3137 4848 quomodo
3166 4790 3358 4830 omnes
3387 4776 3560 4829 homi-

1958 4892 2053 4931 nes
2086 4892 2147 4932 se
2178 4874 2459 4930 haberent.
2488 4876 2738 4928 Attamen
2762 4914 2775 4936 ,
2808 4887 2931 4927 cum
2965 4873 3248 4925 universus
3284 4872 3427 4924 orbis
3458 4869 3558 4937 ipsi

1956 4968 2301 5024 concreditus
2350 4975 2491 5021 esset
2518 5004 2533 5029 ,
2564 4980 2668 5018 non
2703 4972 2909 5017 tantum
2939 4963 3007 5016 de
3036 4963 3285 5033 gentibus
3311 4960 3563 5015 omnibus

1957 5063 2073 5116 erat
2100 5059 2364 5115 sollicitus
2394 5101 2409 5124 ,
2441 5058 2536 5113 sed
2582 5056 2743 5111 etiam
2775 5058 2840 5109 de
2868 5071 2975 5109 uno
3011 5054 3259 5125 quapiam
3292 5053 3511 5107 homine
3544 5069 3559 5107 :

1956 5162 2011 5207 ct
2040 5166 2180 5205 nunc
2222 5158 2441 5219 propter
2467 5147 2779 5202 Onesimum
2810 5145 3089 5214 epistolam
3125 5143 3389 5208 minehat,
3420 5158 3563 5198 nunc

1961 5253 2179 5313 propter
2226 5258 2389 5303 cum,
2436 5241 2525 5309 qui
2576 5238 2718 5309 apud
2766 5236 3074 5293 Corinthios
3102 5235 3393 5289 fornicatus
3423 5242 3564 5289 erat.

1957 5335 2141 5406 Neque
2166 5336 2309 5388 enim
2342 5334 2442 5387 hoc
2471 5330 2868 5394 considerabat,
2896 5328 3037 5399 quod
3065 5342 3203 5381 unus
3232 5336 3373 5380 esset
3402 5326 3446 5379 is
3470 5326 3561 5392 qui

1959 5434 2293 5497 peccaverat,
2318 5435 2367 5477 et
2398 5422 2695 5492 patrocinio
2724 5430 2939 5489 egeret,
2974 5419 3067 5474 sed
3100 5417 3243 5487 quod
3272 5416 3435 5469 homo
3467 5430 3559 5467 es-

1959 5530 2042 5576 SPl
2069 5537 2081 5572 :
2111 5518 2305 5580 homo,
2338 5518 2555 5584 inquam
2580 5554 2593 5577 ,
2624 5513 3071 5581 pretiosissimum
3102 5512 3211 5564 Deo
3238 5509 3468 5573 animal,
3499 5516 3559 5562 ct

1961 5619 2178 5681 prapter
2206 5625 2361 5679 quem
2388 5609 2546 5662 Pater
2576 5606 2707 5660 Filio
2743 5622 2841 5658 suo
2869 5621 2974 5658 non
3008 5602 3267 5673 pepercit.

2116 5701 2192 5756 Ne
2221 5701 2349 5755 mihi
2383 5699 2581 5753 dixeris
2612 5696 2754 5767 quod
2790 5697 2877 5750 ille
2906 5695 3191 5763 fugitivus,
3224 5690 3365 5763 quod
3397 5691 3553 5755 latro,

1961 5794 2103 5867 quod
2132 5793 2231 5865 fur,
2260 5802 2311 5851 et
2339 5792 2635 5850 innumeris
2655 5798 2881 5845 onustus
2910 5787 3086 5855 vitiis;
3121 5787 3205 5843 vel
3226 5783 3365 5856 quod
3394 5797 3550 5838 men-
