4194 6302
690 329 799 388 818

690 440 867 504 dicas.
893 439 1164 513 abiectus,
1191 438 1309 497 vilis
1337 449 1391 496 et
1418 440 1613 496 nullius
1643 442 1796 511 pretii
1818 459 1832 495 :
1851 440 1947 497 sed
1975 440 2147 510 cogita
2176 451 2272 509 pro

687 528 783 585 illo
806 528 1089 588 Christum
1110 538 1385 587 mortuum
1418 545 1539 587 esse
1561 572 1577 597 ,
1619 528 1778 603 idque
1816 532 1909 589 tibi
1938 533 2069 587 satis
2095 541 2176 586 est
2202 530 2271 585 ad

690 634 907 676 omnem
926 619 1324 690 suscipiattdam
1353 635 1557 677 curam.
1578 614 1765 692 Cogita
1793 635 1949 692 quem
1972 635 2092 676 esse
2116 634 2279 690 opor-

693 716 809 769 teat
832 725 959 768 cum
1002 720 1161 778 quam
1202 707 1449 766 Christus
1487 711 1565 767 sic
1606 710 1969 775 honorarerit,
1999 720 2058 766 ut
2100 724 2277 780 neque

690 800 935 871 sanguini
964 813 1063 854 suo
1088 802 1403 869 pepercerit.
1428 801 1612 873 Neque
1639 803 1802 866 enim,
1838 802 1884 858 si
1924 816 2016 857 res
2056 815 2154 872 pro
2173 800 2275 855 ali-

692 904 800 963 quo
836 904 959 945 sese
989 889 1267 948 immolare
1298 892 1501 961 vellet,
1542 894 1684 949 aliud
1721 908 2085 964 quarrcremus
2112 908 2276 963 argu—

690 987 953 1047 mentum,
984 982 1126 1054 quod
1157 998 1380 1053 magnus
1403 985 1494 1040 ille
1513 994 1689 1050 esset,
1712 985 1928 1055 regique
1945 984 2274 1049 carissimus,

691 1080 751 1128 nt
776 1086 876 1144 ego
902 1071 1117 1145 quidem
1144 1076 1395 1132 existimo
1425 1093 1440 1131 :
1474 1091 1617 1132 mors
1642 1077 1838 1147 quippe
1865 1078 1997 1133 satis
2030 1067 2175 1132 esset
2208 1076 2277 1131 ad

690 1163 1071 1221 declarandum
1110 1165 1226 1235 ejus
1254 1167 1345 1238 qui
1374 1177 1603 1224 mortem
1650 1168 1946 1239 susciperet
1974 1183 2099 1239 erga
2130 1168 2276 1223 illum

692 1252 961 1310 adactum.
990 1254 1107 1312 Jam
1136 1270 1263 1313 vero
1289 1271 1399 1312 non
1428 1256 1623 1324 homo,
1652 1275 1757 1337 non
1785 1260 2022 1337 attgeius,
2056 1275 2161 1314 non
2186 1274 2278 1315 ar-

692 1341 1020 1415 changelus,
1042 1345 1137 1402 sed
1165 1345 1281 1415 ipse
1305 1347 1561 1403 calorum
1596 1334 1868 1415 Dominus,
1896 1350 2011 1421 ipse
2034 1350 2278 1421 unigeni-

694 1442 780 1490 ιω
823 1436 989 1492 Filius
1028 1437 1123 1495 Dei
1173 1453 1337 1495 carne
1376 1440 1596 1503 indutus
1639 1442 1875 1511 scipattm
1924 1441 2140 1497 tradidit
2183 1457 2281 1511 pro

695 1526 871 1591 nobis.
899 1529 1093 1583 Annon
1124 1529 1287 1600 igitur
1309 1531 1487 1585 omnia
1520 1530 1808 1597 iaciemus,
1840 1533 2020 1588 omnia
2047 1532 2275 1588 tentabi-

695 1630 835 1684 mus,
860 1626 918 1673 ut
946 1617 1191 1675 homines
1220 1629 1369 1677 tanto
1394 1620 1569 1678 al’ecti
1599 1619 1804 1677 honore
1832 1631 2013 1678 nostra
2040 1621 2282 1677 fruantur

696 1723 824 1764 cura
855 1719 910 1764 et
937 1710 1595 1783 sollicitudine?.l-Zcquam
1637 1713 1952 1771 habebimus
1976 1716 2282 1775 excusatio-

698 1800 865 1853 nem?
891 1815 1049 1871 quam
1077 1802 1326 1857 veniam?
1357 1802 1470 1857 Hoc
1497 1803 1669 1872 ipsum
1701 1803 1897 1859 Paulus
1926 1803 2168 1860 indicem
2202 1804 2284 1859 di-

696 1888 850 1943 cebat
872 1907 887 1943 :
912 1888 997 1945 Na
1031 1892 1144 1945 cibo
1183 1902 1270 1945 tua
1308 1892 1453 1945 illum
1482 1892 1701 1961 parias,
1735 1901 1937 1962 propter
1961 1910 2106 1963 quem
2129 1892 2281 1947 Citri-

695 1987 801 2033 stus
827 1989 1055 2034 mortuus
1076 1990 1149 2034 est
1179 1980 1369 2053 (Rom.
1400 1983 1486 2037 ll.
1514 1982 1583 2039 18
1602 1983 1641 2052 ).
1672 1982 1779 2039 Eos
1804 1984 1948 2039 enim
1974 1985 2065 2053 qui
2095 1984 2286 2039 intres

696 2081 959 2138 spernunt
985 2081 1040 2126 et
1067 2082 1335 2141 tamquam
1367 2071 1611 2128 inllrmos
1638 2073 1941 2143 despiciunt
1970 2083 2027 2129 ut
2064 2075 2285 2145 pudefa-

696 2161 805 2218 ciat
826 2202 843 2230 ,
875 2170 931 2217 et
956 2162 1023 2217 ad
1046 2163 1278 2243 proximi
1304 2179 1488 2220 curam
1516 2166 1859 2236 studiumque
1888 2166 2137 2232 inducat,
2169 2168 2287 2223 vice

697 2257 940 2313 omnium
980 2266 1208 2312 mortem
1238 2258 1452 2313 Domini
1499 2260 1697 2328 posuit.
1727 2259 1808 2314 Ex
1841 2269 1988 2315 tanto
2018 2262 2177 2332 igitur
2207 2262 2288 2315 in-

699 2346 924 2404 tervallo
967 2346 1019 2403 in
1059 2362 1277 2404 carcere
1323 2348 1522 2404 sedens
1570 2348 2001 2420 Pbilippensibus
2044 2350 2280 2420 scripsit.

697 2432 846 2492 Talis
873 2435 1070 2509 quippe
1093 2447 1175 2494 est
1204 2439 1401 2493 caritas
1422 2453 1547 2509 erga
1578 2439 1781 2504 Deum;
1811 2440 1970 2496 nullis
2004 2443 2162 2497 rebus
2189 2444 2286 2496 im-

698 2522 915 2594 peditur
941 2526 1211 2592 humanis,
1236 2536 1421 2599 utpote
1444 2544 1565 2600 quas
1588 2528 1641 2583 in
1669 2530 1817 2586 culis
1836 2531 2067 2586 radicem
2097 2532 2289 2588 habent

699 2622 757 2669 et
802 2618 1311 2675 remunerationem.
1360 2619 1427 2675 Et
1469 2619 1597 2691 quid
1643 2620 1979 2678 dicit?Scire
2016 2639 2103 2679 ros
2138 2625 2285 2691 colo,

699 2704 883 2775 [ratus
913 2706 1168 2780 (Philipp.
1194 2710 1245 2765 1.
1280 2710 1392 2782 13).
1415 2711 1659 2768 Vidistin‘
1679 2728 1861 2769 curam
1886 2730 2018 2786 erga
2049 2716 2283 2787 discipu-

702 2794 824 2851 los?
856 2797 1088 2853 manu
1115 2800 1352 2870 magistri
1398 2802 1857 2861 sollicitudinem?
1884 2805 2018 2861 Audi
2061 2815 2117 2861 et
2152 2807 2286 2861 εσυ-

703 2894 848 2942 ctum
870 2886 1256 2959 discipulorum
1276 2905 1401 2962 erga
1425 2892 1759 2963 magistrum,
1787 2903 1844 2950 ut
1862 2896 2001 2952 scias
2022 2894 2145 2951 ideo
2166 2896 2287 2952 illos

702 2974 869 3033 fortes
897 2977 1230 3051 invictosqu
1255 2979 1440 3047 luhse,
1471 2982 1614 3053 quod
1637 2994 1821 3039 mutuo
1842 2999 2027 3043 amore
2054 2986 2285 3042 devincti

700 3076 902 3124 ment.
930 3068 1064 3125 Nam
1091 3070 1137 3126 ai
1162 3068 1350 3128 Frater
1385 3074 1474 3144 qui
1511 3072 1786 3145 adiuuetur
1831 3094 1863 3130 a
1910 3082 2099 3147 fratre,
2145 3080 2290 3149 quasi

704 3157 878 3215 sicitas
905 3160 1263 3234 ﬁnadPras.
1291 3163 1519 3237 £8.19),
1551 3166 1720 3221 multo
1745 3170 1913 3238 magis
1944 3179 2018 3223 tot
2046 3170 2290 3227 homines

704 3250 943 3307 caritatis
968 3252 1199 3310 vinculis
1225 3256 1503 3313 constricti
1526 3296 1543 3323 ,
1570 3272 1759 3315 omnes
1784 3259 2055 3330 depellant
2075 3262 2289 3332 maligni

704 3340 965 3396 daemonis
994 3342 1234 3400 insidias.
1257 3344 1421 3402 Certe
1448 3345 1591 3417 quod
1617 3346 1815 3404 Paulus
1845 3350 2122 3406 devinctus
2148 3361 2293 3407 esset

706 3425 1021 3498 discipulis,
1064 3446 1171 3487 non
1210 3447 1347 3503 opus
1387 3444 1472 3491 est
1515 3435 1887 3498 dqnonstrare
1939 3441 2022 3495 vel
2075 3440 2286 3507 dicere,

706 3520 922 3587 quando
951 3523 1114 3579 etiam
1143 3525 1369 3582 vinculis
1391 3529 1713 3585 constrictus
1738 3530 1948 3586 illorum
1976 3534 2294 3589 sollicitudi-

706 3626 828 3665 nem
854 3612 1093 3680 gerebat,
1124 3622 1181 3670 et
1204 3616 1440 3687 quotidie
1467 3634 1567 3689 pro
1596 3620 1700 3676 illis
1726 3622 2075 3692 moriebatur,
2104 3625 2289 3681 inccn-

706 3714 796 3753 8118
826 3716 1028 3757 amore.

781 3790 835 3844 ϐ.
866 3790 1016 3857 Quod
1050 3808 1178 3848 vero
1216 3791 1463 3866 discipuli
1502 3797 1669 3855 Paulo
1706 3811 1890 3858 essent
1923 3804 2068 3860 omni
2116 3807 2292 3861 studio

707 3879 971 3949 devincti,
1013 3899 1120 3938 nun
1166 3885 1262 3941 viri
1301 3887 1509 3955 solum,
1550 3890 1646 3946 sed
1684 3894 1843 3947 etiam
1871 3894 2141 3963 mulieres,
2170 3897 2291 3952 audi

709 3971 834 4040 quid
862 3974 1001 4028 dicit
1023 3974 1091 4029 de
1122 3976 1323 4035 Pbmbe
1348 3995 1362 4032 :
1391 3977 1698 4035 Commendo
1718 3984 1856 4039 vobis
1883 3984 2122 4041 Pltcbem
2149 4005 2289 4043 soro-

711 4080 813 4117 rem
837 4105 852 4128 ,
878 4082 991 4135 qua
1014 4067 1068 4120 in
1094 4069 1367 4123 ministaio
1407 4079 1480 4124 est
1507 4069 1780 4137 Ecclesiae,
1818 4092 1933 4145 qua
1966 4086 2039 4129 est
2076 4078 2129 4131 in
2164 4078 2293 4133 Cen-

710 4157 893 4219 chreis,
929 4167 984 4209 ut
1010 4174 1121 4212 eam
1152 4161 1439 4229 suscipiatis
1476 4162 1529 4215 iu
1556 4160 1776 4217 Domino
1816 4165 1967 4234 digne
1991 4169 2179 4221 sanctis
2198 4212 2212 4235 ,
2244 4180 2291 4223 et

710 4247 957 4301 assistatt's
982 4250 1027 4302 ei
1055 4250 1105 4301 in
1125 4266 1439 4321 quocumque
1463 4253 1661 4322 negotio
1680 4256 1828 4308 uestri
1853 4256 2124 4325 iudiguerit
2140 4300 2155 4321 ,
2184 4276 2295 4329 qua

713 4340 906 4393 adstitit
950 4341 1150 4408 multis,
1191 4352 1236 4394 et
1278 4342 1402 4396 milii
1426 4343 1526 4413 ipsi
1551 4342 1738 4413 (Rom.
1769 4346 1856 4400 16.
1892 4347 1942 4401 1.
1970 4346 2063 4415 2).
2094 4348 2294 4405 Verum

716 4431 804 4485 hic
839 4432 975 4487 circa
1018 4432 1367 4500 patrocinium
1401 4442 1602 4489 tantum
1644 4435 1808 4505 ipsius
1842 4438 2022 4493 studio
2053 4441 2295 4494 testimo-

716 4520 861 4574 nium
892 4520 1077 4575 dedit:
1104 4521 1340 4577 Priscilla
1369 4537 1499 4577 vero
1532 4532 1589 4578 et
1622 4524 1815 4593 Aquila
1849 4541 2017 4598 usque
2044 4528 2113 4583 ad
2144 4546 2291 4583 mor-

718 4619 824 4664 tem
874 4610 1020 4666 Pauli
1062 4612 1227 4682 gratia
1275 4623 1672 4682 processerunt.
1718 4614 1794 4670 De
1830 4616 1935 4671 illis
1974 4629 2149 4673 autem
2191 4618 2295 4677 hoc

718 4701 879 4756 modo
903 4702 1123 4757 scribit:
1157 4702 1397 4771 Salutant
1421 4719 1507 4758 eos
1535 4704 1719 4773 Aquila
1746 4714 1793 4759 et
1818 4704 2078 4775 Priscilla,
2099 4710 2184 4777 qui
2204 4727 2295 4779 pro

716 4790 887 4843 anima
921 4808 1030 4845 mea
1060 4793 1296 4847 cer-cicera
1331 4809 1477 4847 suam
1510 4803 1880 4863 supposuerant
1914 4796 2103 4867 (Rom.
2130 4800 2217 4854 l6.
2240 4801 2293 4854 5.

720 4881 775 4953 ι)
799 4881 895 4953 (a),
912 4883 979 4938 ad
1003 4895 1226 4941 mortem
1248 4884 1514 4941 videlicet.
1539 4886 1615 4945 Dc
1631 4888 1735 4942 alio
1754 4904 1968 4960 quoque
1992 4892 2069 4946 sic
2089 4891 2154 4945 ad
2180 4892 2296 4948 illos

718 4975 938 5028 scribit:
972 4973 1141 5043 Usque
1180 4977 1248 5030 ad
1286 4987 1496 5032 mortem
1539 4980 1777 5044 accessit,
1825 4978 2028 5034 tradens
2075 4984 2297 5037 animant

720 5080 882 5123 suam,
915 5074 967 5117 ut
997 5065 1222 5132 impleret
1244 5066 1318 5127 id,
1342 5067 1478 5136 quod
1502 5083 1566 5121 ex
1584 5068 1720 5121 nobis
1746 5068 1916 5123 deerat
1941 5087 2060 5141 erga
2095 5088 2174 5125 me
2208 5074 2299 5127 οὐδ

722 5154 942 5222 s'qut'um
972 5152 1224 5224 (Philipp.
1253 5156 1306 5210 2.
1333 5156 1449 5225 50).
1483 5156 1673 5212 Vidcn’
1698 5160 1965 5227 quomodo
1985 5163 2295 5231 magistrum

722 5243 1002 5312 diligvrcnt
1025 5287 1039 5308 ,
1072 5246 1337 5314 quomodo
1365 5248 1547 5316 prius,
1578 5263 1736 5317 quam
1768 5251 1958 5303 anima:
2003 5265 2110 5304 sua:
2134 5291 2150 5317 ,
2182 5252 2297 5320 ejus

721 5335 1085 5403 tr:tuquillit:tti
1134 5337 1541 5406 prospicerent?
1583 5338 1938 5405 Quamobrem
1981 5356 2138 5395 nemo
2175 5352 2298 5397 tunc

720 5424 837 5477 illos
893 5426 1195 5493 supetabat.
1248 5427 1373 5482 ll.cc
1421 5442 1584 5497 porro
1635 5426 1793 5495 dico,
1846 5444 1951 5483 non
2008 5440 2064 5484 ut
2111 5432 2298 5485 audia-

720 5530 837 5569 mus
867 5522 1088 5578 tantum,
1122 5517 1213 5571 sed
1240 5520 1395 5573 etiam
1426 5528 1483 5573 ut
1514 5518 1784 5575 imitemur
1810 5538 1823 5573 :
1856 5535 2029 5592 neque
2068 5522 2293 5578 subditis

723 5616 928 5663 tantum
958 5610 1166 5679 loquor,
1198 5609 1289 5663 sed
1320 5610 1477 5665 etiam
1512 5611 1947 5681 magistratibus;
1976 5620 2030 5667 ut
2056 5612 2299 5685 discipuli

784 5724 857 5787 Qa)
888 5732 995 5775 Haec
1017 5724 1245 5774 differunt
1268 5740 1291 5773 a
1320 5729 1457 5773 textu
1486 5724 1701 5786 epistolae
1727 5725 1783 5775 ad
1810 5732 2060 5776 Romanos.

1412 324 1471 382 S.
1501 323 1777 382 JOANNIS
1812 326 2291 383 CllliYSOSTOlll
2324 323 2642 383 ARCBIEP.
2682 322 3223 382 COXSTANTINOP.

3874 320 3984 377 3η

2380 438 2600 493 multam
2627 453 2753 509 erga
2783 447 3069 508 magistros
3091 451 3277 492 curam
3307 432 3631 501 exhibeant,
3668 443 3836 503 atque
3866 448 3983 489 ma-

2378 529 2531 599 gistri
2572 528 2821 584 ettmdem
2865 543 3024 598 quem
3069 526 3266 583 Paulus
3305 540 3431 598 erga
3455 524 3697 583 subditos
3726 525 3983 582 afectum

2382 619 2635 686 habeant,
2668 634 2769 676 nec
2788 619 2963 674 solum
2996 626 3317 690 pratsentes,
3349 618 3447 673 sed
3477 618 3639 672 etiam
3664 616 3856 689 procul
3886 633 3982 686 po-

2381 711 2536 766 sitos.
2568 710 2844 781 Siquidem
2873 711 3073 766 Paulus
3096 725 3159 766 ac
3185 711 3230 765 si
3258 710 3310 764 iu
3352 718 3464 764 toto
3489 708 3622 765 orbe
3648 724 3747 764 ceu
3778 723 3888 764 una
3929 708 3983 764 in

2380 802 2544 858 domo
2571 802 2855 869 habitaret,
2884 802 2963 857 sic
2991 802 3060 857 de
3088 802 3328 858 omnium
3354 802 3529 857 salute
3556 801 3820 856 sollicitus
3842 809 3983 868 erat,

2383 894 2669 965 missisque
2695 894 2919 949 vinculis
2944 894 3057 949 suis
3076 934 3091 959 ,
3123 893 3378 949 :crumnis
3396 934 3413 961 ,
3452 893 3622 965 plagis
3643 934 3659 959 ,
3680 893 3948 963 angustiis
3964 933 3983 959 ,

2384 985 2760 1039 considerabat
2800 992 2857 1040 et
2900 983 3276 1039 sciscitabatur
3322 984 3582 1053 quotidie,
3620 982 3898 1055 quomodo
3926 998 3987 1039 se

2387 1072 2647 1130 baberent
2670 1090 2751 1139 ea,
2790 1090 2911 1145 qua:
2940 1074 3007 1128 ad
3034 1073 3326 1143 discipulos
3347 1074 3698 1143 spectabant:
3730 1088 3986 1144 smpcquIc

2386 1165 2475 1219 illa
2498 1166 2671 1219 solum
2696 1164 2764 1221 de
2792 1180 2952 1221 causa
2980 1165 3244 1228 mittebat,
3275 1180 3414 1220 nunc
3434 1164 3814 1234 Timotheum,
3843 1181 3985 1221 nunc

2385 1239 2678 1329 Tyelt'icum
2704 1274 2718 1310 :
2750 1272 2871 1311 nam
2898 1257 2966 1313 de
2992 1257 3094 1313 huc
3129 1258 3343 1328 quidem
3372 1259 3448 1312 ait
3477 1275 3492 1312 :
3524 1256 3592 1313 Ut
3621 1260 3749 1313 sciat
3772 1275 3892 1331 qua!
3916 1258 3985 1311 ad

2392 1363 2480 1403 cas
2507 1356 2752 1417 spectant,
2784 1356 2831 1402 et
2854 1350 3143 1403 consoletur
3167 1350 3326 1404 corda
3350 1360 3511 1405 uestra
3541 1350 3759 1422 (Ephes.
3782 1350 3839 1407 ϐ.
3864 1350 3983 1422 33):

2386 1440 2455 1497 de
2474 1440 2757 1495 Timotheo
2776 1448 2954 1495 autem
2979 1457 2991 1494 :
3017 1440 3139 1495 Nisi
3157 1458 3271 1496 euut
3290 1442 3360 1496 ad
3382 1458 3471 1496 eos
3497 1458 3596 1496 non
3625 1441 3856 1512 amplius
3877 1458 3987 1496 sus-

2387 1532 2570 1595 tinens,
2602 1546 2667 1584 se
2693 1534 2824 1600 forte
2852 1531 3113 1585 tentarerit
3157 1546 3244 1585 eos
3274 1532 3320 1587 is
3345 1533 3433 1603 qui
3459 1542 3616 1587 tentat
3638 1533 3715 1603 (I.
3739 1530 3903 1587 Thes.
3928 1532 3985 1588 3.

2387 1621 2462 1688 5).
2485 1620 2623 1675 Alibi
2644 1636 2769 1676 vero
2790 1621 2967 1677 Titum
2987 1664 3003 1688 ,
3026 1620 3152 1677 alibi
3178 1622 3363 1678 alium.
3389 1623 3523 1691 Quia
3558 1624 3702 1679 enim
3730 1624 3849 1694 ipse
3878 1637 3989 1678 uno

2386 1712 2635 1767 detentus
2674 1712 2726 1767 in
2754 1714 2873 1769 loco
2893 1714 2995 1768 illis
3021 1713 3209 1769 adesse
3235 1727 3341 1769 non
3385 1723 3625 1785 poterat,
3654 1714 3747 1784 qui
3776 1715 3987 1770 viscera

2389 1804 2505 1873 ejus
2537 1814 2693 1859 erant
2716 1847 2731 1871 ,
2776 1822 2873 1875 per
2909 1805 3203 1875 discipulos
3242 1822 3371 1861 suos
3412 1807 3559 1877 quos
3607 1805 3985 1863 conveniebat.

2461 1893 2514 1949 7.
2561 1892 2760 1950 Caritas
2802 1896 3194 1965 iswqualltatent
3460 1924 3532 1937 —
3564 1895 3714 1951 Tunc
3754 1910 3889 1966 ergo
3934 1896 3988 1951 in

2392 1982 2617 2036 vinculis
2664 1997 2787 2038 cum
2830 1994 3011 2049 esset,
3053 1984 3487 2055 Pbilippensibus
3520 1986 3735 2057 scripsit
3783 2003 3798 2040 :
3842 1985 3991 2042 Scire

2390 2082 2556 2125 autem
2582 2087 2670 2126 sos
2695 2074 2831 2139 colo,
2852 2073 3035 2143 fratres
3062 2073 3317 2147 (Philipp.
3352 2077 3406 2132 1.
3438 2075 3560 2147 i2);
3581 2076 3881 2147 discipulos
3897 2092 3992 2132 vo-

2388 2172 2479 2218 cnt
2519 2164 2731 2220 intres.
2771 2166 2915 2220 Talis
2952 2166 3152 2237 quippe
3179 2169 3375 2223 caritas
3412 2177 3498 2224 cst
3524 2186 3537 2220 :
3568 2168 3989 2240 inaequalitatem

2391 2270 2605 2311 omnem
2632 2258 2831 2327 abiicit,
2861 2260 3317 2327 praeminentium
3340 2268 3397 2315 et
3414 2259 3726 2330 dignitatem
3755 2275 3867 2315 non
3898 2274 3992 2315 no-

2392 2345 2501 2403 vit:
2530 2347 2622 2400 sed
2652 2347 2861 2403 etiamsi
2889 2348 3007 2417 quis
3037 2349 3106 2403 sit
3144 2350 3393 2403 omnibus
3426 2349 3728 2414 sublimior,
3765 2349 3833 2403 ad
3871 2365 3990 2405 om-

2392 2437 2537 2489 nium
2569 2436 2926 2491 humillimum
2956 2438 3251 2502 descendit,
3279 2438 3421 2509 quod
3439 2450 3492 2493 ct
3518 2439 3713 2494 Paulus
3738 2438 3991 2495 (sciebat.

2392 2523 2496 2580 Sed
2528 2528 2807 2583 audiamus
2834 2529 2961 2597 qttid
3009 2529 3132 2584 illos
3171 2534 3313 2585 scire
3346 2530 3476 2585 velit
3499 2548 3512 2585 :
3539 2528 3673 2601 Qpia
3709 2546 3828 2599 quc
3857 2530 3993 2584 circa

2394 2633 2473 2669 me
2501 2627 2636 2683 sunt,
2660 2620 2821 2690 magis
2849 2621 2918 2674 ad
2944 2623 3224 2692 profectum
3254 2631 3493 2675 uenerunt
3518 2623 3766 2692 euangelii
3795 2620 3992 2691 (Ibit)

2396 2705 2489 2759 Dic
2530 2707 2697 2773 mihi,
2746 2710 3019 2779 quomodo
3068 2721 3123 2766 et
3162 2726 3266 2781 qua
3312 2711 3560 2767 ratione?
3595 2710 3733 2766 Nunt
3787 2696 3829 2766 a'
3873 2712 3992 2767 via-

2393 2798 2529 2851 culis
2570 2798 2825 2854 liberatus
2859 2802 2955 2856 es?
2986 2818 3113 2855 num
3148 2814 3390 2858 catenam
3415 2802 3707 2873 deposuisti
3730 2844 3749 2870 ,
3777 2814 3830 2859 et
3868 2818 3992 2860 cum

2393 2888 2639 2943 libertate
2670 2891 2720 2945 in
2749 2892 2880 2947 urbe
2910 2892 3166 2962 pradicas
3184 2897 3208 2945 τ
3237 2909 3361 2947 num
3384 2894 3439 2947 in
3461 2892 3760 2949 Ecclesiae:
3788 2894 3996 2964 ingrcs-

2404 2992 2499 3033 sus
2527 2980 2714 3050 longos
2745 2982 3048 3052 multusque
3076 2984 3288 3038 texuisti
3319 2997 3596 3039 sermones
3624 2984 3769 3039 circa
3806 2983 3990 3050 ﬁdem,

2393 3068 2697 3141 multosque
2720 3070 2946 3140 adeptus
2972 3072 3265 3143 discipulos
3290 3073 3597 3129 sbscessisti
3622 3074 3646 3127 ?
3686 3089 3816 3129 num
3848 3090 3993 3129 mor-

2394 3167 2514 3214 tuos
2541 3162 2845 3228 suscitasti,
2884 3171 2939 3218 et
2977 3163 3315 3219 admirationi
3348 3164 3489 3219 fuisti
3513 3165 3537 3218 ?
3565 3180 3693 3220 num
3746 3165 3996 3236 leprosos

2395 3252 2662 3307 mundasti
2687 3294 2704 3319 ,
2730 3262 2786 3307 et
2811 3268 2999 3309 omnes
3028 3254 3309 3323 stupefacti
3350 3256 3509 3309 sunt?
3554 3272 3681 3310 num
3715 3257 3994 3312 dzcntones

2397 3342 2606 3412 iugasti,
2637 3352 2692 3397 ct
2712 3344 2958 3399 sublimis
2983 3344 3105 3399 inde
3128 3343 3303 3401 lactus
3332 3346 3433 3400 es?
3465 3345 3605 3400 Nihil
3637 3351 3866 3410 bonum,
3913 3348 3993 3401 in-

2395 3435 2533 3503 quit.
2575 3435 2855 3500 Qunmodo
2903 3436 3061 3506 igitur
3109 3438 3374 3506 prolectus
3399 3438 3659 3507 evangelii
3709 3438 3853 3492 fuit?
3880 3437 3989 3504 die,

2396 3542 2599 3595 quaeso.
2632 3525 2720 3580 Ita
2743 3536 2821 3592 ut,
2847 3528 3038 3599 inquit,
3062 3529 3264 3582 uincula
3289 3545 3401 3582 mea
3423 3530 3690 3598 manifesta
3711 3531 3764 3583 iu
3789 3528 3991 3585 Christe

2396 3620 2570 3686 ﬁerent
2595 3622 2647 3674 in
2678 3630 2782 3674 toto
2829 3623 3068 3690 prtetorio
3088 3661 3104 3686 ,
3130 3630 3174 3674 et
3218 3621 3271 3674 in
3309 3622 3503 3675 ca'teris
3528 3622 3759 3675 omnibus
3806 3621 3985 3691 (Ibid.

2395 3726 2445 3764 υ.
2496 3710 2604 3782 15).
2630 3711 2765 3779 Quid
2791 3712 2968 3767 dicis?
2992 3711 3208 3771 lliccine
3237 3712 3542 3781 prolectus?
3575 3713 3689 3767 Iure
3714 3714 3989 3767 accessio?

2396 3802 2497 3857 hoc
2525 3813 2866 3873 augmentum
2913 3804 3310 3875 pmdicatiouis
3330 3846 3346 3869 ,
3393 3803 3536 3875 quod
3562 3818 3753 3859 omnes
3784 3804 3985 3859 didice-

2397 3895 2523 3959 rint,
2560 3904 2612 3950 te
2636 3894 2878 3949 vinctum
2910 3894 3068 3948 esse?
3099 3893 3292 3957 Etiam,
3325 3894 3519 3964 inquit.
3544 3894 3679 3948 Audi
3703 3894 3867 3964 igitur
3893 3909 3983 3953 ea.

2396 4000 2515 4054 qua:
2539 3993 2852 4053 sequuntur,
2883 3993 2940 4037 ut
2964 3984 3161 4048 discas,
3191 3983 3398 4040 vincula
3428 4000 3533 4038 nou
3564 3985 3722 4037 modo
3767 3984 3989 4053 impedi-

2396 4084 2632 4129 mentum
2665 4090 2773 4129 ιιι-η
2802 4074 2964 4129 fuisse
2987 4116 3001 4135 .
3031 4074 3123 4129 sed
3165 4075 3325 4128 etiam
3369 4085 3740 4143 argumentum
3771 4075 3989 4143 majoris

2396 4166 2601 4221 fiducia:
2637 4183 2650 4218 :
2682 4164 2769 4218 Ita
2797 4174 2851 4219 ut
2880 4166 3051 4235 plures
3087 4181 3115 4218 e
3141 4164 3386 4235 fratribus
3423 4165 3477 4218 in
3524 4163 3740 4218 Domino
3762 4206 3777 4227 ,
3825 4167 3987 4233 conﬁ-

2397 4258 2567 4311 dentes
2594 4256 2807 4310 vinculis
2827 4256 2949 4309 meis
2970 4296 2985 4320 ,
3016 4254 3364 4310 abundantius
3391 4254 3641 4309 auderent
3670 4256 3783 4309 sine
3811 4255 3989 4308 timore

2398 4350 2596 4402 verbum
2641 4349 2774 4417 loqui
2820 4346 2982 4419 (Ibid.
3010 4362 3057 4399 ο.
3094 4346 3203 4414 li).
3251 4345 3388 4412 Quid
3418 4345 3586 4411 dicis,
3639 4344 3844 4399 Panic?
3866 4344 3989 4397 Viu-

2400 4438 2517 4492 cula
2564 4452 2667 4491 non
2713 4438 3074 4497 anxietatem,
3121 4435 3215 4489 sed
3262 4435 3510 4489 litim-iam
3558 4433 3837 4489 indidere?
3887 4448 3988 4489 non

2402 4531 2680 4594 timorem,
2722 4529 2813 4583 sed
2845 4527 3122 4583 amorem?
3151 4526 3265 4582 Non
3307 4526 3507 4581 ludiont
3534 4525 3649 4581 haec
3678 4526 3821 4580 dicta
3861 4542 3989 4581 conv

2402 4621 2758 4690 sequendam.
2784 4620 2907 4675 Scio
2940 4630 2993 4674 et
3022 4634 3140 4686 ego.
3166 4617 3282 4673 Non
3310 4619 3451 4671 cuitu
3479 4618 3774 4670 secundum
3805 4618 3991 4672 buma-

2402 4727 2588 4765 narum
2620 4725 2795 4764 rerum
2829 4724 3032 4763 morem
3076 4708 3192 4762 bmc
3231 4708 3607 4776 contigerunt,
3651 4706 3826 4776 inquit
3853 4725 3865 4759 :
3897 4708 3989 4762 sed

2360 4812 2367 4818 ‘
2400 4815 2559 4868 supra
2587 4806 2827 4852 naturam
2860 4806 2983 4851 sunt
3009 4798 3093 4850 illa
3117 4837 3131 4861 ,
3164 4804 3217 4851 et
3241 4797 3433 4850 divina:
3461 4797 3647 4866 gratia:
3670 4806 3843 4866 gesta.
3871 4796 3990 4851 Ideo

2400 4892 2539 4962 quod
2586 4891 2705 4944 aliis
2752 4891 3072 4944 anxietatem
3116 4890 3284 4956 parit,
3317 4887 3369 4942 id
3400 4889 3537 4959 apud
3571 4888 3719 4943 illum
3744 4888 3987 4946 ﬁduciam

2404 4981 2688 5051 prmbcltat.
2728 4980 2937 5034 Etenim
2981 4980 3025 5033 si
3074 4980 3191 5049 quis
3234 4989 3390 5050 capto
3433 4981 3835 5049 constrictoque
3857 4981 3989 5037 duce

2403 5073 2455 5127 id
2485 5074 2716 5144 evulget,
2750 5081 2916 5126 totum
2946 5071 3241 5145 exercitum
3273 5074 3325 5125 in
3356 5070 3529 5141 fugam
3553 5072 3776 5141 coniicit
3806 5090 3823 5131 ε
3858 5083 3911 5127 ct
3947 5074 3987 5127 si

2402 5166 2524 5235 quis
2554 5174 2822 5222 pastorem
2851 5178 2915 5215 es
2944 5161 3067 5215 ovili
3100 5161 3376 5216 abduxerit
3401 5204 3418 5227 ,
3445 5162 3695 5230 abigeuda
3723 5163 3904 5232 gregis
3931 5165 3986 5217 li-

2406 5256 2662 5310 bertatem
2696 5253 2914 5323 prmbct.
2953 5251 3145 5305 Verum
3174 5268 3279 5305 non
3308 5253 3386 5305 sic
3415 5254 3467 5305 in
3502 5252 3664 5305 Paulo
3689 5293 3705 5318 ,
3737 5252 3835 5307 sed
3863 5270 3985 5309 cou-

2406 5349 2625 5401 trarium
2645 5346 2945 5401 eveniebat.
2968 5342 3097 5397 Nam
3116 5343 3219 5397 dux
3242 5344 3575 5412 alligabatur,
3609 5352 3664 5396 ct
3703 5342 3985 5398 alacriores

2406 5439 2601 5492 milites
2629 5445 2811 5499 erant,
2847 5434 3139 5503 majurique
3182 5436 3364 5487 animo
3407 5434 3744 5487 adversarios
3783 5432 3978 5487 adorie-

2409 5532 2602 5583 bantur
2630 5544 2644 5585 :
2673 5538 2852 5597 pastor
2878 5528 3197 5578 είιιιεινζειηε
3226 5534 3373 5589 erat,
3403 5532 3456 5578 et
3494 5539 3621 5578 oves
3650 5538 3757 5578 non
3799 5539 3978 5580 consu-

2410 5624 2711 5684 mebantur,
2742 5633 2841 5673 nec
2867 5616 3329 5691 dispergebautur'.

2484 5717 2538 5771 8.
2580 5708 2852 5769 ιενιιιηητ
2894 5718 2938 5762 et
2980 5720 3168 5763 catena:
3214 5707 3368 5762 Pauli
3407 5724 3603 5780 magna!
3657 5702 3985 5763 consolationi
