4194 6302
756 288 851 341 517

822 409 894 471 η’.
913 402 1008 462 Τίς
1027 396 1153 464 εἶδε,
1173 404 1254 462 τίς
1270 403 1495 468 ᾕκουσεν
1519 403 1575 452 ἐν
1603 405 1712 464 τοῖς
1732 402 1836 453 τῶν
1851 402 2184 455 διδασκάλων
2211 403 2262 456 δε
2275 421 2316 455 ι-

750 488 860 548 νοῖς
890 483 1104 538 πλείονα
1127 477 1466 552 παράκλησιν
1488 483 1864 552 λαμϐάνοντας
1883 487 2010 547 τοὺς
2037 485 2280 556 μαθητάς
2301 504 2314 552 ;

754 567 875 630 Πῶς
921 568 1018 619 οὐκ
1056 565 1301 630 ἔδεισανς
1345 564 1468 627 πῶς’
1501 566 1601 618 οὐκ
1642 568 2018 637 ἐφοϐήθησαν;
2059 566 2178 630 πῶς
2215 569 2315 620 οὐκ

751 647 900 702 εἷπον
925 649 1059 718 πρὸς
1087 648 1178 700 τὸν
1213 647 1445 712 Παῦλον,
1487 647 1684 716 Ἰατρέ,
1720 649 2096 716 θεράπευσον
2130 665 2314 702 σεαυ-

752 733 888 794 τόν;
922 731 1228 796 ἀπάλλαξον
1269 731 1493 783 σεαυτὸν
1538 731 1647 783 τῶν
1693 732 2044 785 πολυπλόκων
2093 732 2312 793 δεινῶν,

750 814 838 864 καὶ
878 813 997 864 τότε
1047 815 1177 883 ήμῖν
1227 813 1293 866 τά
1331 813 1501 883 μυρία
1551 814 1902 883 προξενήσεις
1937 813 2134 877 ἀγαθά.
2190 815 2314 877 Πῶς

745 895 912 947 ταῦτα
956 896 1056 947 ούκ
1113 891 1304 959 είπον;
1355 895 1514 957 Πῶς;
1567 896 1649 947 δτι
1703 895 2125 963 πεπαιδευμένοι
2171 890 2313 966 ἦσαν

748 977 895 1047 παρὰ
925 977 1025 1046 τῆς
1063 975 1158 1028 τοῦ
1189 977 1504 1046 Πνεύματος
1535 977 1772 1047 χάριτος,
1809 978 1892 1029 ὃτι
1920 977 2090 1030 ταῦτα
2123 977 2223 1029 ούκ
2254 977 2312 1042 ἐξ

741 1057 1020 1118 ἀσθενείας
1055 1059 1282 1124 ἐγίνετο,
1317 1059 1432 1111 ἀλλ’
1467 1062 1529 1110 ἐκ
1561 1060 1653 1128 τῆς
1695 1057 1787 1110 τοῦ
1825 1059 2062 1128 Χριστοῦ
2097 1075 2310 1129 συγχω-

745 1145 972 1212 ρήσεως,
1004 1141 1089 1193 ἵνα
1135 1140 1396 1210 μειζόνως
1425 1143 1457 1210 ἡ
1499 1140 1726 1210 ἀλήθεια
1763 1139 2068 1213 διαλάμπῃ,
2100 1142 2189 1194 διὰ
2220 1143 2311 1194 δε-

743 1223 894 1293 σμῶν
934 1224 1026 1275 καὶ
1074 1225 1327 1291 φυλακῶν
1376 1225 1469 1277 καὶ
1523 1224 1752 1291 θλίψεων
1799 1227 1890 1277 καὶ¹
1938 1227 2309 1296 στενοχωριῶν

741 1306 1076 1378 αὐξανομένη
1113 1310 1206 1361 καὶ
1245 1309 1379 1378 πρδς
1412 1312 1594 1379 μεῖζον
1625 1310 1888 1380 αἰρομένη
1927 1308 2172 1378 μέγεθος.
2200 1308 2307 1360 Οὖ-

737 1407 845 1452 τως
875 1391 907 1459 ἡ
941 1390 1170 1460 δύναμις
1210 1391 1304 1443 τοῦ
1333 1391 1566 1459 Χριστοῦ
1604 1394 1660 1442 ἐν
1697 1390 1954 1462 ἀσθενείᾳ⁸
1984 1389 2306 1444 τελειοῦται.

738 1473 796 1523 ΕΞ
835 1473 932 1540 μὲν
965 1474 1072 1542 γάρ
1118 1475 1439 1526 ὑπεσκέλισε
1485 1476 1576 1526 τὸν
1608 1475 1819 1527 Παῦλον
1854 1475 1924 1528 τά
1975 1474 2169 1544 δεσμά,
2212 1477 2308 1528 καὶ

733 1554 1030 1626 δειλότερον
1062 1558 1337 1626 ἐποίησεν,
1373 1559 1405 1629 ἦ
1452 1560 1632 1620 αὑτὸν,
1672 1559 1704 1626 ἢ
1741 1559 1868 1620 τοὺς
1911 1558 2102 1626 ἐκείνῳ
2134 1574 2306 1628 προσ-

734 1641 964 1705 ήκοντας
1002 1638 1106 1690 εδει
1138 1639 1441 1709 διαπορεῖνο
1480 1640 1608 1691 εί.δέ
1646 1640 1844 1709 μᾶλλον
1900 1639 2122 1709 θαρρεῖν
2164 1657 2305 1708 παρ-

733 1719 998 1771 εσκεύασε
1023 1723 1116 1772 καὶ
1135 1724 1212 1782 εἰς
1239 1722 1458 1775 πλείονα
1479 1721 1636 1785 δόξαν
1653 1723 1878 1791 ήγαγεν,
1905 1722 2304 1791 ἐκπλήττεσθαι

731 1800 811 1852 δεῖ
841 1804 932 1855 καὶ
956 1802 1273 1871 θαυμάζειν.
1297 1803 1411 1866 πῶς
1432 1803 1519 1855 διὰ
1553 1805 1872 1873 πράγματος
1902 1805 2125 1872 ἀτιμίαν
2156 1805 2306 1874 έχον-

729 1899 820 1943 τος
861 1882 988 1946 δόξα
1032 1884 1106 1953 τῷ
1151 1885 1365 1954 μαθητῇ
1421 1885 1790 1956 προεξενεῖτο,
1844 1887 1933 1940 διὰ
1977 1889 2304 1958 πράγματος

729 1963 929 2016 δειλίαν
976 1966 1335 2034 ἐμϐάλλοντος
1365 1968 1562 2038 θάρσος
1601 1973 1695 2021 καί
1743 1970 2092 2040 παράκλησις
2138 1971 2303 2022 πᾶσιν

730 2045 960 2110 ἐκείνοις
1009 2048 1245 2115 ἐγένετο.
1283 2049 1379 2109 Τίς
1417 2051 1523 2120 γὰρ
1575 2052 1733 2102 αὐτὸν
1789 2053 1887 2110 ορκ
1942 2051 2303 2121 ἐξεπλήττετο

726 2128 846 2180 τότε
877 2168 892 2192 ,
944 2131 1083 2198 δρῶν
1136 2133 1324 2184 ἅλυσιν
1381 2133 1798 2203 περικείμενονς
1855 2135 1985 2186 Τότε
2047 2135 2302 2204 δαίμονες

727 2209 1084 2279 ἐδραπέτευον
1103 2214 1320 2282 μᾶλλον,
1342 2216 1428 2267 ὅτε
1464 2214 1648 2284 ἐώρων
1668 2216 1829 2268 αὑτὸν
1857 2218 1914 2268 ἐν
1939 2216 2299 2286 δεσμωτηρίῳ

726 2292 1090 2362 διατρίϐοντα.
1124 2297 1197 2349 Ού
1224 2298 1331 2367 γὰρ
1362 2299 1505 2350 οὕτω
1551 2298 1838 2368 βασιλικὴν
1884 2298 2126 2368 κεφαλὴν
2156 2298 2298 2369 λαμ-

727 2377 871 2445 πράν
903 2377 964 2430 τὸ
999 2378 1236 2449 διάδημα
1284 2385 1463 2442 ποιεῖ,
1519 2383 1594 2445 ὡς
1642 2382 1743 2446 τὰς
1791 2384 1999 2436 ἐκείνου
2039 2385 2226 2453 χεῖρας
2264 2385 2298 2453 ή

725 2457 931 2522 ἀλυσις,
967 2462 1027 2513 οὐ
1081 2463 1229 2531 παρά
1263 2466 1357 2533 τὴν
1399 2464 1605 2517 οἰκείαν
1639 2465 1820 2533 φύσιν,
1856 2466 1988 2518 ἀλλὰ
2023 2466 2175 2536 παρὰ
2199 2467 2298 2535 τὴν

723 2541 1072 2597 ἁπανθοῦσαν
1110 2546 1302 2608 αὑταῖς
1333 2548 1512 2616 χάριν.
1560 2548 1657 2600 Διά
1696 2549 1855 2602 τοῦτο
1898 2549 2068 2618 πολλὴ
2115 2549 2297 2619 παρά-

725 2624 915 2692 κλησις
941 2628 1148 2694 ἐγίνετο
1172 2633 1282 2689 τοῖς
1310 2629 1596 2699 μαθηταῖς.
1625 2629 1730 2683 Καὶ
1765 2632 1872 2700 γὰρ
1897 2631 2080 2700 ἐώρων
2105 2629 2165 2682 τὸ
2196 2632 2295 2700 μὲν

725 2706 882 2776 σῶμα
909 2708 1212 2777 δεδεμένον,
1236 2713 1334 2780 τὴν
1360 2711 1416 2762 δέ
1443 2711 1690 2776 γλῶτταν
1712 2714 1772 2764 ού
1797 2713 2082 2781 δεδεμένην
2100 2729 2112 2742 ·
2143 2711 2292 2783 [307]

719 2788 817 2852 τὰς
849 2789 946 2857 μὲν
975 2795 1162 2860 χεῖρας
1191 2793 1544 2860 ἐσφιγμένας,
1579 2794 1670 2846 τὸν
1707 2793 1762 2845 δὲ
1799 2794 1953 2860 λόγον
1981 2792 2291 2864 λελυμένον,

721 2877 813 2928 καὶ
836 2879 933 2947 τῆς
963 2880 1181 2942 ἀκτῖνος
1204 2885 1302 2948 τῆς
1329 2883 1555 2951 ἡλιακῆς
1581 2883 1877 2952 ταχύτερον
1902 2883 2002 2952 τὴν
2034 2883 2290 2953 οἰκουμέ-

721 2975 816 3027 νην
845 2961 1200 3032 ἐπιτρέχοντα
1228 2967 1423 3018 πᾶσαν.
1463 2966 1570 3018 Καὶ
1603 2965 1759 3018 τοῦτο
1791 2967 1972 3029 αὐτοῖς
2007 2967 2291 3038 παράκληο

722 3065 803 3109 σις
829 3049 1033 3115 ἐγίνετο
1056 3049 1142 3104 διὰ
1171 3052 1278 3104 τῶν
1302 3053 1476 3122 ἔργων
1501 3054 1879 3122 μανθάνουσιν,
1903 3055 1985 3107 ὅτι
2013 3055 2164 3107 οὐδὲν
2184 3055 2290 3106 τῶν

722 3133 1000 3202 παρόντων
1032 3133 1221 3187 δεινόν.
1258 3136 1368 3188 Καὶ
1404 3136 1511 3203 γάρ
1544 3137 1672 3188 ὅταν
1699 3137 1803 3188 ὑπὸ
1830 3137 1974 3188 θείου
2002 3137 2168 3189 πόθου
2198 3137 2292 3190 καὶ

718 3217 927 3286 ἔρωτος’
967 3223 1000 3289 ή
1042 3221 1188 3291 ψυχή
1220 3221 1450 3291 βαφεῖσα
1483 3223 1620 3295 τύχῃ
1660 3226 1931 3291 γνησίως,
1971 3225 2107 3293 πρὸς
2138 3225 2290 3277 οὐδὲν

717 3300 1106 3372 ἐπιστρέφεται
1139 3305 1244 3356 τῶν
1279 3307 1593 3375 παρόντωνο
1631 3307 1746 3359 ἀλλ’
1787 3307 1976 3378 ὥσπερ
2022 3310 2071 3360 οί
2105 3309 2291 3377 μαινό-

719 3405 868 3455 μενοι
891 3393 983 3441 καὶ
1008 3407 1080 3442 πυ
1090 3391 1179 3461 pb;
1199 3393 1291 3444 καὶ⁵
1317 3391 1534 3463 σιδήρου
1557 3395 1650 3446 καὶ
1673 3394 1872 3466 Θηρίων
1896 3396 1991 3448 καὶ
2017 3397 2289 3463 πελάγους

718 3478 808 3529 καὶ
843 3479 1061 3532 πάντων
1108 3481 1546 3551 κατατολμῶσιν,
1581 3481 1724 3536 οὕτω
1768 3483 1862 3535 καὶ
1891 3479 2036 3537 οὗτοι
2091 3484 2287 3553 μανίαν

715 3562 835 3617 τινὰ
861 3564 1153 3635 καλλίστην
1184 3567 1280 3619 καὶ
1314 3569 1838 3637 πνευματικωτάτην
1871 3570 2148 3638 μανέντες,
2181 3589 2287 3640 μα-

714 3651 835 3703 νίαν
867 3652 975 3703 ἀπὸ
1009 3655 1363 3725 σωφροσύνης
1388 3652 1701 3725 γινομένην,
1727 3658 1946 3709 πάντων
1975 3657 2286 3723 κατεγέλων

713 3738 819 3793 τῶν
849 3741 1162 3811 δρωμένων.
1201 3745 1296 3796 Διὰ
1331 3743 1489 3798 τοῦτο
1515 3745 1799 3814 δεδεμένον
1823 3746 2060 3817 δρῶντες
2088 3748 2176 3800 τὸν
2210 3738 2288 3799 δὶ-

712 3831 999 3894 δάσκαλον,
1043 3833 1241 3903 μᾶλλον
1281 3834 1571 3905 ἐσκίρτων,
1608 3835 1808 3905 μᾶλλον
1841 3837 2159 3906 ἠγάλλοντο,
2199 3837 2286 3892 διὰ

711 3921 820 3975 τῶν
848 3921 1024 3994 ἔργων
1060 3926 1171 3987 τοῖς
1203 3927 1464 3990 ἐναντίοις
1499 3927 1680 3988 δόντες
1707 3926 2003 3994 ἀπόδειξιν,
2034 3929 2113 3981 ὅτι
2148 3931 2287 3984 πάν-

710 4011 864 4065 τοθέν
891 4014 1028 4065 είσιν
1063 4013 1330 4067 ἀνάλωτοι
1359 4018 1453 4068 καὶ
1487 4017 1795 4087 ἀχείρωτοι.

765 4103 830 4155 θ’.
851 4102 983 4156 Τότε
998 4105 1201 4168 τοίνυν,
1215 4105 1304 4159 δτε
1320 4109 1377 4158 ἐν
1391 4106 1601 4170 τούτοις
1626 4107 1692 4160 τὰ
1718 4109 2018 4179 πράγματα
2038 4108 2128 4181 ἦν,
2143 4114 2286 4175 τινές

710 4193 820 4248 τῶν
870 4195 1080 4265 ἐχθρῶν
1135 4197 1244 4249 τῶν
1281 4198 1491 4250 Παύλου
1546 4199 1857 4270 βουλόμενοι
1908 4203 1998 4255 τὸν
2051 4204 2283 4273 πόλεμον

711 4287 1065 4356 ἀναῤῥιπίσαι
1084 4288 1479 4358 χαλεπώτερον,
1518 4290 1608 4341 καὶ
1648 4289 1863 4360 μείζονα
1893 4291 1987 4344 τοῦ
2019 4293 2281 4362 τυράννου

711 4377 937 4445 ποιῆσαι
982 4381 1078 4448 τὴν
1108 4381 1245 4450 πρὸς
1294 4381 1457 4434 αὐτὸν
1500 4382 1821 4452 ἀπέχθειαν,
1858 4389 2283 4456 προσεποιοῦντο

709 4469 805 4521 καὶ
833 4471 984 4523 αὐτοὶ
1025 4471 1316 4542 κηρύττειν
1336 4513 1350 4535 ,
1393 4475 1486 4526 καὶ
1518 4475 1814 4544 ἐκήρυττον
1847 4478 1946 4548 τὴν
1979 4478 2146 4549 ὀρθὴν
2187 4483 2282 4534 καὶ

709 4557 836 4626 ὑγιῆ
871 4559 1053 4610 πίστιν
1085 4561 1224 4628 ὑπὲρ
1251 4561 1344 4614 τοῦ
1381 4563 1440 4615 τὸ
1466 4563 1642 4632 δόγμα
1675 4564 1950 4618 ἐπιδοῦναι
1984 4568 2278 4636 μειζόνως⁶

707 4647 867 4701 τοῦτο
890 4649 946 4702 δέ
974 4650 1210 4715 ἐποίουν,
1233 4653 1351 4722 οὐχὶ
1371 4653 1468 4724 τὴν
1490 4655 1672 4708 πίστιν
1697 4659 1914 4727 σπεῖραι
1945 4657 2277 4730 βουλόμενοι,

707 4739 824 4793 ἀλλ’
852 4739 940 4794 ἵνα
981 4741 1168 4809 μαθὼν
1213 4743 1242 4796 ὀ
1284 4744 1502 4815 Νέρων.
1535 4745 1707 4798 ὅτιτὸ
1749 4748 2013 4818 κήρυγμα
2056 4751 2276 4816 αὔξεται

710 4829 802 4882 καὶ
838 4829 899 4881 τὸ
936 4829 1112 4900 δόγμα
1143 4830 1440 4895 ἐπιδίδωσι,
1468 4835 1764 4905 ταχύτερον
1806 4836 1897 4888 τὸν
1938 4839 2144 4892 Παύλον
2183 4841 2277 4894 ἐπὶ

706 4920 770 4972 τὸ
807 4919 1078 4990 βάραθρον
1114 4921 1394 4992 ἀπαγάγῃ.
1433 4923 1536 4975 Δύο
1587 4925 1766 4977 τοίνυν
1802 4921 1869 4996 ἦν
1907 4926 2273 4993 διδασκαλεῖα,

706 5009 815 5060 τῶν
848 5011 1059 5064 Παύλου
1085 5013 1360 5084 μαθητῶν,
1396 5016 1488 5067 καὶ
1511 5015 1619 5068 τῶν
1641 5017 1849 5088 ἐχθρῶν
1877 5018 1984 5071 τῶν
2010 5021 2101 5073 τοῦ
2128 5022 2273 5074 Παύ-

707 5099 798 5152 λου
819 5116 834 5130 ο
869 5102 978 5153 τῶν
1005 5102 1102 5171 μὲν
1134 5104 1193 5167 ἐξ
1220 5105 1476 5176 ἀληθείας
1516 5107 1913 5177 κηρυττόντων.
1945 5110 2052 5162 τῶν
2080 5112 2136 5164 δὲ
2166 5115 2274 5166 ἀπὸ

709 5189 1035 5257 φιλονεικίας
1070 5194 1164 5246 καὶ
1191 5189 1286 5264 τῆς
1316 5196 1449 5264 πρὸς
1471 5197 1558 5249 τὸν
1586 5198 1795 5251 Παῦλον
1824 5199 2136 5269 ἀπεχθείας.
2162 5205 2271 5256 Καὶ

705 5281 878 5343 σαῦτα
913 5281 1086 5352 δηλῶν
1138 5284 1286 5352 ἔλεγε
1311 5305 1324 5318 υ
1391 5287 1550 5353 Τινὲς
1590 5288 1707 5356 μὲν
1754 5290 1851 5343 διὰ
1897 5294 2124 5358 φθόνον
2171 5296 2268 5346 καί

705 5371 832 5440 ἔριν
874 5373 979 5426 τὸν
1023 5377 1278 5442 Χριστὸν
1323 5379 1752 5446 κηρύττουσιν,
1787 5381 2025 5444 ἐκείνους
2069 5385 2271 5453 ἐμφαίο

1408 293 1470 347 S.
1524 292 1806 349 JOANNIS
1843 294 2339 352 CIIIHSOSTOMI
2381 294 2702 352 ARCHIEP.
2745 293 3296 352 CONSTANTINOP.

3894 283 3999 338 318

2419 403 2516 472 οὐχ
2550 401 2716 470 ὑγιῶς
2739 441 2753 465 ,
2801 401 2914 453 ἀλλ’
2954 401 3220 468 Οίόμενοι
3266 401 3478 469 θλίψιν
3526 403 3831 472 ἐπιφέρειν
3873 403 3996 466 τοῖς

2421 485 2664 554 δεσμοῖς
2686 503 2836 553 μου’
2882 488 2935 538 οι
2964 483 3032 535 δὲ
3067 481 3134 547 ἐξ
3171 483 3434 552 ἀγάπηςθ
3465 485 3629 538 πάλιν
3671 486 3832 538 τοῦτο
3865 486 3996 555 περέ

2421 568 2550 620 τῶν·
2584 567 2826 634 ἀδελφῶν
2865 567 2974 619 τῶν
3015 564 3245 618 ἐαυτοῦ·
3289 565 3533 631 Είδότες
3575 568 3665 620 ὅτι
3711 572 3805 635 είς
3848 570 3999 623 ἀπο-

2417 651 2634 718 λογίαν
2683 649 2789 702 τοῦ
2823 649 3196 716 Εὺαττελίου
3249 648 3462 717 κεῖμαι.
3521 651 3580 702 Τί
3628 651 3773 718 τὰρ;
3823 652 3998 717 Πλὴν

2419 731 2598 786 παντὶ
2651 732 2886 798 τρόπῳ,
2948 731 3069 782 εἴτε
3139 729 3473 798 προφάσει,
3523 733 3644 784 εἴτε
3696 735 3997 800 ἀληθείᾳ,

2416 813 2668 880 Χριστὸς
2728 811 3213 882 καταγγέλλεται.
3270 813 3431 864 Ὥστε
3487 815 3665 883 μάτην
3719 815 3813 866 καὶ
3870 814 3997 883 είκῆ

2417 895 2509 947 ἐπὶ
2561 895 2672 946 τῶν
2724 895 2989 964 αἱρέσεων
3041 891 3202 945 τοῦτο
3245 894 3306 945 τὺ
3357 896 3508 964 ῥῆμα
3562 895 3996 966 παραλαμϐάνε-

2415 995 2524 1030 ται.
2560 979 2623 1030 Οί
2662 978 2770 1048 γὰρ
2806 978 2926 1029 τότε
2973 974 3336 1046 κηρύττοντες
3372 977 3494 1045 ούχὶ
3526 978 3705 1048 δόγμα
3735 977 3999 1048 διεφθαρ-

2417 1059 2576 1128 μένον
2616 1061 2951 1129 ἐκήρυττον,
3002 1059 3138 1112 ἀλλά
3183 1058 3362 1111 πίστιν
3410 1060 3536 1130 ὑγιῆ
3581 1062 3674 1113 καὶ
3708 1062 3898 1132 ὀρθήν.
3933 1059 3997 1114 El

2412 1139 2521 1210 γάρ
2549 1139 2722 1208 δόγμα
2759 1139 3154 1210 διεφθαρμένον
3183 1141 3501 1212 ἐκήρυττον,
3531 1144 3622 1194 καί
3651 1144 3814 1213 ἔτερα
3840 1143 3997 1212 παρὰ

2412 1223 2502 1275 τὸν
2556 1222 2767 1276 Παῦλον
2820 1223 3136 1288 ἐδίδασκον,
3197 1224 3297 1275 οὐκ
3349 1224 3572 1294 ἔμελλεν
3625 1228 3810 1288 αὐτοῖς
3854 1242 3993 1292 προ-

2411 1306 2627 1374 χωρεῖν,
2670 1306 2809 1375 ὅπερ
2842 1305 3145 1359 ἐϐούλοντο,
3182 1305 3245 1357 Τί
3290 1305 3347 1358 δὲ
3395 1307 3712 1371 ἐϐούλοντος
3751 1307 3865 1375 Τῆς
3902 1306 3993 1359 πίο

2413 1402 2580 1448 στεως
2611 1384 2938 1457 αὐξηθείσης
2972 1387 3064 1440 καὶ
3083 1387 3294 1440 πολλῶν
3322 1389 3630 1457 γενομένων
3649 1389 3758 1442 τῶν
3773 1389 3990 1441 Παύλου

2414 1467 2688 1538 μαθητῶν,
2709 1471 2788 1532 είς
2815 1469 3042 1538 μείζονα
3067 1470 3301 1539 πόλεμον
3335 1471 3424 1523 τὸν
3444 1472 3670 1540 Νέρωνα
3698 1471 3987 1540 διεγεῖραι.

2411 1550 2473 1601 Εί
2523 1551 2579 1602 δὲ
2617 1551 2777 1620 ἕτερα
2827 1552 3073 1621 δόγματα
3120 1554 3439 1620 ἐκήρυττον,
3481 1555 3586 1606 οὐκ
3641 1554 3708 1606 ἂν
3758 1553 3990 1616 πολλοις

2409 1635 2671 1702 ἐποίησαν
2699 1638 2825 1698 τοὺς
2878 1635 3089 1688 Παύλου
3122 1637 3390 1708 μαθητάς·
3443 1637 3518 1708 μὴ
3567 1637 3845 1700 ποιοῦντες
3895 1637 3985 1698 δὲ,

2409 1718 2508 1770 ούκ
2543 1717 2608 1770 ἂν
2654 1718 2978 1788 παρώξυναν
3006 1719 3100 1772 τὸν
3153 1722 3436 1790 τύραννον.
3489 1721 3562 1772 Οὐ
3607 1721 3786 1772 τοίνυν
3826 1719 3990 1772 τοῦτό

2409 1815 2588 1868 φησιν,
2625 1801 2705 1852 ὅτι
2729 1801 3104 1872 διεφθαρμένα
3159 1803 3404 1873 δόγματα
3437 1805 3676 1873 εἰσῆγον,
3708 1804 3823 1857 ἀλλ’
3847 1803 3986 1870 δτιή

2407 1881 2572 1942 αίτία,
2602 1883 2696 1951 ἀφ’
2718 1879 2786 1955 ἦς
2810 1885 3127 1954 ἐκήρυττον,
3148 1885 3284 1955 α’ύτη
3316 1882 3382 1955 ἦν
3411 1885 3804 1956 διεφθαρμένη.
3824 1883 3988 1938 Ἐτε-

2411 1981 2502 2034 ρον
2537 1966 2646 2035 γάρ
2673 1968 2789 2019 ἐστι
2821 1967 3001 2020 λαλεῖν
3035 1968 3132 2036 τὴν
3166 1969 3438 2039 πρόφασιν
3473 1967 3568 2021 τοῦ
3607 1967 3987 2038 κηρύγματος.

2406 2047 2499 2097 καὶ
2517 2047 2704 2117 ἕτερον
2735 2049 2866 2100 αὐτὸ
2887 2048 2945 2100 τὸ
2974 2051 3236 2120 κήρυγμα
3289 2051 3364 2122 μὴ
3400 2048 3536 2103 εἶναι
3568 2051 3739 2118 ὑγιές.
3778 2050 3852 2102 τὸ
3890 2053 3989 2119 μὲν

2404 2129 2512 2198 γὰρ
2553 2132 2813 2200 κήρυγμα
2841 2131 2903 2182 ού
2959 2133 3167 2198 γίνεται
3198 2133 3370 2200 ύγιές,
3406 2134 3532 2187 ὃταν
3559 2133 3628 2186 τὰ
3652 2131 3926 2200 δόγματα

2402 2209 2612 2281 πλάνης
2635 2213 2876 2280 γέμοντα
2896 2228 2910 2242 ⁸
2966 2215 3000 2282 ή
3045 2213 3318 2283 πρόφασις
3347 2216 3403 2267 δέ
3433 2215 3493 2268 ού
3545 2215 3754 2282 γίνεται
3789 2215 3950 2284 ὑγιὴς
3970 2254 3984 2275 ,

2400 2293 2529 2345 ὃταν
2561 2293 2622 2345 τὺ
2655 2295 2755 2364 μὲν
2777 2297 3041 2367 κήρυγμα
3077 2299 3224 2365 ὑγιὲς
3260 2293 3316 2369 ᾖ,
3346 2300 3393 2350 οί
3422 2299 3480 2351 δέ
3513 2299 3879 2368 κηρύττοντες
3910 2301 3985 2367 μή

2400 2374 2486 2428 διὰ
2526 2376 2619 2429 τὸν
2667 2377 2798 2429 Θεὸν
2841 2379 3206 2449 κηρύττωσιν,
3255 2380 3374 2432 ἀλλ’
3424 2380 3454 2449 ἥ
3514 2382 3650 2450 πρὸς
3697 2379 3921 2451 ἔχθραν,
3949 2382 3983 2451 ἢ

2401 2457 2537 2526 πρὸς
2570 2458 2730 2528 χάριν
2763 2460 2988 2529 ἐτέρων.

2473 2538 2620 2610 [308]
2643 2547 2691 2594 ι’.
2711 2541 2786 2593 Ού
2797 2543 2976 2595 τοίνυν
2991 2543 3147 2597 τοῦτό
3171 2562 3356 2614 φησιν,
3378 2547 3460 2600 ὅτι
3478 2547 3719 2615 αἱρέσεις
3736 2547 3978 2618 είσῆγον,

2398 2621 2514 2672 ἀλλ’
2543 2623 2623 2673 ὅτι
2640 2623 2738 2675 οὐκ
2758 2624 2867 2676 ἀπὸ
2891 2626 3219 2695 προφάσεως
3242 2627 3430 2697 ὀρθῆς,
3446 2628 3567 2681 οὐδὲ
3587 2627 3654 2680 δι’
3696 2629 3983 2681 εὐλάϐειαν

2397 2703 2718 2773 ἐκήρυττον,
2747 2707 2882 2776 ὅπερ
2920 2708 3242 2777 ἐκήρυττον.
3275 2710 3350 2762 Οὐ
3383 2710 3492 2780 γὰρ
3513 2712 3600 2762 ἴνα
3631 2711 3694 2763 τὸ
3726 2710 3978 2778 Εὐαγγέ-

2396 2783 2507 2836 λιον
2537 2785 2839 2856 αύξήσωσι,
2870 2788 3029 2841 τοῦτο
3054 2792 3294 2853 ἐποίουν,
3333 2793 3447 2846 ἀλλ’
3504 2795 3591 2846 ῖνα
3641 2795 3775 2846 αὐτὸ
3821 2793 3980 2847 πολε·

2397 2868 2610 2935 μήσωσι
2635 2881 2683 2930 ι,
2712 2871 2804 2922 καὶ
2829 2873 2907 2932 εἰς
2939 2870 3160 2941 μείζονα
3183 2875 3345 2926 αὑτὸν
3387 2875 3668 2945 ἐμϐάλωσι
3707 2877 3976 2928 κίνδυνον

2393 2947 2480 3000 διὰ
2504 2948 2662 3002 τοῦτο
2690 2951 2874 3013 αὐτοῖς
2921 2955 3160 3020 ἐγκαλεῖ.
3205 2957 3316 3008 Καὶ
3355 2958 3457 3027 δρα
3492 2957 3607 3021 πῶς
3643 2959 3785 3027 μετά
3818 2960 3978 3028 ἀκρι-

2394 3029 2548 3093 ϐείας
2576 3033 2708 3084 αὐτὸ
2752 3034 3016 3088 τέθεικεν·
3055 3039 3322 3105 Οὶόμενοι
3357 3041 3586 3108 θλίψιν,
3619 3042 3808 3111 φησιν,
3852 3042 3977 3094 ἐπι-

2392 3114 2595 3182 φέρειν
2631 3116 2754 3182 τοῖς
2782 3117 3029 3186 δεσμοῖς
3056 3138 3193 3188 μου.
3230 3123 3341 3174 υύκ
3380 3119 3555 3188 εἶπεν,
3585 3125 3973 3193 ἐπιφέροντες,

2392 3197 2544 3264 ἀλλ’,
2591 3202 2859 3268 Οίόμενοι
2908 3203 3253 3271 ἐπιφέρειν,
3302 3207 3571 3268 τουτέστι,
3629 3205 3973 3274 νομίζοντεςο

2391 3279 2610 3342 δεικνὺς
2632 3283 2714 3334 δτι
2746 3284 2795 3335 εί
2819 3284 2911 3336 καὶ
2946 3288 3142 3339 ἐκεῖνοι
3177 3288 3510 3356 νομίζουσιν,
3535 3290 3650 3343 ἀλλ’
3673 3293 3777 3343 ούκ
3810 3292 3977 3353 αὐτὸς

2389 3363 2532 3416 οὕτω
2555 3363 2845 3428 διάκειται,
2862 3366 2998 3420 ἀλλὰ
3015 3369 3110 3421 καὶ
3129 3371 3313 3440 χαίρει
3339 3370 3427 3424 διὰ
3446 3371 3544 3442 τήν
3565 3371 3659 3424 τοῦ
3690 3389 3760 3441 κη
3770 3373 3975 3443 ρύγμα-

2390 3461 2480 3508 τος
2533 3446 2791 3502 ἐπίδοσιν.
2838 3449 3148 3518 Ἐπήγαγεν
3197 3449 3291 3504 οὗν
3323 3453 3518 3520 λέγων·
3563 3455 3738 3508 Ἀλλὰ
3775 3458 3872 3508 καὶ
3905 3457 3975 3508 ἐν

2391 3528 2578 3606 τούτῳ
2608 3531 2792 3598 χαίρω
2809 3532 2906 3584 καί
2932 3532 3294 3602 χαρήσομαι·
3314 3539 3360 3587 εί
3379 3536 3434 3588 δέ
3456 3536 3667 3605 πλάνην
3685 3538 3754 3590 τὰ
3769 3539 3973 3606 δόγμα-

2389 3624 2455 3660 τα
2485 3605 2619 3679 είχε,
2673 3613 2767 3666 καὶ
2803 3614 3043 3683 αἱρέσεις
3078 3615 3300 3684 εἰσῆγον
3350 3620 3570 3681 ἐκεῖνοι,
3601 3621 3701 3671 οὐκ
3737 3605 3970 3688 ἠδύνατο

2389 3692 2600 3761 χαίρειν
2629 3696 2657 3746 ὁ
2678 3695 2910 3758 Παῦλος.
2959 3697 3178 3769 Ἐπειδὴ
3205 3701 3260 3752 δέ
3291 3701 3446 3771 ὑγιὲς
3466 3702 3558 3755 καὶ
3585 3701 3877 3755 ἀνόθευτον
3901 3703 3962 3754 τὸ

2387 3774 2584 3843 δόγμα,
2611 3776 2697 3829 διά
2726 3779 2883 3831 τοῦτό
2913 3797 3045 3850 φησι
3069 3823 3083 3845 ,
3127 3783 3320 3850 Χαίρω
3358 3784 3456 3836 καί
3501 3782 3860 3854 χαρήσομαι.
3901 3785 3970 3840 τί

2390 3857 2519 3927 γὰρ,
2556 3861 2604 3910 εί
2645 3861 2872 3926 ἑαυτοὺς
2919 3865 3278 3918 ἀπολλύουσιν
3308 3869 3528 3930 ἐκεῖνοι,
3575 3865 3634 3931 ἐξ
3667 3868 3966 3937 ἀπεχθείας

2387 3941 2546 3994 τοῦτο
2576 3944 2882 4008 ποιοῦντες;
2913 3947 3074 4001 Ἀλλά
3091 3949 3156 4001 τὰ
3178 3950 3288 4019 ἐμά
3315 3951 3409 4002 καὶ
3434 3953 3657 4014 ἄκοντες
3688 3951 3962 4015 αὔξουσιν.

2383 4021 2542 4105 ,Εἶδες
2576 4026 2714 4097 πόση
2743 4028 2836 4081 τοῦ
2871 4029 3087 4083 Παύλου
3129 4033 3162 4101 ή
3191 4031 3452 4102 δύναμις;
3491 4037 3607 4097 πῶς
3655 4036 3834 4089 οὐδενὶ
3857 4037 3964 4090 τῶν

2387 4106 2480 4158 τοῦ
2513 4107 2756 4161 διαϐόλου
2794 4113 3204 4183 μηχανημάτων
3233 4114 3546 4181 άλίσκεται;
3572 4118 3680 4170 Καὶ
3711 4118 3776 4170 οὐ
3805 4121 3965 4188 μόιον

2387 4189 2483 4271 οὐχ
2514 4190 2831 4257 ἁλίσκεται,
2876 4195 3012 4247 ἀλλὰ
3068 4198 3162 4249 καὶ
3191 4199 3374 4261 αὐτοῖς
3411 4199 3627 4263 τούτοις
3657 4200 3822 4254 αὐτὸν
3854 4219 3965 4271 χει-

2390 4270 2594 4341 ροῦται.
2613 4273 2787 4344 Πολλὴ
2809 4276 2906 4344 μέν
2933 4278 3041 4347 γάρ
3067 4275 3160 4331 οὖν
3183 4280 3276 4333 καὶ
3296 4283 3328 4351 ή
3345 4281 3439 4333 τοῦ
3462 4282 3708 4335 διαϐόλου
3732 4270 3966 4353 κακουρ-

2387 4354 2513 4421 γία,
2555 4357 2648 4408 καὶ
2688 4357 2795 4410 τῶν
2845 4361 3039 4430 ἐκείνῳ
3081 4361 3471 4415 διακονούντων
3513 4367 3545 4432 ἡ
3593 4366 3864 4435 πονηρία’
3908 4369 3963 4420 ἐν

2387 4441 2732 4509 προσχήματι
2779 4441 2888 4514 γὰρ
2918 4442 3011 4496 τοῦ
3052 4445 3118 4496 τά
3170 4445 3309 4498 αύτά
3353 4451 3598 4516 φρονεῖν,
3653 4446 3849 4502 σϐέσαι
3903 4451 3961 4504 τὸ

2386 4522 2649 4593 κήρυγμα
2693 4522 2994 4578 ἐϐούλοντο.
3045 4526 3186 4579 Ἀλλ’
3245 4528 3306 4580 ’0
3358 4528 3780 4599 δρασσόμενος
3815 4533 3961 4599 τοὺς

2385 4605 2614 4671 σοφοὺς
2653 4607 2721 4658 ἐν
2768 4606 2844 4675 τῇ
2900 4609 3233 4677 πανουργίᾳ
3265 4609 3486 4674 αὐτῶν,
3539 4613 3598 4664 ού
3660 4615 3960 4687 συνεχώρει

2383 4685 2542 4739 τοῦτο
2574 4689 2826 4756 γενέσθαι
2867 4690 3009 4742 τότε.
3049 4691 3220 4743 Τοῦτο
3263 4691 3394 4759 γοῦν
3439 4694 3575 4746 αὐτὸ
3617 4685 3905 4764 ἐμφαίνων
3929 4700 3958 4751 ό

2384 4769 2591 4833 Παῦλος
2614 4772 2786 4840 ἔλεγε
2812 4771 2880 4826 Τὸ
2909 4772 2977 4825 δὲ
3006 4773 3296 4842 ἐπιμεῖναι
3327 4773 3402 4842 τῇ
3421 4776 3601 4842 σαρκί
3632 4778 3956 4843 ἀναγκαιό-

2382 4868 2554 4918 τερον
2568 4853 2642 4904 δι’
2660 4853 2836 4923 ἡμᾶς,
2863 4855 2960 4907 καὶ
2984 4855 3160 4908 τοῦτο
3185 4855 3480 4922 πεποιθὼς
3509 4853 3660 4922 οἶδα,
3685 4857 3776 4911 ὅτι
3793 4861 3954 4930 μενῶ

2380 4933 2480 4986 καί
2520 4936 2963 5005 συμπαραμενῶ
3007 4935 3197 4992 πᾶσιν
3241 4938 3396 5006 ὑμῖν.
3443 4940 3672 4992 Ἐκεῖνοι
3707 4941 3810 5010 μὲν
3848 4944 3953 5014 γάρ

2378 5017 2769 5089 τῆςηπαρούσης
2787 5037 2852 5088 με
2868 5020 3012 5089 ζωῆς
3034 5020 3280 5073 ἐκϐαλεῖν
3295 5020 3642 5091 ἐπιθυμοῦσι,
3657 5026 3753 5078 καὶ
3776 5027 3950 5081 πάντα

2382 5100 2470 5152 διὰ
2530 5102 2688 5154 τοῦτο
2738 5101 3122 5172 ὑπομένουσινο
3163 5102 3192 5153 ὁ
3231 5102 3289 5155 δέ
3336 5105 3469 5167 Θεὸς
3499 5106 3597 5158 οὐκ
3647 5107 3849 5176 ἀφίησι
3880 5108 3945 5162 δι’

2383 5184 2544 5253 ὑμᾶς.

2445 5288 2630 5341 Ταῦτα
2647 5288 2825 5341 τοίνυν
2849 5287 2988 5359 μετά
3007 5289 3289 5359 ἀκριϐείας
3310 5291 3524 5346 ἅπαντα
3548 5297 3938 5364 μνημονεύετε,

2374 5371 2458 5422 ἵνα
2493 5373 2619 5431 τοὺς
2645 5371 2829 5433 ἁπλῶς
2863 5375 2956 5423 καὶ
2976 5373 3052 5434 ὼς
3081 5372 3234 5443 ἔτυχε
3257 5377 3375 5437 ταῖς
3401 5376 3645 5446 Ι“ραφαίς
3664 5380 3938 5450 κεχρημέ-

702 5483 810 5519 νων
845 5465 973 5529 τοὺς
999 5467 1250 5537 ἐχθρούς·
1289 5470 1452 5535 Τινὲς
1482 5470 1550 5522 δὲ
1581 5472 1679 5524 καί
1703 5473 1780 5524 δι’
1805 5472 2104 5536 εὐδοκίαν,
2141 5477 2268 5547 περὶ
2371 5471 2496 5548 “fug
2533 5453 2630 5548 ia"
2662 5455 2748 5548 if.
2780 5454 2986 5548 Ῠλέθριιζ
3023 5455 3131 5548 τῷν
3173 5456 3594 5548 πλτισίξνολξιετδξ
3624 5462 3811 5548 πάσης
3853 5480 3935 5548 φ’

703 5555 812 5610 τῶν
840 5555 1032 5610 ἐαυτοῦ
1070 5536 1325 5630 μαθητῶν
1355 5560 1513 5613 τοῦτο
1549 5561 1745 5629 λέγων.
1781 5560 1916 5617 Εἶπε
1951 5564 2109 5618 πάλιν
2140 5536 2267 5636 περὶ
2371 5539 2500 5609 φίας
2527 5536 2755 5606 δύνησθε
2777 5538 3040 5608 διορθοῦν’
3060 5540 3410 5612 Δυνησόμεθα
3430 5543 3486 5598 δὲ
3515 5545 3608 5599 καὶ
3628 5547 3929 5618 μεμνῆσθ³⁶

706 5647 944 5709 ἐκείνων,
981 5651 1044 5702 Ol
1067 5647 1184 5716 μὲν
1215 5649 1280 5712 ἐξ
1313 5651 1582 5717 ἐριθείας,
1611 5655 1658 5705 οἱ
1690 5653 1899 5723 ἐχθροί’
1932 5656 2027 5724 οὺχ
2056 5657 2256 5723 ἁγνῶς,

2433 5673 2458 5700 ⁸
2485 5671 2622 5735 Δύτῷ
2643 5671 2972 5731 πολεμήσωσι,
2996 5674 3065 5722 sic
3091 5687 3205 5722 mss.
