4194 6302
207 338 304 394 517

198 451 464 522 discipulis
504 459 670 505 erant.
699 479 772 492 -—-
798 451 928 519 Quis
958 451 1108 518 vidit,
1138 452 1260 522 quis
1289 450 1499 508 audivit
1527 454 1578 509 in
1627 455 1799 525 magi-

200 556 431 598 strorum
460 543 717 598 aerumnis
743 544 860 613 plus
875 545 1049 598 solatii
1079 560 1276 615 capere
1295 544 1631 616 discipulos?
1651 547 1798 617 Quo-

200 633 356 688 modo
383 633 866 690 non-timuerunt?
891 634 994 702 Qui
1021 634 1137 691 fieri
1170 637 1362 706 potuit,
1400 649 1458 694 ut
1497 638 1664 694 Paulo
1693 655 1800 694 non

198 727 479 781 dicerent:
516 724 735 792 lodice,
769 743 892 780 cura
939 729 1158 799 teipsurn
1180 727 1332 799 (Luc.
1358 729 1416 785 Α.
1438 729 1534 801 23)
1555 747 1568 784 :
1591 747 1722 786 erue
1749 742 1800 786 te

197 817 373 879 ipsum
391 815 462 869 ab
488 815 574 881 iis,
598 816 792 886 quibus
817 816 1224 887 constringet-is.
1267 819 1442 885 malis,
1473 829 1528 875 et
1553 830 1676 876 tunc
1702 838 1799 875 no-

197 909 280 964 bis
318 909 603 965 innumera
651 909 793 964 bona
834 909 1169 964 conciliabis.
1203 911 1313 966 Cur
1350 909 1453 966 hoc
1502 927 1607 966 non
1655 911 1799 967 dixe.

197 1000 361 1054 runt?
391 1001 562 1068 Quam
590 1001 660 1053 ob
685 1000 836 1054 rem?
860 1000 1124 1068 Quoniam
1161 1001 1336 1056 edocti
1375 1011 1532 1057 erant
1554 1019 1586 1058 a
1627 1005 1797 1073 gratia

196 1087 450 1159 Spiritus,
473 1088 591 1145 haec
615 1106 720 1144 non
746 1105 812 1145 ex
841 1090 1167 1156 inﬁrmitate,
1209 1092 1304 1147 sed
1331 1107 1399 1148 ex
1441 1095 1798 1163 permissione

195 1183 396 1238 Christi
429 1185 570 1250 lieri,
601 1195 657 1238 ut
687 1185 881 1239 veritas
907 1186 1076 1254 magis
1107 1184 1408 1256 effulgeret,
1436 1204 1531 1257 per
1557 1190 1792 1259 vincula,

196 1288 293 1344 per
317 1289 566 1331 canceres
593 1285 649 1330 et
673 1291 963 1344 mrumnas,
991 1279 1370 1350 angustiasque
1388 1292 1566 1346 aucta,
1598 1292 1653 1338 et
1681 1299 1795 1336 ma-

193 1367 367 1452 jore-ui
393 1369 446 1422 in
477 1370 693 1424 modum
715 1381 918 1427 evecta.
949 1372 1038 1428 Sic
1062 1375 1232 1430 virtus
1251 1374 1451 1432 Christi
1482 1378 1535 1433 in
1563 1379 1794 1434 inﬁrmi-

197 1466 306 1511 tate
337 1459 614 1529 perficitur
641 1462 720 1532 (2.
750 1461 870 1517 Cor.
905 1465 993 1518 19..
1025 1465 1106 1534 9).
1153 1465 1209 1520 Si
1241 1468 1383 1521 enim
1414 1470 1620 1525 vincula
1658 1472 1798 1526 Pan-

195 1547 303 1603 lum
343 1551 802 1620 supplantassent,
826 1563 880 1610 et
914 1556 1234 1611 timidiorem
1269 1559 1648 1628 reddidissent,
1679 1563 1795 1618 sive

197 1638 365 1706 illum,
385 1642 500 1697 sive
521 1657 638 1709 eos,
669 1647 758 1713 qui
787 1645 886 1714 ipsi
919 1647 1215 1715 merebant,
1241 1659 1365 1704 tunc
1395 1649 1792 1708 formidandum

193 1744 341 1798 erat;
373 1734 456 1789 sin
502 1736 762 1801 majorem
806 1738 1056 1794 ﬁduciam
1086 1741 1415 1809 indiderunt,
1468 1753 1527 1806 et.
1565 1745 1631 1800 ad
1674 1763 1792 1800 am-

193 1825 422 1891 pliorem
459 1827 683 1896 gloriam
727 1840 1042 1896 evexerant,
1086 1833 1470 1903 obstupescere
1513 1852 1579 1891 ac
1609 1839 1791 1892 mirari

191 1925 428 1983 oportet,
447 1919 732 1987 quomodo
775 1935 872 1990 per
897 1937 1011 1976 rem
1048 1923 1334 1993 ignominia
1368 1929 1582 1999 plenam
1624 1930 1792 2000 gloria

189 2002 456 2074 discipulo
512 2008 923 2076 conciliaretur;
979 2029 1177 2083 perque
1236 2031 1348 2070 rem
1403 2035 1522 2088 qua:
1587 2031 1790 2076 metum

191 2095 436 2151 incutere
473 2097 725 2165 debebat,
757 2089 950 2156 ti'ducia
981 2113 1036 2158 et
1060 2107 1358 2162 consolatio
1403 2111 1503 2164 illis
1542 2114 1790 2168 omnibus

191 2196 490 2254 pareretur.
536 2189 666 2257 Quis
694 2191 836 2246 enim
868 2209 976 2247 non
1002 2206 1110 2254 tum
1151 2198 1586 2269 obstupescebat,
1616 2205 1789 2259 virum

164 2291 419 2333 cernens
445 2290 633 2335 catena
658 2286 1047 2339 constrictum?
1074 2287 1225 2343 'l‘unc
1250 2293 1480 2346 maxime
1516 2293 1788 2350 daemones

184 2369 485 2440 fugiebant,
526 2389 647 2428 cum
688 2377 931 2432 viderent
956 2393 1081 2433 eum
1121 2381 1176 2434 in
1218 2387 1785 2457 carceredegentem.

183 2457 370 2530 Neque
414 2465 556 2517 enim
588 2464 831 2521 diadema
872 2472 1076 2539 regium
1127 2484 1286 2542 caput
1317 2477 1537 2544 perinde
1570 2482 1788 2548 conspi-

182 2568 344 2608 cuum
391 2555 536 2623 facit,
577 2569 740 2628 atque
770 2572 975 2617 catenae
1013 2580 1204 2621 manus
1244 2569 1404 2633 illius,
1436 2588 1540 2625 non
1566 2573 1782 2643 quidem

178 2658 376 2717 suapte
407 2659 622 2717 natura,
653 2653 746 2706 sed
776 2670 873 2723 per
910 2660 1135 2726 gratiam
1180 2661 1234 2714 in
1263 2664 1394 2731 ipsis
1429 2663 1781 2722 efflorescen-

180 2748 308 2794 tem.
345 2740 483 2794 Hinc
504 2759 690 2812 magna
718 2733 1011 2804 consolatio
1034 2751 1325 2820 discipulis.
1351 2754 1612 2812 Videbant
1638 2759 1779 2814 enim

176 2843 382 2901 corpus
405 2836 664 2903 vinctum,
695 2837 927 2909 linguam
955 2857 1084 2896 vero
1111 2846 1331 2901 minime
1371 2849 1619 2918 ligatam;
1668 2867 1782 2905 ma-

179 2937 280 2976 nus
305 2924 516 2994 ligatas,
543 2926 636 2981 sed
659 2930 880 2984 verbum
910 2934 1160 2996 solutum,
1184 2937 1326 3006 quod
1355 2938 1592 2994 velocius
1618 2956 1777 3012 quam

175 3016 376 3070 celaris
418 3018 598 3072 radius
629 3029 796 3074 totum
842 3024 1100 3078 mundum
1153 3041 1509 3096 percurreret.
1547 3032 1779 3102 Eratque

176 3109 228 3162 id
256 3111 366 3164 illis
395 3112 771 3178 consolationi,
802 3130 923 3169 cum
963 3132 1245 3188 perapera
1292 3122 1776 3189 ediscerent,‘nul-

174 3199 284 3255 iam
311 3216 498 3291 rerum
526 3205 869 3271 praesentium
894 3222 1018 3262 esse
1047 3225 1285 3278 gravem.
1327 3215 1521 3268 Anima
1551 3217 1771 3291 quippe,

173 3307 300 3348 cum
361 3273 548 3351 amiire
604 3296 978 3371 desiderioque
1045 3303 1228 3358 divino
1267 3321 1394 3361 vere
1451 3310 1771 3379 corripitur,

167 3384 239 3443 ad
291 3384 498 3441 nullam
550 3405 730 3443 rerum
780 3394 1122 3462 praesentium
1165 3411 1286 3453 sese
1321 3402 1625 3460 convertit;
1678 3403 1772 3457 sed

167 3478 624 3545 quemadmodum
647 3481 832 3538 furiosi
856 3495 911 3541 et
939 3485 1115 3556 ignem
1142 3498 1198 3543 et
1223 3488 1446 3559 ferrum,
1475 3501 1531 3548 et
1556 3497 1697 3549 feras
1719 3507 1773 3550 et

169 3585 321 3624 mare
351 3580 412 3626 et
453 3574 635 3628 omnia
680 3575 830 3631 adire
875 3577 1009 3633 nihil
1037 3580 1282 3636 dubitant
1311 3601 1327 3637 :
1369 3586 1448 3639 sic
1489 3596 1542 3640 et
1572 3588 1626 3642 lii
1653 3592 1771 3658 pul-

165 3661 444 3717 cherrimo
483 3665 712 3734 quodam
749 3678 804 3723 et
852 3671 1117 3740 spirituali
1165 3675 1346 3731 furore
1390 3681 1645 3750 correpti,
1688 3682 1771 3736 fu-

171 3768 316 3820 rore,
348 3755 587 3824 inquam,
617 3760 705 3828 qui
737 3776 765 3812 a
794 3766 1155 3831 temperantia
1187 3767 1559 3836 proficiscitur,
1588 3775 1770 3829 visibi-

166 3842 236 3897 lia
283 3846 469 3899 omnia
515 3847 852 3904 tleridcbant.
895 3852 1234 3924 Quapropter
1279 3873 1401 3912 cum
1451 3865 1764 3932 magistrum

163 3947 457 3990 cernerent
487 3937 744 4005 vinctum,
787 3944 957 4013 magis
986 3948 1329 4004 exsultabant
1368 3962 1420 4006 et
1440 3956 1761 4023 gaudebant,

164 4043 260 4096 per
296 4028 414 4098 ipsa
454 4045 620 4100 Opera
657 4032 983 4091 adversariis
1025 4038 1384 4112 declarantcs,
1429 4062 1491 4101 se
1531 4049 1765 4120 undique

163 4119 396 4174 invictos
427 4121 924 4198 insuperabilesque
947 4144 1088 4185 esse.

231 4211 291 4266 9.
331 4210 488 4268 Tunc
522 4213 701 4284 igitur,
728 4233 849 4273 cum
892 4238 978 4277 res
1024 4224 1097 4280 ita
1143 4241 1203 4282 se
1230 4227 1510 4299 haberent,
1541 4235 1758 4306 quidam

157 4300 309 4358 Pauli
366 4303 596 4374 inimici,
646 4321 768 4363 cum
826 4312 1020 4368 vellent
1065 4319 1241 4375 acrius
1283 4320 1479 4378 bellum
1519 4343 1756 4396 movere,

153 4403 210 4448 et
236 4402 526 4466 tyrannum
551 4397 618 4452 ad
645 4401 905 4468 majorem
949 4407 1207 4466 adversus
1236 4413 1387 4469 illum
1419 4417 1754 4476 inimicitiam

155 4485 518 4551 inﬂammare,
541 4502 602 4543 se
630 4491 923 4557 pmdicare
952 4498 1297 4569 simulabant,
1326 4515 1380 4560 et
1404 4525 1588 4565 revera
1615 4528 1754 4581 pra:-

152 4575 409 4631 dicabant
451 4589 655 4633 rectam
684 4596 977 4654 sanamque
1025 4591 1206 4658 tidem,
1239 4605 1295 4649 ut
1320 4598 1564 4655 doctrina
1598 4575 1755 4674 auge-

152 4679 307 4724 retur
339 4686 358 4725 :
389 4669 514 4725 illud
547 4687 677 4728 vero
707 4673 992 4745 faciebant,
1037 4699 1141 4740 non
1175 4695 1233 4742 ut
1276 4691 1410 4747 fides
1436 4694 1755 4752 dissemina-

151 4771 324 4828 retur,
355 4763 458 4834 sed.
481 4773 540 4819 ut
570 4765 672 4820 hoc
704 4783 980 4844 comperto
1021 4774 1184 4841 Nero,
1220 4783 1362 4851 quod
1389 4799 1584 4859 nempe
1615 4807 1754 4861 pra:-

148 4854 353 4912 dicatio
402 4873 707 4932 cresceret,
755 4877 811 4922 et
863 4867 1107 4924 doctrina
1157 4854 1546 4946 invalesceretv,
1594 4854 1751 4939 citius

149 4943 375 5004 Paulum
407 4951 463 5005 in
485 4951 796 5012 barathrum
822 4959 1130 5030 conjicerct.
1163 4963 1276 5019 Duo
1298 4967 1473 5038 itaque
1500 4943 1749 5044 magiste-

147 5040 224 5094 ria
272 5051 451 5107 erant,
504 5044 653 5102 Pauli
700 5064 893 5119 nempe
944 5051 1353 5125 discipulorum,
1399 5040 1747 5136 ejusdemque

145 5131 510 5200 inimicorum,
547 5136 653 5191 illis
698 5154 764 5193 ex
806 5143 1051 5208 veritate,
1085 5144 1169 5199 liis
1208 5164 1272 5202 ex
1318 5131 1744 5214 c0ntentione'et

143 5223 272 5278 odio
298 5224 451 5279 Pauli
487 5227 916 5294 prmdicantibus.
954 5233 1079 5289 Huic
1109 5253 1271 5306 porro
1298 5241 1577 5301 declarans
1599 5249 1744 5304 dicc-

143 5311 232 5367 bat
275 5315 369 5370 ille
402 5333 415 5371 :
448 5315 672 5381 Quidam
721 5332 929 5389 propter
977 5324 1219 5380 invidiam
1275 5340 1322 5383 et
1377 5342 1742 5394 contentionem

141 5405 404 5461 Christum
425 5411 703 5488 praedicant
730 5412 991 5486 (Philipp.
1015 5421 1064 5472 1.
1088 5419 1198 5489 15),
1229 5427 1472 5492 proprios
1503 5431 1741 5486 indicans

140 5494 517 5565 adversarios;
547 5501 766 5568 Quidam
793 5520 1000 5575 prapter
1037 5511 1214 5564 bonam
1244 5514 1548 5573 voluntatem
1584 5522 1714 5594 (1b.)

141 5588 210 5643 de
243 5591 359 5645 suis
387 5591 612 5663 loquens
657 5595 955 5667 discipulis.
995 5603 1196 5660 Deinde
1241 5624 1450 5666 rursum
1491 5614 1559 5670 de
1586 5588 1727 5674 illis;

143 5682 245 5735 Atii
260 5683 467 5752 quidem
496 5691 911 5758 wrontentione,
944 5694 1144 5752 inimici
1186 5715 1400 5771 nempe,
1433 5722 1538 5762 non
1565 5723 1732 5781 eastc,

145 5781 252 5823 non
273 5769 508 5838 silicem.
565 5780 661 5836 sed
685 5782 1049 5845 Eax'stimantes
1090 5808 1144 5846 se
1169 5811 1455 5865 presserant
1487 5805 1731 5862 suscitare

1377 341 1465 398 DE
1504 337 1866 399 PROFECTU
1908 344 2300 405 EVANCELH.

3397 352 3507 408 3i8

1911 459 2120 514 vinculis
2171 463 2323 526 meis;
2337 468 2432 523 alii
2447 482 2562 520 vero
2578 469 2987 540 exearitateU‘b.
3008 490 3055 529 υ.
3077 477 3163 541 17,
3188 481 3296 547 16);
3310 494 3500 541 rursus

1909 549 2011 607 hoc
2033 552 2166 608 dicit
2190 554 2259 610 de
2297 555 2576 628 discipulis
2613 562 2725 615 suis
2752 581 2766 616 :
2797 563 3031 619 Scientes
3056 569 3295 635 quoniam
3335 574 3389 627 in
3413 574 3504 628 dc-

1911 645 2190 715 {ensionem
2232 652 2480 722 evangelii
2525 653 2720 721 positus
2763 673 2880 711 sum
2931 657 3034 728 (Ib.
3087 675 3136 713 υ.
3194 661 3310 734 16).
3368 663 3505 731 Quid

1904 738 2036 790 enim
2054 739 2081 792 2
2109 738 2248 794 Dum
2278 745 2414 797 omni
2441 745 2613 810 modo,
2653 749 2758 802 sive
2788 767 2877 818 per
2906 755 3243 823 occasionem,
3289 759 3393 812 sive
3416 776 3507 829 per

1905 829 2184 898 veritatem,
2215 832 2447 890 Christus
2467 840 2794 894 annuntietur
2816 841 2924 914 (Ib.
2949 860 2994 897 υ.
3031 847 3146 915 18).
3176 846 3358 920 Itaque
3385 852 3503 906 fni-

1903 927 2014 973 stra
2036 931 2087 975 et
2125 922 2394 981 incassum
2423 927 2525 983 hoc
2551 929 2750 986 dictum
2783 933 2849 989 de
2889 935 3185 992 ita~resibus
3218 943 3503 1013 accipitur.

1903 1009 2034 1066 Nam
2051 1015 2140 1081 qui
2173 1023 2300 1071 tunc
2321 1020 2701 1092 praedicabant,
2731 1041 2837 1081 non
2863 1039 3170 1097 corruptam
3195 1009 3497 1089 doctrinam

1901 1107 2308 1170 annuntiabant,
2336 1110 2431 1165 sed
2463 1111 2621 1168 fidem
2659 1130 2846 1172 sanam
2875 1128 2929 1173 et
2957 1131 3181 1177 rectam.
3215 1123 3428 1181 Etenim
3457 1127 3505 1181 si

1900 1207 2210 1265 corruptam
2261 1201 2561 1258 doctrinam
2614 1210 3018 1280 przedicassent,
3057 1224 3110 1270 et
3157 1217 3283 1286 alia,
3338 1235 3501 1291 quam
3585 1252 3588 1255 -

1905 1286 2100 1344 Paulus
2120 1291 2450 1361 docuissent,
2491 1299 2799 1369 neutiquam
2833 1305 2940 1358 illis
2969 1307 3254 1366 accidisset
3271 1312 3324 1366 id
3356 1286 3499 1385 quod

1901 1381 2169 1437 volebant.
2232 1386 2369 1453 Quid
2428 1401 2606 1445 autem
2675 1393 2963 1450 volebant?
3012 1398 3083 1455 ’Ut
3145 1414 3302 1458 aucta
3353 1381 3497 1471 fide.

1901 1476 2192 1547 multisque
2219 1481 2416 1564 additis
2443 1482 2608 1537 Paulo
2640 1486 2932 1557 discipulis,
2961 1493 3031 1546 ad
3061 1495 3234 1566 majus
3266 1499 3503 1556 inferen-

1899 1567 2026 1621 dum
2055 1568 2251 1624 bellum
2281 1561 2547 1629 Neronem
2586 1578 2905 1635 excitarent.
2941 1585 2998 1638 Si
3039 1561 3215 1643 autem
3248 1591 3353 1646 alia
3398 1589 3504 1648 do-

1898 1672 2076 1729 gmata
2105 1666 2507 1733 prredicassent,
2553 1685 2660 1724 non
2712 1674 2913 1729 multos
2953 1676 3208 1735 iccissent
3234 1682 3382 1738 Pauli
3411 1687 3499 1739 di-

1898 1753 2136 1823 scipulos
2166 1772 2180 1809 :
2212 1757 2259 1811 si
2292 1774 2398 1813 non
2432 1762 2706 1830 fecissent,
2735 1780 2842 1820 non
2873 1784 3283 1840 exasperasscnt
3317 1786 3500 1847 tyran-

1897 1862 2046 1902 num.
2075 1848 2192 1904 Non
2235 1851 2363 1907 illud
2392 1853 2570 1924 itaque
2599 1857 2749 1920 dicit.
2784 1863 2925 1930 quod
2952 1878 3202 1936 corrupta
3246 1869 3494 1941 degmata

1898 1936 2215 1995 inducerent
2244 1960 2258 1996 :
2287 1944 2381 1998 sed
2413 1947 2555 2014 quod
2593 1963 2756 2004 causa
2804 1964 3020 2023 propter
3046 1973 3206 2026 quam
3237 1936 3498 2030 praedica-

1898 2028 2047 2096 bant,
2085 2033 2273 2088 vitiosa
2321 2047 2485 2092 esset.
2534 2040 2692 2096 Aliud
2720 2045 2917 2114 quippe
2965 2028 3494 2120 cstprmdicationis

1893 2135 2111 2178 causam
2159 2125 2362 2193 dicere,
2402 2140 2454 2185 et
2490 2131 2633 2188 aliud
2679 2135 2860 2194 dicere
2909 2142 3346 2210 praedicatiooem
3389 2166 3494 2204 non

1894 2225 2079 2266 Sanam
2108 2229 2251 2271 esse.
2288 2217 2436 2274 Tunc
2474 2224 2619 2278 enim
2649 2224 2891 2284 doctrina
2926 2249 3030 2287 non
3058 2245 3140 2290 est
3185 2254 3335 2306 sana,
3368 2257 3490 2297 cum

1892 2301 2141 2374 dogmata
2184 2325 2370 2366 errore
2409 2314 2568 2382 plena
2611 2329 2772 2386 sunt;
2817 2326 3031 2380 occasio
3057 2339 3234 2384 autem
3267 2348 3372 2386 non
3409 2348 3492 2390 est

1891 2410 2041 2465 sana,
2068 2416 2189 2456 cum
2217 2404 2460 2461 doctrina
2491 2411 2706 2477 quidem
2738 2432 2864 2470 sana
2888 2429 2990 2485 est,
3023 2423 3114 2491 qui
3144 2439 3268 2481 vero
3293 2432 3490 2497 prtedi-

1891 2500 2036 2558 cant,
2072 2498 2176 2548 non
2213 2509 2431 2567 prepter
2462 2501 2630 2558 Deum
2673 2507 2986 2577 praedicant,
3029 2514 3124 2569 sed
3151 2528 3243 2572 aut
3272 2531 3492 2590 propter

1891 2583 2243 2656 inimicitiam,
2275 2592 2357 2646 vel
2386 2593 2452 2647 ad
2482 2595 2710 2652 aliorum
2741 2603 2986 2670 gratiam.

1963 2677 2051 2730 10.
2081 2677 2196 2733 Non
2237 2681 2416 2752 itaque
2445 2685 2576 2741 dicit
2628 2703 2722 2745 eos
2762 2690 2996 2751 lizereses
3043 2698 3340 2768 induxisse,
3394 2708 3489 2760 sed

1890 2783 1995 2821 non
2021 2779 2168 2824 recta
2188 2775 2492 2842 occasione,
2520 2794 2619 2833 nee
2657 2782 2868 2849 pietatis
2887 2801 3047 2843 causa
3086 2791 3137 2844 id
3169 2794 3489 2862 pra-dicasse

1887 2861 2030 2927 quod
2059 2865 2438 2931 praedicabant.
2474 2869 2527 2924 Id
2570 2874 2769 2943 quippe
2824 2894 2929 2933 non
2967 2881 3088 2937 ideo
3134 2861 3380 2955 agebant,
3435 2904 3490 2944 ut

1886 2955 2217 3024 evangelium
2243 2973 2519 3028 angerent,
2561 2967 2656 3020 sed
2713 2979 2770 3023 ut
2821 2971 2951 3026 .llud
2992 2974 3385 3048 impugnarcnt,
3434 2997 3485 3038 et

1886 3046 1936 3098 in
1967 3050 2180 3115 gratias
2208 3051 2500 3118 periculum
2531 3058 2896 3127 conjicerent:
2925 3064 3045 3120 ideo
3096 3046 3216 3123 illius
3256 3073 3483 3128 incusat.

1885 3138 1950 3190 lit
1992 3139 2110 3193 vide
2158 3157 2313 3209 quam
2348 3156 2598 3202 accurate
2625 3149 2750 3203 illud
2795 3153 3066 3219 proferat:
3094 3158 3478 3228 Existimantcs,

1883 3228 2073 3298 inquit,
2088 3247 2142 3285 se
2160 3249 2449 3302 pressuram
2467 3238 2656 3308 inferre
2672 3241 2883 3297 vinculis
2902 3247 3021 3300 meis
3039 3248 3478 3328 (Philipp.1.17).

1880 3325 1996 3380 Non
2026 3327 2179 3394 dixit,
2210 3330 2533 3399 inferentes;
2570 3336 2663 3390 sed
2685 3375 2701 3402 ,
2759 3337 3122 3398 Existimantes
3167 3363 3222 3399 se
3259 3325 3483 3418 inferre;

1880 3418 1931 3473 id
1976 3429 2078 3488 est,
2111 3423 2432 3479 arbitrantes
2462 3441 2476 3479 :
2504 3428 2812 3495 ostendens,
2847 3433 3055 3488 etiamsi
3103 3437 3177 3490 illi
3203 3439 3281 3493 sic
3327 3441 3478 3497 arbi-

1880 3521 2166 3582 trarentur,
2199 3533 2259 3571 se
2294 3525 2470 3575 tamen
2499 3536 2604 3577 non
2650 3525 2720 3577 ita
2753 3526 3002 3582 ail'ectum
3031 3545 3184 3596 esse;
3215 3534 3322 3587 imo
3342 3552 3476 3605 gan-

1876 3605 2007 3662 dere
2036 3608 2105 3663 de
2137 3611 2534 3678 pmdicationis
2574 3615 2925 3672 incremento.
2973 3623 3181 3690 Adiecit
3221 3641 3348 3696 ergo
3392 3630 3478 3683 di-

1875 3713 2003 3757 cens
2037 3718 2051 3753 :
2085 3699 2193 3756 Sed
2212 3712 2258 3756 et
2284 3704 2336 3756 in
2381 3704 2476 3758 hoc
2520 3707 2737 3776 gaudeo,
2779 3721 2826 3763 et
2858 3712 3086 3781 gaudebo
3113 3713 3236 3785 (Ιὸ.
3259 3733 3304 3770 υ.
3347 3719 3474 3788 18).

1873 3789 1928 3844 Si
1955 3800 2131 3846 autem
2171 3808 2323 3846 error
2353 3793 2538 3850 fuisset
2566 3798 2617 3851 in
2646 3797 3001 3868 dogmatibus,
3032 3813 3086 3858 et
3127 3805 3200 3860 illi
3241 3807 3476 3866 haereses

1874 3882 2227 3953 induxissent,
2261 3903 2368 3942 non
2391 3891 2650 3958 potuisset
2673 3893 2905 3960 gaudere
2933 3895 3149 3952 Paulus.
3180 3902 3312 3966 Quia
3347 3915 3476 3959 Vero

1871 3991 2060 4031 sanum
2105 3987 2158 4032 et
2203 3995 2307 4033 non
2337 3979 2692 4036 adulteratum
2734 3983 2923 4055 dogma
2969 4001 3101 4054 etat,
3151 3991 3270 4047 ideo
3305 3995 3470 4066 dicit,

1873 4064 2098 4132 Gaudeo,
2125 4078 2170 4120 et
2199 4069 2449 4140 gaudebo.
2476 4073 2613 4137 Quid
2639 4074 2803 4140 enim,
2833 4077 2879 4129 si
2909 4076 2980 4132 illi
3009 4096 3071 4134 ex
3103 4081 3371 4140 inimicitia
3419 4064 3468 4142 id

1869 4169 2135 4227 agentes,-
2173 4176 2233 4216 se
2279 4162 2330 4216 in
2381 4163 2666 4232 perniciem
2716 4167 3046 4235 conjiciunt?
3092 4175 3159 4248 At
3214 4192 3331 4229 mea
3385 4182 3468 4233 vel

1871 4249 2020 4304 inviti
2072 4253 2362 4322 augebunt.
2409 4254 2599 4311 Viden’
2629 4268 2824 4328 quanta
2855 4259 3012 4316 fuerit
3066 4263 3214 4320 Pauli
3262 4269 3468 4325 virtus?

1865 4343 2135 4410 quomodo
2157 4345 2312 4400 nullis
2353 4343 2548 4402 diaboli
2589 4348 2848 4405 machinis
2873 4363 3061 4423 captus
3086 4357 3189 4412 sit?
3227 4358 3336 4414 Nec
3379 4379 3468 4415 δο-

1866 4432 1973 4486 lum
2007 4449 2111 4487 non
2140 4445 2328 4504 captus
2348 4445 2452 4504 est,
2480 4437 2575 4492 sed
2606 4441 2766 4494 etiam
2789 4441 2977 4498 iisdem
3011 4446 3178 4513 ipsum
3203 4452 3466 4507 machinis

1863 4524 2022 4591 cepit.
2049 4525 2241 4596 ingens
2272 4527 2516 4597 profecto
2542 4540 2658 4586 erat
2692 4531 2887 4587 diaboli
2917 4536 3175 4606 vafrities,
3204 4551 3258 4595 et
3301 4544 3464 4598 mini-

1861 4627 2094 4672 strorum
2121 4618 2237 4689 ejus
2282 4621 2553 4690 nequitia:
2589 4640 2710 4678 nam
2768 4640 2828 4682 se
2870 4626 3011 4682 idem
3061 4630 3234 4699 ipsum
3262 4639 3466 4691 sentire

1861 4707 2192 4775 simulantes,
2224 4715 2657 4783 prmdicationem
2685 4721 3026 4790 exstinguere
3053 4725 3322 4781 volebant.
3353 4729 3460 4785 Sed

1862 4800 1962 4866 Qui
2004 4804 2384 4874 comprehendit
2427 4809 2678 4879 sapientes
2721 4810 2774 4865 in
2819 4817 3004 4868 astutia
3032 4833 3205 4873 eorum
3246 4824 3310 4893 (1
3337 4823 3458 4879 Cor.

1859 4893 1911 4947 ὃ.
1946 4894 2091 4966 19),
2124 4897 2174 4951 id
2227 4897 2341 4952 fieri
2396 4916 2502 4955 non
2553 4906 2915 4972 pcrmitlebat.
2968 4910 3020 4965 id
3079 4913 3249 4981 ipsum
3297 4933 3460 4987 porro

1857 4984 2136 5040 declarans
2170 4989 2362 5042 Paulus
2390 4992 2602 5048 dicebat
2637 5012 2651 5048 :
2685 4994 2993 5054 Permanere
3035 5015 3202 5058 autem
3228 5007 3280 5060 in
3303 5025 3459 5064 carne

1857 5079 2017 5146 magis
2043 5083 2379 5135 necessarium
2401 5093 2472 5136 est
2493 5095 2700 5156 propter
2718 5103 2804 5142 vos
2825 5106 2845 5152 ;
2865 5102 2910 5143 et
2941 5094 3036 5146 hoc
3059 5097 3321 5165 conﬁdens
3349 5104 3455 5154 scio

1853 5170 1972 5235 quia
1996 5171 2224 5233 manebo,
2247 5183 2294 5226 et
2320 5179 2620 5242 permanebo
2643 5195 2756 5233 cum
2773 5182 3003 5237 omnibus
3025 5187 3162 5240 tabis
3189 5187 3449 5262 (Philipp.

1855 5261 1904 5313 1.
1933 5259 2022 5314 24.
2048 5261 2175 5333 25).
2207 5263 2282 5318 llli
2311 5266 2571 5336 siquidem
2593 5285 2657 5324 ex
2689 5275 2936 5339 praesenti
2986 5277 3089 5330 vita
3120 5279 3318 5345 ejicere
3360 5259 3448 5338 me

1850 5351 2089 5418 Cupiunt,
2142 5363 2194 5408 et
2248 5370 2309 5409 ea
2356 5356 2425 5411 de
2471 5373 2628 5412 causa
2663 5361 2792 5415 ι.ἱιιὶ1
2836 5379 2940 5418 non
2967 5366 3274 5424 sustinent:
3306 5371 3446 5427 Deus

1849 5451 2025 5496 autem
2054 5446 2214 5500 vestri
2245 5462 2406 5503 causa
2438 5449 2487 5503 id
2521 5466 2627 5505 non
2652 5454 2944 5521 permittet.

1925 5537 2007 5617 11ἔ
2040 5538 2120 5590 Ad
2149 5541 2486 5608 precationem
2515 5545 2766 5600 hortatur.
2809 5546 3192 5607 Perseverantia
3238 5559 3292 5608 in
3322 5573 3434 5624 pre-

1847 5627 2008 5680 cando
2042 5642 2288 5696 quantum
2337 5635 2518 5688 valeat.
2570 5635 2706 5692 Deus
2749 5655 2838 5706 per
2891 5658 2981 5696 nos
3034 5656 3243 5716 rogatus
3279 5665 3443 5719 magis

1848 5719 2073 5784 exaudit,
2103 5736 2257 5787 quam
2287 5724 2328 5776 si
2361 5741 2448 5792 per
2471 5727 2600 5779 alios
2644 5746 2896 5798 rogemus.
2931 5763 2998 5773 —
3028 5735 3224 5811 Horum
3257 5739 3434 5810 itaque

1846 5812 2084 5869 omnium
2111 5813 2395 5886 diligenter
2413 5819 2801 5890 recordamini;
2859 5834 2914 5880 ut
2957 5843 3050 5882 eos
3098 5829 3184 5898 qtti
3234 5841 3438 5892 temere
