4194 6302
715 511 769 555 et
825 491 1183 567 perfunctorie
1247 486 1533 558 Scripturis
1582 492 1799 539 utuntur
1877 482 1931 537 in
2004 474 2292 550 perniciem

718 587 979 658 proximi,
1022 598 1145 641 eum
1204 579 1353 635 omni
1397 577 1654 649 sapientia
1707 571 1992 629 emendare
2056 566 2293 623 valeatis.

720 656 1016 737 I’oterimus
1061 682 1238 730 autem
1289 679 1348 726 et
1383 669 1642 723 dictorum
1692 663 2023 725 meminisse,
2066 669 2121 713 et
2167 656 2300 711 alios

717 768 1016 833 emendare,
1067 764 1111 821 si
1155 762 1221 819 ad
1266 760 1537 816 orationes
1576 772 1789 825 semper
1833 751 2213 820 confugiamus,
2247 755 2301 801 et

718 862 882 918 Deum
909 858 1275 921 Obsecremus,
1303 854 1395 924 qui
1423 851 1516 907 dat
1544 849 1764 905 veritum
1794 844 2086 915 sapientiae,
2115 851 2172 895 ut
2208 840 2300 894 det

715 956 924 1010 auditus
966 950 1385 1020 intelligentiam,
1434 954 1595 1016 atque
1641 948 1940 997 accuratam
1968 943 2021 991 et
2050 934 2297 988 invictam

718 1044 1010 1118 spiritualis
1069 1042 1225 1111 hujus
1266 1037 1492 1110 depositi
1542 1033 1853 1091 custodiam.
1885 1028 2017 1083 Nam
2044 1040 2162 1096 qua:
2192 1038 2296 1077 non

716 1150 997 1208 possumus
1041 1149 1183 1203 smpe
1212 1131 1424 1200 proprio
1449 1126 1624 1182 studio
1650 1121 1923 1193 perficere,
1969 1133 2030 1174 ea
2080 1130 2297 1187 precum

716 1229 913 1284 auxilio
952 1224 1107 1280 facile
1140 1223 1437 1293 poterimus
1475 1216 1713 1286 exsequi,
1744 1214 1812 1268 de
1840 1210 2089 1282 precibus
2110 1208 2300 1275 loquor

714 1323 963 1379 assiduis.
1013 1320 1236 1388 Semper
1280 1316 1422 1370 enim
1472 1320 1528 1367 et
1576 1313 1692 1365 sine
1743 1304 2134 1363 intermissione
2181 1316 2301 1369 pre-

714 1412 941 1467 candum
968 1418 1072 1475 est,
1105 1408 1217 1464 sive
1242 1403 1361 1476 quis
1388 1404 1442 1458 in
1481 1398 1755 1463 :erumttis,
1796 1397 1909 1451 sive
1958 1394 2010 1447 in
2042 1388 2299 1459 tranquil-

715 1503 879 1565 litate.
910 1503 1024 1556 sive
1045 1500 1097 1555 itt
1117 1496 1523 1557 calamitatibus,
1555 1495 1667 1545 sive
1695 1492 1748 1543 iu
1776 1486 1930 1541 bouis
1957 1490 2217 1538 versetur.
2252 1478 2300 1532 is

714 1595 804 1668 qui
831 1596 883 1649 in
909 1590 1366 1662 tranquillitateet
1396 1583 1549 1641 bouis
1599 1580 1804 1641 multis,
1837 1586 1892 1631 ut
1918 1576 2032 1629 hate
2079 1573 2298 1626 immota

718 1660 975 1756 firmaque
1013 1660 1281 1743 maneant,
1327 1686 1384 1733 et
1421 1687 1707 1743 numquam
1751 1667 2000 1725 excidant
2048 1681 2061 1718 :
2114 1662 2204 1732 qui
2246 1660 2299 1714 in

716 1777 970 1832 erumnis
990 1784 1040 1830 et
1081 1773 1261 1828 multis
1296 1765 1701 1826 calamitatibus,
1728 1769 1787 1816 ut
1811 1758 2089 1827 benignam
2110 1765 2299 1822 quam-

716 1868 839 1921 dam
869 1864 1282 1921 vicissitudinem
1332 1858 1527 1921 videat,
1558 1865 1611 1909 et
1652 1854 1702 1907 in
1729 1850 1971 1907 solatium
2002 1841 2297 1913 tranquilli-

719 1960 841 2011 tatis
870 1955 1235 2010 transferatur.
1282 1950 1335 2004 iu
1383 1946 1762 2016 tranquillitate
1804 1941 1900 1994 es?
1950 1938 2092 2007 Roga
2144 1934 2303 2002 igitur

718 2049 910 2114 Deum,
942 2056 999 2099 ut
1024 2048 1174 2099 iirma
1206 2042 1300 2098 tibi
1350 2047 1561 2094 maneat
1581 2035 1701 2089 inec
1738 2029 2110 2099 tranquillitas.
2139 2024 2302 2078 Tem-

723 2148 978 2209 pestatetn
1024 2136 1172 2190 vides
1212 2127 1580 2203 ingruentem?
1612 2126 1775 2179 Deum
1817 2120 2013 2175 obnixe
2060 2127 2300 2185 precare,

722 2241 780 2286 ut
804 2229 1089 2300 procellam
1107 2234 1329 2290 avertat,
1350 2231 1405 2277 et
1432 2217 1863 2287 tranquillitatem
1893 2228 1962 2267 ex
1992 2213 2304 2277 tempestate

719 2297 895 2377 faciat.
926 2319 1217 2376 Exauditus
1244 2314 1337 2370 es?
1366 2312 1574 2368 Gratias
1595 2324 1693 2378 age
1713 2305 1852 2375 quod
1882 2301 2164 2358 exauditus
2205 2297 2300 2349 sis.

718 2413 833 2469 Non
865 2412 1145 2468 exauditus
1195 2407 1289 2463 es?
1337 2404 1627 2460 Persevera
1682 2406 1740 2453 ut
1787 2391 2106 2451 exaudiaris.
2156 2379 2305 2443 Licet

722 2503 865 2559 enim
887 2501 1030 2557 Deus
1074 2498 1273 2554 donum
1325 2492 1609 2564 aliquando
1655 2487 1887 2550 diii'erat,
1932 2497 2036 2537 non
2084 2478 2205 2534 ideo
2249 2477 2302 2531 id

720 2594 844 2649 facit
863 2592 1003 2664 quod
1031 2590 1153 2647 odio
1181 2588 1799 2643 habeatautaversetur,
1846 2577 1938 2632 sed
1993 2582 2047 2627 ut
2090 2585 2305 2643 procra-

720 2663 966 2745 stinaudo
1002 2697 1052 2741 te
1080 2684 1276 2740 diutius
1301 2680 1439 2751 apud
1466 2693 1525 2734 se
1548 2676 1804 2737 detineat,
1856 2663 2304 2739 quemadmodum

723 2791 901 2851 patres
930 2778 1091 2847 prolis
1116 2784 1356 2829 amantes
1378 2810 1395 2837 ,
1424 2772 1513 2840 qui
1542 2768 1680 2821 dona
1707 2760 2003 2818 diﬂ'ereudo
2031 2755 2304 2825 segniores

723 2873 862 2928 filios
882 2871 1107 2926 solerter
1123 2877 1319 2936 cogunt
1347 2862 1557 2918 assidue
1578 2872 1740 2929 penes
1778 2870 1838 2909 se
1860 2864 2021 2907 stare.
2068 2847 2182 2904 Non
2211 2844 2303 2899 tibi

721 2966 861 3037 apud
893 2966 1056 3019 Deum
1086 2959 1324 3032 patronis
1354 2964 1440 3011 est
1466 2966 1600 3021 opus
1618 2990 1634 3017 ,
1663 2962 1833 3016 neque
1878 2942 2042 2998 multa
2070 2939 2304 2993 circum-

724 3029 1049 3114 cursatioue,
1079 3029 1135 3105 ut
1179 3046 1412 3103 aduleris
1462 3044 1613 3103 aliis;
1668 3038 1762 3093 sed
1804 3033 2011 3091 etiamsi
2063 3029 2307 3084 desertus

724 3160 1051 3220 patronoque
1077 3142 1360 3198 destitutus
1382 3138 1480 3202 sis,
1502 3142 1614 3190 tute
1658 3132 1825 3186 Deum
1854 3134 2102 3197 precatus
2122 3127 2306 3191 postu-

727 3214 890 3296 latum
912 3214 1235 3305 assequeris.
1263 3230 1378 3286 Non
1400 3229 1471 3281 ita
1510 3224 1647 3278 solet
1673 3232 1910 3275 aunuere
1938 3214 2057 3269 aliis
2080 3227 2175 3283 pro
2213 3224 2309 3264 no-

731 3332 812 3386 bis
864 3299 1161 3389 orantibus,
1208 3331 1270 3376 ut
1326 3318 1480 3374 nobis
1527 3313 1659 3384 ipsis
1698 3307 2054 3379 precantibus,
2100 3299 2308 3358 etiamsi

727 3420 1020 3479 innumeris
1040 3419 1206 3472 simus
1236 3412 1388 3468 malis
1415 3406 1611 3464 onusti.
1645 3403 1774 3459 Nam
1797 3403 1840 3457 si
1872 3398 2133 3463 homines,
2172 3409 2306 3465 quos

729 3514 1023 3573 innumeris
1057 3508 1288 3565 ltesimns
1314 3502 1552 3569 oli'cnsis,
1583 3513 1703 3553 eum
1750 3492 2007 3551 matutino
2047 3501 2306 3558 tempore,

730 3604 972 3669 meridie,
996 3613 1220 3671 vespere
1249 3596 1455 3651 adimus
1502 3591 1648 3660 ipsos
1687 3580 2129 3655 indignabundus,
2178 3593 2309 3631 con-

732 3706 946 3768 spectus
972 3668 1266 3762 frequentia
1292 3695 1347 3742 et
1375 3681 1682 3739 assiduitate
1712 3676 1925 3731 tandem
1951 3671 2102 3726 facile
2131 3668 2311 3739 placa-

733 3804 884 3856 mus,
914 3787 1079 3842 multo
1106 3780 1274 3852 magis
1300 3777 1352 3833 id
1380 3774 1519 3846 apud
1541 3774 1706 3829 Deum
1737 3768 2027 3838 contingat.

809 3852 897 3936 ii.
928 3877 1033 3933 Sed
1061 3874 1309 3944 indignus
1342 3869 1442 3924 es?
1486 3863 1806 3921 Assiduitate
1848 3859 2040 3929 dignus
2086 3852 2311 3912 evadas.

737 3970 890 4041 Quod
912 3969 1053 4025 enim
1084 3963 1327 4033 indignus
1342 3959 1510 4031 possit
1529 3952 1835 4010 assiduitate
1855 3949 2044 4019 dignus
2065 3945 2314 4007 evadere,

812 4058 951 4133 quod
974 4072 1069 4129 per
1094 4068 1191 4110 nos
1234 4051 1422 4120 magis,
1463 4061 1620 4117 quant
1652 4058 1746 4113 per
1775 4041 1909 4095 alios
1938 4044 2154 4106 rogatus
2181 4034 2319 4087 Deus

739 4126 937 4211 annuat
954 4126 1246 4219 ;‘quodque
1270 4143 1469 4198 donum
1494 4154 1637 4207 stupe
1662 4133 1891 4198 differat,
1924 4145 2028 4185 non
2051 4138 2108 4183 ut
2131 4126 2321 4181 dubios

739 4246 900 4301 animi
948 4240 1152 4303 reddat,
1178 4248 1237 4292 et
1276 4234 1458 4289 vacuis
1502 4228 1747 4284 manibus
1790 4223 2064 4279 remittat:
2118 4219 2210 4274 sed
2265 4227 2321 4272 ut

746 4337 1006 4407 majorum
1062 4332 1211 4386 nobis
1240 4329 1497 4382 bonorum
1527 4329 1711 4375 auctor
1757 4317 1820 4372 sit
1849 4332 1867 4370 ε
1894 4315 2028 4379 hmc,
2083 4312 2319 4381 inquam,

747 4401 848 4484 tria
876 4442 969 4497 per
996 4420 1297 4493 parabolam
1344 4414 1501 4469 hodie
1544 4411 1693 4465 vobis
1739 4408 1929 4463 lectam
1955 4401 2324 4459 demonstrare

746 4529 1003 4589 satagunt.
1062 4510 1301 4567 Accessit
1354 4505 1419 4559 ad
1474 4502 1743 4557 Christum
1785 4497 2085 4552 Chanantea
2130 4506 2324 4563 rogans

748 4626 844 4682 pro
895 4608 997 4663 lilia
1041 4600 1361 4658 dasmouium
1409 4594 1665 4657 habente,
1720 4588 2166 4655 vehementerque
2213 4584 2324 4637 ela-

750 4717 924 4765 matts,
948 4696 1185 4752 Miserere
1198 4693 1314 4757 mei,
1339 4688 1575 4752 Domine,
1605 4684 1713 4753 [ilia
1743 4698 1851 4735 mea
1880 4680 2011 4733 male
2030 4696 2060 4731 a
2082 4680 2327 4732 damionio

751 4804 957 4850 vexatur
990 4787 1215 4863 (IIattIt.
1264 4786 1352 4840 15.
1404 4782 1532 4852 εξ).
1582 4778 1663 4832 En
1711 4777 2004 4843 alienigena
2050 4772 2238 4825 mulier
2275 4777 2331 4826 et

754 4861 1008 4947 barbara,
1050 4880 1352 4936 Iudaeorum
1407 4873 1711 4943 reipublicae
1769 4876 2040 4923 extranea.
2097 4863 2164 4917 Et
2204 4861 2331 4933 quid

760 4977 895 5036 aliud
919 4985 1053 5037 erat,
1082 4987 1237 5044 quam
1266 4968 1435 5031 canis,
1459 4974 1513 5021 ct
1534 4963 1744 5032 indigna
1780 4975 1898 5031 quae
1920 4965 2159 5028 optatum
2182 4968 2331 5009 asse-

751 5067 1044 5139 queretur?
1070 5063 1192 5120 Non
1223 5070 1295 5117 est
1338 5058 1490 5119 enim,
1542 5055 1728 5121 inquit,
1761 5052 1947 5105 bonum
1974 5048 2201 5118 accipere
2239 5060 2333 5113 pa-

760 5178 870 5217 rtem
903 5159 1141 5231 ﬁliorum,
1192 5161 1237 5208 et
1282 5151 1406 5206 dare
1449 5145 1641 5201 catellis
1691 5144 1709 5207 (
1724 5142 1804 5197 Ib.
1853 5158 1899 5195 υ.
1925 5139 2054 5205 εδ).
2084 5139 2336 5193 Attamen

763 5228 1069 5311 assiduitate
1091 5248 1244 5317 digna
1268 5242 1451 5298 evasit.
1483 5238 1666 5308 Neque
1694 5235 1835 5289 enim
1868 5240 2067 5286 tantum
2098 5230 2239 5284 illam
2285 5228 2335 5283 in

762 5343 989 5402 ﬁliorum
1043 5337 1368 5394 nobilitatem
1422 5332 1617 5393 evexit,
1675 5341 1793 5396 qua:
1852 5321 2003 5377 canis
2045 5330 2186 5384 erat;
2245 5318 2337 5373 sed

764 5437 924 5493 etiam
952 5430 1130 5486 multis
1150 5441 1270 5483 cum
1292 5421 1531 5479 laudibus
1553 5417 1775 5480 dimisit,
1802 5412 1988 5469 dicens
2014 5426 2029 5462 :
2064 5409 2109 5463 0
2128 5408 2305 5462 mulier
2322 5408 2341 5461 !

762 5541 950 5601 nmgtttt
977 5533 1048 5579 est
1070 5521 1194 5591 ﬁdes
1217 5531 1301 5571 tua
1334 5515 1455 5585 :ﬁat
1478 5510 1565 5567 tibi
1591 5512 1714 5563 sicut
1736 5508 1807 5561 vis
1835 5503 1947 5571 (Ib.
1978 5520 2025 5557 υ.
2056 5502 2125 5557 28
2143 5500 2184 5571 ).
2212 5501 2344 5555 Cum

765 5592 942 5676 autem
986 5610 1229 5671 Christus
1280 5608 1445 5669 dicat,
1496 5602 1688 5672 Magna
1716 5608 1787 5653 est
1836 5596 1961 5666 ﬁdes
1990 5605 2097 5659 tua,
2144 5592 2345 5647 nullum

768 5706 910 5768 aliud
935 5718 1142 5777 qua'ras
1163 5700 1304 5756 circa
1345 5711 1495 5765 magn

768 5775 1166 5862 argumentum.
1195 5788 1440 5848 Vidistin‘
1468 5782 1736 5857 quomodo
1762 5798 1824 5837 ex
1858 5777 2166 5835 assiduitate
2192 5775 2348 5846 digna

1430 373 1490 431 S.
1527 366 1806 429 JOANNiS
1834 355 2315 423 CHRYSOSTOMI
2352 353 2667 413 ARCHIEP.
2708 350 3242 411 CONSTANTINOP.

3893 349 3995 406 520

2408 469 2543 524 facta
2568 469 2639 524 sit
2668 468 2878 533 mulier,
2902 482 3023 538 quae
3049 465 3263 536 indigna
3290 464 3438 536 prius
3463 461 3614 519 erat?
3645 463 3734 521 Vis
3785 463 3992 525 discere

2403 574 2501 614 nos
2525 561 2575 614 iu
2604 557 2872 629 precando
2890 573 2985 629 per
3004 558 3361 628 nosmetipsos
3388 558 3508 628 plus
3524 559 3805 631 perlicere,
3832 576 3993 629 quam

2403 667 2499 723 per
2546 653 2717 708 alios?
2774 652 3036 707 Clamavit
3092 650 3226 714 haec,
3262 658 3333 705 et
3372 651 3691 708 accedentes
3745 655 3988 723 discipuli

2402 745 2650 798 dixerunt
2681 760 2695 797 :
2729 742 2937 797 Dimitte
2975 743 3139 808 illam,
3178 742 3297 810 quia
3338 744 3525 796 clamat
3572 754 3685 812 post
3731 760 3827 798 nos
3876 743 3987 814 (Ib.

2403 853 2450 890 υ.
2476 836 2586 906 9.3)
2618 852 2631 888 :
2664 843 2718 889 et
2742 834 2808 889 ad
2836 834 2957 888 illos
2982 834 3197 903 quidem
3225 832 3531 903 respondit,
3563 832 3686 888 Non
3728 852 3844 890 sam
3870 837 3993 890 rais-

2402 947 2487 985 sns
2534 929 2635 983 nisi
2683 928 2753 982 ad
2804 942 2937 994 ores,
2979 943 3093 998 quae
3138 927 3414 996 perierant,
3440 927 3622 981 damas
3669 925 3845 983 Israel
3875 926 3992 1001 (Ib.

2403 1039 2448 1074 υ.
2470 1022 2574 1091 24)
2601 1040 2615 1078 :
2645 1036 2766 1075 cum
2798 1028 2975 1075 autem
3024 1018 3109 1073 illa
3154 1034 3248 1087 per
3285 1019 3518 1089 seipsam
3544 1018 3769 1084 occulit,
3798 1028 3857 1076 et
3878 1021 3993 1075 ela-

2406 1114 2601 1166 mando
2627 1111 2983 1181 perseveravit
3009 1109 3227 1171 dicens,
3265 1108 3455 1172 Etiam,
3499 1110 3734 1177 Domine,
3780 1129 3903 1165 nam
3946 1122 3995 1166 ct

2403 1205 2571 1259 catelli
2588 1206 2743 1259 edunt
2770 1204 2834 1288 de
2860 1219 3033 1257 mensa
3053 1202 3373 1256 dominorum
3388 1218 3595 1255 astaram
3624 1202 3741 1274 (Ib.
3766 1219 3813 1257 υ.
3845 1204 3917 1260 27
3934 1207 3992 1275 ):

2406 1306 2530 1350 tunc
2565 1295 2788 1366 gratiam
2820 1294 3066 1358 contulit,
3113 1303 3168 1347 et
3218 1293 3385 1357 dixit,
3437 1290 3558 1346 Fiat
3604 1294 3693 1347 tibi
3744 1296 3877 1348 sicut
3922 1298 3995 1349 vis

2405 1385 2520 1456 (Ib.
2546 1402 2593 1438 υ.
2622 1385 2750 1453 28).
2781 1383 3025 1438 Vid'stiu’
3048 1383 3340 1451 quomodo,
3369 1397 3489 1436 cum
3514 1382 3588 1437 illi
3624 1392 3995 1452 precarentur,

2404 1475 2618 1545 repulit,
2649 1490 2770 1529 cum
2797 1483 2979 1527 autem
3030 1471 3118 1526 illa
3160 1485 3356 1527 munus
3379 1471 3661 1526 clamando
3685 1476 3995 1543 postulavit,

2403 1568 2625 1623 annuit?
2667 1566 2773 1621 Illis
2816 1566 3010 1635 quippe
3046 1564 3196 1630 dicit,
3248 1562 3372 1617 Non
3420 1581 3534 1619 sunt
3574 1565 3758 1620 atinas
3783 1568 3888 1620 nisi
3928 1568 3999 1620 ad

2404 1674 2537 1723 oves,
2581 1672 2695 1725 qua:
2748 1654 3023 1725 perierant,
3054 1654 3233 1707 domus
3254 1652 3452 1719 Israel;
3478 1654 3602 1710 huic
3620 1669 3772 1720 vero,
3800 1654 3999 1727 Magna

2403 1758 2476 1801 est
2497 1748 2727 1815 ﬁdesttta
2752 1760 2771 1800 :
2800 1747 2889 1814 ﬁat
2912 1744 3002 1797 tibi
3027 1744 3156 1798 sicut
3182 1745 3273 1799 vis.
3301 1743 3370 1799 Et
3392 1744 3606 1814 quidem
3648 1745 3804 1800 initio
3851 1749 3993 1816 peti-

2406 1838 2565 1893 tionis
2612 1835 2741 1890 nihil
2782 1834 3091 1904 respondit:
3123 1834 3211 1889 ubi
3258 1841 3436 1888 autem
3481 1834 3679 1901 semel,
3710 1835 3909 1891 iterum
3945 1846 3998 1890 et

2406 1929 2565 1984 tertio
2592 1930 2837 1992 accessit,
2868 1934 2993 1979 tunc
3016 1924 3241 1995 gratiam
3270 1923 3526 1991 contulit;
3556 1940 3623 1978 ex
3665 1925 3772 1981 line
3794 1925 4000 1981 docens

2408 2036 2527 2085 uos,
2550 2035 2611 2074 se
2632 2032 2825 2074 munus
2850 2016 3143 2080 distulisse,
3173 2030 3278 2069 non
3309 2024 3365 2068 ut
3388 2013 3532 2069 illam
3566 2016 3878 2085 repelleret,
3905 2018 3998 2070 sed

2408 2123 2467 2169 ut
2520 2113 2675 2168 nobis
2739 2109 2987 2166 omnibus
3040 2106 3345 2177 patientiam
3400 2106 3638 2161 mulieris
3694 2106 3998 2161 exhiberet.

2406 2205 2539 2259 Nam
2558 2204 2602 2257 si
2626 2211 2683 2257 ut
2713 2202 2857 2255 illam
2909 2198 3191 2267 repelleret
3239 2196 3555 2261 distulisset,
3595 2211 3769 2266 neque
3798 2197 3873 2250 iu'
3898 2197 4002 2252 line

2408 2294 2728 2365 postulatum
2759 2289 3023 2353 dedisset;
3050 2289 3175 2356 quia
3216 2300 3345 2340 vero
3374 2294 3431 2339 ut
3464 2286 3862 2355 philosophiam
3886 2290 4002 2355 ejus

2406 2384 2655 2441 omnibus
2699 2381 2977 2437 exhiberet
3012 2375 3389 2445 exapectabat,
3438 2376 3558 2429 ideo
3606 2376 3833 2430 tacebat.
3867 2375 3999 2429 Nam

2407 2477 2452 2531 si
2478 2476 2656 2529 statim
2685 2490 2713 2524 a
2748 2469 3007 2540 principio
3036 2466 3349 2523 beuellcium
3374 2465 3711 2529 contulisset,
3761 2464 4002 2519 mulieris

2410 2567 2657 2620 virtutem
2671 2559 3144 2627 fortitudinemque
3158 2571 3264 2610 non
3286 2569 3582 2610 nossemus.
3609 2553 3816 2608 Dimitte
3830 2554 3999 2617 illam

2411 2658 2690 2727 inquiunt,
2732 2652 2852 2721 quia
2896 2648 3081 2703 clamat
3121 2655 3234 2716 post
3284 2660 3396 2698 nos.
3447 2642 3586 2710 Quid
3642 2658 3773 2699 vero
3823 2643 3989 2698 ωινὶ-

2408 2746 2565 2802 stus?
2623 2744 2726 2797 Vos
2769 2740 2964 2793 auditis
2987 2750 3172 2791 vocem
3191 2775 3208 2802 ,
3257 2749 3358 2805 ego
3400 2742 3632 2787 mentem
3657 2733 3817 2788 video
3848 2748 3866 2785 :
3891 2734 4006 2788 seio

2408 2836 2533 2909 quid
2587 2834 2790 2889 dictura
2838 2831 2928 2884 sit.
2997 2826 3134 2882 Nolo
3184 2825 3495 2880 thesaurum
3555 2822 3608 2877 in
3660 2831 3843 2878 mente
3888 2822 4005 2891 ejus

2412 2927 2742 2985 reconditum
2788 2922 2957 2978 latere
2992 2937 3007 2975 :
3033 2917 3127 2975 sed
3154 2925 3406 2986 exSpecto
3434 2924 3490 2971 et
3516 2925 3687 2981 taceo,
3742 2923 3799 2969 ut
3829 2914 4006 2985 ipsum

2410 3023 2678 3077 detectum
2702 3018 2755 3071 in
2784 3014 3019 3070 medium
3046 3008 3340 3082 proferant,
3393 3014 3449 3061 et
3495 3004 3745 3060 omnibus
3773 3006 4006 3060 manife-

2410 3122 2551 3169 stum
2590 3110 2801 3165 faciam.

2484 3202 2573 3257 15.
2608 3200 2735 3254 ii:cc
2759 3197 2917 3267 igitur
2945 3191 3121 3248 omnia
3148 3204 3270 3245 cum
3298 3186 3640 3244 didicerimus
3663 3226 3681 3251 ,
3711 3185 3929 3245 etiamsi
3954 3186 4008 3238 ia

2412 3291 2649 3364 peccatis
2681 3288 2871 3350 simus,
2902 3293 2957 3339 et
2990 3279 3263 3337 beneflciis
3290 3276 3514 3348 indigni,
3542 3290 3610 3332 ne
3632 3275 4008 3346 deSperemus,

2413 3383 2645 3438 scientes
2674 3393 2773 3433 nos
2801 3391 2867 3431 ex
2912 3371 3074 3427 animi
3099 3368 3412 3425 assiduitate
3429 3381 3586 3437 posse
3605 3366 3799 3436 dignos
3827 3375 4012 3435 ροεω-

2416 3472 2536 3527 latis
2556 3469 2813 3526 evadere.
2847 3464 2996 3519 Licet
3021 3462 3137 3516 sine
3164 3457 3464 3529 patrocinio
3492 3471 3554 3511 ac
3584 3455 3800 3511 deserti.
3815 3457 4012 3519 simus,

2416 3580 2485 3619 ne
2504 3564 2738 3617 animum
2770 3555 3219 3627 despondeamus,
3247 3549 3401 3620 gnari
3444 3561 3693 3618 magnum
3727 3546 3865 3601 illud
3895 3560 4015 3600 esse

2418 3651 2793 3725 patrocinium,
2825 3647 2869 3700 si
2895 3644 3015 3716 quis
3046 3656 3236 3712 magno
3267 3652 3389 3695 eum
3421 3637 3599 3692 studio
3628 3651 3723 3705 per
3774 3636 4011 3705 seipsum

2416 3745 2482 3800 ad
2514 3745 2678 3798 Deum
2704 3737 2947 3795 accedat.
2965 3735 3020 3791 Si
3048 3745 3240 3787 munus
3265 3729 3511 3785 conferre
3536 3726 3749 3781 differat
3786 3734 3843 3779 et
3887 3739 4004 3793 pro-

2419 3835 2676 3891 crastiuet
2695 3870 2711 3896 ,
2736 3845 2803 3883 ne
2830 3824 3197 3887 concidamus,
3224 3820 3455 3874 scientes
3486 3817 3626 3871 illaut
3649 3815 4005 3884 [‘ocrastina-

2422 3930 2623 3981 tionem
2661 3938 2806 3978 cura:
2832 3929 2991 3989 atque
3015 3912 3355 3984 benignitatis
3384 3924 3502 3987 esse
3527 3915 3926 3977 argumentum.
3958 3906 4013 3959 Si

2424 4018 2475 4073 id
2502 4029 2814 4087 persuasum
2844 4010 3152 4071 habeamus,
3196 4014 3252 4058 et
3301 4016 3421 4056 eum
3456 3986 3649 4052 animo
3698 3996 3924 4051 dolente
3962 4009 4016 4049 et

2425 4086 2651 4173 fervido,
2681 4114 2837 4173 atque
2858 4101 3085 4155 excitata
3106 4094 3397 4155 voluntate,
3418 4090 3506 4144 tali
3529 4089 3754 4150 scilicet,
3799 4086 4011 4156 qualem

2426 4199 2611 4255 habuit
2639 4194 2903 4250 accedens
2922 4187 3242 4250 Chauanma,
3271 4191 3324 4237 et
3351 4193 3449 4235 nos
3478 4180 3649 4247 ipsum
3684 4176 4013 4240 adierimus,

2424 4290 2631 4349 etiamsi
2657 4302 2817 4344 canes
2845 4285 3034 4347 simus,
3062 4277 3270 4335 etiamsi
3301 4272 3511 4344 quidvis
3544 4285 3705 4342 grave
3738 4278 4016 4339 perpetra-

2427 4385 2682 4446 verimus,
2705 4389 2762 4434 et
2794 4386 2971 4431 nostra
3002 4371 3136 4426 mala
3167 4366 3503 4427 amolietnur,
3547 4369 3862 4430 tantumque
3885 4360 4015 4414 lidu-

2427 4481 2524 4534 cia':
2551 4474 2892 4545 accipiemus,
2916 4477 2972 4521 ut
2994 4464 3114 4521 aliis
3132 4473 3341 4532 quoque
3365 4455 3683 4528 patrocinari
3706 4456 3983 4508 valeamus
4007 4469 4018 4503 :

2428 4542 2875 4639 quemadmodum
2900 4567 2954 4613 et
2974 4555 3271 4612 Chauauzea
3299 4564 3404 4603 non
3430 4546 3607 4601 solum
3632 4544 3745 4614 ipsa
3773 4542 4025 4598 fiduciam

2430 4632 2483 4715 et
2513 4657 2706 4712 multas
2731 4651 2917 4707 laudes
2936 4651 3263 4713 consequuta
3297 4646 3401 4704 est,
3430 4636 3526 4691 sed
3548 4636 3707 4690 etiam
3753 4632 3921 4687 tiliam
3950 4635 4028 4687 in-

2434 4745 2799 4803 tolerabilibus
2846 4738 3106 4794 molestiis
3167 4733 3373 4800 eripere
3424 4728 3615 4797 potuit.
3664 4724 3807 4780 Nihil
3860 4726 4028 4787 enim,

2437 4837 2568 4893 nihil
2618 4836 2799 4903 utique
2858 4828 3124 4901 potentius
3167 4833 3249 4877 est
3295 4818 3540 4876 oratione
3588 4816 3815 4872 ferventi
3872 4826 4030 4885 atque

2436 4930 2667 4985 sincera.
2693 4925 2818 4981 [huc
2841 4931 2893 4977 et
2916 4914 3196 4990 prmseutia
3220 4911 3357 4967 mala
3373 4910 3549 4974 solvit,
3574 4916 3625 4963 et
3650 4923 3679 4963 a
3712 4906 3913 4961 futuris
3943 4906 4031 4960 illo

2439 5030 2678 5090 tempore
2723 5010 2997 5083 suppliciis
3047 5007 3226 5076 eripit.
3282 5002 3349 5059 Ut
3405 5001 3581 5069 itaque
3613 5008 3667 5053 et
3709 5005 4030 5067 praesentem

2441 5088 2602 5169 vitam
2651 5109 2855 5164 facilius
2910 5103 3301 5169 transigamus,
3352 5105 3408 5149 et
3474 5092 3601 5148 illuc
3658 5104 3783 5145 cunt
3840 5088 4029 5143 fiducia

2440 5209 2715 5271 abeamus,
2738 5202 2905 5258 multo
2925 5197 3101 5253 studio
3126 5204 3180 5248 et
3202 5189 3474 5247 alacritate
3496 5187 3741 5259 precibus
3757 5198 4029 5240 vacemus.

2444 5301 2533 5357 Sic
2562 5300 2703 5353 enim
2732 5293 3023 5366 poterimus
3048 5296 3104 5344 et
3145 5284 3426 5357 prteseutia
3465 5276 3720 5347 consequi
3765 5276 3934 5341 bona,
3984 5286 4036 5329 et

2447 5392 2645 5462 Optima
2673 5403 2768 5458 spe
2797 5386 2895 5440 frui
2929 5400 2943 5437 :
2976 5396 3093 5453 qua:
3121 5394 3218 5434 nos
3260 5390 3446 5431 omnes
3495 5370 3707 5446 assequi
3736 5369 4031 5438 contingat,

2447 5457 2637 5556 gratia,
2670 5457 2997 5547 benignitate
3047 5480 3100 5525 et
3135 5463 3602 5525 commiseratione
3634 5457 3842 5515 Domini
3872 5460 4033 5513 nostri

2451 5582 2576 5637 Iesu
2626 5574 2847 5637 Christi,
2895 5570 3108 5641 quicum
3147 5564 3314 5632 Patri,
3358 5574 3569 5632 unaque
3601 5556 3825 5628 Spiritui
3856 5566 4032 5611 sancto

1500 5693 1826 5748 animitatem
1850 5688 2069 5756 hujusce
2113 5682 2349 5737 mulieris
2454 5673 2641 5747 gloria,
2672 5669 2867 5734 honor,
2888 5662 3186 5731 imperium,
3209 5658 3261 5713 in
3279 5655 3473 5713 saecula
3489 5653 3827 5711 seculorum.
3850 5653 4031 5707 Amen.
