4194 6302
1402 414 1467 471 IN
1511 412 1739 479 ILLUD,
1781 410 1991 468 VIDUA
2031 404 2405 465 ELIGATUR.

3431 399 3545 455 323-

1430 930 1506 990 lN
1547 926 1929 989 HOMILIAM
1966 924 2063 984 DE
2106 921 2384 984 VIDUIS.

277 1200 433 1258 illam
466 1194 793 1254 sententiam
825 1191 1139 1262 scrupulum
1184 1186 1518 1258 lnjiciemus.
1568 1185 1793 1240 Certum
1839 1188 1923 1235 est
1957 1176 2409 1249 Cbrysostomum
2462 1187 2608 1228 anno
2653 1171 2873 1225 ineunte
2912 1168 3018 1223 387
3048 1183 3159 1223 non
3204 1182 3409 1238 paucas
3440 1168 3543 1225 ha-

278 1319 470 1375 buisse
507 1303 799 1373 conciones
823 1311 891 1367 de
917 1307 1197 1380 ἑμοουσιῳ
1227 1315 1282 1365 et
1313 1315 1502 1363 contra
1525 1305 1865 1358 Anomteos:
1903 1312 2006 1354 nec
2047 1296 2227 1351 minus
2256 1303 2469 1351 certum
2517 1290 2697 1346 solere
2738 1288 3191 1359 Cbrysostomum
3239 1289 3543 1358 praeterita-

279 1446 410 1487 tum
438 1429 765 1485 concinnum
788 1424 1137 1480 meminisse:
1164 1436 1233 1475 an
1263 1435 1391 1475 vero
1425 1417 1741 1487 contingere
1772 1411 1949 1485 potuit
1968 1450 1985 1475 ,
2024 1421 2085 1465 ut
2116 1411 2339 1480 vigente
2361 1405 2451 1460 illa
2480 1395 3096 1472 disceptatione‘centra
3128 1396 3450 1460 Anomtaos,
3486 1397 3542 1450 in

279 1545 432 1602 nulla
471 1547 730 1598 harumce
757 1524 955 1595 novem
972 1538 1343 1602 bomiliarum,
1373 1542 1495 1607 quae
1518 1534 1638 1590 sine
1679 1529 1847 1586 dubio
1877 1530 2017 1583 inter
2048 1525 2314 1582 Homilias
2347 1530 2537 1578 contra
2581 1519 2880 1575 Anommos
2909 1514 3240 1571 intermixta:
3276 1509 3500 1565 fuerunt
3524 1552 3539 1576 ,

279 1659 333 1714 si
367 1658 461 1713 illo
485 1672 629 1712 anno
659 1656 817 1711 dictae
849 1655 1071 1722 fuerint,
1114 1658 1177 1708 de
1220 1653 1309 1707 illa
1340 1650 1714 1708 controversia
1766 1660 2015 1715 unquam
2055 1639 2410 1699 meminerit!
2456 1637 2568 1692 Hac
2602 1637 2734 1691 mibi
2758 1630 2922 1689 ’nova
2976 1632 3202 1689 subortu
3256 1625 3543 1685 dubitandi

277 1785 475 1836 ausa,
506 1769 676 1824 animi
712 1768 923 1840 pendeo
952 1766 1125 1823 donec
1151 1764 1281 1835 quid
1308 1763 1512 1819 certius
1540 1770 1806 1829 emergat.

351 1908 737 1979 Interpretatio
770 1905 963 1962 Latina
992 1915 1077 1962 est
1097 1900 1389 1960 Frontonis
1412 1899 1617 1955 Duetei.

1657 2370 1759 2446 IN
1842 2360 2197 2449 ILLUD.

254 2752 456 2796 πυυι
502 2748 817 2792 manus
863 2746 989 2790 non
1032 2743 1227 2788 uinus
1272 2739 1627 2786 sancit-tu
1675 2735 1981 2779 ANNORUH
2030 2714 2114 2795 (1.
2160 2714 2325 2777 Tim.
2366 2713 2425 2774 5.
2462 2711 2595 2794 9);
2644 2730 2731 2773 er
2768 2730 2851 2771 na
2897 2728 3267 2771 Ltusnonuu
3313 2726 3552 2770 nuces-

1338 2839 1557 2895 TIONE,
1604 2837 1680 2881 ac
1722 2838 1807 2879 ne
1852 2833 2266 2877 ELEEIIOSYNA
2313 2814 2425 2896 (a).

1592 3006 1823 3017 —.———-

332 3112 387 3166 Ιι.
437 3108 693 3164 Commio
736 3097 1063 3161 dicendorum
1112 3118 1228 3156 cum
1272 3110 1423 3156 antea
1472 3099 1644 3157 dictis.
1694 3098 1852 3151 Arma

251 3204 528 3260 viduarum
592 3215 708 3272 qua
762 3201 880 3253 sint.
908 3227 980 3239 —
1011 3194 1363 3252 Commodum
1406 3191 1572 3247 divini
1622 3190 1853 3259 Spiritus

251 3295 429 3368 gratia
458 3293 775 3362 disponente
802 3290 1046 3360 contigit,
1079 3298 1137 3343 ut
1160 3288 1206 3343 is
1239 3287 1393 3341 vobis
1429 3285 1737 3355 apostolicae
1766 3284 1848 3338 lo-

250 3386 363 3443 ω
397 3383 659 3453 eplstolaz,
696 3395 857 3451 quem
899 3378 1160 3434 hodierno
1185 3377 1273 3433 die
1311 3376 1609 3441 audivistis,
1643 3376 1849 3445 legere-

249 3483 347 3533 tur
373 3492 390 3531 :
417 3474 576 3529 habet
616 3471 758 3529 enim
797 3486 918 3526 cum
944 3471 1009 3526 iis
1031 3485 1149 3541 qua:
1176 3485 1345 3538 nuper
1370 3468 1623 3533 diximus,
1649 3483 1851 3537 cogna—

252 3568 463 3625 tionem
504 3575 559 3621 et
595 3564 983 3621 connexionem
1027 3562 1167 3617 haud
1214 3561 1569 3626 mediocrem,
1602 3560 1646 3615 si
1674 3560 1852 3613 minus

248 3659 313 3716 in
362 3659 564 3723 verbis,
604 3666 753 3711 certe
798 3656 850 3708 in
894 3653 1191 3708 sententiis.
1242 3652 1355 3707 lloc
1396 3654 1538 3707 enim
1572 3650 1700 3717 illud
1744 3659 1847 3714 est,

254 3748 406 3822 quod
433 3762 604 3815 nuper
627 3746 920 3816 legebatur,
949 3743 1026 3799 De
1054 3744 1413 3799 dormiemibtu
1436 3757 1605 3798 autem
1627 3742 1745 3797 nolo
1765 3758 1852 3797 eos

250 3834 998 3911 igaorare,fra1m(l.Thm.
1028 3835 1081 3889 ι.
1118 3834 1205 3907 η)
1231 3853 1245 3888 :
1276 3846 1332 3891 et
1374 3834 1442 3890 de
1459 3836 1851 3891 resurrectione

250 3928 423 3985 multa
456 3936 565 3981 tum
595 3943 624 3980 a
653 3926 808 3981 nobis
848 3935 975 3981 sunt
1018 3926 1179 3992 dicta,
1228 3940 1383 3993 mque
1423 3926 1603 3979 animo
1632 3925 1849 3980 ferenda

250 4033 381 4076 esse
421 4019 558 4072 mala
600 4016 886 4088 ejusmodi,
930 4017 1144 4087 Deoque
1187 4016 1385 4086 gratias
1431 4016 1702 4087 agendas,
1759 4016 1848 4086 qui

250 4112 588 4185 propinquos
614 4122 827 4165 nostros
842 4110 942 4164 sibi
969 4119 1285 4165 assumeret.
1315 4110 1482 4164 Hodie
1502 4125 1629 4163 vero
1654 4109 1848 4162 lectum

251 4214 341 4260 ut
365 4203 545 4259 istud:
588 4201 754 4257 Vidua
801 4198 1015 4273 eligatur
1060 4218 1163 4255 non
1191 4201 1355 4254 minus
1396 4200 1657 4271 sexaginta
1685 4217 1844 4254 anno-

249 4312 371 4350 rum
422 4293 521 4367 (ί.
553 4293 687 4349 Tim.
722 4293 906 4363 5.9).
958 4292 1183 4361 Quando
1236 4294 1396 4363 igitur
1448 4308 1514 4347 ex
1569 4292 1853 4347 occasione

251 4386 450 4442 mortis
474 4384 705 4439 viduitas
742 4385 931 4447 oritur,
962 4395 1017 4439 et
1044 4385 1144 4438 hoc
1181 4392 1283 4449 est,
1322 4384 1463 4453 quod
1491 4388 1721 4437 maxime
1751 4384 1850 4438 do-

252 4478 431 4535 brem
478 4488 656 4547 auget,
706 4492 768 4530 ac
813 4476 1012 4529 luctum
1054 4477 1279 4543 excitat,
1322 4490 1592 4530 memores
1641 4490 1850 4539 eorum,

252 4586 381 4643 quze
406 4585 577 4639 nuper
602 4585 630 4623 a
658 4568 811 4623 nobis
850 4569 988 4621 dicta
1034 4577 1156 4621 sunt
1184 4567 1249 4620 ad
1280 4580 1373 4621 eos
1402 4568 1491 4637 qui
1524 4569 1703 4637 lugent
1726 4581 1852 4621 cou-

252 4663 535 4725 solandos,
561 4676 731 4732 eaque
756 4676 968 4714 summo
994 4659 1168 4714 studio
1190 4658 1563 4727 suscipientes,
1587 4661 1637 4713 in
1662 4667 1854 4713 vestra:

254 4756 457 4812 mentis
483 4753 856 4823 promptuariis
881 4753 968 4805 illa
998 4750 1290 4805 recondite.
1323 4750 1456 4804 Nam
1484 4750 1711 4803 viduitas
1739 4750 1854 4819 qui-

255 4845 386 4901 dem
433 4844 750 4899 calamitatis
791 4858 909 4897 esse
940 4857 1131 4896 nomen
1161 4842 1389 4904 videtur,
1421 4840 1514 4895 sed
1542 4850 1719 4895 tamen
1746 4855 1854 4893 non

254 4946 365 5003 est,
408 4931 594 4989 rerum
625 4934 874 5004 dignitas,
907 4934 1099 5001 honor,
1144 4943 1198 4988 et
1227 4934 1395 5003 gloria
1435 4934 1699 4999 maxima;
1747 4948 1853 4987 non

255 5028 631 5098 opprobrium,
658 5025 753 5081 sed
766 5041 985 5082 corona.
1007 5026 1155 5081 Licet
1184 5027 1325 5081 enim
1352 5026 1600 5081 maritum
1632 5041 1736 5079 non
1763 5024 1857 5079 ha-

256 5122 408 5186 beat,
433 5134 553 5173 cum
579 5134 685 5188 quo
707 5116 929 5182 habitet,
956 5117 1112 5173 vidua
1139 5137 1153 5173 :
1185 5128 1361 5173 tamen
1390 5117 1659 5173 Christum
1698 5117 1859 5172 habet

255 5227 385 5265 eum
418 5224 525 5279 quo
549 5208 771 5275 habitet,
801 5228 833 5266 a
852 5225 959 5278 quo
982 5211 1249 5274 universa,
1276 5226 1395 5280 qua!
1426 5210 1692 5281 ingruant,
1717 5211 1859 5265 mala

260 5301 660 5372 propulsentur.
705 5302 915 5357 Sufficit
944 5303 1085 5356 enim
1116 5302 1242 5357 dum
1275 5303 1479 5371 injuriis
1522 5315 1743 5358 vexatur
1774 5306 1853 5356 vi-

256 5394 389 5456 dua,
443 5407 500 5447 ut
553 5394 800 5457 introeat,
851 5410 992 5462 genu
1043 5394 1238 5458 ﬂectat,
1289 5377 1481 5449 acerbe
1522 5397 1851 5465 ingemiscat,

259 5496 526 5557 tacrymas
571 5486 777 5549 fundat,
824 5496 877 5539 et
915 5502 1099 5541 omnes
1126 5486 1345 5541 insidias
1371 5503 1576 5549 eorum,
1607 5504 1635 5540 a
1664 5488 1855 5557 quibus

256 5590 505 5641 texatur,
548 5578 789 5645 repellat.
842 5579 1113 5645 Ejusmodi
1160 5581 1300 5631 enim
1332 5595 1477 5632 arma
1506 5590 1627 5632 sunt
1659 5580 1850 5645 vidum,

261 5665 535 5740 lacrynne,
564 5670 811 5737 gemitus,
859 5685 921 5721 ac
969 5684 1154 5738 preces
1180 5671 1405 5722 assidam
1447 5689 1459 5724 :
1490 5686 1586 5740 per
1608 5670 1722 5726 hazc
1750 5687 1855 5725 non

265 5799 400 5923 ,ΘΜ
433 5796 608 5850 vellat:
647 5814 756 5851 cum
784 5808 886 5849 Mss.
929 5808 1042 5865 Reg.
1074 5801 1225 5861 1975,
1263 5806 1313 5851 et
1349 5800 1639 5853 Colbcrtiuis
1675 5804 1770 5855 970
1805 5811 1855 5855 ct

328 5878 382 5921 ,τυ

328 5878 350 5917 .',
356 5880 382 5921 υ

1829 2980 2007 3035 om.

2018 3000 2233 3011 -η

1967 3097 2225 3153 humanas
2272 3109 2475 3155 tantum
2525 3100 2766 3171 injurias,
2814 3101 2908 3156 sed
2950 3101 3255 3159 du-tnonum
3287 3106 3447 3161 etiam
3476 3107 3562 3161 in-

1959 3205 2147 3247 cursus
2170 3192 2366 3261 poterit
2385 3192 2897 3261 propulsare.Vidua
2918 3209 2945 3247 a
2965 3195 3311 3251 smcularibus
3334 3199 3561 3268 negotiis

1960 3282 2212 3338 immunis
2256 3292 2360 3348 est,
2408 3284 2476 3338 ad
2520 3288 2711 3339 curtum
2756 3297 2934 3341 autem
2984 3287 3241 3358 deinceps
3269 3291 3474 3347 tendit:
3504 3301 3567 3348 et

1958 3376 2102 3446 quod
2141 3390 2265 3446 erga
2306 3378 2477 3431 virttm
2518 3376 2755 3431 studium
2781 3386 2835 3431 et
2858 3377 3060 3432 cultum
3097 3379 3403 3445 exhibebat,
3434 3398 3557 3439 eum

1961 3466 2014 3521 in
2043 3481 2130 3521 res
2168 3467 2475 3536 spirituales
2515 3475 2693 3536 potest
2728 3467 3058 3538 impendere.
3092 3468 3245 3537 Quod
3294 3472 3339 3525 si
3384 3470 3556 3541 dicas,

1958 3555 2087 3611 olim
2117 3572 2231 3611 rem
2274 3557 2430 3611 istam
2474 3558 2831 3613 calamitatem
2861 3559 3044 3625 fuisse,
3079 3569 3190 3614 tum
3221 3562 3349 3617 illud
3388 3564 3557 3635 subji-

1959 3648 2119 3714 ciam,
2164 3657 2390 3701 mortem
2438 3662 2651 3718 quoque
2687 3648 3023 3705 maledictam
3051 3648 3217 3706 fuisse
3246 3669 3260 3704 ε
3290 3661 3470 3709 tamen
3501 3659 3552 3709 in

1959 3735 2219 3794 honorem
2245 3753 2307 3793 ac
2335 3738 2646 3808 dignitatem
2673 3754 2929 3794 εοηνιιιιεςι
2960 3750 3044 3796 est
3071 3740 3154 3797 his
3180 3746 3268 3811 qui
3295 3745 3560 3814 patienter

1959 3828 2175 3884 tulerint
2205 3829 2569 3886 invadenlem.
2614 3830 2704 3886 Sic
2734 3825 2985 3885 nimirum
3012 3842 3066 3887 et
3107 3824 3375 3905 martyres
3400 3849 3557 3891 eoru-

1958 3932 2175 3990 nantur,
2202 3923 2497 3995 eademque
2525 3925 2733 3979 ratione
2759 3925 2922 3980 vidua
2946 3941 3213 3981 summam
3236 3930 3301 3981 ad
3333 3930 3560 3999 dignita-

1958 4025 2067 4070 tem
2096 4016 2361 4071 evehitur.

2028 4106 2085 4161 9..
2132 4106 2221 4161 Vis
2261 4108 2578 4180 intelligere,
2619 4122 2815 4180 quanta
2846 4128 2932 4167 res
2959 4115 3027 4169 sit
3072 4117 3270 4173 vidua?
3298 4137 3457 4191 quam
3490 4124 3559 4179 sit

1958 4198 2100 4268 apud
2144 4199 2310 4254 Deum
2342 4199 2545 4255 honore
2582 4202 2764 4273 digna,
2808 4214 2862 4259 ct
2888 4221 3093 4275 amore,
3129 4221 3289 4279 utque
3316 4228 3555 4270 summu.

1960 4304 2088 4359 pere
2117 4304 2216 4344 suo
2244 4295 2413 4361 possit
2436 4293 2576 4363 apud
2605 4296 2769 4351 Deum
2802 4299 3096 4366 patrocinio
3119 4302 3325 4372 iuvare,
3354 4316 3407 4360 et
3436 4322 3556 4364 cum

1960 4384 2190 4451 primum
2214 4384 2536 4452 apparuerit,
2572 4385 2683 4455 jam
2727 4388 3028 4455 damnatos,
3060 4407 3296 4448 animum
3327 4395 3559 4467 despue-‘-

1960 4475 2181 4537 dentes,
2221 4474 2431 4531 hiscere
2477 4493 2583 4530 non
2626 4478 2920 4545 audentes,
2969 4482 3186 4538 odiosus
3234 4486 3362 4553 lien,
3408 4492 3555 4546 oumi

1960 4567 2323 4621 excusationis
2367 4582 2462 4637 spe
2505 4569 2763 4639 spoliatos
2812 4571 3062 4642 liberare,
3095 4592 3157 4631 ac
3188 4582 3554 4650 reconciliare,

1960 4674 2134 4727 neque
2162 4660 2369 4715 veniam
2395 4670 2597 4715 tantum
2628 4662 2918 4732 impetrare
2938 4675 2992 4719 et
3020 4669 3282 4738 supplicio
3298 4671 3556 4739 eximere,

1960 4750 2055 4832 sed
2085 4761 2140 4806 et
2164 4754 2382 4807 multam
2408 4753 2650 4815 fiduciam
2698 4771 2762 4811 ac
2808 4758 3147 4827 splendorem
3178 4765 3475 4831 vaIlil‘t'l'e.
3508 4782 3561 4823 et

1960 4843 2096 4899 solis
2111 4844 2273 4899 radiis
2304 4846 2547 4914 puriores
2573 4848 2817 4911 reddere,
2849 4849 2970 4905 licet
3002 4852 3242 4908 omnium
3270 4858 3377 4909 s‘ut
3413 4874 3553 4910 Itmr-

1962 4936 2145 4991 talium
2190 4936 2585 4993 sordidissimii‘
2623 4940 2760 4994 Audi
2810 4941 2979 4995 Deum
3028 4942 3201 5012 ipsum
3242 4946 3457 5016 .ludzeos
3485 4954 3561 5005 sic

1960 5028 2321 5098 alloquentem
2349 5047 2362 5084 :
2397 5028 2523 5084 Cum
2549 5032 2871 5087 extendcritis
2902 5050 3081 5089 "ianus
3101 5046 3310 5103 vestras,
3338 5050 3560 5095 avertam

1961 5121 2136 5173 oculos
2163 5136 2298 5174 meos
2324 5138 2355 5173 a
2378 5122 2516 5175 vobis
2534 5137 2554 5175 .'
2581 5123 2626 5175 si
2656 5124 3110 5194 multiplicaveritis
3135 5128 3432 5195 orationem,
3463 5149 3562 5185 non

1962 5214 2233 5267 exaudiam
2283 5229 2369 5267 vos
2410 5229 2430 5267 :
2468 5230 2649 5269 manus
2702 5217 2834 5269 enim
2882 5229 3057 5274 vestrm
3100 5225 3345 5291 sanguine
3399 5228 3564 5293 pte-ua

1960 5312 2079 5357 sunt
2107 5302 2259 5376 (Ιωὶ.
2293 5306 2484 5376 1.15).
2510 5309 2760 5363 Attamen
2806 5309 2890 5364 his
2943 5313 3220 5368 sceleratis
3259 5314 3562 5384 homicidts,

1966 5397 2168 5466 pudore
2212 5397 2446 5462 suffusis,
2491 5400 2777 5470 ignominia
2820 5404 3018 5459 notatis
3060 5421 3119 5459 se
3160 5407 3561 5461 reconciliatum

1964 5490 2027 5542 iri
2058 5489 2359 5557 pollicetur,
2385 5492 2430 5545 si
2451 5491 2653 5547 affectis
2682 5493 2872 5563 injuria
2896 5496 3069 5551 viduis
3089 5496 3343 5553 auxilium
3370 5498 3559 5552 fetant.

1965 5579 2250 5649 Postquam
2300 5583 2442 5635 enim
2489 5582 2644 5646 dixit,
2690 5584 2926 5639 Avertam
2974 5586 3145 5641 oculos
3191 5605 3345 5649 meos.
3393 5599 3565 5642 etnon

1962 5672 2256 5739 exaudiam,
2313 5674 2482 5743 inquit
2509 5692 2522 5727 :
2562 5672 2802 5730 Judicate
2826 5679 3057 5747 pupillo,
3087 5690 3132 5733 et
3174 5681 3457 5750 justiﬁcate
3486 5684 3560 5733 vi-

1965 5764 2139 5831 duam,
2168 5776 2213 5821 ct
2243 5775 2420 5832 venite,
2474 5778 2519 5823 et
2569 5770 2924 5837 disputemus;
2950 5784 2997 5826 et
3052 5775 3095 5827 si
3138 5778 3322 5843 fuerint
3364 5790 3563 5841 peccata

1964 5868 2126 5912 vestra
2166 5861 2320 5925 quasi
2356 5861 2689 5930 phmtticcum,
2734 5864 2862 5917 sicut
2911 5864 3069 5919 nivem
3112 5866 3477 5934 deulltabuUb.
3512 5870 3563 5923 ί.
