  <div class='ocr_page' id='page_1' title='image "/cluster/home/n/w/nwhite01/storage/ocr_20150623/51/pst.000005712502/327.png"; bbox 0 0 4194 6302; ppageno 0'>
   <div class='ocr_carea' id='block_1_1' title="bbox 684 399 792 457">
    <p class='ocr_par' dir='ltr' id='par_1_1' title="bbox 684 399 792 457">
     <span class='ocr_line' id='line_1_1' title="bbox 684 399 792 457; baseline 0.009 -1"><span class='ocrx_word' id='word_1_1' title='bbox 684 399 792 457; x_wconf 70' lang='lat'><strong>533</strong></span> 
     </span>
    </p>
   </div>
   <div class='ocr_carea' id='block_1_2' title="bbox 684 491 2258 576">
    <p class='ocr_par' dir='ltr' id='par_1_2' title="bbox 684 491 2258 576">
     <span class='ocr_line' id='line_1_2' title="bbox 684 491 2258 576; baseline -0.008 -14"><span class='ocrx_word' id='word_1_2' title='bbox 684 507 769 563; x_wconf 83' lang='lat' dir='ltr'><strong>i7.</strong></span> <span class='ocrx_word' id='word_1_3' title='bbox 802 503 917 576; x_wconf 77' lang='grc'><strong>18).</strong></span> <span class='ocrx_word' id='word_1_4' title='bbox 969 502 1130 560; x_wconf 74' lang='lat' dir='ltr'><strong>Vides</strong></span> <span class='ocrx_word' id='word_1_5' title='bbox 1177 508 1427 574; x_wconf 70' lang='lat' dir='ltr'><strong>quantum</strong></span> <span class='ocrx_word' id='word_1_6' title='bbox 1472 498 1665 556; x_wconf 82' lang='lat' dir='ltr'><strong>habeat</strong></span> <span class='ocrx_word' id='word_1_7' title='bbox 1704 495 1859 553; x_wconf 83' lang='lat' dir='ltr'><strong>vidua</strong></span> <span class='ocrx_word' id='word_1_8' title='bbox 1893 491 2258 567; x_wconf 55' lang='lat' dir='ltr'><strong>‘pntestatom’</strong></span> 
     </span>
    </p>
   </div>
   <div class='ocr_carea' id='block_1_3' title="bbox 680 585 2257 658">
    <p class='ocr_par' dir='ltr' id='par_1_3' title="bbox 680 585 2257 658">
     <span class='ocr_line' id='line_1_3' title="bbox 680 585 2257 658; baseline -0.006 -8"><span class='ocrx_word' id='word_1_9' title='bbox 680 597 768 651; x_wconf 80' lang='lat' dir='ltr'><strong>ubi</strong></span> <span class='ocrx_word' id='word_1_10' title='bbox 811 609 965 650; x_wconf 90' lang='lat' dir='ltr'><strong>suum</strong></span> <span class='ocrx_word' id='word_1_11' title='bbox 1009 589 1569 655; x_wconf 80' lang='lat' dir='ltr'><strong>ostendat-auxilium,</strong></span> <span class='ocrx_word' id='word_1_12' title='bbox 1601 603 1709 647; x_wconf 89' lang='lat' dir='ltr'><strong>non</strong></span> <span class='ocrx_word' id='word_1_13' title='bbox 1727 585 1868 658; x_wconf 88' lang='lat' dir='ltr'><strong>apud</strong></span> <span class='ocrx_word' id='word_1_14' title='bbox 1893 585 2257 657; x_wconf 70' lang='lat' dir='ltr'><strong>magistratum</strong></span> 
     </span>
    </p>
   </div>
   <div class='ocr_carea' id='block_1_4' title="bbox 680 677 2259 756">
    <p class='ocr_par' dir='ltr' id='par_1_4' title="bbox 680 677 2259 756">
     <span class='ocr_line' id='line_1_4' title="bbox 680 677 2259 756; baseline -0.005 -19"><span class='ocrx_word' id='word_1_15' title='bbox 680 690 765 741; x_wconf 76' lang='lat' dir='ltr'><strong>vel</strong></span> <span class='ocrx_word' id='word_1_16' title='bbox 795 701 999 756; x_wconf 89' lang='lat' dir='ltr'><strong>regem,</strong></span> <span class='ocrx_word' id='word_1_17' title='bbox 1025 685 1111 754; x_wconf 90' lang='lat' dir='ltr'><strong>qui</strong></span> <span class='ocrx_word' id='word_1_18' title='bbox 1138 682 1479 737; x_wconf 75' lang='lat' dir='ltr'><strong>dominantur</strong></span> <span class='ocrx_word' id='word_1_19' title='bbox 1504 681 1556 735; x_wconf 90' lang='lat' dir='ltr'><strong>in</strong></span> <span class='ocrx_word' id='word_1_20' title='bbox 1587 680 1762 746; x_wconf 87' lang='lat' dir='ltr'><strong>terris,</strong></span> <span class='ocrx_word' id='word_1_21' title='bbox 1796 678 1890 734; x_wconf 88' lang='lat' dir='ltr'><strong>sed</strong></span> <span class='ocrx_word' id='word_1_22' title='bbox 1919 677 2057 748; x_wconf 89' lang='lat' dir='ltr'><strong>apud</strong></span> <span class='ocrx_word' id='word_1_23' title='bbox 2087 677 2259 746; x_wconf 85' lang='lat' dir='ltr'><strong>ipsum</strong></span> 
     </span>
    </p>
   </div>
   <div class='ocr_carea' id='block_1_5' title="bbox 676 768 2260 845">
    <p class='ocr_par' dir='ltr' id='par_1_5' title="bbox 676 768 2260 845">
     <span class='ocr_line' id='line_1_5' title="bbox 676 768 2260 845; baseline -0.006 -15"><span class='ocrx_word' id='word_1_24' title='bbox 676 778 929 832; x_wconf 63' lang='lat' dir='ltr'><strong>celerum</strong></span> <span class='ocrx_word' id='word_1_25' title='bbox 972 774 1214 845; x_wconf 77' lang='lat' dir='ltr'><strong>Regem?</strong></span> <span class='ocrx_word' id='word_1_26' title='bbox 1258 782 1507 844; x_wconf 86' lang='lat' dir='ltr'><strong>quantam</strong></span> <span class='ocrx_word' id='word_1_27' title='bbox 1553 773 1723 842; x_wconf 86' lang='lat' dir='ltr'><strong>possit</strong></span> <span class='ocrx_word' id='word_1_28' title='bbox 1766 772 1897 826; x_wconf 89' lang='lat' dir='ltr'><strong>iram</strong></span> <span class='ocrx_word' id='word_1_29' title='bbox 1933 768 2153 832; x_wconf 89' lang='lat' dir='ltr'><strong>sedare,</strong></span> <span class='ocrx_word' id='word_1_30' title='bbox 2198 782 2260 822; x_wconf 89' lang='lat' dir='ltr'><strong>ac</strong></span> 
     </span>
    </p>
   </div>
   <div class='ocr_carea' id='block_1_6' title="bbox 680 860 2255 937">
    <p class='ocr_par' dir='ltr' id='par_1_6' title="bbox 680 860 2255 937">
     <span class='ocr_line' id='line_1_6' title="bbox 680 860 2255 937; baseline -0.007 -14"><span class='ocrx_word' id='word_1_31' title='bbox 680 870 959 923; x_wconf 81' lang='lat' dir='ltr'><strong>Dominum</strong></span> <span class='ocrx_word' id='word_1_32' title='bbox 1004 867 1129 931; x_wconf 81' lang='lat' dir='ltr'><strong>illis,</strong></span> <span class='ocrx_word' id='word_1_33' title='bbox 1176 866 1264 937; x_wconf 91' lang='lat' dir='ltr'><strong>qui</strong></span> <span class='ocrx_word' id='word_1_34' title='bbox 1312 865 1591 920; x_wconf 86' lang='lat' dir='ltr'><strong>incurabili</strong></span> <span class='ocrx_word' id='word_1_35' title='bbox 1641 863 1829 918; x_wconf 86' lang='lat' dir='ltr'><strong>morbo</strong></span> <span class='ocrx_word' id='word_1_36' title='bbox 1876 860 2054 917; x_wconf 78' lang='lat' dir='ltr'><strong>infecti</strong></span> <span class='ocrx_word' id='word_1_37' title='bbox 2098 868 2255 924; x_wconf 90' lang='lat' dir='ltr'><strong>sunt,</strong></span> 
     </span>
    </p>
   </div>
   <div class='ocr_carea' id='block_1_7' title="bbox 678 951 2257 1028">
    <p class='ocr_par' dir='ltr' id='par_1_7' title="bbox 678 951 2257 1028">
     <span class='ocr_line' id='line_1_7' title="bbox 678 951 2257 1028; baseline -0.006 -16"><span class='ocrx_word' id='word_1_38' title='bbox 678 960 909 1028; x_wconf 83' lang='lat' dir='ltr'><strong>placare,</strong></span> <span class='ocrx_word' id='word_1_39' title='bbox 949 955 1267 1011; x_wconf 88' lang='lat' dir='ltr'><strong>intolerabili</strong></span> <span class='ocrx_word' id='word_1_40' title='bbox 1307 956 1565 1026; x_wconf 85' lang='lat' dir='ltr'><strong>supplicio</strong></span> <span class='ocrx_word' id='word_1_41' title='bbox 1605 953 1835 1021; x_wconf 85' lang='lat' dir='ltr'><strong>eripere.</strong></span> <span class='ocrx_word' id='word_1_42' title='bbox 1872 951 2104 1006; x_wconf 89' lang='lat' dir='ltr'><strong>animam</strong></span> <span class='ocrx_word' id='word_1_43' title='bbox 2135 964 2257 1003; x_wconf 87' lang='lat' dir='ltr'><strong>sor-</strong></span> 
     </span>
    </p>
   </div>
   <div class='ocr_carea' id='block_1_8' title="bbox 675 1043 2254 1117">
    <p class='ocr_par' dir='ltr' id='par_1_8' title="bbox 675 1043 2254 1117">
     <span class='ocr_line' id='line_1_8' title="bbox 675 1043 2254 1117; baseline -0.003 -16"><span class='ocrx_word' id='word_1_44' title='bbox 675 1049 829 1103; x_wconf 81' lang='lat' dir='ltr'><strong>dibus</strong></span> <span class='ocrx_word' id='word_1_45' title='bbox 854 1048 1095 1103; x_wconf 91' lang='lat' dir='ltr'><strong>obrutam</strong></span> <span class='ocrx_word' id='word_1_46' title='bbox 1124 1057 1459 1117; x_wconf 75' lang='lat' dir='ltr'><strong>peccatorum</strong></span> <span class='ocrx_word' id='word_1_47' title='bbox 1489 1048 1555 1100; x_wconf 87' lang='lat' dir='ltr'><strong>ab</strong></span> <span class='ocrx_word' id='word_1_48' title='bbox 1580 1043 1841 1115; x_wconf 78' lang='lat' dir='ltr'><strong>ejusmodi</strong></span> <span class='ocrx_word' id='word_1_49' title='bbox 1869 1043 1988 1098; x_wconf 89' lang='lat' dir='ltr'><strong>labe</strong></span> <span class='ocrx_word' id='word_1_50' title='bbox 2009 1058 2254 1114; x_wconf 87' lang='lat' dir='ltr'><strong>purgare,</strong></span> 
     </span>
    </p>
   </div>
   <div class='ocr_carea' id='block_1_9' title="bbox 674 1134 2257 1211">
    <p class='ocr_par' dir='ltr' id='par_1_9' title="bbox 674 1134 2257 1211">
     <span class='ocr_line' id='line_1_9' title="bbox 674 1134 2257 1211; baseline -0.006 -16"><span class='ocrx_word' id='word_1_51' title='bbox 674 1151 833 1211; x_wconf 84' lang='lat' dir='ltr'><strong>atque</strong></span> <span class='ocrx_word' id='word_1_52' title='bbox 877 1138 944 1193; x_wconf 93' lang='lat' dir='ltr'><strong>ad</strong></span> <span class='ocrx_word' id='word_1_53' title='bbox 983 1154 1246 1194; x_wconf 90' lang='lat' dir='ltr'><strong>summam</strong></span> <span class='ocrx_word' id='word_1_54' title='bbox 1296 1138 1576 1208; x_wconf 78' lang='lat' dir='ltr'><strong>puritatem</strong></span> <span class='ocrx_word' id='word_1_55' title='bbox 1620 1134 2054 1207; x_wconf 64' lang='lat' dir='ltr'><strong>perducerenie</strong></span> <span class='ocrx_word' id='word_1_56' title='bbox 2097 1134 2257 1205; x_wconf 89' lang='lat' dir='ltr'><strong>igitur</strong></span> 
     </span>
    </p>
   </div>
   <div class='ocr_carea' id='block_1_10' title="bbox 673 1226 2253 1293">
    <p class='ocr_par' dir='ltr' id='par_1_10' title="bbox 673 1226 2253 1293">
     <span class='ocr_line' id='line_1_10' title="bbox 673 1226 2253 1293; baseline -0.004 -6"><span class='ocrx_word' id='word_1_57' title='bbox 673 1231 952 1287; x_wconf 83' lang='lat' dir='ltr'><strong>mulierem</strong></span> <span class='ocrx_word' id='word_1_58' title='bbox 976 1230 1186 1286; x_wconf 88' lang='lat' dir='ltr'><strong>viduam</strong></span> <span class='ocrx_word' id='word_1_59' title='bbox 1213 1239 1635 1293; x_wconf 90' lang='lat' dir='ltr'><strong>contemnamus,</strong></span> <span class='ocrx_word' id='word_1_60' title='bbox 1661 1227 1757 1283; x_wconf 86' lang='lat' dir='ltr'><strong>sed</strong></span> <span class='ocrx_word' id='word_1_61' title='bbox 1784 1242 2000 1286; x_wconf 84' lang='lat' dir='ltr'><strong>omnem</strong></span> <span class='ocrx_word' id='word_1_62' title='bbox 2026 1226 2078 1281; x_wconf 89' lang='lat' dir='ltr'><strong>in</strong></span> <span class='ocrx_word' id='word_1_63' title='bbox 2110 1226 2253 1280; x_wconf 82' lang='lat' dir='ltr'><strong>illam</strong></span> 
     </span>
    </p>
   </div>
   <div class='ocr_carea' id='block_1_11' title="bbox 670 1318 2254 1388">
    <p class='ocr_par' dir='ltr' id='par_1_11' title="bbox 670 1318 2254 1388">
     <span class='ocr_line' id='line_1_11' title="bbox 670 1318 2254 1388; baseline -0.006 -9"><span class='ocrx_word' id='word_1_64' title='bbox 670 1320 1080 1379; x_wconf 71' lang='lat' dir='ltr'><strong>milicitudinem</strong></span> <span class='ocrx_word' id='word_1_65' title='bbox 1117 1320 1482 1376; x_wconf 81' lang='lat' dir='ltr'><strong>exbibeamns.</strong></span> <span class='ocrx_word' id='word_1_66' title='bbox 1528 1318 1757 1375; x_wconf 85' lang='lat' dir='ltr'><strong>Patrona</strong></span> <span class='ocrx_word' id='word_1_67' title='bbox 1785 1326 1966 1376; x_wconf 84' lang='lat' dir='ltr'><strong>nostra</strong></span> <span class='ocrx_word' id='word_1_68' title='bbox 2004 1326 2105 1383; x_wconf 80' lang='lat' dir='ltr'><strong>est,</strong></span> <span class='ocrx_word' id='word_1_69' title='bbox 2136 1332 2254 1388; x_wconf 71' lang='lat' dir='ltr'><strong>quae</strong></span> 
     </span>
    </p>
   </div>
   <div class='ocr_carea' id='block_1_12' title="bbox 671 1414 1003 1471">
    <p class='ocr_par' dir='ltr' id='par_1_12' title="bbox 671 1414 1003 1471">
     <span class='ocr_line' id='line_1_12' title="bbox 671 1414 1003 1471; baseline 0.003 -4"><span class='ocrx_word' id='word_1_70' title='bbox 671 1429 800 1471; x_wconf 81' lang='lat' dir='ltr'><strong>vero</strong></span> <span class='ocrx_word' id='word_1_71' title='bbox 824 1414 1003 1468; x_wconf 85' lang='lat' dir='ltr'><strong>vidua.</strong></span> 
     </span>
    </p>
   </div>
   <div class='ocr_carea' id='block_1_13' title="bbox 744 1496 2255 1571">
    <p class='ocr_par' dir='ltr' id='par_1_13' title="bbox 744 1496 2255 1571">
     <span class='ocr_line' id='line_1_13' title="bbox 744 1496 2255 1571; baseline -0.005 -12"><span class='ocrx_word' id='word_1_72' title='bbox 744 1502 942 1559; x_wconf 78' lang='lat' dir='ltr'><strong>Genera</strong></span> <span class='ocrx_word' id='word_1_73' title='bbox 964 1503 1233 1556; x_wconf 74' lang='lat' dir='ltr'><strong>viduarum</strong></span> <span class='ocrx_word' id='word_1_74' title='bbox 1255 1502 1493 1555; x_wconf 70' lang='lat' dir='ltr'><strong>varia.—</strong></span> <span class='ocrx_word' id='word_1_75' title='bbox 1515 1499 1623 1556; x_wconf 85' lang='lat' dir='ltr'><strong>Sed</strong></span> <span class='ocrx_word' id='word_1_76' title='bbox 1644 1514 1822 1570; x_wconf 69' lang='lat' dir='ltr'><strong>opera:</strong></span> <span class='ocrx_word' id='word_1_77' title='bbox 1842 1498 2067 1571; x_wconf 82' lang='lat' dir='ltr'><strong>pretium</strong></span> <span class='ocrx_word' id='word_1_78' title='bbox 2095 1496 2255 1553; x_wconf 80' lang='lat' dir='ltr'><strong>fuerit</strong></span> 
     </span>
    </p>
   </div>
   <div class='ocr_carea' id='block_1_14' title="bbox 672 1589 2254 1663">
    <p class='ocr_par' dir='ltr' id='par_1_14' title="bbox 672 1589 2254 1663">
     <span class='ocr_line' id='line_1_14' title="bbox 672 1589 2254 1663; baseline -0.002 -15"><span class='ocrx_word' id='word_1_79' title='bbox 672 1602 731 1648; x_wconf 92' lang='lat' dir='ltr'><strong>ut</strong></span> <span class='ocrx_word' id='word_1_80' title='bbox 757 1601 958 1648; x_wconf 89' lang='lat' dir='ltr'><strong>attente</strong></span> <span class='ocrx_word' id='word_1_81' title='bbox 1000 1592 1419 1657; x_wconf 84' lang='lat' dir='ltr'><strong>consideremus,</strong></span> <span class='ocrx_word' id='word_1_82' title='bbox 1457 1591 1525 1647; x_wconf 88' lang='lat' dir='ltr'><strong>de</strong></span> <span class='ocrx_word' id='word_1_83' title='bbox 1562 1606 1663 1663; x_wconf 92' lang='lat' dir='ltr'><strong>qua</strong></span> <span class='ocrx_word' id='word_1_84' title='bbox 1705 1590 1916 1646; x_wconf 80' lang='lat' dir='ltr'><strong>tandem</strong></span> <span class='ocrx_word' id='word_1_85' title='bbox 1958 1590 2112 1645; x_wconf 82' lang='lat' dir='ltr'><strong>vidua</strong></span> <span class='ocrx_word' id='word_1_86' title='bbox 2152 1589 2254 1645; x_wconf 83' lang='lat' dir='ltr'><strong>hoc</strong></span> 
     </span>
    </p>
   </div>
   <div class='ocr_carea' id='block_1_15' title="bbox 670 1681 2251 1750">
    <p class='ocr_par' dir='ltr' id='par_1_15' title="bbox 670 1681 2251 1750">
     <span class='ocr_line' id='line_1_15' title="bbox 670 1681 2251 1750; baseline -0.002 -13"><span class='ocrx_word' id='word_1_87' title='bbox 670 1683 787 1738; x_wconf 85' lang='lat' dir='ltr'><strong>loco</strong></span> <span class='ocrx_word' id='word_1_88' title='bbox 814 1683 973 1737; x_wconf 87' lang='lat' dir='ltr'><strong>verba</strong></span> <span class='ocrx_word' id='word_1_89' title='bbox 992 1684 1139 1736; x_wconf 88' lang='lat' dir='ltr'><strong>iiant.</strong></span> <span class='ocrx_word' id='word_1_90' title='bbox 1154 1682 1285 1737; x_wconf 85' lang='lat' dir='ltr'><strong>Nam</strong></span> <span class='ocrx_word' id='word_1_91' title='bbox 1305 1691 1360 1737; x_wconf 84' lang='lat' dir='ltr'><strong>et</strong></span> <span class='ocrx_word' id='word_1_92' title='bbox 1381 1683 1482 1737; x_wconf 74' lang='lat' dir='ltr'><strong>illa:</strong></span> <span class='ocrx_word' id='word_1_93' title='bbox 1507 1682 1678 1736; x_wconf 73' lang='lat' dir='ltr'><strong>vidum</strong></span> <span class='ocrx_word' id='word_1_94' title='bbox 1694 1681 1960 1747; x_wconf 86' lang='lat' dir='ltr'><strong>dicuntur,</strong></span> <span class='ocrx_word' id='word_1_95' title='bbox 1986 1697 2105 1750; x_wconf 68' lang='lat' dir='ltr'><strong>quae</strong></span> <span class='ocrx_word' id='word_1_96' title='bbox 2130 1694 2251 1735; x_wconf 89' lang='lat' dir='ltr'><strong>cum</strong></span> 
     </span>
    </p>
   </div>
   <div class='ocr_carea' id='block_1_16' title="bbox 670 1773 2252 1844">
    <p class='ocr_par' dir='ltr' id='par_1_16' title="bbox 670 1773 2252 1844">
     <span class='ocr_line' id='line_1_16' title="bbox 670 1773 2252 1844; baseline -0.001 -15"><span class='ocrx_word' id='word_1_97' title='bbox 670 1774 722 1829; x_wconf 90' lang='lat' dir='ltr'><strong>in</strong></span> <span class='ocrx_word' id='word_1_98' title='bbox 766 1790 1026 1829; x_wconf 82' lang='lat' dir='ltr'><strong>summam</strong></span> <span class='ocrx_word' id='word_1_99' title='bbox 1069 1775 1347 1830; x_wconf 90' lang='lat' dir='ltr'><strong>inciderint</strong></span> <span class='ocrx_word' id='word_1_100' title='bbox 1396 1784 1681 1844; x_wconf 79' lang='lat' dir='ltr'><strong>egestatem</strong></span> <span class='ocrx_word' id='word_1_101' title='bbox 1728 1783 1783 1828; x_wconf 90' lang='lat' dir='ltr'><strong>et</strong></span> <span class='ocrx_word' id='word_1_102' title='bbox 1827 1775 1877 1828; x_wconf 90' lang='lat' dir='ltr'><strong>in</strong></span> <span class='ocrx_word' id='word_1_103' title='bbox 1920 1773 2252 1828; x_wconf 83' lang='lat' dir='ltr'><strong>matriculam</strong></span> 
     </span>
    </p>
   </div>
   <div class='ocr_carea' id='block_1_17' title="bbox 669 1865 2250 1934">
    <p class='ocr_par' dir='ltr' id='par_1_17' title="bbox 669 1865 2250 1934">
     <span class='ocr_line' id='line_1_17' title="bbox 669 1865 2250 1934; baseline -0.001 -15"><span class='ocrx_word' id='word_1_104' title='bbox 669 1866 852 1920; x_wconf 65' lang='lat' dir='ltr'><strong>relata:</strong></span> <span class='ocrx_word' id='word_1_105' title='bbox 898 1865 1111 1930; x_wconf 82' lang='lat' dir='ltr'><strong>iuerint,</strong></span> <span class='ocrx_word' id='word_1_106' title='bbox 1161 1881 1227 1920; x_wconf 89' lang='lat' dir='ltr'><strong>ex</strong></span> <span class='ocrx_word' id='word_1_107' title='bbox 1278 1865 1654 1921; x_wconf 81' lang='lat' dir='ltr'><strong>ecclesiasticis</strong></span> <span class='ocrx_word' id='word_1_108' title='bbox 1714 1866 1952 1934; x_wconf 85' lang='lat' dir='ltr'><strong>pecuniis</strong></span> <span class='ocrx_word' id='word_1_109' title='bbox 1999 1865 2250 1933; x_wconf 88' lang='lat' dir='ltr'><strong>aluntur,</strong></span> 
     </span>
    </p>
   </div>
   <div class='ocr_carea' id='block_1_18' title="bbox 668 1954 2254 2027">
    <p class='ocr_par' dir='ltr' id='par_1_18' title="bbox 668 1954 2254 2027">
     <span class='ocr_line' id='line_1_18' title="bbox 668 1954 2254 2027; baseline 0.001 -18"><span class='ocrx_word' id='word_1_110' title='bbox 668 1967 826 2027; x_wconf 89' lang='lat' dir='ltr'><strong>prout</strong></span> <span class='ocrx_word' id='word_1_111' title='bbox 884 1956 1212 2027; x_wconf 86' lang='lat' dir='ltr'><strong>temporibus</strong></span> <span class='ocrx_word' id='word_1_112' title='bbox 1274 1956 1634 2027; x_wconf 84' lang='lat' dir='ltr'><strong>apostolorum</strong></span> <span class='ocrx_word' id='word_1_113' title='bbox 1695 1958 1873 2011; x_wconf 86' lang='lat' dir='ltr'><strong>iiebat.</strong></span> <span class='ocrx_word' id='word_1_114' title='bbox 1923 1954 2141 2009; x_wconf 85' lang='lat' dir='ltr'><strong>Factum</strong></span> <span class='ocrx_word' id='word_1_115' title='bbox 2182 1966 2254 2010; x_wconf 88' lang='lat' dir='ltr'><strong>est</strong></span> 
     </span>
    </p>
   </div>
   <div class='ocr_carea' id='block_1_19' title="bbox 665 2046 2252 2119">
    <p class='ocr_par' dir='ltr' id='par_1_19' title="bbox 665 2046 2252 2119">
     <span class='ocr_line' id='line_1_19' title="bbox 665 2046 2252 2119; baseline -0.001 -16"><span class='ocrx_word' id='word_1_116' title='bbox 665 2047 831 2113; x_wconf 85' lang='lat' dir='ltr'><strong>enim,</strong></span> <span class='ocrx_word' id='word_1_117' title='bbox 874 2048 1062 2119; x_wconf 89' lang='lat' dir='ltr'><strong>inquit,</strong></span> <span class='ocrx_word' id='word_1_118' title='bbox 1098 2065 1328 2103; x_wconf 79' lang='lat' dir='ltr'><strong>murmur</strong></span> <span class='ocrx_word' id='word_1_119' title='bbox 1368 2049 1498 2104; x_wconf 84' lang='lat' dir='ltr'><strong>inter</strong></span> <span class='ocrx_word' id='word_1_120' title='bbox 1542 2046 1763 2112; x_wconf 65' lang='grc' dir='ltr'><strong>θνατοί,</strong></span> <span class='ocrx_word' id='word_1_121' title='bbox 1798 2065 1857 2102; x_wconf 89' lang='lat' dir='ltr'><strong>eo</strong></span> <span class='ocrx_word' id='word_1_122' title='bbox 1913 2050 2048 2119; x_wconf 85' lang='lat' dir='ltr'><strong>quod</strong></span> <span class='ocrx_word' id='word_1_123' title='bbox 2082 2052 2252 2119; x_wconf 85' lang='lat' dir='ltr'><strong>despi-</strong></span> 
     </span>
    </p>
   </div>
   <div class='ocr_carea' id='block_1_20' title="bbox 665 2141 2251 2213">
    <p class='ocr_par' dir='ltr' id='par_1_20' title="bbox 665 2141 2251 2213">
     <span class='ocr_line' id='line_1_20' title="bbox 665 2141 2251 2213; baseline 0.001 -18"><span class='ocrx_word' id='word_1_124' title='bbox 665 2151 897 2195; x_wconf 78' lang='lat' dir='ltr'><strong>cerentur</strong></span> <span class='ocrx_word' id='word_1_125' title='bbox 920 2142 973 2195; x_wconf 89' lang='lat' dir='ltr'><strong>in</strong></span> <span class='ocrx_word' id='word_1_126' title='bbox 1012 2141 1287 2196; x_wconf 81' lang='lat' dir='ltr'><strong>ministerio</strong></span> <span class='ocrx_word' id='word_1_127' title='bbox 1315 2142 1612 2211; x_wconf 83' lang='lat' dir='ltr'><strong>quotidiana</strong></span> <span class='ocrx_word' id='word_1_128' title='bbox 1637 2142 1802 2196; x_wconf 73' lang='lat' dir='ltr'><strong>vidua:</strong></span> <span class='ocrx_word' id='word_1_129' title='bbox 1837 2158 2009 2195; x_wconf 82' lang='lat' dir='ltr'><strong>eorum</strong></span> <span class='ocrx_word' id='word_1_130' title='bbox 2030 2142 2163 2213; x_wconf 79' lang='lat' dir='ltr'><strong>(Act.</strong></span> <span class='ocrx_word' id='word_1_131' title='bbox 2195 2142 2251 2196; x_wconf 88' lang='grc'><strong>6.</strong></span> 
     </span>
    </p>
   </div>
   <div class='ocr_carea' id='block_1_21' title="bbox 669 2232 2253 2301">
    <p class='ocr_par' dir='ltr' id='par_1_21' title="bbox 669 2232 2253 2301">
     <span class='ocr_line' id='line_1_21' title="bbox 669 2232 2253 2301; baseline 0.001 -16"><span class='ocrx_word' id='word_1_132' title='bbox 669 2232 743 2299; x_wconf 97' lang='grc'><strong>1).</strong></span> <span class='ocrx_word' id='word_1_133' title='bbox 786 2232 969 2301; x_wconf 73' lang='lat' dir='ltr'><strong>Neque</strong></span> <span class='ocrx_word' id='word_1_134' title='bbox 1012 2249 1141 2287; x_wconf 88' lang='lat' dir='ltr'><strong>vero</strong></span> <span class='ocrx_word' id='word_1_135' title='bbox 1184 2234 1353 2288; x_wconf 85' lang='lat' dir='ltr'><strong>solum</strong></span> <span class='ocrx_word' id='word_1_136' title='bbox 1396 2234 1509 2287; x_wconf 71' lang='lat' dir='ltr'><strong>ista:</strong></span> <span class='ocrx_word' id='word_1_137' title='bbox 1550 2233 1720 2288; x_wconf 74' lang='lat' dir='ltr'><strong>vidua:</strong></span> <span class='ocrx_word' id='word_1_138' title='bbox 1762 2233 2031 2297; x_wconf 90' lang='lat' dir='ltr'><strong>dicuntur,</strong></span> <span class='ocrx_word' id='word_1_139' title='bbox 2077 2233 2170 2288; x_wconf 84' lang='lat' dir='ltr'><strong>sed</strong></span> <span class='ocrx_word' id='word_1_140' title='bbox 2200 2242 2253 2287; x_wconf 86' lang='lat' dir='ltr'><strong>et</strong></span> 
     </span>
    </p>
   </div>
   <div class='ocr_carea' id='block_1_22' title="bbox 669 2323 2250 2395">
    <p class='ocr_par' dir='ltr' id='par_1_22' title="bbox 669 2323 2250 2395">
     <span class='ocr_line' id='line_1_22' title="bbox 669 2323 2250 2395; baseline 0 -18"><span class='ocrx_word' id='word_1_141' title='bbox 669 2323 792 2389; x_wconf 65' lang='lat' dir='ltr'><strong>illae,</strong></span> <span class='ocrx_word' id='word_1_142' title='bbox 820 2326 1101 2394; x_wconf 72' lang='lat' dir='ltr'><strong>quaenulla</strong></span> <span class='ocrx_word' id='word_1_143' title='bbox 1131 2325 1306 2394; x_wconf 87' lang='lat' dir='ltr'><strong>inopia</strong></span> <span class='ocrx_word' id='word_1_144' title='bbox 1339 2340 1557 2395; x_wconf 81' lang='lat' dir='ltr'><strong>pressae,</strong></span> <span class='ocrx_word' id='word_1_145' title='bbox 1591 2325 1683 2379; x_wconf 89' lang='lat' dir='ltr'><strong>scd</strong></span> <span class='ocrx_word' id='word_1_146' title='bbox 1714 2324 2053 2380; x_wconf 79' lang='lat' dir='ltr'><strong>facultatibus</strong></span> <span class='ocrx_word' id='word_1_147' title='bbox 2076 2327 2250 2381; x_wconf 81' lang='lat' dir='ltr'><strong>abun-</strong></span> 
     </span>
    </p>
   </div>
   <div class='ocr_carea' id='block_1_23' title="bbox 666 2415 2251 2485">
    <p class='ocr_par' dir='ltr' id='par_1_23' title="bbox 666 2415 2251 2485">
     <span class='ocr_line' id='line_1_23' title="bbox 666 2415 2251 2485; baseline 0.003 -18"><span class='ocrx_word' id='word_1_148' title='bbox 666 2415 873 2482; x_wconf 81' lang='lat' dir='ltr'><strong>dantes,</strong></span> <span class='ocrx_word' id='word_1_149' title='bbox 901 2432 1020 2469; x_wconf 92' lang='lat' dir='ltr'><strong>cum</strong></span> <span class='ocrx_word' id='word_1_150' title='bbox 1049 2416 1230 2470; x_wconf 89' lang='lat' dir='ltr'><strong>domui</strong></span> <span class='ocrx_word' id='word_1_151' title='bbox 1256 2416 1491 2485; x_wconf 70' lang='lat' dir='ltr'><strong>praesint,</strong></span> <span class='ocrx_word' id='word_1_152' title='bbox 1531 2418 1778 2471; x_wconf 90' lang='lat' dir='ltr'><strong>maritum</strong></span> <span class='ocrx_word' id='word_1_153' title='bbox 1822 2426 2024 2472; x_wconf 90' lang='lat' dir='ltr'><strong>tantum</strong></span> <span class='ocrx_word' id='word_1_154' title='bbox 2053 2418 2251 2472; x_wconf 88' lang='lat' dir='ltr'><strong>amise-</strong></span> 
     </span>
    </p>
   </div>
   <div class='ocr_carea' id='block_1_24' title="bbox 667 2507 2252 2578">
    <p class='ocr_par' dir='ltr' id='par_1_24' title="bbox 667 2507 2252 2578">
     <span class='ocr_line' id='line_1_24' title="bbox 667 2507 2252 2578; baseline 0.002 -17"><span class='ocrx_word' id='word_1_155' title='bbox 667 2516 809 2561; x_wconf 88' lang='lat' dir='ltr'><strong>runt.</strong></span> <span class='ocrx_word' id='word_1_156' title='bbox 858 2507 1141 2563; x_wconf 72' lang='lat' dir='ltr'><strong>Videamus</strong></span> <span class='ocrx_word' id='word_1_157' title='bbox 1185 2521 1344 2577; x_wconf 84' lang='lat' dir='ltr'><strong>ergo,</strong></span> <span class='ocrx_word' id='word_1_158' title='bbox 1392 2507 1460 2563; x_wconf 90' lang='lat' dir='ltr'><strong>de</strong></span> <span class='ocrx_word' id='word_1_159' title='bbox 1502 2523 1732 2578; x_wconf 88' lang='lat' dir='ltr'><strong>quanam</strong></span> <span class='ocrx_word' id='word_1_160' title='bbox 1780 2508 1935 2564; x_wconf 87' lang='lat' dir='ltr'><strong>vidua</strong></span> <span class='ocrx_word' id='word_1_161' title='bbox 1964 2508 2086 2563; x_wconf 81' lang='lat' dir='ltr'><strong>huc</strong></span> <span class='ocrx_word' id='word_1_162' title='bbox 2132 2509 2252 2564; x_wconf 86' lang='lat' dir='ltr'><strong>loco</strong></span> 
     </span>
    </p>
   </div>
   <div class='ocr_carea' id='block_1_25' title="bbox 665 2595 2252 2669">
    <p class='ocr_par' dir='ltr' id='par_1_25' title="bbox 665 2595 2252 2669">
     <span class='ocr_line' id='line_1_25' title="bbox 665 2595 2252 2669; baseline 0.004 -20"><span class='ocrx_word' id='word_1_163' title='bbox 665 2598 826 2653; x_wconf 79' lang='lat' dir='ltr'><strong>verba</strong></span> <span class='ocrx_word' id='word_1_164' title='bbox 853 2595 1031 2662; x_wconf 72' lang='lat' dir='ltr'><strong>faciat,</strong></span> <span class='ocrx_word' id='word_1_165' title='bbox 1060 2598 1185 2652; x_wconf 83' lang='lat' dir='ltr'><strong>tium</strong></span> <span class='ocrx_word' id='word_1_166' title='bbox 1213 2599 1307 2663; x_wconf 84' lang='lat' dir='ltr'><strong>ait,</strong></span> <span class='ocrx_word' id='word_1_167' title='bbox 1341 2596 1503 2652; x_wconf 83' lang='lat' dir='ltr'><strong>Vidua</strong></span> <span class='ocrx_word' id='word_1_168' title='bbox 1530 2600 1745 2669; x_wconf 82' lang='lat' dir='ltr'><strong>eligatur</strong></span> <span class='ocrx_word' id='word_1_169' title='bbox 1768 2616 1867 2654; x_wconf 89' lang='lat' dir='ltr'><strong>non</strong></span> <span class='ocrx_word' id='word_1_170' title='bbox 1905 2601 2070 2654; x_wconf 85' lang='lat' dir='ltr'><strong>minor</strong></span> <span class='ocrx_word' id='word_1_171' title='bbox 2102 2602 2252 2655; x_wconf 83' lang='lat' dir='ltr'><strong>annis</strong></span> 
     </span>
    </p>
   </div>
   <div class='ocr_carea' id='block_1_26' title="bbox 664 2689 2249 2762">
    <p class='ocr_par' dir='ltr' id='par_1_26' title="bbox 664 2689 2249 2762">
     <span class='ocr_line' id='line_1_26' title="bbox 664 2689 2249 2762; baseline 0.003 -19"><span class='ocrx_word' id='word_1_172' title='bbox 664 2689 1050 2759; x_wconf 69' lang='lat' dir='ltr'><strong>sesaginta;an</strong></span> <span class='ocrx_word' id='word_1_173' title='bbox 1094 2689 1161 2743; x_wconf 88' lang='lat' dir='ltr'><strong>de</strong></span> <span class='ocrx_word' id='word_1_174' title='bbox 1201 2703 1262 2744; x_wconf 90' lang='lat' dir='ltr'><strong>ea</strong></span> <span class='ocrx_word' id='word_1_175' title='bbox 1308 2704 1425 2757; x_wconf 79' lang='lat' dir='ltr'><strong>qtue</strong></span> <span class='ocrx_word' id='word_1_176' title='bbox 1469 2690 1669 2745; x_wconf 71' lang='lat' dir='ltr'><strong>auxilio</strong></span> <span class='ocrx_word' id='word_1_177' title='bbox 1711 2690 1963 2760; x_wconf 80' lang='lat' dir='ltr'><strong>indigeat,</strong></span> <span class='ocrx_word' id='word_1_178' title='bbox 2009 2702 2064 2747; x_wconf 92' lang='lat' dir='ltr'><strong>et</strong></span> <span class='ocrx_word' id='word_1_179' title='bbox 2091 2707 2249 2762; x_wconf 87' lang='lat' dir='ltr'><strong>quam</strong></span> 
     </span>
    </p>
   </div>
   <div class='ocr_carea' id='block_1_27' title="bbox 664 2781 2253 2856">
    <p class='ocr_par' dir='ltr' id='par_1_27' title="bbox 664 2781 2253 2856">
     <span class='ocr_line' id='line_1_27' title="bbox 664 2781 2253 2856; baseline 0.008 -26"><span class='ocrx_word' id='word_1_180' title='bbox 664 2795 801 2851; x_wconf 83' lang='lat' dir='ltr'><strong>opus</strong></span> <span class='ocrx_word' id='word_1_181' title='bbox 825 2781 895 2835; x_wconf 90' lang='lat' dir='ltr'><strong>sit</strong></span> <span class='ocrx_word' id='word_1_182' title='bbox 919 2797 983 2837; x_wconf 82' lang='lat' dir='ltr'><strong>ex</strong></span> <span class='ocrx_word' id='word_1_183' title='bbox 1026 2782 1402 2837; x_wconf 80' lang='lat' dir='ltr'><strong>ecclesiasticis</strong></span> <span class='ocrx_word' id='word_1_184' title='bbox 1450 2784 1683 2850; x_wconf 80' lang='lat' dir='ltr'><strong>pecuniis</strong></span> <span class='ocrx_word' id='word_1_185' title='bbox 1720 2784 1813 2849; x_wconf 89' lang='lat' dir='ltr'><strong>ali,</strong></span> <span class='ocrx_word' id='word_1_186' title='bbox 1844 2800 1910 2837; x_wconf 88' lang='lat' dir='ltr'><strong>an</strong></span> <span class='ocrx_word' id='word_1_187' title='bbox 1940 2785 2009 2840; x_wconf 89' lang='lat' dir='ltr'><strong>de</strong></span> <span class='ocrx_word' id='word_1_188' title='bbox 2045 2800 2105 2839; x_wconf 90' lang='lat' dir='ltr'><strong>ea</strong></span> <span class='ocrx_word' id='word_1_189' title='bbox 2133 2800 2253 2856; x_wconf 76' lang='lat' dir='ltr'><strong>qua:</strong></span> 
     </span>
    </p>
   </div>
   <div class='ocr_carea' id='block_1_28' title="bbox 666 2860 2253 2942">
    <p class='ocr_par' dir='ltr' id='par_1_28' title="bbox 666 2860 2253 2942">
     <span class='ocr_line' id='line_1_28' title="bbox 666 2860 2253 2942; baseline 0.004 -17"><span class='ocrx_word' id='word_1_190' title='bbox 666 2860 882 2926; x_wconf 83' lang='lat' dir='ltr'><strong>minimc</strong></span> <span class='ocrx_word' id='word_1_191' title='bbox 900 2871 1073 2941; x_wconf 83' lang='lat' dir='ltr'><strong>indiga</strong></span> <span class='ocrx_word' id='word_1_192' title='bbox 1091 2873 1179 2935; x_wconf 89' lang='lat' dir='ltr'><strong>sit,</strong></span> <span class='ocrx_word' id='word_1_193' title='bbox 1204 2881 1257 2927; x_wconf 84' lang='lat' dir='ltr'><strong>et</strong></span> <span class='ocrx_word' id='word_1_194' title='bbox 1272 2873 1457 2942; x_wconf 91' lang='lat' dir='ltr'><strong>opibus</strong></span> <span class='ocrx_word' id='word_1_195' title='bbox 1478 2873 1844 2929; x_wconf 84' lang='lat' dir='ltr'><strong>circumﬂuat?</strong></span> <span class='ocrx_word' id='word_1_196' title='bbox 1864 2875 2011 2931; x_wconf 80' lang='lat' dir='ltr'><strong>Haud</strong></span> <span class='ocrx_word' id='word_1_197' title='bbox 2033 2875 2253 2932; x_wconf 76' lang='lat' dir='ltr'><strong>dubiant</strong></span> 
     </span>
    </p>
   </div>
   <div class='ocr_carea' id='block_1_29' title="bbox 664 2961 2251 3040">
    <p class='ocr_par' dir='ltr' id='par_1_29' title="bbox 664 2961 2251 3040">
     <span class='ocr_line' id='line_1_29' title="bbox 664 2961 2251 3040; baseline 0.006 -25"><span class='ocrx_word' id='word_1_198' title='bbox 664 2961 792 3030; x_wconf 85' lang='lat' dir='ltr'><strong>quin</strong></span> <span class='ocrx_word' id='word_1_199' title='bbox 834 2962 901 3016; x_wconf 89' lang='lat' dir='ltr'><strong>de</strong></span> <span class='ocrx_word' id='word_1_200' title='bbox 945 2964 1065 3017; x_wconf 86' lang='lat' dir='ltr'><strong>ista.</strong></span> <span class='ocrx_word' id='word_1_201' title='bbox 1096 2962 1225 3017; x_wconf 79' lang='lat' dir='ltr'><strong>Nam</strong></span> <span class='ocrx_word' id='word_1_202' title='bbox 1252 2964 1320 3018; x_wconf 89' lang='lat' dir='ltr'><strong>de</strong></span> <span class='ocrx_word' id='word_1_203' title='bbox 1348 2964 1433 3019; x_wconf 88' lang='lat' dir='ltr'><strong>illa</strong></span> <span class='ocrx_word' id='word_1_204' title='bbox 1461 2966 1671 3034; x_wconf 86' lang='lat' dir='ltr'><strong>quidem</strong></span> <span class='ocrx_word' id='word_1_205' title='bbox 1703 2981 1822 3021; x_wconf 87' lang='lat' dir='ltr'><strong>cum</strong></span> <span class='ocrx_word' id='word_1_206' title='bbox 1851 2968 2099 3037; x_wconf 89' lang='lat' dir='ltr'><strong>loquitur,</strong></span> <span class='ocrx_word' id='word_1_207' title='bbox 2131 2984 2251 3040; x_wconf 67' lang='lat' dir='ltr'><strong>quae</strong></span> 
     </span>
    </p>
   </div>
   <div class='ocr_carea' id='block_1_30' title="bbox 667 3054 2248 3127">
    <p class='ocr_par' dir='ltr' id='par_1_30' title="bbox 667 3054 2248 3127">
     <span class='ocr_line' id='line_1_30' title="bbox 667 3054 2248 3127; baseline 0.007 -22"><span class='ocrx_word' id='word_1_208' title='bbox 667 3055 805 3106; x_wconf 81' lang='lat' dir='ltr'><strong>t‘ame</strong></span> <span class='ocrx_word' id='word_1_209' title='bbox 830 3054 1127 3119; x_wconf 82' lang='lat' dir='ltr'><strong>coniicitur,</strong></span> <span class='ocrx_word' id='word_1_210' title='bbox 1153 3070 1257 3107; x_wconf 91' lang='lat' dir='ltr'><strong>non</strong></span> <span class='ocrx_word' id='word_1_211' title='bbox 1282 3064 1489 3124; x_wconf 86' lang='lat' dir='ltr'><strong>tempus</strong></span> <span class='ocrx_word' id='word_1_212' title='bbox 1513 3057 1765 3125; x_wconf 79' lang='lat' dir='ltr'><strong>assignat,</strong></span> <span class='ocrx_word' id='word_1_213' title='bbox 1798 3073 1900 3110; x_wconf 91' lang='lat' dir='ltr'><strong>non</strong></span> <span class='ocrx_word' id='word_1_214' title='bbox 1932 3059 2248 3127; x_wconf 83' lang='lat' dir='ltr'><strong>probitatem</strong></span> 
     </span>
    </p>
   </div>
   <div class='ocr_carea' id='block_1_31' title="bbox 668 3145 2249 3219">
    <p class='ocr_par' dir='ltr' id='par_1_31' title="bbox 668 3145 2249 3219">
     <span class='ocr_line' id='line_1_31' title="bbox 668 3145 2249 3219; baseline 0.007 -23"><span class='ocrx_word' id='word_1_215' title='bbox 668 3160 874 3197; x_wconf 89' lang='lat' dir='ltr'><strong>tnurnm</strong></span> <span class='ocrx_word' id='word_1_216' title='bbox 924 3145 1184 3211; x_wconf 62' lang='grc' dir='ltr'><strong>τεμῶ-ης</strong></span> <span class='ocrx_word' id='word_1_217' title='bbox 1212 3146 1306 3200; x_wconf 85' lang='lat' dir='ltr'><strong>sed</strong></span> <span class='ocrx_word' id='word_1_218' title='bbox 1356 3147 1614 3211; x_wconf 84' lang='lat' dir='ltr'><strong>absolute,</strong></span> <span class='ocrx_word' id='word_1_219' title='bbox 1650 3148 1712 3203; x_wconf 87' lang='lat' dir='ltr'><strong>Si</strong></span> <span class='ocrx_word' id='word_1_220' title='bbox 1736 3150 1845 3219; x_wconf 83' lang='lat' dir='ltr'><strong>quis</strong></span> <span class='ocrx_word' id='word_1_221' title='bbox 1872 3150 2058 3218; x_wconf 73' lang='lat' dir='ltr'><strong>ﬁdelis,</strong></span> <span class='ocrx_word' id='word_1_222' title='bbox 2092 3162 2178 3205; x_wconf 84' lang='lat' dir='ltr'><strong>aut</strong></span> <span class='ocrx_word' id='word_1_223' title='bbox 2207 3156 2249 3207; x_wconf 96' lang='lat' dir='ltr'><strong>si</strong></span> 
     </span>
    </p>
   </div>
   <div class='ocr_carea' id='block_1_32' title="bbox 661 3234 2251 3311">
    <p class='ocr_par' dir='ltr' id='par_1_32' title="bbox 661 3234 2251 3311">
     <span class='ocr_line' id='line_1_32' title="bbox 661 3234 2251 3311; baseline 0.009 -28"><span class='ocrx_word' id='word_1_224' title='bbox 661 3250 759 3300; x_wconf 75' lang='lat' dir='ltr'><strong>qua</strong></span> <span class='ocrx_word' id='word_1_225' title='bbox 785 3234 969 3303; x_wconf 71' lang='lat' dir='ltr'><strong>ﬁdelis,</strong></span> <span class='ocrx_word' id='word_1_226' title='bbox 1001 3234 1189 3305; x_wconf 85' lang='lat' dir='ltr'><strong>inquit,</strong></span> <span class='ocrx_word' id='word_1_227' title='bbox 1219 3237 1395 3291; x_wconf 81' lang='lat' dir='ltr'><strong>viduas</strong></span> <span class='ocrx_word' id='word_1_228' title='bbox 1441 3238 1609 3304; x_wconf 81' lang='lat' dir='ltr'><strong>habet,</strong></span> <span class='ocrx_word' id='word_1_229' title='bbox 1656 3241 1993 3296; x_wconf 72' lang='lat' dir='ltr'><strong>subministra</strong></span> <span class='ocrx_word' id='word_1_230' title='bbox 2041 3242 2165 3311; x_wconf 79' lang='lat' dir='ltr'><strong>illis,</strong></span> <span class='ocrx_word' id='word_1_231' title='bbox 2205 3254 2251 3298; x_wconf 90' lang='lat' dir='ltr'><strong>et</strong></span> 
     </span>
    </p>
   </div>
   <div class='ocr_carea' id='block_1_33' title="bbox 663 3329 2251 3404">
    <p class='ocr_par' dir='ltr' id='par_1_33' title="bbox 663 3329 2251 3404">
     <span class='ocr_line' id='line_1_33' title="bbox 663 3329 2251 3404; baseline 0.006 -22"><span class='ocrx_word' id='word_1_232' title='bbox 663 3345 762 3382; x_wconf 86' lang='lat' dir='ltr'><strong>twn</strong></span> <span class='ocrx_word' id='word_1_233' title='bbox 789 3338 1026 3400; x_wconf 76' lang='lat' dir='ltr'><strong>gravetur</strong></span> <span class='ocrx_word' id='word_1_234' title='bbox 1051 3330 1278 3384; x_wconf 77' lang='lat' dir='ltr'><strong>Ecclesia</strong></span> <span class='ocrx_word' id='word_1_235' title='bbox 1317 3330 1391 3403; x_wconf 83' lang='grc'><strong>(1.</strong></span> <span class='ocrx_word' id='word_1_236' title='bbox 1416 3329 1550 3385; x_wconf 85' lang='lat' dir='ltr'><strong>Tim.</strong></span> <span class='ocrx_word' id='word_1_237' title='bbox 1574 3332 1626 3388; x_wconf 88' lang='lat'><strong>5.</strong></span> <span class='ocrx_word' id='word_1_238' title='bbox 1662 3333 1753 3404; x_wconf 77' lang='lat' dir='ltr'><strong>ili)</strong></span> <span class='ocrx_word' id='word_1_239' title='bbox 1779 3351 1794 3389; x_wconf 89' lang='lat'><strong>:</strong></span> <span class='ocrx_word' id='word_1_240' title='bbox 1817 3350 1924 3391; x_wconf 90' lang='lat' dir='ltr'><strong>non</strong></span> <span class='ocrx_word' id='word_1_241' title='bbox 1949 3335 2103 3403; x_wconf 80' lang='lat' dir='ltr'><strong>dixit,</strong></span> <span class='ocrx_word' id='word_1_242' title='bbox 2130 3352 2251 3392; x_wconf 90' lang='lat' dir='ltr'><strong>cum</strong></span> 
     </span>
    </p>
   </div>
   <div class='ocr_carea' id='block_1_34' title="bbox 661 3413 2253 3497">
    <p class='ocr_par' dir='ltr' id='par_1_34' title="bbox 661 3413 2253 3497">
     <span class='ocr_line' id='line_1_34' title="bbox 661 3413 2253 3497; baseline 0.006 -22"><span class='ocrx_word' id='word_1_243' title='bbox 661 3419 935 3489; x_wconf 74' lang='lat' dir='ltr'><strong>sexaginta</strong></span> <span class='ocrx_word' id='word_1_244' title='bbox 973 3434 1233 3475; x_wconf 86' lang='lat' dir='ltr'><strong>annorum</strong></span> <span class='ocrx_word' id='word_1_245' title='bbox 1272 3420 1468 3486; x_wconf 80' lang='lat' dir='ltr'><strong>fuerit;</strong></span> <span class='ocrx_word' id='word_1_246' title='bbox 1499 3438 1603 3478; x_wconf 89' lang='lat' dir='ltr'><strong>non</strong></span> <span class='ocrx_word' id='word_1_247' title='bbox 1631 3423 1783 3489; x_wconf 82' lang='lat' dir='ltr'><strong>dixit,</strong></span> <span class='ocrx_word' id='word_1_248' title='bbox 1815 3424 1869 3481; x_wconf 90' lang='lat' dir='ltr'><strong>Si</strong></span> <span class='ocrx_word' id='word_1_249' title='bbox 1914 3413 2142 3497; x_wconf 86' lang='lat' dir='ltr'><strong>hospitio</strong></span> <span class='ocrx_word' id='word_1_250' title='bbox 2166 3444 2253 3484; x_wconf 86' lang='lat' dir='ltr'><strong>re-</strong></span> 
     </span>
    </p>
   </div>
   <div class='ocr_carea' id='block_1_35' title="bbox 660 3510 2252 3588">
    <p class='ocr_par' dir='ltr' id='par_1_35' title="bbox 660 3510 2252 3588">
     <span class='ocr_line' id='line_1_35' title="bbox 660 3510 2252 3588; baseline 0.008 -24"><span class='ocrx_word' id='word_1_251' title='bbox 660 3513 803 3580; x_wconf 80' lang='lat' dir='ltr'><strong>cepit</strong></span> <span class='ocrx_word' id='word_1_252' title='bbox 820 3511 862 3574; x_wconf 81' lang='lat'><strong>&#39;,</strong></span> <span class='ocrx_word' id='word_1_253' title='bbox 882 3510 927 3565; x_wconf 93' lang='lat' dir='ltr'><strong>si</strong></span> <span class='ocrx_word' id='word_1_254' title='bbox 956 3520 1257 3566; x_wconf 89' lang='lat' dir='ltr'><strong>sanctorum</strong></span> <span class='ocrx_word' id='word_1_255' title='bbox 1281 3513 1442 3583; x_wconf 89' lang='lat' dir='ltr'><strong>pedes</strong></span> <span class='ocrx_word' id='word_1_256' title='bbox 1462 3514 1588 3569; x_wconf 81' lang='lat' dir='ltr'><strong>lavit</strong></span> <span class='ocrx_word' id='word_1_257' title='bbox 1615 3515 1693 3588; x_wconf 90' lang='grc' dir='ltr'><strong>(Ι.</strong></span> <span class='ocrx_word' id='word_1_258' title='bbox 1717 3515 1799 3571; x_wconf 89' lang='lat' dir='ltr'><strong>Ib.</strong></span> <span class='ocrx_word' id='word_1_259' title='bbox 1823 3517 1876 3573; x_wconf 84' lang='lat'><strong>5.</strong></span> <span class='ocrx_word' id='word_1_260' title='bbox 1903 3518 1991 3587; x_wconf 86' lang='lat' dir='ltr'><strong>i0)</strong></span> <span class='ocrx_word' id='word_1_261' title='bbox 2015 3535 2121 3575; x_wconf 74' lang='lat' dir='ltr'><strong>:ac</strong></span> <span class='ocrx_word' id='word_1_262' title='bbox 2140 3535 2252 3576; x_wconf 87' lang='lat' dir='ltr'><strong>me-</strong></span> 
     </span>
    </p>
   </div>
   <div class='ocr_carea' id='block_1_36' title="bbox 661 3602 2249 3670">
    <p class='ocr_par' dir='ltr' id='par_1_36' title="bbox 661 3602 2249 3670">
     <span class='ocr_line' id='line_1_36' title="bbox 661 3602 2249 3670; baseline 0.011 -18"><span class='ocrx_word' id='word_1_263' title='bbox 661 3602 765 3655; x_wconf 92' lang='lat' dir='ltr'><strong>rito</strong></span> <span class='ocrx_word' id='word_1_264' title='bbox 811 3616 959 3657; x_wconf 87' lang='lat' dir='ltr'><strong>sane.</strong></span> <span class='ocrx_word' id='word_1_265' title='bbox 1014 3602 1109 3665; x_wconf 87' lang='lat' dir='ltr'><strong>Ubi</strong></span> <span class='ocrx_word' id='word_1_266' title='bbox 1151 3605 1291 3658; x_wconf 89' lang='lat' dir='ltr'><strong>enim</strong></span> <span class='ocrx_word' id='word_1_267' title='bbox 1338 3606 1630 3662; x_wconf 88' lang='lat' dir='ltr'><strong>remedium</strong></span> <span class='ocrx_word' id='word_1_268' title='bbox 1675 3607 1835 3665; x_wconf 76' lang='lat' dir='ltr'><strong>fuerit</strong></span> <span class='ocrx_word' id='word_1_269' title='bbox 1889 3610 2249 3670; x_wconf 86' lang='lat' dir='ltr'><strong>adhibendum</strong></span> 
     </span>
    </p>
   </div>
   <div class='ocr_carea' id='block_1_37' title="bbox 664 3690 2248 3771">
    <p class='ocr_par' dir='ltr' id='par_1_37' title="bbox 664 3690 2248 3771">
     <span class='ocr_line' id='line_1_37' title="bbox 664 3690 2248 3771; baseline 0.012 -28"><span class='ocrx_word' id='word_1_270' title='bbox 664 3690 876 3759; x_wconf 69' lang='lat' dir='ltr'><strong>inopitu,</strong></span> <span class='ocrx_word' id='word_1_271' title='bbox 924 3702 1133 3763; x_wconf 88' lang='lat' dir='ltr'><strong>tempus</strong></span> <span class='ocrx_word' id='word_1_272' title='bbox 1176 3710 1280 3748; x_wconf 91' lang='lat' dir='ltr'><strong>non</strong></span> <span class='ocrx_word' id='word_1_273' title='bbox 1322 3706 1617 3767; x_wconf 76' lang='lat' dir='ltr'><strong>exspectat.</strong></span> <span class='ocrx_word' id='word_1_274' title='bbox 1654 3698 1789 3767; x_wconf 86' lang='lat' dir='ltr'><strong>Quid</strong></span> <span class='ocrx_word' id='word_1_275' title='bbox 1840 3703 2005 3771; x_wconf 90' lang='lat' dir='ltr'><strong>enim,</strong></span> <span class='ocrx_word' id='word_1_276' title='bbox 2056 3704 2102 3759; x_wconf 85' lang='lat' dir='ltr'><strong>si</strong></span> <span class='ocrx_word' id='word_1_277' title='bbox 2127 3719 2248 3763; x_wconf 88' lang='lat' dir='ltr'><strong>cum</strong></span> 
     </span>
    </p>
   </div>
   <div class='ocr_carea' id='block_1_38' title="bbox 662 3780 2250 3866">
    <p class='ocr_par' dir='ltr' id='par_1_38' title="bbox 662 3780 2250 3866">
     <span class='ocr_line' id='line_1_38' title="bbox 662 3780 2250 3866; baseline 0.012 -32"><span class='ocrx_word' id='word_1_278' title='bbox 662 3796 923 3837; x_wconf 90' lang='lat' dir='ltr'><strong>annorum</strong></span> <span class='ocrx_word' id='word_1_279' title='bbox 970 3780 1038 3839; x_wconf 86' lang='lat' dir='ltr'><strong>sit</strong></span> <span class='ocrx_word' id='word_1_280' title='bbox 1078 3787 1479 3856; x_wconf 77' lang='lat' dir='ltr'><strong>quinquaginta,</strong></span> <span class='ocrx_word' id='word_1_281' title='bbox 1523 3790 1664 3845; x_wconf 76' lang='lat' dir='ltr'><strong>fatue</strong></span> <span class='ocrx_word' id='word_1_282' title='bbox 1710 3792 2062 3849; x_wconf 74' lang='lat' dir='ltr'><strong>conﬁciatur?</strong></span> <span class='ocrx_word' id='word_1_283' title='bbox 2112 3797 2250 3866; x_wconf 86' lang='lat' dir='ltr'><strong>Quid</strong></span> 
     </span>
    </p>
   </div>
   <div class='ocr_carea' id='block_1_39' title="bbox 663 3874 2251 3948">
    <p class='ocr_par' dir='ltr' id='par_1_39' title="bbox 663 3874 2251 3948">
     <span class='ocr_line' id='line_1_39' title="bbox 663 3874 2251 3948; baseline 0.011 -21"><span class='ocrx_word' id='word_1_284' title='bbox 663 3875 706 3927; x_wconf 92' lang='lat' dir='ltr'><strong>si</strong></span> <span class='ocrx_word' id='word_1_285' title='bbox 727 3875 778 3928; x_wconf 91' lang='lat' dir='ltr'><strong>in</strong></span> <span class='ocrx_word' id='word_1_286' title='bbox 800 3874 1022 3943; x_wconf 87' lang='lat' dir='ltr'><strong>juvenili</strong></span> <span class='ocrx_word' id='word_1_287' title='bbox 1042 3888 1198 3931; x_wconf 73' lang='lat' dir='ltr'><strong>mtate</strong></span> <span class='ocrx_word' id='word_1_288' title='bbox 1224 3894 1448 3948; x_wconf 90' lang='lat' dir='ltr'><strong>corpore</strong></span> <span class='ocrx_word' id='word_1_289' title='bbox 1476 3881 1545 3935; x_wconf 88' lang='lat' dir='ltr'><strong>sit</strong></span> <span class='ocrx_word' id='word_1_290' title='bbox 1566 3883 1808 3938; x_wconf 92' lang='lat' dir='ltr'><strong>mntilato</strong></span> <span class='ocrx_word' id='word_1_291' title='bbox 1823 3885 2004 3940; x_wconf 63' lang='lat' dir='ltr'><strong>tzNutn</strong></span> <span class='ocrx_word' id='word_1_292' title='bbox 2022 3888 2251 3946; x_wconf 87' lang='lat' dir='ltr'><strong>dormiet</strong></span> 
     </span>
    </p>
   </div>
   <div class='ocr_carea' id='block_1_40' title="bbox 663 3967 2253 4047">
    <p class='ocr_par' dir='ltr' id='par_1_40' title="bbox 663 3967 2253 4047">
     <span class='ocr_line' id='line_1_40' title="bbox 663 3967 2253 4047; baseline 0.012 -30"><span class='ocrx_word' id='word_1_293' title='bbox 663 3974 985 4035; x_wconf 83' lang='lat' dir='ltr'><strong>exspectans</strong></span> <span class='ocrx_word' id='word_1_294' title='bbox 1027 3967 1200 4022; x_wconf 91' lang='lat' dir='ltr'><strong>donec</strong></span> <span class='ocrx_word' id='word_1_295' title='bbox 1251 3970 1615 4039; x_wconf 77' lang='lat' dir='ltr'><strong>sexagesimus</strong></span> <span class='ocrx_word' id='word_1_296' title='bbox 1668 3989 1840 4029; x_wconf 89' lang='lat' dir='ltr'><strong>annus</strong></span> <span class='ocrx_word' id='word_1_297' title='bbox 1888 3981 2145 4047; x_wconf 76' lang='lat' dir='ltr'><strong>appetat?</strong></span> <span class='ocrx_word' id='word_1_298' title='bbox 2185 3983 2253 4037; x_wconf 87' lang='lat' dir='ltr'><strong>At</strong></span> 
     </span>
    </p>
   </div>
   <div class='ocr_carea' id='block_1_41' title="bbox 665 4056 2247 4132">
    <p class='ocr_par' dir='ltr' id='par_1_41' title="bbox 665 4056 2247 4132">
     <span class='ocr_line' id='line_1_41' title="bbox 665 4056 2247 4132; baseline 0.013 -24"><span class='ocrx_word' id='word_1_299' title='bbox 665 4056 768 4111; x_wconf 83' lang='lat' dir='ltr'><strong>itoc</strong></span> <span class='ocrx_word' id='word_1_300' title='bbox 813 4068 1067 4113; x_wconf 73' lang='lat' dir='ltr'><strong>estremze</strong></span> <span class='ocrx_word' id='word_1_301' title='bbox 1114 4059 1252 4115; x_wconf 78' lang='lat' dir='ltr'><strong>foret</strong></span> <span class='ocrx_word' id='word_1_302' title='bbox 1296 4061 1660 4117; x_wconf 84' lang='lat' dir='ltr'><strong>immanitatis.</strong></span> <span class='ocrx_word' id='word_1_303' title='bbox 1711 4065 1880 4132; x_wconf 84' lang='lat' dir='ltr'><strong>Quam</strong></span> <span class='ocrx_word' id='word_1_304' title='bbox 1922 4068 1992 4125; x_wconf 88' lang='lat' dir='ltr'><strong>ob</strong></span> <span class='ocrx_word' id='word_1_305' title='bbox 2036 4086 2247 4128; x_wconf 82' lang='lat' dir='ltr'><strong>causam</strong></span> 
     </span>
    </p>
   </div>
   <div class='ocr_carea' id='block_1_42' title="bbox 661 4151 2252 4233">
    <p class='ocr_par' dir='ltr' id='par_1_42' title="bbox 661 4151 2252 4233">
     <span class='ocr_line' id='line_1_42' title="bbox 661 4151 2252 4233; baseline 0.011 -31"><span class='ocrx_word' id='word_1_306' title='bbox 661 4166 785 4205; x_wconf 76' lang='lat' dir='ltr'><strong>cum</strong></span> <span class='ocrx_word' id='word_1_307' title='bbox 831 4151 1069 4207; x_wconf 82' lang='lat' dir='ltr'><strong>sedanda</strong></span> <span class='ocrx_word' id='word_1_308' title='bbox 1112 4152 1277 4209; x_wconf 78' lang='lat' dir='ltr'><strong>fames</strong></span> <span class='ocrx_word' id='word_1_309' title='bbox 1321 4154 1501 4221; x_wconf 86' lang='lat' dir='ltr'><strong>luerit,</strong></span> <span class='ocrx_word' id='word_1_310' title='bbox 1537 4171 1641 4211; x_wconf 92' lang='lat' dir='ltr'><strong>non</strong></span> <span class='ocrx_word' id='word_1_311' title='bbox 1669 4160 1826 4215; x_wconf 76' lang='lat' dir='ltr'><strong>anxie</strong></span> <span class='ocrx_word' id='word_1_312' title='bbox 1854 4161 1905 4214; x_wconf 93' lang='lat' dir='ltr'><strong>in</strong></span> <span class='ocrx_word' id='word_1_313' title='bbox 1936 4171 2171 4233; x_wconf 87' lang='lat' dir='ltr'><strong>tempora</strong></span> <span class='ocrx_word' id='word_1_314' title='bbox 2198 4172 2252 4221; x_wconf 83' lang='lat' dir='ltr'><strong>et</strong></span> 
     </span>
    </p>
   </div>
   <div class='ocr_carea' id='block_1_43' title="bbox 663 4244 2249 4325">
    <p class='ocr_par' dir='ltr' id='par_1_43' title="bbox 663 4244 2249 4325">
     <span class='ocr_line' id='line_1_43' title="bbox 663 4244 2249 4325; baseline 0.008 -25"><span class='ocrx_word' id='word_1_315' title='bbox 663 4244 857 4300; x_wconf 71' lang='lat' dir='ltr'><strong>anima</strong></span> <span class='ocrx_word' id='word_1_316' title='bbox 903 4246 1122 4301; x_wconf 76' lang='lat' dir='ltr'><strong>virtutes</strong></span> <span class='ocrx_word' id='word_1_317' title='bbox 1164 4248 1418 4318; x_wconf 90' lang='lat' dir='ltr'><strong>inquirit:</strong></span> <span class='ocrx_word' id='word_1_318' title='bbox 1448 4265 1570 4305; x_wconf 91' lang='lat' dir='ltr'><strong>cum</strong></span> <span class='ocrx_word' id='word_1_319' title='bbox 1611 4267 1740 4307; x_wconf 87' lang='lat' dir='ltr'><strong>vero</strong></span> <span class='ocrx_word' id='word_1_320' title='bbox 1769 4270 1874 4307; x_wconf 83' lang='lat' dir='ltr'><strong>non</strong></span> <span class='ocrx_word' id='word_1_321' title='bbox 1910 4255 2101 4325; x_wconf 64' lang='lat' dir='ltr'><strong>inopiae</strong></span> <span class='ocrx_word' id='word_1_322' title='bbox 2127 4272 2249 4314; x_wconf 88' lang='lat' dir='ltr'><strong>suc-</strong></span> 
     </span>
    </p>
   </div>
   <div class='ocr_carea' id='block_1_44' title="bbox 664 4336 2253 4415">
    <p class='ocr_par' dir='ltr' id='par_1_44' title="bbox 664 4336 2253 4415">
     <span class='ocr_line' id='line_1_44' title="bbox 664 4336 2253 4415; baseline 0.009 -24"><span class='ocrx_word' id='word_1_323' title='bbox 664 4336 985 4393; x_wconf 89' lang='lat' dir='ltr'><strong>currendum</strong></span> <span class='ocrx_word' id='word_1_324' title='bbox 1034 4346 1134 4403; x_wconf 85' lang='lat' dir='ltr'><strong>est,</strong></span> <span class='ocrx_word' id='word_1_325' title='bbox 1187 4339 1280 4395; x_wconf 87' lang='lat' dir='ltr'><strong>sed</strong></span> <span class='ocrx_word' id='word_1_326' title='bbox 1338 4341 1510 4397; x_wconf 84' lang='lat' dir='ltr'><strong>itonor</strong></span> <span class='ocrx_word' id='word_1_327' title='bbox 1561 4352 1645 4397; x_wconf 91' lang='lat' dir='ltr'><strong>est</strong></span> <span class='ocrx_word' id='word_1_328' title='bbox 1686 4359 1783 4414; x_wconf 92' lang='lat' dir='ltr'><strong>pro</strong></span> <span class='ocrx_word' id='word_1_329' title='bbox 1820 4345 2074 4415; x_wconf 78' lang='lat' dir='ltr'><strong>dignitate</strong></span> <span class='ocrx_word' id='word_1_330' title='bbox 2102 4348 2253 4406; x_wconf 82' lang='lat' dir='ltr'><strong>dele-</strong></span> 
     </span>
    </p>
   </div>
   <div class='ocr_carea' id='block_1_45' title="bbox 669 4436 2250 4513">
    <p class='ocr_par' dir='ltr' id='par_1_45' title="bbox 669 4436 2250 4513">
     <span class='ocr_line' id='line_1_45' title="bbox 669 4436 2250 4513; baseline 0.007 -24"><span class='ocrx_word' id='word_1_331' title='bbox 669 4436 902 4503; x_wconf 91' lang='lat' dir='ltr'><strong>rendus,</strong></span> <span class='ocrx_word' id='word_1_332' title='bbox 943 4437 1136 4491; x_wconf 91' lang='lat' dir='ltr'><strong>merito</strong></span> <span class='ocrx_word' id='word_1_333' title='bbox 1173 4436 1312 4493; x_wconf 87' lang='lat' dir='ltr'><strong>hanc</strong></span> <span class='ocrx_word' id='word_1_334' title='bbox 1348 4439 1416 4493; x_wconf 90' lang='lat' dir='ltr'><strong>de</strong></span> <span class='ocrx_word' id='word_1_335' title='bbox 1453 4441 1689 4495; x_wconf 89' lang='lat' dir='ltr'><strong>moribus</strong></span> <span class='ocrx_word' id='word_1_336' title='bbox 1729 4441 2123 4513; x_wconf 85' lang='lat' dir='ltr'><strong>inquisitionem</strong></span> <span class='ocrx_word' id='word_1_337' title='bbox 2163 4461 2250 4500; x_wconf 85' lang='lat' dir='ltr'><strong>tn-</strong></span> 
     </span>
    </p>
   </div>
   <div class='ocr_carea' id='block_1_46' title="bbox 665 4529 854 4583">
    <p class='ocr_par' dir='ltr' id='par_1_46' title="bbox 665 4529 854 4583">
     <span class='ocr_line' id='line_1_46' title="bbox 665 4529 854 4583; baseline 0.005 -1"><span class='ocrx_word' id='word_1_338' title='bbox 665 4529 854 4583; x_wconf 86' lang='lat' dir='ltr'><strong>stituit.</strong></span> 
     </span>
    </p>
   </div>
   <div class='ocr_carea' id='block_1_47' title="bbox 738 4618 2251 4697">
    <p class='ocr_par' dir='ltr' id='par_1_47' title="bbox 738 4618 2251 4697">
     <span class='ocr_line' id='line_1_47' title="bbox 738 4618 2251 4697; baseline 0.007 -22"><span class='ocrx_word' id='word_1_339' title='bbox 738 4620 793 4675; x_wconf 75' lang='lat'><strong>3.</strong></span> <span class='ocrx_word' id='word_1_340' title='bbox 835 4618 970 4672; x_wconf 85' lang='lat' dir='ltr'><strong>Olim</strong></span> <span class='ocrx_word' id='word_1_341' title='bbox 995 4619 1139 4674; x_wconf 77' lang='lat' dir='ltr'><strong>chori</strong></span> <span class='ocrx_word' id='word_1_342' title='bbox 1160 4630 1302 4675; x_wconf 88' lang='lat' dir='ltr'><strong>erant</strong></span> <span class='ocrx_word' id='word_1_343' title='bbox 1342 4622 1630 4677; x_wconf 72' lang='lat' dir='ltr'><strong>viduarum.</strong></span> <span class='ocrx_word' id='word_1_344' title='bbox 1651 4653 1723 4664; x_wconf 91' lang='lat'><strong>—</strong></span> <span class='ocrx_word' id='word_1_345' title='bbox 1747 4624 1877 4680; x_wconf 84' lang='lat' dir='ltr'><strong>Nam</strong></span> <span class='ocrx_word' id='word_1_346' title='bbox 1906 4629 2251 4697; x_wconf 85' lang='lat' dir='ltr'><strong>quemadmo-</strong></span> 
     </span>
    </p>
   </div>
   <div class='ocr_carea' id='block_1_48' title="bbox 666 4709 2250 4783">
    <p class='ocr_par' dir='ltr' id='par_1_48' title="bbox 666 4709 2250 4783">
     <span class='ocr_line' id='line_1_48' title="bbox 666 4709 2250 4783; baseline 0.008 -18"><span class='ocrx_word' id='word_1_347' title='bbox 666 4709 794 4765; x_wconf 91' lang='lat' dir='ltr'><strong>dum</strong></span> <span class='ocrx_word' id='word_1_348' title='bbox 822 4710 971 4765; x_wconf 86' lang='lat' dir='ltr'><strong>chori</strong></span> <span class='ocrx_word' id='word_1_349' title='bbox 997 4722 1121 4766; x_wconf 89' lang='lat' dir='ltr'><strong>sunt</strong></span> <span class='ocrx_word' id='word_1_350' title='bbox 1144 4714 1428 4783; x_wconf 75' lang='lat' dir='ltr'><strong>virginum,</strong></span> <span class='ocrx_word' id='word_1_351' title='bbox 1456 4716 1535 4770; x_wconf 88' lang='lat' dir='ltr'><strong>sic</strong></span> <span class='ocrx_word' id='word_1_352' title='bbox 1559 4726 1612 4769; x_wconf 90' lang='lat' dir='ltr'><strong>et</strong></span> <span class='ocrx_word' id='word_1_353' title='bbox 1639 4717 1767 4772; x_wconf 91' lang='lat' dir='ltr'><strong>olim</strong></span> <span class='ocrx_word' id='word_1_354' title='bbox 1792 4730 1945 4774; x_wconf 88' lang='lat' dir='ltr'><strong>erant</strong></span> <span class='ocrx_word' id='word_1_355' title='bbox 1975 4720 2250 4778; x_wconf 86' lang='lat' dir='ltr'><strong>viduarum</strong></span> 
     </span>
    </p>
   </div>
   <div class='ocr_carea' id='block_1_49' title="bbox 668 4801 2253 4872">
    <p class='ocr_par' dir='ltr' id='par_1_49' title="bbox 668 4801 2253 4872">
     <span class='ocr_line' id='line_1_49' title="bbox 668 4801 2253 4872; baseline 0.011 -19"><span class='ocrx_word' id='word_1_356' title='bbox 668 4801 842 4863; x_wconf 86' lang='lat' dir='ltr'><strong>chori,</strong></span> <span class='ocrx_word' id='word_1_357' title='bbox 872 4817 1041 4872; x_wconf 89' lang='lat' dir='ltr'><strong>neque</strong></span> <span class='ocrx_word' id='word_1_358' title='bbox 1080 4805 1277 4872; x_wconf 90' lang='lat' dir='ltr'><strong>passim</strong></span> <span class='ocrx_word' id='word_1_359' title='bbox 1318 4806 1510 4861; x_wconf 84' lang='lat' dir='ltr'><strong>licebat</strong></span> <span class='ocrx_word' id='word_1_360' title='bbox 1538 4808 1641 4863; x_wconf 89' lang='lat' dir='ltr'><strong>illis</strong></span> <span class='ocrx_word' id='word_1_361' title='bbox 1666 4811 1718 4865; x_wconf 91' lang='lat' dir='ltr'><strong>in</strong></span> <span class='ocrx_word' id='word_1_362' title='bbox 1750 4828 2028 4868; x_wconf 90' lang='lat' dir='ltr'><strong>numerum</strong></span> <span class='ocrx_word' id='word_1_363' title='bbox 2068 4815 2253 4871; x_wconf 83' lang='lat' dir='ltr'><strong>vidua-</strong></span> 
     </span>
    </p>
   </div>
   <div class='ocr_carea' id='block_1_50' title="bbox 672 4892 2254 4975">
    <p class='ocr_par' dir='ltr' id='par_1_50' title="bbox 672 4892 2254 4975">
     <span class='ocr_line' id='line_1_50' title="bbox 672 4892 2254 4975; baseline 0.009 -28"><span class='ocrx_word' id='word_1_364' title='bbox 672 4909 787 4947; x_wconf 89' lang='lat' dir='ltr'><strong>rum</strong></span> <span class='ocrx_word' id='word_1_365' title='bbox 835 4892 1036 4947; x_wconf 78' lang='lat' dir='ltr'><strong>referri.</strong></span> <span class='ocrx_word' id='word_1_366' title='bbox 1083 4894 1197 4949; x_wconf 82' lang='lat' dir='ltr'><strong>Non</strong></span> <span class='ocrx_word' id='word_1_367' title='bbox 1241 4896 1399 4967; x_wconf 83' lang='lat' dir='ltr'><strong>igitur</strong></span> <span class='ocrx_word' id='word_1_368' title='bbox 1439 4897 1505 4953; x_wconf 90' lang='lat' dir='ltr'><strong>de</strong></span> <span class='ocrx_word' id='word_1_369' title='bbox 1534 4899 1620 4953; x_wconf 88' lang='lat' dir='ltr'><strong>illa</strong></span> <span class='ocrx_word' id='word_1_370' title='bbox 1649 4915 1827 4957; x_wconf 84' lang='lat' dir='ltr'><strong>sermo</strong></span> <span class='ocrx_word' id='word_1_371' title='bbox 1856 4915 1957 4968; x_wconf 86' lang='lat' dir='ltr'><strong>est,</strong></span> <span class='ocrx_word' id='word_1_372' title='bbox 1984 4921 2103 4975; x_wconf 65' lang='lat' dir='ltr'><strong>quae</strong></span> <span class='ocrx_word' id='word_1_373' title='bbox 2138 4922 2254 4975; x_wconf 83' lang='lat' dir='ltr'><strong>pre-</strong></span> 
     </span>
    </p>
   </div>
   <div class='ocr_carea' id='block_1_51' title="bbox 672 4985 2251 5066">
    <p class='ocr_par' dir='ltr' id='par_1_51' title="bbox 672 4985 2251 5066">
     <span class='ocr_line' id='line_1_51' title="bbox 672 4985 2251 5066; baseline 0.009 -27"><span class='ocrx_word' id='word_1_374' title='bbox 672 4985 835 5039; x_wconf 90' lang='lat' dir='ltr'><strong>mitur</strong></span> <span class='ocrx_word' id='word_1_375' title='bbox 879 4995 1139 5055; x_wconf 84' lang='lat' dir='ltr'><strong>egestate,</strong></span> <span class='ocrx_word' id='word_1_376' title='bbox 1188 4996 1346 5058; x_wconf 90' lang='lat' dir='ltr'><strong>atque</strong></span> <span class='ocrx_word' id='word_1_377' title='bbox 1388 4990 1586 5047; x_wconf 84' lang='lat' dir='ltr'><strong>auxilio</strong></span> <span class='ocrx_word' id='word_1_378' title='bbox 1630 4993 1852 5066; x_wconf 88' lang='lat' dir='ltr'><strong>indiget,</strong></span> <span class='ocrx_word' id='word_1_379' title='bbox 1899 4998 1991 5052; x_wconf 87' lang='lat' dir='ltr'><strong>sed</strong></span> <span class='ocrx_word' id='word_1_380' title='bbox 2034 4997 2103 5053; x_wconf 90' lang='lat' dir='ltr'><strong>de</strong></span> <span class='ocrx_word' id='word_1_381' title='bbox 2133 4999 2251 5066; x_wconf 85' lang='lat' dir='ltr'><strong>ista,</strong></span> 
     </span>
    </p>
   </div>
   <div class='ocr_carea' id='block_1_52' title="bbox 672 5074 2256 5151">
    <p class='ocr_par' dir='ltr' id='par_1_52' title="bbox 672 5074 2256 5151">
     <span class='ocr_line' id='line_1_52' title="bbox 672 5074 2256 5151; baseline 0.011 -22"><span class='ocrx_word' id='word_1_382' title='bbox 672 5092 790 5146; x_wconf 76' lang='lat' dir='ltr'><strong>qua:</strong></span> <span class='ocrx_word' id='word_1_383' title='bbox 824 5074 1133 5133; x_wconf 83' lang='lat' dir='ltr'><strong>viduitatem</strong></span> <span class='ocrx_word' id='word_1_384' title='bbox 1174 5079 1488 5151; x_wconf 81' lang='lat' dir='ltr'><strong>elegit..Cur</strong></span> <span class='ocrx_word' id='word_1_385' title='bbox 1515 5096 1692 5140; x_wconf 86' lang='lat' dir='ltr'><strong>autem</strong></span> <span class='ocrx_word' id='word_1_386' title='bbox 1724 5087 1775 5142; x_wconf 90' lang='lat' dir='ltr'><strong>in</strong></span> <span class='ocrx_word' id='word_1_387' title='bbox 1807 5087 1909 5144; x_wconf 84' lang='lat' dir='ltr'><strong>hac</strong></span> <span class='ocrx_word' id='word_1_388' title='bbox 1932 5092 2093 5146; x_wconf 91' lang='lat' dir='ltr'><strong>etiam</strong></span> <span class='ocrx_word' id='word_1_389' title='bbox 2123 5101 2256 5146; x_wconf 83' lang='lat' dir='ltr'><strong>tem-</strong></span> 
     </span>
    </p>
   </div>
   <div class='ocr_carea' id='block_1_53' title="bbox 671 5167 2252 5254">
    <p class='ocr_par' dir='ltr' id='par_1_53' title="bbox 671 5167 2252 5254">
     <span class='ocr_line' id='line_1_53' title="bbox 671 5167 2252 5254; baseline 0.015 -35"><span class='ocrx_word' id='word_1_390' title='bbox 671 5181 773 5238; x_wconf 90' lang='lat' dir='ltr'><strong>pus</strong></span> <span class='ocrx_word' id='word_1_391' title='bbox 818 5167 1081 5237; x_wconf 73' lang='lat' dir='ltr'><strong>requiritl</strong></span> <span class='ocrx_word' id='word_1_392' title='bbox 1124 5168 1335 5226; x_wconf 85' lang='lat' dir='ltr'><strong>Sciebat</strong></span> <span class='ocrx_word' id='word_1_393' title='bbox 1375 5188 1560 5246; x_wconf 84' lang='lat' dir='ltr'><strong>pyram</strong></span> <span class='ocrx_word' id='word_1_394' title='bbox 1593 5178 1875 5247; x_wconf 90' lang='lat' dir='ltr'><strong>quamdam</strong></span> <span class='ocrx_word' id='word_1_395' title='bbox 1904 5196 2024 5237; x_wconf 88' lang='lat' dir='ltr'><strong>esse</strong></span> <span class='ocrx_word' id='word_1_396' title='bbox 2059 5184 2252 5254; x_wconf 73' lang='lat' dir='ltr'><strong>juven-</strong></span> 
     </span>
    </p>
   </div>
   <div class='ocr_carea' id='block_1_54' title="bbox 674 5259 2254 5345">
    <p class='ocr_par' dir='ltr' id='par_1_54' title="bbox 674 5259 2254 5345">
     <span class='ocr_line' id='line_1_54' title="bbox 674 5259 2254 5345; baseline 0.012 -34"><span class='ocrx_word' id='word_1_397' title='bbox 674 5266 863 5323; x_wconf 84' lang='lat' dir='ltr'><strong>tutcm,</strong></span> <span class='ocrx_word' id='word_1_398' title='bbox 894 5265 950 5314; x_wconf 88' lang='lat' dir='ltr'><strong>et</strong></span> <span class='ocrx_word' id='word_1_399' title='bbox 977 5259 1193 5330; x_wconf 85' lang='lat' dir='ltr'><strong>pelagus</strong></span> <span class='ocrx_word' id='word_1_400' title='bbox 1223 5262 1435 5331; x_wconf 92' lang='lat' dir='ltr'><strong>plenum</strong></span> <span class='ocrx_word' id='word_1_401' title='bbox 1461 5266 1736 5333; x_wconf 90' lang='lat' dir='ltr'><strong>ﬂuctuum,</strong></span> <span class='ocrx_word' id='word_1_402' title='bbox 1764 5283 1826 5325; x_wconf 85' lang='lat' dir='ltr'><strong>ac</strong></span> <span class='ocrx_word' id='word_1_403' title='bbox 1852 5272 2029 5327; x_wconf 88' lang='lat' dir='ltr'><strong>multis</strong></span> <span class='ocrx_word' id='word_1_404' title='bbox 2053 5282 2254 5345; x_wconf 85' lang='lat' dir='ltr'><strong>tempe-</strong></span> 
     </span>
    </p>
   </div>
   <div class='ocr_carea' id='block_1_55' title="bbox 672 5349 2256 5430">
    <p class='ocr_par' dir='ltr' id='par_1_55' title="bbox 672 5349 2256 5430">
     <span class='ocr_line' id='line_1_55' title="bbox 672 5349 2256 5430; baseline 0.014 -27"><span class='ocrx_word' id='word_1_405' title='bbox 672 5349 899 5405; x_wconf 84' lang='lat' dir='ltr'><strong>statibus</strong></span> <span class='ocrx_word' id='word_1_406' title='bbox 948 5349 1220 5407; x_wconf 82' lang='lat' dir='ltr'><strong>iuiestum.</strong></span> <span class='ocrx_word' id='word_1_407' title='bbox 1276 5355 1560 5427; x_wconf 86' lang='lat' dir='ltr'><strong>Postquam</strong></span> <span class='ocrx_word' id='word_1_408' title='bbox 1614 5359 1774 5430; x_wconf 88' lang='lat' dir='ltr'><strong>igitur</strong></span> <span class='ocrx_word' id='word_1_409' title='bbox 1798 5363 1971 5419; x_wconf 64' lang='lat' dir='ltr'><strong>aetatis</strong></span> <span class='ocrx_word' id='word_1_410' title='bbox 1998 5365 2256 5425; x_wconf 81' lang='lat' dir='ltr'><strong>beneﬂcio</strong></span> 
     </span>
    </p>
   </div>
   <div class='ocr_carea' id='block_1_56' title="bbox 674 5438 2256 5529">
    <p class='ocr_par' dir='ltr' id='par_1_56' title="bbox 674 5438 2256 5529">
     <span class='ocr_line' id='line_1_56' title="bbox 674 5438 2256 5529; baseline 0.013 -33"><span class='ocrx_word' id='word_1_411' title='bbox 674 5438 872 5496; x_wconf 77' lang='lat' dir='ltr'><strong>fuerint</strong></span> <span class='ocrx_word' id='word_1_412' title='bbox 923 5442 1310 5501; x_wconf 83' lang='lat' dir='ltr'><strong>immunitatem</strong></span> <span class='ocrx_word' id='word_1_413' title='bbox 1359 5462 1723 5520; x_wconf 58' lang='lat' dir='ltr'><strong>consequuta,</strong></span> <span class='ocrx_word' id='word_1_414' title='bbox 1767 5462 1823 5512; x_wconf 88' lang='lat' dir='ltr'><strong>et</strong></span> <span class='ocrx_word' id='word_1_415' title='bbox 1878 5465 2143 5529; x_wconf 87' lang='lat' dir='ltr'><strong>tamquam</strong></span> <span class='ocrx_word' id='word_1_416' title='bbox 2191 5463 2256 5517; x_wconf 86' lang='lat' dir='ltr'><strong>ad</strong></span> 
     </span>
    </p>
   </div>
   <div class='ocr_carea' id='block_1_57' title="bbox 677 5533 2260 5616">
    <p class='ocr_par' dir='ltr' id='par_1_57' title="bbox 677 5533 2260 5616">
     <span class='ocr_line' id='line_1_57' title="bbox 677 5533 2260 5616; baseline 0.019 -35"><span class='ocrx_word' id='word_1_417' title='bbox 677 5541 885 5600; x_wconf 83' lang='lat' dir='ltr'><strong>portum</strong></span> <span class='ocrx_word' id='word_1_418' title='bbox 937 5533 1004 5588; x_wconf 89' lang='lat' dir='ltr'><strong>ad</strong></span> <span class='ocrx_word' id='word_1_419' title='bbox 1052 5546 1381 5593; x_wconf 77' lang='lat' dir='ltr'><strong>senectutem</strong></span> <span class='ocrx_word' id='word_1_420' title='bbox 1427 5543 1753 5611; x_wconf 88' lang='lat' dir='ltr'><strong>appulerint,</strong></span> <span class='ocrx_word' id='word_1_421' title='bbox 1796 5544 2016 5616; x_wconf 85' lang='lat' dir='ltr'><strong>jamque</strong></span> <span class='ocrx_word' id='word_1_422' title='bbox 2067 5552 2260 5612; x_wconf 75' lang='lat' dir='ltr'><strong>ruerint</strong></span> 
     </span>
    </p>
   </div>
   <div class='ocr_carea' id='block_1_58' title="bbox 678 5622 2257 5701">
    <p class='ocr_par' dir='ltr' id='par_1_58' title="bbox 678 5622 2257 5701">
     <span class='ocr_line' id='line_1_58' title="bbox 678 5622 2257 5701; baseline 0.014 -22"><span class='ocrx_word' id='word_1_423' title='bbox 678 5623 785 5679; x_wconf 85' lang='lat' dir='ltr'><strong>illis</strong></span> <span class='ocrx_word' id='word_1_424' title='bbox 825 5622 1100 5680; x_wconf 65' lang='lat' dir='ltr'><strong>exstinctae</strong></span> <span class='ocrx_word' id='word_1_425' title='bbox 1150 5625 1416 5696; x_wconf 87' lang='lat' dir='ltr'><strong>libidines,</strong></span> <span class='ocrx_word' id='word_1_426' title='bbox 1469 5631 1800 5691; x_wconf 75' lang='lat' dir='ltr'><strong>confidenter</strong></span> <span class='ocrx_word' id='word_1_427' title='bbox 1851 5651 1943 5692; x_wconf 85' lang='lat' dir='ltr'><strong>cas</strong></span> <span class='ocrx_word' id='word_1_428' title='bbox 1971 5638 2024 5694; x_wconf 89' lang='lat' dir='ltr'><strong>in</strong></span> <span class='ocrx_word' id='word_1_429' title='bbox 2061 5651 2257 5701; x_wconf 71' lang='lat' dir='ltr'><strong>ctutum</strong></span> 
     </span>
    </p>
   </div>
   <div class='ocr_carea' id='block_1_59' title="bbox 687 5745 2259 5865">
    <p class='ocr_par' dir='ltr' id='par_1_59' title="bbox 687 5745 2259 5865">
     <span class='ocr_line' id='line_1_59' title="bbox 687 5745 2259 5865; baseline 0.031 -71"><span class='ocrx_word' id='word_1_430' title='bbox 687 5749 882 5865; x_wconf 41' lang='lat' dir='ltr'><strong>“ration</strong></span> <span class='ocrx_word' id='word_1_431' title='bbox 905 5745 1053 5819; x_wconf 70' lang='lat' dir='ltr'><strong>dixit,</strong></span> <span class='ocrx_word' id='word_1_432' title='bbox 1080 5755 1124 5809; x_wconf 88' lang='lat' dir='ltr'><strong>si</strong></span> <span class='ocrx_word' id='word_1_433' title='bbox 1144 5755 1271 5823; x_wconf 76' lang='lat' dir='ltr'><strong>ﬁlios</strong></span> <span class='ocrx_word' id='word_1_434' title='bbox 1291 5758 1530 5826; x_wconf 77' lang='lat' dir='ltr'><strong>educam,</strong></span> <span class='ocrx_word' id='word_1_435' title='bbox 1554 5778 1595 5818; x_wconf 88' lang='lat' dir='ltr'><strong>ss</strong></span> <span class='ocrx_word' id='word_1_436' title='bbox 1611 5764 1814 5831; x_wconf 71' lang='lat' dir='ltr'><strong>hospitio</strong></span> <span class='ocrx_word' id='word_1_437' title='bbox 1836 5770 2033 5835; x_wconf 67' lang='lat' dir='ltr'><strong>receW-</strong></span> <span class='ocrx_word' id='word_1_438' title='bbox 2060 5774 2132 5827; x_wconf 61' lang='lat' dir='ltr'><strong>Sic</strong></span> <span class='ocrx_word' id='word_1_439' title='bbox 2154 5782 2259 5829; x_wconf 65' lang='grc' dir='ltr'><strong>ιτα</strong></span> 
     </span>
    </p>
   </div>
   <div class='ocr_carea' id='block_1_60' title="bbox 1388 373 3221 444">
    <p class='ocr_par' dir='ltr' id='par_1_60' title="bbox 1388 373 3221 444">
     <span class='ocr_line' id='line_1_60' title="bbox 1388 373 3221 444; baseline -0.002 0"><span class='ocrx_word' id='word_1_440' title='bbox 1388 383 1448 444; x_wconf 80' lang='lat'><strong>8.</strong></span> <span class='ocrx_word' id='word_1_441' title='bbox 1485 379 1766 444; x_wconf 70' lang='lat' dir='ltr'><strong>JOANNIS</strong></span> <span class='ocrx_word' id='word_1_442' title='bbox 1801 374 2283 438; x_wconf 72' lang='lat' dir='ltr'><strong>CilﬂYSOBTOll</strong></span> <span class='ocrx_word' id='word_1_443' title='bbox 2322 373 2644 435; x_wconf 73' lang='lat' dir='ltr'><strong>ARCIIIEP.</strong></span> <span class='ocrx_word' id='word_1_444' title='bbox 2684 375 3221 440; x_wconf 71' lang='lat' dir='ltr'><strong>CONSTANTINOP.</strong></span> 
     </span>
    </p>
   </div>
   <div class='ocr_carea' id='block_1_61' title="bbox 3841 402 3876 462">
    <p class='ocr_par' dir='ltr' id='par_1_61' title="bbox 3841 402 3876 462">
     <span class='ocr_line' id='line_1_61' title="bbox 3841 402 3876 462; baseline 0 0"><span class='ocrx_word' id='word_1_445' title='bbox 3841 402 3876 462; x_wconf 68' lang='grc' dir='ltr'><em>τε</em></span> 
     </span>
    </p>
   </div>
   <div class='ocr_carea' id='block_1_62' title="bbox 2368 401 3953 581">
    <p class='ocr_par' dir='ltr' id='par_1_62' title="bbox 2368 401 3953 581">
     <span class='ocr_line' id='line_1_62' title="bbox 2374 401 3950 465; baseline 0.004 -31"><span class='ocrx_word' id='word_1_446' title='bbox 2374 401 2644 434; x_wconf 70' lang='grc' dir='ltr'>ιιυιιιεοιν.</span> <span class='ocrx_word' id='word_1_447' title='bbox 2684 401 2855 437; x_wconf 64' lang='grc' dir='ltr'><strong>υυιῖδ</strong></span> <span class='ocrx_word' id='word_1_448' title='bbox 2868 401 2889 436; x_wconf 89' lang='grc' dir='ltr'><strong>Ι</strong></span> <span class='ocrx_word' id='word_1_449' title='bbox 2904 401 2992 435; x_wconf 57' lang='lat'><strong>5.‘</strong></span> <span class='ocrx_word' id='word_1_450' title='bbox 3007 401 3031 437; x_wconf 85' lang='grc' dir='ltr'><strong>ι</strong></span> <span class='ocrx_word' id='word_1_451' title='bbox 3044 401 3221 440; x_wconf 70' lang='grc' dir='ltr'><strong>ιαυν.</strong></span> 
     </span>
     <span class='ocr_line' id='line_1_63' title="bbox 2368 487 3953 581; baseline 0.015 -34"><span class='ocrx_word' id='word_1_452' title='bbox 2368 487 2526 549; x_wconf 83' lang='lat' dir='ltr'><strong>istum</strong></span> <span class='ocrx_word' id='word_1_453' title='bbox 2568 492 2786 567; x_wconf 82' lang='lat' dir='ltr'><strong>adlegit.</strong></span> <span class='ocrx_word' id='word_1_454' title='bbox 2837 497 2975 567; x_wconf 87' lang='lat' dir='ltr'><strong>Quid</strong></span> <span class='ocrx_word' id='word_1_455' title='bbox 3018 500 3211 572; x_wconf 68' lang='lat' dir='ltr'><strong>igitur?</strong></span> <span class='ocrx_word' id='word_1_456' title='bbox 3255 518 3435 565; x_wconf 82' lang='lat' dir='ltr'><strong>nonne</strong></span> <span class='ocrx_word' id='word_1_457' title='bbox 3478 508 3720 581; x_wconf 66' lang='lat' dir='ltr'><strong>plurima</strong></span> <span class='ocrx_word' id='word_1_458' title='bbox 3738 556 3754 581; x_wconf 88' lang='lat'><strong>,</strong></span> <span class='ocrx_word' id='word_1_459' title='bbox 3804 517 3953 575; x_wconf 77' lang='lat' dir='ltr'><strong>dicet</strong></span> 
     </span>
    </p>
   </div>
   <div class='ocr_carea' id='block_1_63' title="bbox 2364 583 3946 676">
    <p class='ocr_par' dir='ltr' id='par_1_63' title="bbox 2364 583 3946 676">
     <span class='ocr_line' id='line_1_64' title="bbox 2364 583 3946 676; baseline 0.015 -36"><span class='ocrx_word' id='word_1_460' title='bbox 2364 583 2576 676; x_wconf 80' lang='lat' dir='ltr'><strong>aliquis,</strong></span> <span class='ocrx_word' id='word_1_461' title='bbox 2605 600 2727 645; x_wconf 88' lang='lat' dir='ltr'><strong>cum</strong></span> <span class='ocrx_word' id='word_1_462' title='bbox 2754 589 2838 645; x_wconf 79' lang='lat' dir='ltr'><strong>vel</strong></span> <span class='ocrx_word' id='word_1_463' title='bbox 2869 600 2987 660; x_wconf 85' lang='lat' dir='ltr'><strong>post</strong></span> <span class='ocrx_word' id='word_1_464' title='bbox 3023 606 3220 650; x_wconf 88' lang='lat' dir='ltr'><strong>annum</strong></span> <span class='ocrx_word' id='word_1_465' title='bbox 3247 596 3559 659; x_wconf 81' lang='lat' dir='ltr'><strong>vicesimum</strong></span> <span class='ocrx_word' id='word_1_466' title='bbox 3598 603 3946 676; x_wconf 83' lang='lat' dir='ltr'><strong>incepisssut,</strong></span> 
     </span>
    </p>
   </div>
   <div class='ocr_carea' id='block_1_64' title="bbox 2363 673 3948 766">
    <p class='ocr_par' dir='ltr' id='par_1_64' title="bbox 2363 673 3948 766">
     <span class='ocr_line' id='line_1_65' title="bbox 2363 673 3948 766; baseline 0.016 -37"><span class='ocrx_word' id='word_1_467' title='bbox 2363 673 2431 729; x_wconf 90' lang='lat' dir='ltr'><strong>ad</strong></span> <span class='ocrx_word' id='word_1_468' title='bbox 2462 677 2618 733; x_wconf 89' lang='lat' dir='ltr'><strong>linem</strong></span> <span class='ocrx_word' id='word_1_469' title='bbox 2648 692 2817 748; x_wconf 84' lang='lat' dir='ltr'><strong>usque</strong></span> <span class='ocrx_word' id='word_1_470' title='bbox 2843 695 2964 737; x_wconf 89' lang='lat' dir='ltr'><strong>cum</strong></span> <span class='ocrx_word' id='word_1_471' title='bbox 2995 683 3151 740; x_wconf 88' lang='lat' dir='ltr'><strong>laude</strong></span> <span class='ocrx_word' id='word_1_472' title='bbox 3181 686 3448 758; x_wconf 77' lang='lat' dir='ltr'><strong>riserunt,</strong></span> <span class='ocrx_word' id='word_1_473' title='bbox 3476 693 3661 764; x_wconf 81' lang='lat' dir='ltr'><strong>jugum</strong></span> <span class='ocrx_word' id='word_1_474' title='bbox 3689 673 3948 766; x_wconf 80' lang='lat' dir='ltr'><strong>tuienmt,</strong></span> 
     </span>
    </p>
   </div>
   <div class='ocr_carea' id='block_1_65' title="bbox 2362 769 3950 862">
    <p class='ocr_par' dir='ltr' id='par_1_65' title="bbox 2362 769 3950 862">
     <span class='ocr_line' id='line_1_66' title="bbox 2362 769 3950 862; baseline 0.019 -43"><span class='ocrx_word' id='word_1_475' title='bbox 2362 774 2419 820; x_wconf 90' lang='lat' dir='ltr'><strong>et</strong></span> <span class='ocrx_word' id='word_1_476' title='bbox 2445 769 2747 862; x_wconf 69' lang='lat' dir='ltr'><strong>apostolica</strong></span> <span class='ocrx_word' id='word_1_477' title='bbox 2793 773 2917 862; x_wconf 69' lang='lat' dir='ltr'><strong>vitae</strong></span> <span class='ocrx_word' id='word_1_478' title='bbox 2962 776 3233 847; x_wconf 88' lang='lat' dir='ltr'><strong>specimen</strong></span> <span class='ocrx_word' id='word_1_479' title='bbox 3280 780 3595 847; x_wconf 81' lang='lat' dir='ltr'><strong>ediderunt!</strong></span> <span class='ocrx_word' id='word_1_480' title='bbox 3642 802 3710 844; x_wconf 89' lang='lat' dir='ltr'><strong>an</strong></span> <span class='ocrx_word' id='word_1_481' title='bbox 3757 790 3950 862; x_wconf 82' lang='lat' dir='ltr'><strong>igitur,</strong></span> 
     </span>
    </p>
   </div>
   <div class='ocr_carea' id='block_1_66' title="bbox 2363 858 3955 936">
    <p class='ocr_par' dir='ltr' id='par_1_66' title="bbox 2363 858 3955 936">
     <span class='ocr_line' id='line_1_67' title="bbox 2363 858 3955 936; baseline 0.021 -31"><span class='ocrx_word' id='word_1_482' title='bbox 2363 870 2564 924; x_wconf 71' lang='lat' dir='ltr'><strong>qumso,</strong></span> <span class='ocrx_word' id='word_1_483' title='bbox 2587 858 2705 915; x_wconf 92' lang='lat' dir='ltr'><strong>illas</strong></span> <span class='ocrx_word' id='word_1_484' title='bbox 2729 860 3153 934; x_wconf 85' lang='lat' dir='ltr'><strong>prohibebimus,</strong></span> <span class='ocrx_word' id='word_1_485' title='bbox 3175 878 3369 926; x_wconf 86' lang='lat' dir='ltr'><strong>etcum</strong></span> <span class='ocrx_word' id='word_1_486' title='bbox 3395 873 3702 934; x_wconf 78' lang='lat' dir='ltr'><strong>viduitatem</strong></span> <span class='ocrx_word' id='word_1_487' title='bbox 3733 858 3955 936; x_wconf 76' lang='lat' dir='ltr'><strong>servare</strong></span> 
     </span>
    </p>
   </div>
   <div class='ocr_carea' id='block_1_67' title="bbox 2361 948 3954 1035">
    <p class='ocr_par' dir='ltr' id='par_1_67' title="bbox 2361 948 3954 1035">
     <span class='ocr_line' id='line_1_68' title="bbox 2361 948 3954 1035; baseline 0.019 -35"><span class='ocrx_word' id='word_1_488' title='bbox 2361 948 2546 1014; x_wconf 79' lang='lat' dir='ltr'><strong>velint,</strong></span> <span class='ocrx_word' id='word_1_489' title='bbox 2594 953 2845 1011; x_wconf 88' lang='lat' dir='ltr'><strong>secundis</strong></span> <span class='ocrx_word' id='word_1_490' title='bbox 2893 958 3089 1026; x_wconf 86' lang='lat' dir='ltr'><strong>nuptiis</strong></span> <span class='ocrx_word' id='word_1_491' title='bbox 3133 960 3283 1032; x_wconf 84' lang='lat' dir='ltr'><strong>jungi</strong></span> <span class='ocrx_word' id='word_1_492' title='bbox 3308 968 3595 1035; x_wconf 77' lang='lat' dir='ltr'><strong>cogemus?</strong></span> <span class='ocrx_word' id='word_1_493' title='bbox 3618 970 3844 1030; x_wconf 85' lang='lat' dir='ltr'><strong>hoccine</strong></span> <span class='ocrx_word' id='word_1_494' title='bbox 3869 976 3954 1030; x_wconf 86' lang='lat' dir='ltr'><strong>di-</strong></span> 
     </span>
    </p>
   </div>
   <div class='ocr_carea' id='block_1_68' title="bbox 2359 1039 3952 1135">
    <p class='ocr_par' dir='ltr' id='par_1_68' title="bbox 2359 1039 3952 1135">
     <span class='ocr_line' id='line_1_69' title="bbox 2359 1039 3952 1135; baseline 0.019 -43"><span class='ocrx_word' id='word_1_495' title='bbox 2359 1051 2521 1109; x_wconf 85' lang='lat' dir='ltr'><strong>gnum</strong></span> <span class='ocrx_word' id='word_1_496' title='bbox 2560 1053 2642 1097; x_wconf 90' lang='lat' dir='ltr'><strong>est</strong></span> <span class='ocrx_word' id='word_1_497' title='bbox 2682 1039 2908 1114; x_wconf 79' lang='lat' dir='ltr'><strong>apostoli</strong></span> <span class='ocrx_word' id='word_1_498' title='bbox 2955 1049 3216 1106; x_wconf 83' lang='lat' dir='ltr'><strong>consilio?</strong></span> <span class='ocrx_word' id='word_1_499' title='bbox 3240 1054 3366 1124; x_wconf 89' lang='lat' dir='ltr'><strong>quid</strong></span> <span class='ocrx_word' id='word_1_500' title='bbox 3397 1057 3557 1128; x_wconf 80' lang='lat' dir='ltr'><strong>igitur</strong></span> <span class='ocrx_word' id='word_1_501' title='bbox 3590 1060 3704 1118; x_wconf 65' lang='lat' dir='ltr'><strong>haec</strong></span> <span class='ocrx_word' id='word_1_502' title='bbox 3726 1064 3827 1135; x_wconf 78' lang='lat' dir='ltr'><strong>sibi</strong></span> <span class='ocrx_word' id='word_1_503' title='bbox 3859 1081 3952 1122; x_wconf 80' lang='lat' dir='ltr'><strong>vo-</strong></span> 
     </span>
    </p>
   </div>
   <div class='ocr_carea' id='block_1_69' title="bbox 2361 1131 3948 1225">
    <p class='ocr_par' dir='ltr' id='par_1_69' title="bbox 2361 1131 3948 1225">
     <span class='ocr_line' id='line_1_70' title="bbox 2361 1131 3948 1225; baseline 0.019 -38"><span class='ocrx_word' id='word_1_504' title='bbox 2361 1131 2477 1188; x_wconf 89' lang='lat' dir='ltr'><strong>lunt</strong></span> <span class='ocrx_word' id='word_1_505' title='bbox 2492 1134 2518 1187; x_wconf 68' lang='grc' dir='ltr'><strong><em>ῒ</em></strong></span> <span class='ocrx_word' id='word_1_506' title='bbox 2532 1137 2572 1191; x_wconf 81' lang='grc' dir='ltr'>Α</span> <span class='ocrx_word' id='word_1_507' title='bbox 2582 1137 2801 1195; x_wconf 88' lang='lat' dir='ltr'><strong>ttendite</strong></span> <span class='ocrx_word' id='word_1_508' title='bbox 2814 1139 3113 1211; x_wconf 85' lang='lat' dir='ltr'><strong>diligenter,</strong></span> <span class='ocrx_word' id='word_1_509' title='bbox 3131 1145 3480 1218; x_wconf 86' lang='lat' dir='ltr'><strong>dilectissimi,</strong></span> <span class='ocrx_word' id='word_1_510' title='bbox 3504 1131 3948 1225; x_wconf 73' lang='lat' dir='ltr'><strong>signiﬁcationem</strong></span> 
     </span>
    </p>
   </div>
   <div class='ocr_carea' id='block_1_70' title="bbox 2360 1225 3951 1308">
    <p class='ocr_par' dir='ltr' id='par_1_70' title="bbox 2360 1225 3951 1308">
     <span class='ocr_line' id='line_1_71' title="bbox 2360 1225 3951 1308; baseline 0.018 -28"><span class='ocrx_word' id='word_1_511' title='bbox 2360 1225 2628 1284; x_wconf 87' lang='lat' dir='ltr'><strong>dictionis.</strong></span> <span class='ocrx_word' id='word_1_512' title='bbox 2654 1229 2773 1286; x_wconf 85' lang='lat' dir='ltr'><strong>Non</strong></span> <span class='ocrx_word' id='word_1_513' title='bbox 2796 1235 2939 1288; x_wconf 84' lang='lat' dir='ltr'><strong>enim</strong></span> <span class='ocrx_word' id='word_1_514' title='bbox 2964 1235 3120 1301; x_wconf 87' lang='lat' dir='ltr'><strong>dixit,</strong></span> <span class='ocrx_word' id='word_1_515' title='bbox 3145 1238 3312 1297; x_wconf 86' lang='lat' dir='ltr'><strong>Vidua</strong></span> <span class='ocrx_word' id='word_1_516' title='bbox 3339 1244 3432 1298; x_wconf 85' lang='lat' dir='ltr'><strong>ﬂat</strong></span> <span class='ocrx_word' id='word_1_517' title='bbox 3455 1260 3559 1300; x_wconf 89' lang='lat' dir='ltr'><strong>non</strong></span> <span class='ocrx_word' id='word_1_518' title='bbox 3590 1250 3770 1305; x_wconf 88' lang='lat' dir='ltr'><strong>minor</strong></span> <span class='ocrx_word' id='word_1_519' title='bbox 3795 1269 3951 1308; x_wconf 82' lang='lat' dir='ltr'><strong>sexa-</strong></span> 
     </span>
    </p>
   </div>
   <div class='ocr_carea' id='block_1_71' title="bbox 2358 1317 3947 1411">
    <p class='ocr_par' dir='ltr' id='par_1_71' title="bbox 2358 1317 3947 1411">
     <span class='ocr_line' id='line_1_72' title="bbox 2358 1317 3947 1411; baseline 0.016 -40"><span class='ocrx_word' id='word_1_520' title='bbox 2358 1317 2502 1411; x_wconf 80' lang='lat' dir='ltr'><strong>ginta</strong></span> <span class='ocrx_word' id='word_1_521' title='bbox 2530 1323 2706 1387; x_wconf 90' lang='lat' dir='ltr'><strong>annis,</strong></span> <span class='ocrx_word' id='word_1_522' title='bbox 2734 1324 2851 1390; x_wconf 90' lang='lat' dir='ltr'><strong>sed,</strong></span> <span class='ocrx_word' id='word_1_523' title='bbox 2893 1325 3062 1382; x_wconf 77' lang='lat' dir='ltr'><strong>Vidua</strong></span> <span class='ocrx_word' id='word_1_524' title='bbox 3088 1329 3344 1402; x_wconf 72' lang='lat' dir='ltr'><strong>eligatur:</strong></span> <span class='ocrx_word' id='word_1_525' title='bbox 3368 1343 3423 1391; x_wconf 92' lang='lat' dir='ltr'><strong>et</strong></span> <span class='ocrx_word' id='word_1_526' title='bbox 3443 1352 3629 1393; x_wconf 87' lang='lat' dir='ltr'><strong>rursus</strong></span> <span class='ocrx_word' id='word_1_527' title='bbox 3650 1356 3757 1397; x_wconf 89' lang='lat' dir='ltr'><strong>non</strong></span> <span class='ocrx_word' id='word_1_528' title='bbox 3788 1344 3947 1411; x_wconf 81' lang='lat' dir='ltr'><strong>dixit,</strong></span> 
     </span>
    </p>
   </div>
   <div class='ocr_carea' id='block_1_72' title="bbox 2362 1409 3949 1493">
    <p class='ocr_par' dir='ltr' id='par_1_72' title="bbox 2362 1409 3949 1493">
     <span class='ocr_line' id='line_1_73' title="bbox 2362 1409 3949 1493; baseline 0.018 -29"><span class='ocrx_word' id='word_1_529' title='bbox 2362 1409 2545 1467; x_wconf 66' lang='lat' dir='ltr'><strong>Vidua</strong></span> <span class='ocrx_word' id='word_1_530' title='bbox 2562 1412 2801 1482; x_wconf 87' lang='lat' dir='ltr'><strong>juniores</strong></span> <span class='ocrx_word' id='word_1_531' title='bbox 2826 1432 2895 1473; x_wconf 86' lang='lat' dir='ltr'><strong>ne</strong></span> <span class='ocrx_word' id='word_1_532' title='bbox 2918 1419 3201 1491; x_wconf 82' lang='lat' dir='ltr'><strong>eligantur,</strong></span> <span class='ocrx_word' id='word_1_533' title='bbox 3229 1424 3344 1492; x_wconf 86' lang='lat' dir='ltr'><strong>sed,</strong></span> <span class='ocrx_word' id='word_1_534' title='bbox 3383 1426 3622 1486; x_wconf 69' lang='lat' dir='ltr'><strong>Iuniores</strong></span> <span class='ocrx_word' id='word_1_535' title='bbox 3650 1436 3829 1491; x_wconf 73' lang='lat' dir='ltr'><strong>viduas</strong></span> <span class='ocrx_word' id='word_1_536' title='bbox 3854 1409 3949 1493; x_wconf 48' lang='lat' dir='ltr'><strong>de;</strong></span> 
     </span>
    </p>
   </div>
   <div class='ocr_carea' id='block_1_73' title="bbox 2358 1502 3952 1583">
    <p class='ocr_par' dir='ltr' id='par_1_73' title="bbox 2358 1502 3952 1583">
     <span class='ocr_line' id='line_1_74' title="bbox 2358 1502 3952 1583; baseline 0.018 -28"><span class='ocrx_word' id='word_1_537' title='bbox 2358 1502 2460 1556; x_wconf 76' lang='lat' dir='ltr'><strong>uita</strong></span> <span class='ocrx_word' id='word_1_538' title='bbox 2481 1504 2559 1574; x_wconf 87' lang='grc'><strong>(1.</strong></span> <span class='ocrx_word' id='word_1_539' title='bbox 2591 1502 2724 1559; x_wconf 82' lang='lat' dir='ltr'><strong>Tim.</strong></span> <span class='ocrx_word' id='word_1_540' title='bbox 2750 1507 2803 1564; x_wconf 81' lang='lat'><strong>5.</strong></span> <span class='ocrx_word' id='word_1_541' title='bbox 2840 1508 2929 1582; x_wconf 89' lang='grc'><strong>11)</strong></span> <span class='ocrx_word' id='word_1_542' title='bbox 2956 1526 2970 1564; x_wconf 91' lang='lat'><strong>:</strong></span> <span class='ocrx_word' id='word_1_543' title='bbox 2996 1517 3073 1569; x_wconf 89' lang='lat' dir='ltr'><strong>sic</strong></span> <span class='ocrx_word' id='word_1_544' title='bbox 3088 1515 3231 1570; x_wconf 88' lang='lat' dir='ltr'><strong>enim</strong></span> <span class='ocrx_word' id='word_1_545' title='bbox 3248 1517 3326 1572; x_wconf 83' lang='lat' dir='ltr'><strong>ait</strong></span> <span class='ocrx_word' id='word_1_546' title='bbox 3349 1518 3416 1574; x_wconf 90' lang='lat' dir='ltr'><strong>ad</strong></span> <span class='ocrx_word' id='word_1_547' title='bbox 3445 1518 3785 1581; x_wconf 78' lang='lat' dir='ltr'><strong>Timotheum</strong></span> <span class='ocrx_word' id='word_1_548' title='bbox 3812 1531 3952 1583; x_wconf 85' lang='lat' dir='ltr'><strong>scri-</strong></span> 
     </span>
    </p>
   </div>
   <div class='ocr_carea' id='block_1_74' title="bbox 2359 1592 3951 1687">
    <p class='ocr_par' dir='ltr' id='par_1_74' title="bbox 2359 1592 3951 1687">
     <span class='ocr_line' id='line_1_75' title="bbox 2359 1592 3951 1687; baseline 0.018 -40"><span class='ocrx_word' id='word_1_549' title='bbox 2359 1592 2509 1687; x_wconf 77' lang='lat' dir='ltr'><strong>bens.</strong></span> <span class='ocrx_word' id='word_1_550' title='bbox 2560 1596 2699 1687; x_wconf 17' lang='lat' dir='ltr'><strong>iNam</strong></span> <span class='ocrx_word' id='word_1_551' title='bbox 2766 1602 3017 1669; x_wconf 89' lang='lat' dir='ltr'><strong>quoniam</strong></span> <span class='ocrx_word' id='word_1_552' title='bbox 3081 1604 3498 1668; x_wconf 84' lang='lat' dir='ltr'><strong>detractionibus</strong></span> <span class='ocrx_word' id='word_1_553' title='bbox 3544 1622 3607 1670; x_wconf 85' lang='lat' dir='ltr'><strong>et</strong></span> <span class='ocrx_word' id='word_1_554' title='bbox 3649 1618 3951 1687; x_wconf 69' lang='lat' dir='ltr'><strong>maledictis</strong></span> 
     </span>
    </p>
   </div>
   <div class='ocr_carea' id='block_1_75' title="bbox 2358 1684 3951 1771">
    <p class='ocr_par' dir='ltr' id='par_1_75' title="bbox 2358 1684 3951 1771">
     <span class='ocr_line' id='line_1_76' title="bbox 2358 1684 3951 1771; baseline 0.018 -34"><span class='ocrx_word' id='word_1_555' title='bbox 2358 1684 2527 1741; x_wconf 76' lang='lat' dir='ltr'><strong>multi-</strong></span> <span class='ocrx_word' id='word_1_556' title='bbox 2550 1686 2705 1744; x_wconf 75' lang='lat' dir='ltr'><strong>facile</strong></span> <span class='ocrx_word' id='word_1_557' title='bbox 2747 1702 2870 1747; x_wconf 90' lang='lat' dir='ltr'><strong>sunt</strong></span> <span class='ocrx_word' id='word_1_558' title='bbox 2894 1693 3131 1762; x_wconf 81' lang='lat' dir='ltr'><strong>obnoxii,</strong></span> <span class='ocrx_word' id='word_1_559' title='bbox 3163 1709 3218 1753; x_wconf 88' lang='lat' dir='ltr'><strong>et</strong></span> <span class='ocrx_word' id='word_1_560' title='bbox 3246 1698 3454 1771; x_wconf 85' lang='lat' dir='ltr'><strong>linguas</strong></span> <span class='ocrx_word' id='word_1_561' title='bbox 3478 1702 3737 1761; x_wconf 77' lang='lat' dir='ltr'><strong>adversus</strong></span> <span class='ocrx_word' id='word_1_562' title='bbox 3760 1684 3951 1766; x_wconf 36' lang='lat' dir='ltr'><strong>Eccle;</strong></span> 
     </span>
    </p>
   </div>
   <div class='ocr_carea' id='block_1_76' title="bbox 2356 1778 3951 1858">
    <p class='ocr_par' dir='ltr' id='par_1_76' title="bbox 2356 1778 3951 1858">
     <span class='ocr_line' id='line_1_77' title="bbox 2356 1778 3951 1858; baseline 0.017 -27"><span class='ocrx_word' id='word_1_563' title='bbox 2356 1778 2449 1831; x_wconf 73' lang='lat' dir='ltr'><strong>sia:</strong></span> <span class='ocrx_word' id='word_1_564' title='bbox 2470 1782 2728 1848; x_wconf 74' lang='lat' dir='ltr'><strong>przesules</strong></span> <span class='ocrx_word' id='word_1_565' title='bbox 2755 1794 3006 1841; x_wconf 85' lang='lat' dir='ltr'><strong>exacutas</strong></span> <span class='ocrx_word' id='word_1_566' title='bbox 3031 1786 3248 1858; x_wconf 85' lang='lat' dir='ltr'><strong>habent,</strong></span> <span class='ocrx_word' id='word_1_567' title='bbox 3282 1794 3465 1851; x_wconf 89' lang='lat' dir='ltr'><strong>volens</strong></span> <span class='ocrx_word' id='word_1_568' title='bbox 3492 1807 3755 1855; x_wconf 89' lang='lat' dir='ltr'><strong>rectorem</strong></span> <span class='ocrx_word' id='word_1_569' title='bbox 3786 1818 3815 1855; x_wconf 86' lang='lat' dir='ltr'><strong>a</strong></span> <span class='ocrx_word' id='word_1_570' title='bbox 3842 1804 3951 1858; x_wconf 82' lang='lat' dir='ltr'><strong>cri-</strong></span> 
     </span>
    </p>
   </div>
   <div class='ocr_carea' id='block_1_77' title="bbox 2358 1873 3947 1963">
    <p class='ocr_par' dir='ltr' id='par_1_77' title="bbox 2358 1873 3947 1963">
     <span class='ocr_line' id='line_1_78' title="bbox 2358 1873 3947 1963; baseline 0.018 -41"><span class='ocrx_word' id='word_1_571' title='bbox 2358 1873 2705 1928; x_wconf 89' lang='lat' dir='ltr'><strong>minationum</strong></span> <span class='ocrx_word' id='word_1_572' title='bbox 2741 1877 2989 1945; x_wconf 88' lang='lat' dir='ltr'><strong>periculis</strong></span> <span class='ocrx_word' id='word_1_573' title='bbox 3015 1881 3309 1953; x_wconf 85' lang='lat' dir='ltr'><strong>vindicare,</strong></span> <span class='ocrx_word' id='word_1_574' title='bbox 3337 1886 3434 1942; x_wconf 86' lang='lat' dir='ltr'><strong>has</strong></span> <span class='ocrx_word' id='word_1_575' title='bbox 3457 1889 3601 1960; x_wconf 87' lang='lat' dir='ltr'><strong>leges</strong></span> <span class='ocrx_word' id='word_1_576' title='bbox 3621 1895 3947 1963; x_wconf 63' lang='lat' dir='ltr'><strong>perscribit,</strong></span> 
     </span>
    </p>
   </div>
   <div class='ocr_carea' id='block_1_78' title="bbox 2356 1966 3949 2053">
    <p class='ocr_par' dir='ltr' id='par_1_78' title="bbox 2356 1966 3949 2053">
     <span class='ocr_line' id='line_1_79' title="bbox 2356 1966 3949 2053; baseline 0.017 -36"><span class='ocrx_word' id='word_1_577' title='bbox 2356 1972 2411 2018; x_wconf 91' lang='lat' dir='ltr'><strong>et</strong></span> <span class='ocrx_word' id='word_1_578' title='bbox 2434 1966 2540 2021; x_wconf 90' lang='lat' dir='ltr'><strong>ait:</strong></span> <span class='ocrx_word' id='word_1_579' title='bbox 2574 1966 2652 2021; x_wconf 82' lang='lat' dir='ltr'><strong>Tu</strong></span> <span class='ocrx_word' id='word_1_580' title='bbox 2678 1968 2877 2037; x_wconf 88' lang='lat' dir='ltr'><strong>devita,</strong></span> <span class='ocrx_word' id='word_1_581' title='bbox 2923 1981 2978 2027; x_wconf 90' lang='lat' dir='ltr'><strong>tu</strong></span> <span class='ocrx_word' id='word_1_582' title='bbox 3019 1990 3087 2029; x_wconf 87' lang='lat' dir='ltr'><strong>ne</strong></span> <span class='ocrx_word' id='word_1_583' title='bbox 3125 1976 3308 2048; x_wconf 89' lang='lat' dir='ltr'><strong>eligas.</strong></span> <span class='ocrx_word' id='word_1_584' title='bbox 3339 1979 3396 2035; x_wconf 87' lang='lat' dir='ltr'><strong>Si</strong></span> <span class='ocrx_word' id='word_1_585' title='bbox 3422 1982 3689 2053; x_wconf 78' lang='lat' dir='ltr'><strong>veltt‘ipsa</strong></span> <span class='ocrx_word' id='word_1_586' title='bbox 3718 1986 3859 2041; x_wconf 90' lang='lat' dir='ltr'><strong>uitro</strong></span> <span class='ocrx_word' id='word_1_587' title='bbox 3883 2003 3949 2044; x_wconf 83' lang='lat' dir='ltr'><strong>ac</strong></span> 
     </span>
    </p>
   </div>
   <div class='ocr_carea' id='block_1_79' title="bbox 2355 2060 3946 2142">
    <p class='ocr_par' dir='ltr' id='par_1_79' title="bbox 2355 2060 3946 2142">
     <span class='ocr_line' id='line_1_80' title="bbox 2355 2060 3946 2142; baseline 0.014 -32"><span class='ocrx_word' id='word_1_588' title='bbox 2355 2070 2452 2110; x_wconf 87' lang='lat' dir='ltr'><strong>sua</strong></span> <span class='ocrx_word' id='word_1_589' title='bbox 2480 2067 2670 2124; x_wconf 87' lang='lat' dir='ltr'><strong>sponte</strong></span> <span class='ocrx_word' id='word_1_590' title='bbox 2700 2060 2814 2115; x_wconf 53' lang='lat' dir='ltr'><strong>haec</strong></span> <span class='ocrx_word' id='word_1_591' title='bbox 2839 2063 3108 2132; x_wconf 90' lang='lat' dir='ltr'><strong>amplecti,</strong></span> <span class='ocrx_word' id='word_1_592' title='bbox 3142 2066 3331 2125; x_wconf 81' lang='lat' dir='ltr'><strong>faciat:</strong></span> <span class='ocrx_word' id='word_1_593' title='bbox 3362 2079 3414 2124; x_wconf 92' lang='lat' dir='ltr'><strong>tu</strong></span> <span class='ocrx_word' id='word_1_594' title='bbox 3436 2072 3649 2142; x_wconf 87' lang='lat' dir='ltr'><strong>quidem</strong></span> <span class='ocrx_word' id='word_1_595' title='bbox 3673 2090 3741 2129; x_wconf 89' lang='lat' dir='ltr'><strong>ne</strong></span> <span class='ocrx_word' id='word_1_596' title='bbox 3768 2076 3946 2133; x_wconf 85' lang='lat' dir='ltr'><strong>adhuc</strong></span> 
     </span>
    </p>
   </div>
   <div class='ocr_carea' id='block_1_80' title="bbox 2356 2145 3945 2239">
    <p class='ocr_par' dir='ltr' id='par_1_80' title="bbox 2356 2145 3945 2239">
     <span class='ocr_line' id='line_1_81' title="bbox 2356 2145 3945 2239; baseline 0.016 -41"><span class='ocrx_word' id='word_1_597' title='bbox 2356 2145 2626 2215; x_wconf 83' lang='lat' dir='ltr'><strong>admittas,</strong></span> <span class='ocrx_word' id='word_1_598' title='bbox 2674 2166 2742 2206; x_wconf 92' lang='lat' dir='ltr'><strong>ne</strong></span> <span class='ocrx_word' id='word_1_599' title='bbox 2786 2151 2922 2209; x_wconf 81' lang='lat' dir='ltr'><strong>forte</strong></span> <span class='ocrx_word' id='word_1_600' title='bbox 2961 2155 3159 2223; x_wconf 90' lang='lat' dir='ltr'><strong>dicant,</strong></span> <span class='ocrx_word' id='word_1_601' title='bbox 3192 2158 3285 2214; x_wconf 87' lang='lat' dir='ltr'><strong>ille</strong></span> <span class='ocrx_word' id='word_1_602' title='bbox 3312 2162 3431 2216; x_wconf 86' lang='lat' dir='ltr'><strong>talis</strong></span> <span class='ocrx_word' id='word_1_603' title='bbox 3452 2164 3718 2231; x_wconf 75' lang='lat' dir='ltr'><strong>iuniorem</strong></span> <span class='ocrx_word' id='word_1_604' title='bbox 3745 2170 3945 2239; x_wconf 86' lang='lat' dir='ltr'><strong>coegit,</strong></span> 
     </span>
    </p>
   </div>
   <div class='ocr_carea' id='block_1_81' title="bbox 2356 2239 3945 2327">
    <p class='ocr_par' dir='ltr' id='par_1_81' title="bbox 2356 2239 3945 2327">
     <span class='ocr_line' id='line_1_82' title="bbox 2356 2239 3945 2327; baseline 0.017 -38"><span class='ocrx_word' id='word_1_605' title='bbox 2356 2251 2475 2306; x_wconf 71' lang='lat' dir='ltr'><strong>qua</strong></span> <span class='ocrx_word' id='word_1_606' title='bbox 2513 2239 2719 2296; x_wconf 89' lang='lat' dir='ltr'><strong>nubere</strong></span> <span class='ocrx_word' id='word_1_607' title='bbox 2760 2244 2989 2311; x_wconf 86' lang='lat' dir='ltr'><strong>volebat,</strong></span> <span class='ocrx_word' id='word_1_608' title='bbox 3035 2256 3093 2302; x_wconf 90' lang='lat' dir='ltr'><strong>et</strong></span> <span class='ocrx_word' id='word_1_609' title='bbox 3128 2248 3309 2304; x_wconf 89' lang='lat' dir='ltr'><strong>domui</strong></span> <span class='ocrx_word' id='word_1_610' title='bbox 3349 2266 3619 2320; x_wconf 68' lang='lat' dir='ltr'><strong>praeesse:</strong></span> <span class='ocrx_word' id='word_1_611' title='bbox 3662 2267 3945 2327; x_wconf 82' lang='lat' dir='ltr'><strong>propterea</strong></span> 
     </span>
    </p>
   </div>
   <div class='ocr_carea' id='block_1_82' title="bbox 2349 2328 3945 2417">
    <p class='ocr_par' dir='ltr' id='par_1_82' title="bbox 2349 2328 3945 2417">
     <span class='ocr_line' id='line_1_83' title="bbox 2349 2328 3945 2417; baseline 0.015 -36"><span class='ocrx_word' id='word_1_612' title='bbox 2349 2328 2502 2397; x_wconf 79' lang='lat' dir='ltr'><strong>lapsa</strong></span> <span class='ocrx_word' id='word_1_613' title='bbox 2542 2339 2646 2396; x_wconf 91' lang='lat' dir='ltr'><strong>est,</strong></span> <span class='ocrx_word' id='word_1_614' title='bbox 2689 2343 2741 2386; x_wconf 89' lang='lat' dir='ltr'><strong>et</strong></span> <span class='ocrx_word' id='word_1_615' title='bbox 2774 2336 3129 2404; x_wconf 89' lang='lat' dir='ltr'><strong>snpplantata.</strong></span> <span class='ocrx_word' id='word_1_616' title='bbox 3174 2340 3251 2395; x_wconf 83' lang='lat' dir='ltr'><strong>Tu</strong></span> <span class='ocrx_word' id='word_1_617' title='bbox 3296 2342 3441 2398; x_wconf 90' lang='lat' dir='ltr'><strong>illam</strong></span> <span class='ocrx_word' id='word_1_618' title='bbox 3482 2360 3550 2400; x_wconf 89' lang='lat' dir='ltr'><strong>ne</strong></span> <span class='ocrx_word' id='word_1_619' title='bbox 3592 2346 3781 2417; x_wconf 84' lang='lat' dir='ltr'><strong>eligas,</strong></span> <span class='ocrx_word' id='word_1_620' title='bbox 3812 2352 3945 2405; x_wconf 84' lang='lat' dir='ltr'><strong>utsi</strong></span> 
     </span>
    </p>
   </div>
   <div class='ocr_carea' id='block_1_83' title="bbox 2355 2418 3943 2495">
    <p class='ocr_par' dir='ltr' id='par_1_83' title="bbox 2355 2418 3943 2495">
     <span class='ocr_line' id='line_1_84' title="bbox 2355 2418 3943 2495; baseline 0.014 -22"><span class='ocrx_word' id='word_1_621' title='bbox 2355 2418 2491 2475; x_wconf 76' lang='lat' dir='ltr'><strong>forte</strong></span> <span class='ocrx_word' id='word_1_622' title='bbox 2520 2423 2665 2489; x_wconf 80' lang='lat' dir='ltr'><strong>lapsa</strong></span> <span class='ocrx_word' id='word_1_623' title='bbox 2706 2424 2885 2488; x_wconf 82' lang='lat' dir='ltr'><strong>fuerit,</strong></span> <span class='ocrx_word' id='word_1_624' title='bbox 2918 2438 2971 2481; x_wconf 89' lang='lat' dir='ltr'><strong>tu</strong></span> <span class='ocrx_word' id='word_1_625' title='bbox 2998 2445 3025 2481; x_wconf 87' lang='lat' dir='ltr'><strong>a</strong></span> <span class='ocrx_word' id='word_1_626' title='bbox 3056 2430 3514 2490; x_wconf 83' lang='lat' dir='ltr'><strong>criminationibus</strong></span> <span class='ocrx_word' id='word_1_627' title='bbox 3539 2437 3613 2491; x_wconf 88' lang='lat' dir='ltr'><strong>sis</strong></span> <span class='ocrx_word' id='word_1_628' title='bbox 3641 2438 3896 2495; x_wconf 88' lang='lat' dir='ltr'><strong>immunis</strong></span> <span class='ocrx_word' id='word_1_629' title='bbox 3925 2459 3943 2494; x_wconf 87' lang='lat'><strong>:</strong></span> 
     </span>
    </p>
   </div>
   <div class='ocr_carea' id='block_1_84' title="bbox 2355 2512 3947 2589">
    <p class='ocr_par' dir='ltr' id='par_1_84' title="bbox 2355 2512 3947 2589">
     <span class='ocr_line' id='line_1_85' title="bbox 2355 2512 3947 2589; baseline 0.014 -24"><span class='ocrx_word' id='word_1_630' title='bbox 2355 2512 2399 2565; x_wconf 89' lang='lat' dir='ltr'><strong>si</strong></span> <span class='ocrx_word' id='word_1_631' title='bbox 2427 2527 2534 2567; x_wconf 90' lang='lat' dir='ltr'><strong>non</strong></span> <span class='ocrx_word' id='word_1_632' title='bbox 2563 2513 2720 2570; x_wconf 83' lang='lat' dir='ltr'><strong>fuerit</strong></span> <span class='ocrx_word' id='word_1_633' title='bbox 2744 2516 2909 2587; x_wconf 79' lang='lat' dir='ltr'><strong>lapsa,</strong></span> <span class='ocrx_word' id='word_1_634' title='bbox 2929 2521 3120 2589; x_wconf 87' lang='lat' dir='ltr'><strong>majori</strong></span> <span class='ocrx_word' id='word_1_635' title='bbox 3150 2539 3271 2577; x_wconf 93' lang='lat' dir='ltr'><strong>cum</strong></span> <span class='ocrx_word' id='word_1_636' title='bbox 3297 2528 3584 2584; x_wconf 88' lang='lat' dir='ltr'><strong>securitate</strong></span> <span class='ocrx_word' id='word_1_637' title='bbox 3601 2534 3947 2588; x_wconf 83' lang='lat' dir='ltr'><strong>convenienti</strong></span> 
     </span>
    </p>
   </div>
   <div class='ocr_carea' id='block_1_85' title="bbox 2358 2606 3945 2693">
    <p class='ocr_par' dir='ltr' id='par_1_85' title="bbox 2358 2606 3945 2693">
     <span class='ocr_line' id='line_1_86' title="bbox 2358 2606 3945 2693; baseline 0.014 -37"><span class='ocrx_word' id='word_1_638' title='bbox 2358 2609 2596 2673; x_wconf 87' lang='lat' dir='ltr'><strong>tempore</strong></span> <span class='ocrx_word' id='word_1_639' title='bbox 2642 2606 2791 2661; x_wconf 89' lang='lat' dir='ltr'><strong>illam</strong></span> <span class='ocrx_word' id='word_1_640' title='bbox 2838 2609 3023 2679; x_wconf 80' lang='lat' dir='ltr'><strong>eligas.</strong></span> <span class='ocrx_word' id='word_1_641' title='bbox 3069 2612 3222 2678; x_wconf 86' lang='lat' dir='ltr'><strong>Quod</strong></span> <span class='ocrx_word' id='word_1_642' title='bbox 3271 2616 3315 2670; x_wconf 89' lang='lat' dir='ltr'><strong>si</strong></span> <span class='ocrx_word' id='word_1_643' title='bbox 3364 2616 3526 2684; x_wconf 89' lang='lat' dir='ltr'><strong>dicat,</strong></span> <span class='ocrx_word' id='word_1_644' title='bbox 3568 2618 3945 2693; x_wconf 77' lang='lat' dir='ltr'><strong>Yolojuniorss</strong></span> 
     </span>
    </p>
   </div>
   <div class='ocr_carea' id='block_1_86' title="bbox 2354 2693 3943 2782">
    <p class='ocr_par' dir='ltr' id='par_1_86' title="bbox 2354 2693 3943 2782">
     <span class='ocr_line' id='line_1_87' title="bbox 2354 2693 3943 2782; baseline 0.014 -36"><span class='ocrx_word' id='word_1_645' title='bbox 2354 2693 2533 2748; x_wconf 68' lang='lat' dir='ltr'><strong>viduas</strong></span> <span class='ocrx_word' id='word_1_646' title='bbox 2576 2697 2780 2763; x_wconf 83' lang='lat' dir='ltr'><strong>nubere,</strong></span> <span class='ocrx_word' id='word_1_647' title='bbox 2821 2700 2957 2768; x_wconf 71' lang='lat' dir='ltr'><strong>filios</strong></span> <span class='ocrx_word' id='word_1_648' title='bbox 2989 2717 3256 2772; x_wconf 78' lang='lat' dir='ltr'><strong>procreare</strong></span> <span class='ocrx_word' id='word_1_649' title='bbox 3286 2704 3361 2777; x_wconf 90' lang='lat' dir='ltr'><strong>(i.</strong></span> <span class='ocrx_word' id='word_1_650' title='bbox 3405 2705 3540 2762; x_wconf 81' lang='lat' dir='ltr'><strong>Tim.</strong></span> <span class='ocrx_word' id='word_1_651' title='bbox 3571 2710 3625 2765; x_wconf 87' lang='lat'><strong>5.</strong></span> <span class='ocrx_word' id='word_1_652' title='bbox 3660 2706 3773 2782; x_wconf 71' lang='grc'><strong>14),</strong></span> <span class='ocrx_word' id='word_1_653' title='bbox 3818 2715 3943 2769; x_wconf 87' lang='lat' dir='ltr'><strong>audi</strong></span> 
     </span>
    </p>
   </div>
   <div class='ocr_carea' id='block_1_87' title="bbox 2356 2790 3944 2870">
    <p class='ocr_par' dir='ltr' id='par_1_87' title="bbox 2356 2790 3944 2870">
     <span class='ocr_line' id='line_1_88' title="bbox 2356 2790 3944 2870; baseline 0.014 -28"><span class='ocrx_word' id='word_1_654' title='bbox 2356 2804 2490 2858; x_wconf 82' lang='lat' dir='ltr'><strong>quas</strong></span> <span class='ocrx_word' id='word_1_655' title='bbox 2528 2790 2768 2859; x_wconf 88' lang='lat' dir='ltr'><strong>juniorcs</strong></span> <span class='ocrx_word' id='word_1_656' title='bbox 2794 2795 3044 2864; x_wconf 85' lang='lat' dir='ltr'><strong>appellet,</strong></span> <span class='ocrx_word' id='word_1_657' title='bbox 3075 2812 3167 2852; x_wconf 87' lang='lat' dir='ltr'><strong>eas</strong></span> <span class='ocrx_word' id='word_1_658' title='bbox 3194 2814 3314 2870; x_wconf 66' lang='lat' dir='ltr'><strong>quae</strong></span> <span class='ocrx_word' id='word_1_659' title='bbox 3339 2815 3459 2855; x_wconf 91' lang='lat' dir='ltr'><strong>cum</strong></span> <span class='ocrx_word' id='word_1_660' title='bbox 3488 2802 3775 2860; x_wconf 59' lang='lat' dir='ltr'><strong>luxuriatae</strong></span> <span class='ocrx_word' id='word_1_661' title='bbox 3820 2806 3944 2864; x_wconf 82' lang='lat' dir='ltr'><strong>iuc-</strong></span> 
     </span>
    </p>
   </div>
   <div class='ocr_carea' id='block_1_88' title="bbox 2354 2880 3945 2965">
    <p class='ocr_par' dir='ltr' id='par_1_88' title="bbox 2354 2880 3945 2965">
     <span class='ocr_line' id='line_1_89' title="bbox 2354 2880 3945 2965; baseline 0.015 -31"><span class='ocrx_word' id='word_1_662' title='bbox 2354 2880 2461 2935; x_wconf 86' lang='lat' dir='ltr'><strong>rint</strong></span> <span class='ocrx_word' id='word_1_663' title='bbox 2487 2882 2745 2940; x_wconf 86' lang='lat' dir='ltr'><strong>adversus</strong></span> <span class='ocrx_word' id='word_1_664' title='bbox 2767 2885 3058 2956; x_wconf 84' lang='lat' dir='ltr'><strong>Christum,</strong></span> <span class='ocrx_word' id='word_1_665' title='bbox 3090 2890 3289 2947; x_wconf 87' lang='lat' dir='ltr'><strong>nubere</strong></span> <span class='ocrx_word' id='word_1_666' title='bbox 3314 2894 3516 2960; x_wconf 87' lang='lat' dir='ltr'><strong>volunt,</strong></span> <span class='ocrx_word' id='word_1_667' title='bbox 3548 2897 3823 2965; x_wconf 85' lang='lat' dir='ltr'><strong>verbosas,</strong></span> <span class='ocrx_word' id='word_1_668' title='bbox 3851 2917 3945 2957; x_wconf 79' lang='lat' dir='ltr'><strong>cu-</strong></span> 
     </span>
    </p>
   </div>
   <div class='ocr_carea' id='block_1_89' title="bbox 2352 2974 3941 3061">
    <p class='ocr_par' dir='ltr' id='par_1_89' title="bbox 2352 2974 3941 3061">
     <span class='ocr_line' id='line_1_90' title="bbox 2352 2974 3941 3061; baseline 0.014 -33"><span class='ocrx_word' id='word_1_669' title='bbox 2352 2974 2562 3039; x_wconf 84' lang='lat' dir='ltr'><strong>riosas,</strong></span> <span class='ocrx_word' id='word_1_670' title='bbox 2619 2978 3013 3036; x_wconf 88' lang='lat' dir='ltr'><strong>circumeuntes</strong></span> <span class='ocrx_word' id='word_1_671' title='bbox 3067 2982 3291 3048; x_wconf 84' lang='lat' dir='ltr'><strong>domos,</strong></span> <span class='ocrx_word' id='word_1_672' title='bbox 3338 2987 3612 3057; x_wconf 86' lang='lat' dir='ltr'><strong>loquentes</strong></span> <span class='ocrx_word' id='word_1_673' title='bbox 3662 3007 3784 3061; x_wconf 77' lang='lat' dir='ltr'><strong>quze</strong></span> <span class='ocrx_word' id='word_1_674' title='bbox 3835 3009 3941 3050; x_wconf 81' lang='lat' dir='ltr'><strong>non</strong></span> 
     </span>
    </p>
   </div>
   <div class='ocr_carea' id='block_1_90' title="bbox 2353 3077 3943 3159">
    <p class='ocr_par' dir='ltr' id='par_1_90' title="bbox 2353 3077 3943 3159">
     <span class='ocr_line' id='line_1_91' title="bbox 2353 3077 3943 3159; baseline 0.014 -37"><span class='ocrx_word' id='word_1_675' title='bbox 2353 3077 2586 3137; x_wconf 89' lang='lat' dir='ltr'><strong>oportet,</strong></span> <span class='ocrx_word' id='word_1_676' title='bbox 2636 3085 2754 3141; x_wconf 67' lang='lat' dir='ltr'><strong>quae</strong></span> <span class='ocrx_word' id='word_1_677' title='bbox 2807 3087 3080 3129; x_wconf 80' lang='lat' dir='ltr'><strong>conversae</strong></span> <span class='ocrx_word' id='word_1_678' title='bbox 3126 3087 3250 3131; x_wconf 88' lang='lat' dir='ltr'><strong>sunt</strong></span> <span class='ocrx_word' id='word_1_679' title='bbox 3300 3090 3421 3148; x_wconf 87' lang='lat' dir='ltr'><strong>post</strong></span> <span class='ocrx_word' id='word_1_680' title='bbox 3460 3092 3721 3139; x_wconf 84' lang='lat' dir='ltr'><strong>satanam.</strong></span> <span class='ocrx_word' id='word_1_681' title='bbox 3758 3084 3943 3159; x_wconf 82' lang='lat' dir='ltr'><strong>Neque</strong></span> 
     </span>
    </p>
   </div>
   <div class='ocr_carea' id='block_1_91' title="bbox 2353 3159 3942 3248">
    <p class='ocr_par' dir='ltr' id='par_1_91' title="bbox 2353 3159 3942 3248">
     <span class='ocr_line' id='line_1_92' title="bbox 2353 3159 3942 3248; baseline 0.014 -35"><span class='ocrx_word' id='word_1_682' title='bbox 2353 3159 2497 3213; x_wconf 89' lang='lat' dir='ltr'><strong>enim</strong></span> <span class='ocrx_word' id='word_1_683' title='bbox 2534 3174 2655 3215; x_wconf 89' lang='lat' dir='ltr'><strong>cum</strong></span> <span class='ocrx_word' id='word_1_684' title='bbox 2687 3164 3003 3233; x_wconf 83' lang='lat' dir='ltr'><strong>simpliciter</strong></span> <span class='ocrx_word' id='word_1_685' title='bbox 3035 3165 3277 3233; x_wconf 86' lang='lat' dir='ltr'><strong>dixisset,</strong></span> <span class='ocrx_word' id='word_1_686' title='bbox 3322 3168 3446 3225; x_wconf 80' lang='lat' dir='ltr'><strong>Volo</strong></span> <span class='ocrx_word' id='word_1_687' title='bbox 3465 3174 3699 3242; x_wconf 71' lang='lat' dir='ltr'><strong>juniorsa</strong></span> <span class='ocrx_word' id='word_1_688' title='bbox 3733 3178 3942 3248; x_wconf 65' lang='lat' dir='ltr'><strong>Iubae,</strong></span> 
     </span>
    </p>
   </div>
   <div class='ocr_carea' id='block_1_92' title="bbox 2355 3254 3944 3341">
    <p class='ocr_par' dir='ltr' id='par_1_92' title="bbox 2355 3254 3944 3341">
     <span class='ocr_line' id='line_1_93' title="bbox 2355 3254 3944 3341; baseline 0.012 -34"><span class='ocrx_word' id='word_1_689' title='bbox 2355 3254 2542 3320; x_wconf 80' lang='lat' dir='ltr'><strong>tacuit,</strong></span> <span class='ocrx_word' id='word_1_690' title='bbox 2570 3255 2663 3310; x_wconf 84' lang='lat' dir='ltr'><strong>sed</strong></span> <span class='ocrx_word' id='word_1_691' title='bbox 2708 3265 2763 3310; x_wconf 91' lang='lat' dir='ltr'><strong>et</strong></span> <span class='ocrx_word' id='word_1_692' title='bbox 2806 3259 3253 3328; x_wconf 87' lang='lat' dir='ltr'><strong>qualesjuniores</strong></span> <span class='ocrx_word' id='word_1_693' title='bbox 3279 3262 3427 3328; x_wconf 86' lang='lat' dir='ltr'><strong>dicit,</strong></span> <span class='ocrx_word' id='word_1_694' title='bbox 3472 3278 3527 3321; x_wconf 87' lang='lat' dir='ltr'><strong>et</strong></span> <span class='ocrx_word' id='word_1_695' title='bbox 3554 3282 3734 3323; x_wconf 85' lang='lat' dir='ltr'><strong>earum</strong></span> <span class='ocrx_word' id='word_1_696' title='bbox 3761 3269 3944 3341; x_wconf 82' lang='lat' dir='ltr'><strong>lapsus</strong></span> 
     </span>
    </p>
   </div>
   <div class='ocr_carea' id='block_1_93' title="bbox 2354 3346 3941 3429">
    <p class='ocr_par' dir='ltr' id='par_1_93' title="bbox 2354 3346 3941 3429">
     <span class='ocr_line' id='line_1_94' title="bbox 2354 3346 3941 3429; baseline 0.013 -31"><span class='ocrx_word' id='word_1_697' title='bbox 2354 3346 2617 3400; x_wconf 84' lang='lat' dir='ltr'><strong>enuntiat.</strong></span> <span class='ocrx_word' id='word_1_698' title='bbox 2649 3347 2794 3415; x_wconf 90' lang='lat' dir='ltr'><strong>Quos</strong></span> <span class='ocrx_word' id='word_1_699' title='bbox 2815 3348 3026 3404; x_wconf 89' lang='lat' dir='ltr'><strong>tandem</strong></span> <span class='ocrx_word' id='word_1_700' title='bbox 3050 3351 3265 3421; x_wconf 70' lang='lat' dir='ltr'><strong>lapsus?</strong></span> <span class='ocrx_word' id='word_1_701' title='bbox 3288 3352 3416 3409; x_wconf 86' lang='lat' dir='ltr'><strong>Cum</strong></span> <span class='ocrx_word' id='word_1_702' title='bbox 3439 3356 3709 3413; x_wconf 66' lang='lat' dir='ltr'><strong>luxuriata</strong></span> <span class='ocrx_word' id='word_1_703' title='bbox 3728 3360 3941 3429; x_wconf 74' lang='lat' dir='ltr'><strong>[uer-int.</strong></span> 
     </span>
    </p>
   </div>
   <div class='ocr_carea' id='block_1_94' title="bbox 2354 3432 3942 3514">
    <p class='ocr_par' dir='ltr' id='par_1_94' title="bbox 2354 3432 3942 3514">
     <span class='ocr_line' id='line_1_95' title="bbox 2354 3432 3942 3514; baseline 0.013 -26"><span class='ocrx_word' id='word_1_704' title='bbox 2354 3432 2547 3506; x_wconf 84' lang='lat' dir='ltr'><strong>inquit,</strong></span> <span class='ocrx_word' id='word_1_705' title='bbox 2572 3437 2813 3493; x_wconf 74' lang='lat' dir='ltr'><strong>adversus</strong></span> <span class='ocrx_word' id='word_1_706' title='bbox 2852 3440 3129 3509; x_wconf 79' lang='lat' dir='ltr'><strong>Christum,</strong></span> <span class='ocrx_word' id='word_1_707' title='bbox 3158 3444 3343 3499; x_wconf 88' lang='lat' dir='ltr'><strong>nubere</strong></span> <span class='ocrx_word' id='word_1_708' title='bbox 3368 3446 3563 3514; x_wconf 76' lang='lat' dir='ltr'><strong>uolunt,</strong></span> <span class='ocrx_word' id='word_1_709' title='bbox 3591 3459 3641 3503; x_wconf 89' lang='lat' dir='ltr'><strong>et</strong></span> <span class='ocrx_word' id='word_1_710' title='bbox 3663 3450 3839 3506; x_wconf 67' lang='lat' dir='ltr'><strong>otiosa</strong></span> <span class='ocrx_word' id='word_1_711' title='bbox 3862 3453 3942 3508; x_wconf 73' lang='lat' dir='ltr'><strong>di-</strong></span> 
     </span>
    </p>
   </div>
   <div class='ocr_carea' id='block_1_95' title="bbox 2350 3531 3944 3613">
    <p class='ocr_par' dir='ltr' id='par_1_95' title="bbox 2350 3531 3944 3613">
     <span class='ocr_line' id='line_1_96' title="bbox 2350 3531 3944 3613; baseline 0.013 -35"><span class='ocrx_word' id='word_1_712' title='bbox 2350 3539 2523 3597; x_wconf 76' lang='lat' dir='ltr'><strong>scunt,</strong></span> <span class='ocrx_word' id='word_1_713' title='bbox 2567 3538 2617 3584; x_wconf 92' lang='lat' dir='ltr'><strong>et</strong></span> <span class='ocrx_word' id='word_1_714' title='bbox 2657 3531 2892 3596; x_wconf 70' lang='lat' dir='ltr'><strong>curiose,</strong></span> <span class='ocrx_word' id='word_1_715' title='bbox 2934 3534 3296 3590; x_wconf 80' lang='lat' dir='ltr'><strong>circumeuntes</strong></span> <span class='ocrx_word' id='word_1_716' title='bbox 3318 3537 3515 3600; x_wconf 78' lang='lat' dir='ltr'><strong>domos,</strong></span> <span class='ocrx_word' id='word_1_717' title='bbox 3548 3540 3807 3608; x_wconf 70' lang='lat' dir='ltr'><strong>loquentes</strong></span> <span class='ocrx_word' id='word_1_718' title='bbox 3828 3560 3944 3613; x_wconf 68' lang='lat' dir='ltr'><strong>qua</strong></span> 
     </span>
    </p>
   </div>
   <div class='ocr_carea' id='block_1_96' title="bbox 2354 3626 3937 3708">
    <p class='ocr_par' dir='ltr' id='par_1_96' title="bbox 2354 3626 3937 3708">
     <span class='ocr_line' id='line_1_97' title="bbox 2354 3626 3937 3708; baseline 0.011 -35"><span class='ocrx_word' id='word_1_719' title='bbox 2354 3635 2459 3674; x_wconf 80' lang='lat' dir='ltr'><strong>non</strong></span> <span class='ocrx_word' id='word_1_720' title='bbox 2506 3631 2722 3691; x_wconf 81' lang='lat' dir='ltr'><strong>oportet,</strong></span> <span class='ocrx_word' id='word_1_721' title='bbox 2762 3633 2810 3677; x_wconf 88' lang='lat' dir='ltr'><strong>et</strong></span> <span class='ocrx_word' id='word_1_722' title='bbox 2863 3640 3117 3680; x_wconf 70' lang='lat' dir='ltr'><strong>conversa</strong></span> <span class='ocrx_word' id='word_1_723' title='bbox 3162 3637 3281 3681; x_wconf 83' lang='lat' dir='ltr'><strong>sunt</strong></span> <span class='ocrx_word' id='word_1_724' title='bbox 3308 3626 3651 3699; x_wconf 78' lang='lat' dir='ltr'><strong>(Ibid.v.ii.</strong></span> <span class='ocrx_word' id='word_1_725' title='bbox 3680 3633 3770 3689; x_wconf 73' lang='lat' dir='ltr'><strong>i3.</strong></span> <span class='ocrx_word' id='word_1_726' title='bbox 3824 3636 3937 3708; x_wconf 77' lang='lat' dir='ltr'><strong>i5).</strong></span> 
     </span>
    </p>
   </div>
   <div class='ocr_carea' id='block_1_97' title="bbox 2355 3710 3944 3796">
    <p class='ocr_par' dir='ltr' id='par_1_97' title="bbox 2355 3710 3944 3796">
     <span class='ocr_line' id='line_1_98' title="bbox 2355 3710 3944 3796; baseline 0.009 -29"><span class='ocrx_word' id='word_1_727' title='bbox 2355 3710 2483 3767; x_wconf 79' lang='lat' dir='ltr'><strong>Post</strong></span> <span class='ocrx_word' id='word_1_728' title='bbox 2505 3728 2662 3783; x_wconf 90' lang='lat' dir='ltr'><strong>quem</strong></span> <span class='ocrx_word' id='word_1_729' title='bbox 2692 3724 2867 3769; x_wconf 87' lang='lat' dir='ltr'><strong>autem</strong></span> <span class='ocrx_word' id='word_1_730' title='bbox 2882 3717 2907 3769; x_wconf 68' lang='grc' dir='ltr'><em>ἲ</em></span> <span class='ocrx_word' id='word_1_731' title='bbox 2936 3714 3061 3771; x_wconf 85' lang='lat' dir='ltr'><strong>Post</strong></span> <span class='ocrx_word' id='word_1_732' title='bbox 3084 3727 3335 3773; x_wconf 80' lang='lat' dir='ltr'><strong>satanam.</strong></span> <span class='ocrx_word' id='word_1_733' title='bbox 3355 3721 3579 3786; x_wconf 88' lang='lat' dir='ltr'><strong>Quando</strong></span> <span class='ocrx_word' id='word_1_734' title='bbox 3598 3723 3779 3793; x_wconf 88' lang='lat' dir='ltr'><strong>igitur,</strong></span> <span class='ocrx_word' id='word_1_735' title='bbox 3799 3734 3944 3796; x_wconf 82' lang='lat' dir='ltr'><strong>post-</strong></span> 
     </span>
    </p>
   </div>
   <div class='ocr_carea' id='block_1_98' title="bbox 2354 3802 3944 3878">
    <p class='ocr_par' dir='ltr' id='par_1_98' title="bbox 2354 3802 3944 3878">
     <span class='ocr_line' id='line_1_99' title="bbox 2354 3802 3944 3878; baseline 0.011 -23"><span class='ocrx_word' id='word_1_736' title='bbox 2354 3818 2512 3870; x_wconf 87' lang='lat' dir='ltr'><strong>quam</strong></span> <span class='ocrx_word' id='word_1_737' title='bbox 2556 3802 2865 3861; x_wconf 81' lang='lat' dir='ltr'><strong>viduitatem</strong></span> <span class='ocrx_word' id='word_1_738' title='bbox 2918 3816 3043 3861; x_wconf 91' lang='lat' dir='ltr'><strong>sunt</strong></span> <span class='ocrx_word' id='word_1_739' title='bbox 3094 3810 3381 3878; x_wconf 70' lang='lat' dir='ltr'><strong>amplexae,</strong></span> <span class='ocrx_word' id='word_1_740' title='bbox 3438 3820 3494 3866; x_wconf 89' lang='lat' dir='ltr'><strong>et</strong></span> <span class='ocrx_word' id='word_1_741' title='bbox 3544 3810 3757 3869; x_wconf 84' lang='lat' dir='ltr'><strong>Omnem</strong></span> <span class='ocrx_word' id='word_1_742' title='bbox 3805 3814 3944 3873; x_wconf 83' lang='lat' dir='ltr'><strong>hanc</strong></span> 
     </span>
    </p>
   </div>
   <div class='ocr_carea' id='block_1_99' title="bbox 2355 3898 3945 3967">
    <p class='ocr_par' dir='ltr' id='par_1_99' title="bbox 2355 3898 3945 3967">
     <span class='ocr_line' id='line_1_100' title="bbox 2355 3898 3945 3967; baseline 0.006 -15"><span class='ocrx_word' id='word_1_743' title='bbox 2355 3898 2699 3967; x_wconf 86' lang='lat' dir='ltr'><strong>ignominiam</strong></span> <span class='ocrx_word' id='word_1_744' title='bbox 2744 3902 3010 3955; x_wconf 89' lang='lat' dir='ltr'><strong>sustinere</strong></span> <span class='ocrx_word' id='word_1_745' title='bbox 3056 3901 3356 3966; x_wconf 86' lang='lat' dir='ltr'><strong>voluerunt,</strong></span> <span class='ocrx_word' id='word_1_746' title='bbox 3388 3917 3574 3958; x_wconf 87' lang='lat' dir='ltr'><strong>rursus</strong></span> <span class='ocrx_word' id='word_1_747' title='bbox 3622 3905 3827 3962; x_wconf 85' lang='lat' dir='ltr'><strong>nubere</strong></span> <span class='ocrx_word' id='word_1_748' title='bbox 3850 3922 3945 3961; x_wconf 83' lang='lat' dir='ltr'><strong>vo-</strong></span> 
     </span>
    </p>
   </div>
   <div class='ocr_carea' id='block_1_100' title="bbox 2355 3989 3944 4065">
    <p class='ocr_par' dir='ltr' id='par_1_100' title="bbox 2355 3989 3944 4065">
     <span class='ocr_line' id='line_1_101' title="bbox 2355 3989 3944 4065; baseline 0.005 -21"><span class='ocrx_word' id='word_1_749' title='bbox 2355 3989 2487 4055; x_wconf 90' lang='lat' dir='ltr'><strong>lunt,</strong></span> <span class='ocrx_word' id='word_1_750' title='bbox 2538 3992 2702 4046; x_wconf 88' lang='lat' dir='ltr'><strong>satius</strong></span> <span class='ocrx_word' id='word_1_751' title='bbox 2751 4002 2832 4046; x_wconf 89' lang='lat' dir='ltr'><strong>est</strong></span> <span class='ocrx_word' id='word_1_752' title='bbox 2880 3994 3185 4063; x_wconf 89' lang='lat' dir='ltr'><strong>priusquam</strong></span> <span class='ocrx_word' id='word_1_753' title='bbox 3234 4004 3449 4063; x_wconf 87' lang='lat' dir='ltr'><strong>peccato</strong></span> <span class='ocrx_word' id='word_1_754' title='bbox 3500 3994 3866 4065; x_wconf 81' lang='lat' dir='ltr'><strong>detineantur,</strong></span> <span class='ocrx_word' id='word_1_755' title='bbox 3889 4007 3944 4054; x_wconf 88' lang='lat' dir='ltr'><strong>et</strong></span> 
     </span>
    </p>
   </div>
   <div class='ocr_carea' id='block_1_101' title="bbox 2356 4080 3942 4159">
    <p class='ocr_par' dir='ltr' id='par_1_101' title="bbox 2356 4080 3942 4159">
     <span class='ocr_line' id='line_1_102' title="bbox 2356 4080 3942 4159; baseline 0.004 -24"><span class='ocrx_word' id='word_1_756' title='bbox 2356 4081 2482 4135; x_wconf 85' lang='lat' dir='ltr'><strong>inita</strong></span> <span class='ocrx_word' id='word_1_757' title='bbox 2514 4096 2632 4135; x_wconf 86' lang='lat' dir='ltr'><strong>cum</strong></span> <span class='ocrx_word' id='word_1_758' title='bbox 2663 4080 2874 4137; x_wconf 88' lang='lat' dir='ltr'><strong>Christo</strong></span> <span class='ocrx_word' id='word_1_759' title='bbox 2904 4094 3051 4152; x_wconf 81' lang='lat' dir='ltr'><strong>pacta</strong></span> <span class='ocrx_word' id='word_1_760' title='bbox 3082 4083 3297 4150; x_wconf 79' lang='lat' dir='ltr'><strong>violent,</strong></span> <span class='ocrx_word' id='word_1_761' title='bbox 3330 4084 3394 4139; x_wconf 77' lang='lat' dir='ltr'><strong>ad</strong></span> <span class='ocrx_word' id='word_1_762' title='bbox 3425 4084 3528 4140; x_wconf 88' lang='lat' dir='ltr'><strong>hoc</strong></span> <span class='ocrx_word' id='word_1_763' title='bbox 3551 4087 3772 4142; x_wconf 71' lang='lat' dir='ltr'><strong>venint:</strong></span> <span class='ocrx_word' id='word_1_764' title='bbox 3802 4089 3942 4159; x_wconf 86' lang='lat' dir='ltr'><strong>quod</strong></span> 
     </span>
    </p>
   </div>
   <div class='ocr_carea' id='block_1_102' title="bbox 2356 4172 3943 4243">
    <p class='ocr_par' dir='ltr' id='par_1_102' title="bbox 2356 4172 3943 4243">
     <span class='ocr_line' id='line_1_103' title="bbox 2356 4172 3943 4243; baseline 0.004 -16"><span class='ocrx_word' id='word_1_765' title='bbox 2356 4172 2400 4227; x_wconf 85' lang='lat' dir='ltr'><strong>si</strong></span> <span class='ocrx_word' id='word_1_766' title='bbox 2433 4188 2534 4243; x_wconf 81' lang='lat' dir='ltr'><strong>qua</strong></span> <span class='ocrx_word' id='word_1_767' title='bbox 2559 4173 2677 4227; x_wconf 87' lang='lat' dir='ltr'><strong>talis</strong></span> <span class='ocrx_word' id='word_1_768' title='bbox 2706 4191 2810 4228; x_wconf 85' lang='lat' dir='ltr'><strong>non</strong></span> <span class='ocrx_word' id='word_1_769' title='bbox 2839 4173 3018 4238; x_wconf 81' lang='lat' dir='ltr'><strong>fuerit,</strong></span> <span class='ocrx_word' id='word_1_770' title='bbox 3049 4176 3424 4231; x_wconf 80' lang='lat' dir='ltr'><strong>necessitatem</strong></span> <span class='ocrx_word' id='word_1_771' title='bbox 3451 4176 3807 4233; x_wconf 81' lang='lat' dir='ltr'><strong>secundarum</strong></span> <span class='ocrx_word' id='word_1_772' title='bbox 3847 4195 3943 4233; x_wconf 87' lang='lat' dir='ltr'><strong>nu-</strong></span> 
     </span>
    </p>
   </div>
   <div class='ocr_carea' id='block_1_103' title="bbox 2358 4264 2983 4335">
    <p class='ocr_par' dir='ltr' id='par_1_103' title="bbox 2358 4264 2983 4335">
     <span class='ocr_line' id='line_1_104' title="bbox 2358 4264 2983 4335; baseline 0.005 -17"><span class='ocrx_word' id='word_1_773' title='bbox 2358 4264 2583 4334; x_wconf 86' lang='lat' dir='ltr'><strong>ptiarum</strong></span> <span class='ocrx_word' id='word_1_774' title='bbox 2605 4279 2708 4319; x_wconf 90' lang='lat' dir='ltr'><strong>non</strong></span> <span class='ocrx_word' id='word_1_775' title='bbox 2741 4266 2983 4335; x_wconf 87' lang='lat' dir='ltr'><strong>imponit.</strong></span> 
     </span>
    </p>
   </div>
   <div class='ocr_carea' id='block_1_104' title="bbox 2427 4356 3943 4420">
    <p class='ocr_par' dir='ltr' id='par_1_104' title="bbox 2427 4356 3943 4420">
     <span class='ocr_line' id='line_1_105' title="bbox 2427 4356 3943 4420; baseline 0.005 -10"><span class='ocrx_word' id='word_1_776' title='bbox 2427 4356 2480 4410; x_wconf 74' lang='grc'><strong>4.</strong></span> <span class='ocrx_word' id='word_1_777' title='bbox 2525 4356 2689 4410; x_wconf 86' lang='lat' dir='ltr'><strong>Porro</strong></span> <span class='ocrx_word' id='word_1_778' title='bbox 2718 4356 2771 4410; x_wconf 90' lang='lat' dir='ltr'><strong>id</strong></span> <span class='ocrx_word' id='word_1_779' title='bbox 2803 4373 2984 4411; x_wconf 90' lang='lat' dir='ltr'><strong>verum</strong></span> <span class='ocrx_word' id='word_1_780' title='bbox 3011 4372 3150 4420; x_wconf 87' lang='lat' dir='ltr'><strong>esse,</strong></span> <span class='ocrx_word' id='word_1_781' title='bbox 3175 4357 3299 4413; x_wconf 89' lang='lat' dir='ltr'><strong>inde</strong></span> <span class='ocrx_word' id='word_1_782' title='bbox 3325 4368 3556 4414; x_wconf 83' lang='lat' dir='ltr'><strong>constat.</strong></span> <span class='ocrx_word' id='word_1_783' title='bbox 3588 4358 3643 4417; x_wconf 83' lang='lat' dir='ltr'><strong>Si</strong></span> <span class='ocrx_word' id='word_1_784' title='bbox 3672 4361 3821 4417; x_wconf 85' lang='lat' dir='ltr'><strong>enim</strong></span> <span class='ocrx_word' id='word_1_785' title='bbox 3841 4361 3943 4419; x_wconf 80' lang='lat' dir='ltr'><strong>hoc</strong></span> 
     </span>
    </p>
   </div>
   <div class='ocr_carea' id='block_1_105' title="bbox 2356 4448 3941 4519">
    <p class='ocr_par' dir='ltr' id='par_1_105' title="bbox 2356 4448 3941 4519">
     <span class='ocr_line' id='line_1_106' title="bbox 2356 4448 3941 4519; baseline 0.005 -18"><span class='ocrx_word' id='word_1_786' title='bbox 2356 4448 2505 4517; x_wconf 87' lang='lat' dir='ltr'><strong>quasi</strong></span> <span class='ocrx_word' id='word_1_787' title='bbox 2537 4450 2651 4519; x_wconf 89' lang='lat' dir='ltr'><strong>lege</strong></span> <span class='ocrx_word' id='word_1_788' title='bbox 2676 4449 2938 4504; x_wconf 72' lang='lat' dir='ltr'><strong>sanxisset</strong></span> <span class='ocrx_word' id='word_1_789' title='bbox 2957 4450 3204 4503; x_wconf 89' lang='lat' dir='ltr'><strong>omnibus</strong></span> <span class='ocrx_word' id='word_1_790' title='bbox 3225 4452 3558 4517; x_wconf 87' lang='lat' dir='ltr'><strong>mulieribus,</strong></span> <span class='ocrx_word' id='word_1_791' title='bbox 3577 4463 3634 4506; x_wconf 91' lang='lat' dir='ltr'><strong>nt</strong></span> <span class='ocrx_word' id='word_1_792' title='bbox 3654 4451 3941 4517; x_wconf 85' lang='lat' dir='ltr'><strong>nubereut.</strong></span> 
     </span>
    </p>
   </div>
   <div class='ocr_carea' id='block_1_106' title="bbox 2356 4539 3943 4613">
    <p class='ocr_par' dir='ltr' id='par_1_106' title="bbox 2356 4539 3943 4613">
     <span class='ocr_line' id='line_1_107' title="bbox 2356 4539 3943 4613; baseline 0.003 -18"><span class='ocrx_word' id='word_1_793' title='bbox 2356 4549 2411 4595; x_wconf 85' lang='lat' dir='ltr'><strong>et</strong></span> <span class='ocrx_word' id='word_1_794' title='bbox 2438 4540 2615 4595; x_wconf 91' lang='lat' dir='ltr'><strong>domui</strong></span> <span class='ocrx_word' id='word_1_795' title='bbox 2668 4549 2977 4610; x_wconf 66' lang='lat' dir='ltr'><strong>prteessent,</strong></span> <span class='ocrx_word' id='word_1_796' title='bbox 3026 4539 3295 4611; x_wconf 88' lang='lat' dir='ltr'><strong>superﬂue</strong></span> <span class='ocrx_word' id='word_1_797' title='bbox 3337 4542 3426 4595; x_wconf 90' lang='lat' dir='ltr'><strong>illa</strong></span> <span class='ocrx_word' id='word_1_798' title='bbox 3467 4543 3855 4613; x_wconf 80' lang='lat' dir='ltr'><strong>requisivissot,</strong></span> <span class='ocrx_word' id='word_1_799' title='bbox 3883 4543 3943 4601; x_wconf 78' lang='lat' dir='ltr'><strong>St</strong></span> 
     </span>
    </p>
   </div>
   <div class='ocr_carea' id='block_1_107' title="bbox 2355 4632 3945 4706">
    <p class='ocr_par' dir='ltr' id='par_1_107' title="bbox 2355 4632 3945 4706">
     <span class='ocr_line' id='line_1_108' title="bbox 2355 4632 3945 4706; baseline 0.004 -21"><span class='ocrx_word' id='word_1_800' title='bbox 2355 4632 2492 4702; x_wconf 76' lang='lat' dir='ltr'><strong>ﬁlios</strong></span> <span class='ocrx_word' id='word_1_801' title='bbox 2516 4634 2762 4696; x_wconf 82' lang='lat' dir='ltr'><strong>educavit,</strong></span> <span class='ocrx_word' id='word_1_802' title='bbox 2790 4633 2834 4688; x_wconf 83' lang='lat' dir='ltr'><strong>si</strong></span> <span class='ocrx_word' id='word_1_803' title='bbox 2862 4644 3148 4688; x_wconf 83' lang='lat' dir='ltr'><strong>sanctorum</strong></span> <span class='ocrx_word' id='word_1_804' title='bbox 3174 4636 3324 4706; x_wconf 84' lang='lat' dir='ltr'><strong>pedes</strong></span> <span class='ocrx_word' id='word_1_805' title='bbox 3347 4635 3489 4703; x_wconf 77' lang='lat' dir='ltr'><strong>lauit,</strong></span> <span class='ocrx_word' id='word_1_806' title='bbox 3511 4636 3556 4689; x_wconf 88' lang='lat' dir='ltr'><strong>si</strong></span> <span class='ocrx_word' id='word_1_807' title='bbox 3575 4636 3945 4692; x_wconf 72' lang='lat' dir='ltr'><strong>tribulationem</strong></span> 
     </span>
    </p>
   </div>
   <div class='ocr_carea' id='block_1_108' title="bbox 2358 4725 3945 4798">
    <p class='ocr_par' dir='ltr' id='par_1_108' title="bbox 2358 4725 3945 4798">
     <span class='ocr_line' id='line_1_109' title="bbox 2358 4725 3945 4798; baseline 0.003 -19"><span class='ocrx_word' id='word_1_808' title='bbox 2358 4725 2656 4795; x_wconf 84' lang='lat' dir='ltr'><strong>patientibus</strong></span> <span class='ocrx_word' id='word_1_809' title='bbox 2694 4727 2938 4788; x_wconf 72' lang='lat' dir='ltr'><strong>subvenit,</strong></span> <span class='ocrx_word' id='word_1_810' title='bbox 2982 4728 3026 4781; x_wconf 90' lang='lat' dir='ltr'><strong>si</strong></span> <span class='ocrx_word' id='word_1_811' title='bbox 3072 4743 3220 4781; x_wconf 88' lang='lat' dir='ltr'><strong>omne</strong></span> <span class='ocrx_word' id='word_1_812' title='bbox 3261 4743 3388 4798; x_wconf 85' lang='lat' dir='ltr'><strong>opus</strong></span> <span class='ocrx_word' id='word_1_813' title='bbox 3430 4726 3615 4782; x_wconf 85' lang='lat' dir='ltr'><strong>bonum</strong></span> <span class='ocrx_word' id='word_1_814' title='bbox 3658 4738 3850 4783; x_wconf 73' lang='lat' dir='ltr'><strong>sectam</strong></span> <span class='ocrx_word' id='word_1_815' title='bbox 3873 4740 3945 4784; x_wconf 88' lang='lat' dir='ltr'><strong>est</strong></span> 
     </span>
    </p>
   </div>
   <div class='ocr_carea' id='block_1_109' title="bbox 2359 4819 3946 4897">
    <p class='ocr_par' dir='ltr' id='par_1_109' title="bbox 2359 4819 3946 4897">
     <span class='ocr_line' id='line_1_110' title="bbox 2359 4819 3946 4897; baseline 0.003 -24"><span class='ocrx_word' id='word_1_816' title='bbox 2359 4819 2465 4893; x_wconf 91' lang='lat' dir='ltr'><strong>(Ib.</strong></span> <span class='ocrx_word' id='word_1_817' title='bbox 2512 4836 2558 4874; x_wconf 78' lang='grc' dir='ltr'><strong>υ.</strong></span> <span class='ocrx_word' id='word_1_818' title='bbox 2596 4819 2723 4891; x_wconf 82' lang='grc'><strong>10);</strong></span> <span class='ocrx_word' id='word_1_819' title='bbox 2755 4821 3020 4890; x_wconf 85' lang='lat' dir='ltr'><strong>superﬂue</strong></span> <span class='ocrx_word' id='word_1_820' title='bbox 3059 4836 3268 4890; x_wconf 88' lang='lat' dir='ltr'><strong>quoque</strong></span> <span class='ocrx_word' id='word_1_821' title='bbox 3299 4822 3425 4876; x_wconf 87' lang='lat' dir='ltr'><strong>illud</strong></span> <span class='ocrx_word' id='word_1_822' title='bbox 3457 4822 3602 4884; x_wconf 90' lang='lat' dir='ltr'><strong>dicit,</strong></span> <span class='ocrx_word' id='word_1_823' title='bbox 3644 4821 3773 4887; x_wconf 69' lang='lat' dir='ltr'><strong>Qua:</strong></span> <span class='ocrx_word' id='word_1_824' title='bbox 3794 4825 3946 4897; x_wconf 77' lang='lat' dir='ltr'><strong>fuerit</strong></span> 
     </span>
    </p>
   </div>
   <div class='ocr_carea' id='block_1_110' title="bbox 2357 4910 3948 4986">
    <p class='ocr_par' dir='ltr' id='par_1_110' title="bbox 2357 4910 3948 4986">
     <span class='ocr_line' id='line_1_111' title="bbox 2357 4910 3948 4986; baseline 0.004 -23"><span class='ocrx_word' id='word_1_825' title='bbox 2357 4910 2509 4965; x_wconf 85' lang='lat' dir='ltr'><strong>unius</strong></span> <span class='ocrx_word' id='word_1_826' title='bbox 2551 4911 2645 4965; x_wconf 80' lang='lat' dir='ltr'><strong>viri</strong></span> <span class='ocrx_word' id='word_1_827' title='bbox 2685 4927 2814 4965; x_wconf 72' lang='lat' dir='ltr'><strong>uxor</strong></span> <span class='ocrx_word' id='word_1_828' title='bbox 2860 4910 2964 4981; x_wconf 91' lang='lat' dir='ltr'><strong>(Ib.</strong></span> <span class='ocrx_word' id='word_1_829' title='bbox 2994 4926 3042 4965; x_wconf 78' lang='grc' dir='ltr'><strong>υ.</strong></span> <span class='ocrx_word' id='word_1_830' title='bbox 3072 4910 3151 4981; x_wconf 87' lang='lat'><strong>9).</strong></span> <span class='ocrx_word' id='word_1_831' title='bbox 3178 4910 3235 4966; x_wconf 88' lang='lat' dir='ltr'><strong>Si</strong></span> <span class='ocrx_word' id='word_1_832' title='bbox 3263 4913 3404 4967; x_wconf 89' lang='lat' dir='ltr'><strong>enim</strong></span> <span class='ocrx_word' id='word_1_833' title='bbox 3428 4912 3615 4969; x_wconf 84' lang='lat' dir='ltr'><strong>viduas</strong></span> <span class='ocrx_word' id='word_1_834' title='bbox 3641 4929 3835 4982; x_wconf 87' lang='lat' dir='ltr'><strong>omnes</strong></span> <span class='ocrx_word' id='word_1_835' title='bbox 3857 4915 3948 4986; x_wconf 86' lang='lat' dir='ltr'><strong>ju-</strong></span> 
     </span>
    </p>
   </div>
   <div class='ocr_carea' id='block_1_111' title="bbox 2360 5002 3947 5076">
    <p class='ocr_par' dir='ltr' id='par_1_111' title="bbox 2360 5002 3947 5076">
     <span class='ocr_line' id='line_1_112' title="bbox 2360 5002 3947 5076; baseline 0.004 -19"><span class='ocrx_word' id='word_1_836' title='bbox 2360 5004 2537 5058; x_wconf 89' lang='lat' dir='ltr'><strong>niorcs</strong></span> <span class='ocrx_word' id='word_1_837' title='bbox 2580 5003 2780 5059; x_wconf 88' lang='lat' dir='ltr'><strong>nubere</strong></span> <span class='ocrx_word' id='word_1_838' title='bbox 2814 5002 2995 5073; x_wconf 86' lang='lat' dir='ltr'><strong>jubes,</strong></span> <span class='ocrx_word' id='word_1_839' title='bbox 3039 5002 3307 5073; x_wconf 91' lang='lat' dir='ltr'><strong>quomodo</strong></span> <span class='ocrx_word' id='word_1_840' title='bbox 3350 5004 3549 5075; x_wconf 87' lang='lat' dir='ltr'><strong>poterit</strong></span> <span class='ocrx_word' id='word_1_841' title='bbox 3582 5004 3758 5076; x_wconf 84' lang='lat' dir='ltr'><strong>aliqua</strong></span> <span class='ocrx_word' id='word_1_842' title='bbox 3790 5008 3947 5063; x_wconf 89' lang='lat' dir='ltr'><strong>unius</strong></span> 
     </span>
    </p>
   </div>
   <div class='ocr_carea' id='block_1_112' title="bbox 2361 5094 3949 5167">
    <p class='ocr_par' dir='ltr' id='par_1_112' title="bbox 2361 5094 3949 5167">
     <span class='ocr_line' id='line_1_113' title="bbox 2361 5094 3949 5167; baseline 0.003 -18"><span class='ocrx_word' id='word_1_843' title='bbox 2361 5096 2459 5150; x_wconf 91' lang='lat' dir='ltr'><strong>viri</strong></span> <span class='ocrx_word' id='word_1_844' title='bbox 2490 5111 2623 5151; x_wconf 84' lang='lat' dir='ltr'><strong>uxor</strong></span> <span class='ocrx_word' id='word_1_845' title='bbox 2649 5096 2805 5151; x_wconf 74' lang='lat' dir='ltr'><strong>esse?</strong></span> <span class='ocrx_word' id='word_1_846' title='bbox 2835 5094 3017 5167; x_wconf 81' lang='lat' dir='ltr'><strong>itaque</strong></span> <span class='ocrx_word' id='word_1_847' title='bbox 3062 5096 3179 5150; x_wconf 87' lang='lat' dir='ltr'><strong>illas</strong></span> <span class='ocrx_word' id='word_1_848' title='bbox 3220 5096 3338 5167; x_wconf 91' lang='lat' dir='ltr'><strong>ejus</strong></span> <span class='ocrx_word' id='word_1_849' title='bbox 3381 5106 3588 5166; x_wconf 88' lang='lat' dir='ltr'><strong>spectat</strong></span> <span class='ocrx_word' id='word_1_850' title='bbox 3630 5100 3825 5154; x_wconf 71' lang='lat' dir='ltr'><strong>oratio.</strong></span> <span class='ocrx_word' id='word_1_851' title='bbox 3876 5099 3949 5154; x_wconf 90' lang='lat' dir='ltr'><strong>Ita</strong></span> 
     </span>
    </p>
   </div>
   <div class='ocr_carea' id='block_1_113' title="bbox 2361 5186 3947 5260">
    <p class='ocr_par' dir='ltr' id='par_1_113' title="bbox 2361 5186 3947 5260">
     <span class='ocr_line' id='line_1_114' title="bbox 2361 5186 3947 5260; baseline 0.003 -19"><span class='ocrx_word' id='word_1_852' title='bbox 2361 5186 2485 5242; x_wconf 79' lang='lat' dir='ltr'><strong>facit</strong></span> <span class='ocrx_word' id='word_1_853' title='bbox 2533 5196 2588 5242; x_wconf 91' lang='lat' dir='ltr'><strong>et</strong></span> <span class='ocrx_word' id='word_1_854' title='bbox 2633 5187 2759 5243; x_wconf 89' lang='lat' dir='ltr'><strong>dum</strong></span> <span class='ocrx_word' id='word_1_855' title='bbox 2801 5187 3038 5258; x_wconf 89' lang='lat' dir='ltr'><strong>loquitur</strong></span> <span class='ocrx_word' id='word_1_856' title='bbox 3084 5187 3153 5243; x_wconf 90' lang='lat' dir='ltr'><strong>de</strong></span> <span class='ocrx_word' id='word_1_857' title='bbox 3181 5203 3470 5259; x_wconf 69' lang='lat' dir='ltr'><strong>congressu</strong></span> <span class='ocrx_word' id='word_1_858' title='bbox 3495 5189 3782 5260; x_wconf 87' lang='lat' dir='ltr'><strong>conjugali.</strong></span> <span class='ocrx_word' id='word_1_859' title='bbox 3816 5192 3947 5247; x_wconf 87' lang='lat' dir='ltr'><strong>Cum</strong></span> 
     </span>
    </p>
   </div>
   <div class='ocr_carea' id='block_1_114' title="bbox 2360 5278 3952 5352">
    <p class='ocr_par' dir='ltr' id='par_1_114' title="bbox 2360 5278 3952 5352">
     <span class='ocr_line' id='line_1_115' title="bbox 2360 5278 3952 5352; baseline 0.004 -19"><span class='ocrx_word' id='word_1_860' title='bbox 2360 5281 2503 5334; x_wconf 88' lang='lat' dir='ltr'><strong>enim</strong></span> <span class='ocrx_word' id='word_1_861' title='bbox 2546 5278 2787 5345; x_wconf 88' lang='lat' dir='ltr'><strong>dixisset,</strong></span> <span class='ocrx_word' id='word_1_862' title='bbox 2822 5279 3006 5334; x_wconf 83' lang='lat' dir='ltr'><strong>Nolite</strong></span> <span class='ocrx_word' id='word_1_863' title='bbox 3046 5282 3290 5351; x_wconf 67' lang='lat' dir='ltr'><strong>[tundore</strong></span> <span class='ocrx_word' id='word_1_864' title='bbox 3315 5282 3545 5346; x_wconf 81' lang='lat' dir='ltr'><strong>invicem,</strong></span> <span class='ocrx_word' id='word_1_865' title='bbox 3587 5282 3686 5336; x_wconf 86' lang='lat' dir='ltr'><strong>nisi</strong></span> <span class='ocrx_word' id='word_1_866' title='bbox 3715 5282 3850 5352; x_wconf 77' lang='lat' dir='ltr'><strong>forte</strong></span> <span class='ocrx_word' id='word_1_867' title='bbox 3890 5299 3952 5339; x_wconf 72' lang='lat' dir='ltr'><strong>sa:</strong></span> 
     </span>
    </p>
   </div>
   <div class='ocr_carea' id='block_1_115' title="bbox 2360 5371 3951 5441">
    <p class='ocr_par' dir='ltr' id='par_1_115' title="bbox 2360 5371 3951 5441">
     <span class='ocr_line' id='line_1_116' title="bbox 2360 5371 3951 5441; baseline 0.004 -18"><span class='ocrx_word' id='word_1_868' title='bbox 2360 5386 2606 5423; x_wconf 77' lang='lat' dir='ltr'><strong>consensu</strong></span> <span class='ocrx_word' id='word_1_869' title='bbox 2637 5371 2706 5423; x_wconf 79' lang='lat' dir='ltr'><strong>ad</strong></span> <span class='ocrx_word' id='word_1_870' title='bbox 2744 5380 2957 5441; x_wconf 83' lang='lat' dir='ltr'><strong>tempus,</strong></span> <span class='ocrx_word' id='word_1_871' title='bbox 2990 5381 3047 5424; x_wconf 82' lang='lat' dir='ltr'><strong>ut</strong></span> <span class='ocrx_word' id='word_1_872' title='bbox 3086 5374 3269 5425; x_wconf 79' lang='lat' dir='ltr'><strong>vacetis</strong></span> <span class='ocrx_word' id='word_1_873' title='bbox 3296 5372 3501 5441; x_wconf 83' lang='lat' dir='ltr'><strong>jejunio</strong></span> <span class='ocrx_word' id='word_1_874' title='bbox 3536 5385 3585 5424; x_wconf 92' lang='lat' dir='ltr'><strong>et</strong></span> <span class='ocrx_word' id='word_1_875' title='bbox 3624 5373 3870 5440; x_wconf 78' lang='lat' dir='ltr'><strong>orationi,</strong></span> <span class='ocrx_word' id='word_1_876' title='bbox 3903 5385 3951 5429; x_wconf 82' lang='lat' dir='ltr'><strong>rt</strong></span> 
     </span>
    </p>
   </div>
   <div class='ocr_carea' id='block_1_116' title="bbox 2360 5460 3947 5535">
    <p class='ocr_par' dir='ltr' id='par_1_116' title="bbox 2360 5460 3947 5535">
     <span class='ocr_line' id='line_1_117' title="bbox 2360 5460 3947 5535; baseline 0.001 -21"><span class='ocrx_word' id='word_1_877' title='bbox 2360 5461 2541 5514; x_wconf 84' lang='lat' dir='ltr'><strong>iterum</strong></span> <span class='ocrx_word' id='word_1_878' title='bbox 2571 5463 2885 5515; x_wconf 74' lang='lat' dir='ltr'><strong>revertantini</strong></span> <span class='ocrx_word' id='word_1_879' title='bbox 2904 5463 2956 5516; x_wconf 84' lang='lat' dir='ltr'><strong>in</strong></span> <span class='ocrx_word' id='word_1_880' title='bbox 2982 5463 3204 5531; x_wconf 80' lang='lat' dir='ltr'><strong>idipsnm</strong></span> <span class='ocrx_word' id='word_1_881' title='bbox 3228 5463 3301 5531; x_wconf 86' lang='lat' dir='ltr'><strong>(i.</strong></span> <span class='ocrx_word' id='word_1_882' title='bbox 3328 5460 3446 5515; x_wconf 85' lang='lat' dir='ltr'><strong>Cor.</strong></span> <span class='ocrx_word' id='word_1_883' title='bbox 3476 5462 3530 5515; x_wconf 84' lang='grc'><strong>7.</strong></span> <span class='ocrx_word' id='word_1_884' title='bbox 3560 5462 3615 5529; x_wconf 85' lang='grc'><strong>5)</strong></span> <span class='ocrx_word' id='word_1_885' title='bbox 3642 5479 3655 5515; x_wconf 90' lang='lat'><strong>:</strong></span> <span class='ocrx_word' id='word_1_886' title='bbox 3685 5479 3751 5516; x_wconf 89' lang='lat' dir='ltr'><strong>nc</strong></span> <span class='ocrx_word' id='word_1_887' title='bbox 3778 5464 3947 5535; x_wconf 76' lang='lat' dir='ltr'><strong>legem</strong></span> 
     </span>
    </p>
   </div>
   <div class='ocr_carea' id='block_1_117' title="bbox 2361 5553 3947 5624">
    <p class='ocr_par' dir='ltr' id='par_1_117' title="bbox 2361 5553 3947 5624">
     <span class='ocr_line' id='line_1_118' title="bbox 2361 5553 3947 5624; baseline 0.001 -16"><span class='ocrx_word' id='word_1_888' title='bbox 2361 5566 2482 5608; x_wconf 80' lang='lat' dir='ltr'><strong>esse</strong></span> <span class='ocrx_word' id='word_1_889' title='bbox 2510 5568 2573 5607; x_wconf 90' lang='lat' dir='ltr'><strong>ac</strong></span> <span class='ocrx_word' id='word_1_890' title='bbox 2604 5564 2922 5623; x_wconf 77' lang='lat' dir='ltr'><strong>pnuceptum</strong></span> <span class='ocrx_word' id='word_1_891' title='bbox 2964 5553 3260 5617; x_wconf 81' lang='lat' dir='ltr'><strong>existimes,</strong></span> <span class='ocrx_word' id='word_1_892' title='bbox 3288 5568 3503 5609; x_wconf 85' lang='lat' dir='ltr'><strong>causam</strong></span> <span class='ocrx_word' id='word_1_893' title='bbox 3531 5553 3730 5624; x_wconf 86' lang='lat' dir='ltr'><strong>adjicit,</strong></span> <span class='ocrx_word' id='word_1_894' title='bbox 3754 5553 3947 5612; x_wconf 83' lang='lat' dir='ltr'><strong>deinde</strong></span> 
     </span>
    </p>
   </div>
   <div class='ocr_carea' id='block_1_118' title="bbox 2361 5643 3948 5701">
    <p class='ocr_par' dir='ltr' id='par_1_118' title="bbox 2361 5643 3948 5701">
     <span class='ocr_line' id='line_1_119' title="bbox 2361 5643 3948 5701; baseline 0.002 -2"><span class='ocrx_word' id='word_1_895' title='bbox 2361 5643 2583 5699; x_wconf 86' lang='lat' dir='ltr'><strong>dicens:</strong></span> <span class='ocrx_word' id='word_1_896' title='bbox 2616 5643 2700 5698; x_wconf 81' lang='lat' dir='ltr'><strong>Ns</strong></span> <span class='ocrx_word' id='word_1_897' title='bbox 2726 5654 2876 5701; x_wconf 78' lang='lat' dir='ltr'><strong>tentet</strong></span> <span class='ocrx_word' id='word_1_898' title='bbox 2909 5660 2995 5701; x_wconf 75' lang='lat' dir='ltr'><strong>vos</strong></span> <span class='ocrx_word' id='word_1_899' title='bbox 3034 5656 3256 5701; x_wconf 82' lang='lat' dir='ltr'><strong>satanas.</strong></span> <span class='ocrx_word' id='word_1_900' title='bbox 3293 5643 3405 5699; x_wconf 77' lang='lat' dir='ltr'><strong>Hoc</strong></span> <span class='ocrx_word' id='word_1_901' title='bbox 3433 5653 3600 5699; x_wconf 76' lang='lat' dir='ltr'><strong>autem</strong></span> <span class='ocrx_word' id='word_1_902' title='bbox 3630 5644 3746 5701; x_wconf 81' lang='lat' dir='ltr'><strong>dico</strong></span> <span class='ocrx_word' id='word_1_903' title='bbox 3765 5659 3948 5701; x_wconf 73' lang='lat' dir='ltr'><strong>secun-</strong></span> 
     </span>
    </p>
   </div>
   <div class='ocr_carea' id='block_1_119' title="bbox 2365 5734 3949 5808">
    <p class='ocr_par' dir='ltr' id='par_1_119' title="bbox 2365 5734 3949 5808">
     <span class='ocr_line' id='line_1_120' title="bbox 2365 5734 3949 5808; baseline 0.003 -20"><span class='ocrx_word' id='word_1_904' title='bbox 2365 5734 2487 5789; x_wconf 83' lang='lat' dir='ltr'><strong>dum</strong></span> <span class='ocrx_word' id='word_1_905' title='bbox 2524 5736 2908 5808; x_wconf 77' lang='lat' dir='ltr'><strong>indulgentiam,</strong></span> <span class='ocrx_word' id='word_1_906' title='bbox 2958 5753 3061 5794; x_wconf 80' lang='lat' dir='ltr'><strong>non</strong></span> <span class='ocrx_word' id='word_1_907' title='bbox 3102 5738 3378 5794; x_wconf 82' lang='lat' dir='ltr'><strong>secundum</strong></span> <span class='ocrx_word' id='word_1_908' title='bbox 3423 5737 3712 5805; x_wconf 80' lang='lat' dir='ltr'><strong>imperium,</strong></span> <span class='ocrx_word' id='word_1_909' title='bbox 3746 5748 3949 5808; x_wconf 72' lang='lat' dir='ltr'><strong>propter</strong></span> 
     </span>
    </p>
   </div>
   <div class='ocr_carea' id='block_1_120' title="bbox 2368 5831 3947 5903">
    <p class='ocr_par' dir='ltr' id='par_1_120' title="bbox 2368 5831 3947 5903">
     <span class='ocr_line' id='line_1_121' title="bbox 2368 5831 3947 5903; baseline 0.001 -17"><span class='ocrx_word' id='word_1_910' title='bbox 2368 5831 2781 5887; x_wconf 84' lang='lat' dir='ltr'><strong>incontinentiam</strong></span> <span class='ocrx_word' id='word_1_911' title='bbox 2828 5841 3042 5888; x_wconf 78' lang='lat' dir='ltr'><strong>vestram</strong></span> <span class='ocrx_word' id='word_1_912' title='bbox 3094 5831 3198 5899; x_wconf 82' lang='lat' dir='ltr'><strong>(Ib.</strong></span> <span class='ocrx_word' id='word_1_913' title='bbox 3228 5850 3274 5891; x_wconf 70' lang='grc' dir='ltr'><strong>ε.</strong></span> <span class='ocrx_word' id='word_1_914' title='bbox 3302 5832 3355 5891; x_wconf 82' lang='lat'><strong>6.</strong></span> <span class='ocrx_word' id='word_1_915' title='bbox 3390 5832 3462 5903; x_wconf 81' lang='grc'><strong>5).</strong></span> <span class='ocrx_word' id='word_1_916' title='bbox 3495 5831 3947 5903; x_wconf 80' lang='lat' dir='ltr'><strong>Quemadmodum</strong></span> 
     </span>
    </p>
   </div>
  </div>
