4194 6302
286 396 394 453 3‘35

286 506 448 575 igitur
472 520 578 561 non
604 505 855 560 omnibus
881 506 988 560 illic
1011 504 1107 559 ista
1136 502 1389 573 loquitur,
1417 499 1514 556 sed
1541 501 1605 555 iis
1630 499 1720 570 qui
1742 500 1881 556 inter

284 596 532 653 homines
560 596 1034 652 ineontineutiores
1058 604 1204 657 sunt,
1234 603 1287 649 et
1311 592 1469 647 facile
1488 592 1604 660 capi
1633 597 1877 660 possunt:

281 688 361 743 sic
388 688 548 743 etiam
581 686 684 741 hoc
706 686 825 742 loco
849 687 1100 741 mulieres
1124 692 1425 755 expugnata
1449 682 1654 748 faciles,
1686 690 1741 737 et
1759 695 1880 751 quae

282 792 391 833 non
440 778 512 832 ita
554 776 711 833 facile
741 778 979 847 perferre
1026 785 1247 846 possunt
1277 783 1524 830 exactam
1545 775 1598 828 in
1624 773 1881 827 viduitate

278 868 495 923 vivendi
546 868 810 923 rationem
830 909 846 932 ,
898 868 1142 923 hortatur
1161 908 1176 930 ,
1207 876 1261 922 et
1286 866 1539 933 consulit,
1570 874 1629 920 ut
1651 866 1876 920 alterum

278 958 453 1011 virum
487 958 844 1018 introducam.
892 958 987 1013 Est
1012 958 1153 1013 enim
1200 972 1288 1012 res
1314 956 1555 1027 quaedam
1578 955 1773 1024 duplex
1798 956 1882 1009 vi-

276 1048 473 1104 duitas.
505 1048 644 1116 Quid
691 1049 794 1105 hoc
837 1059 919 1103 est
950 1049 1163 1104 tandem
1190 1049 1423 1118 duplex?
1452 1048 1717 1102 Bonorum
1749 1062 1877 1116 ope-

276 1154 398 1194 rum
425 1140 720 1209 specimen,
748 1150 805 1194 et
829 1140 1049 1197 honoris
1084 1141 1279 1195 summi
1306 1140 1595 1210 fastigium.
1626 1138 1693 1194 Ut
1718 1139 1876 1209 igitur

274 1240 356 1287 est
404 1232 564 1286 etiam
593 1246 681 1287 res
724 1233 968 1303 quadam
1016 1231 1213 1302 duplex
1259 1232 1601 1301 magistratus
1646 1249 1663 1285 :
1715 1229 1876 1284 habet

273 1321 421 1377 enim
451 1333 507 1377 et
534 1337 695 1392 opera
743 1333 798 1377 et
834 1323 1183 1393 dignitatem;
1210 1323 1441 1392 dignitas
1469 1322 1681 1391 quidem
1709 1322 1877 1390 magi-

273 1420 478 1466 stratus
516 1422 601 1467 est
646 1420 905 1480 potestas,
937 1422 990 1466 et
1016 1414 1189 1467 cultus
1215 1412 1353 1482 quia
1383 1412 1538 1481 vulgo
1568 1410 1871 1473 exhibetur,

272 1512 331 1558 et
363 1506 536 1573 ipsum
578 1520 698 1559 esse
741 1504 1142 1575 magistratum;
1171 1519 1335 1572 Opera
1375 1517 1504 1557 vero
1534 1502 1873 1571 magistratus

271 1603 401 1648 sunt
442 1594 635 1665 injuria
680 1593 885 1649 allectis
929 1609 1268 1660 succurrere,
1300 1592 1593 1647 inferentes
1628 1590 1871 1660 injuriam

270 1699 640 1755 compescere,
669 1686 890 1740 urbibus
915 1701 1170 1756 prmesse,
1205 1686 1256 1739 in
1291 1682 1670 1739 communibus
1696 1683 1875 1751 reipu-

269 1774 428 1830 blicae
475 1776 619 1831 curis
655 1776 969 1831 excubando
1008 1785 1346 1844 pernoctare,
1375 1785 1429 1829 et
1468 1774 1667 1843 reliqua
1717 1774 1874 1827 innu-

268 1881 422 1921 mera
452 1883 469 1922 ε
495 1866 574 1921 sic
599 1876 655 1920 et
683 1867 912 1922 viduitas
940 1877 993 1921 et
1016 1866 1245 1936 dignitas
1268 1875 1351 1920 est
1371 1873 1425 1919 et
1446 1880 1614 1934 opus:
1641 1864 1871 1918 maxima

266 1957 503 2028 dignitas
529 1967 613 2012 est
661 1940 881 2012 viduam
926 1973 1070 2023 esse,
1111 1967 1168 2011 ut
1196 1966 1324 2011 ante
1348 1956 1869 2020 demonstravimus;

266 2062 407 2117 opus
427 2056 513 2102 est
538 2049 833 2103 secundum
863 2051 1111 2103 maritum
1142 2049 1243 2104 sibi
1273 2064 1377 2103 non
1408 2048 1741 2112 adsciscere,
1775 2047 1869 2100 sed

268 2139 437 2207 priori
476 2154 599 2195 esse
638 2150 969 2207 contentam,
1000 2142 1138 2195 filios
1176 2140 1427 2204 educare,
1476 2141 1707 2210 hospitio
1736 2140 1871 2194 reci-

263 2245 420 2301 pere,
444 2231 611 2301 pedes
652 2241 958 2286 sanctorum
998 2232 1196 2296 lavare,
1225 2231 1623 2285 tribulationem
1664 2231 1873 2300 patien-

266 2325 413 2379 tibus
436 2324 867 2388 subministrare,
891 2338 1053 2379 omne
1074 2338 1207 2393 Opus
1234 2324 1433 2377 bonum
1450 2323 1664 2377 sectari.
1688 2323 1870 2392 Itaque

262 2413 469 2469 Paulus
512 2414 582 2470 de
628 2414 736 2469 illis
782 2413 1007 2483 loquens
1051 2428 1212 2483 opera
1243 2415 1458 2484 quidem
1487 2415 1664 2467 omnia
1698 2414 1868 2467 vidua:

262 2505 398 2559 sinit
424 2506 569 2561 illam
600 2505 859 2576 perlicere
884 2524 896 2559 :
925 2505 990 2560 ad
1018 2506 1330 2576 dignitatem
1370 2516 1549 2561 autem
1579 2506 1772 2572 viduae,
1805 2522 1869 2561 ac

260 2606 487 2660 ctutum,
536 2603 593 2650 et
617 2596 859 2650 ordinem
911 2595 1055 2650 illam
1105 2595 1325 2665 provehi
1374 2612 1481 2650 non
1510 2597 1657 2663 sinit,
1696 2596 1869 2651 donec

262 2684 637 2753 sexagesimus
651 2700 823 2739 annus
846 2666 1180 2755 praeterierit,
1201 2676 1351 2755 quasi
1376 2686 1538 2741 dicat:
1556 2686 1730 2759 Opera
1752 2690 1866 2756 qui-

260 2775 391 2832 dem
419 2776 590 2830 vidua:
613 2775 795 2841 faciat,
822 2779 1135 2847 dignitatem
1164 2795 1290 2834 vero
1322 2791 1431 2833 tum
1458 2781 1716 2845 obtineat,
1744 2797 1865 2835 cum

262 2869 352 2925 bis
378 2870 627 2924 omnibus
653 2870 905 2940 perfectis
943 2872 1286 2927 securitatem
1316 2872 1577 2928 beneficio
1609 2874 1867 2945 temporis

259 2969 550 3030 essequuta
570 2960 748 3025 fuerit,
781 2970 835 3015 et
859 2978 925 3016 ex
952 2964 1205 3033 operibus
1250 2963 1762 3019 demonstrationem
1803 2980 1869 3019 ac

263 3053 631 3107 testiinonium
672 3064 977 3108 externum.
1034 3054 1206 3110 Nemo
1232 3056 1360 3110 solis
1388 3056 1702 3110 mulieribus
1725 3056 1867 3109 arbi-

262 3154 439 3200 tretur
479 3146 776 3199 orationem
804 3146 1115 3200 convenire.
1147 3147 1279 3201 Nam
1301 3155 1355 3202 et
1379 3148 1505 3201 viris
1540 3146 1775 3215 prodest,
1808 3154 1866 3200 ut

260 3245 317 3289 et
346 3234 446 3303 ipsi
493 3234 761 3290 defunctis
810 3237 1067 3291 uxoribus
1114 3238 1225 3291 suis
1262 3237 1497 3291 contenti
1528 3238 1657 3303 sint,
1689 3252 1865 3307 neque

259 3327 430 3380 velint
454 3340 576 3381 cum
602 3325 787 3381 liberis
810 3328 920 3381 suis
950 3326 1150 3382 leamas
1177 3328 1439 3387 habitare.
1463 3328 1588 3382 dum
1607 3342 1864 3383 novercas

259 3416 649 3482 introducunt,
691 3427 745 3473 et
781 3433 931 3481 suam
964 3435 1178 3472 omnem
1210 3421 1551 3473 securitatem
1592 3430 1857 3473 evertunt.

333 3508 389 3563 5.
435 3505 744 3561 Cohortatur
781 3510 848 3561 ad
884 3512 1255 3580 monogamiam
1276 3551 1290 3572 ,
1324 3526 1413 3564 nec
1446 3511 1655 3564 damnat
1684 3529 1863 3565 secun-

258 3599 358 3653 das
386 3599 611 3667 nuptias.
634 3629 707 3639 —
730 3599 855 3653 ηςεο
882 3610 1063 3654 autem
1107 3616 1137 3654 a
1171 3601 1321 3654 nobis
1350 3602 1599 3655 dicuntur
1623 3643 1637 3667 ,
1672 3618 1778 3655 non
1806 3610 1864 3656 ut

258 3690 528 3746 secundas
548 3691 786 3745 aversari
815 3692 1025 3759 nuptias
1051 3692 1446 3759 prmcipiamus;
1476 3692 1568 3746 sed
1602 3702 1657 3746 ut
1683 3694 1863 3746 horte-

260 3788 471 3834 mur—et
498 3780 839 3834 consulamus
859 3820 874 3844 ,
924 3781 1189 3850 prioribus
1215 3797 1334 3835 esse
1368 3790 1668 3840 contentos.
1704 3782 1860 3838 Aliud

259 3878 348 3924 est
375 3868 673 3933 adhortari,
702 3871 844 3924 aliud
871 3873 1184 3942 praecipere.
1206 3873 1337 3927 Nam
1363 3875 1449 3943 qui
1476 3874 1790 3929 adhortatur
1809 3886 1863 3929 et

258 3960 501 4015 consulit
522 4000 538 4027 ,
566 3961 620 4014 in
649 3962 870 4018 arbitrio
897 3976 963 4017 ac
1004 3972 1263 4031 potestate
1293 3965 1541 4034 relinquit
1566 3966 1823 4019 auditoris
1845 4008 1858 4028 ,

260 4058 325 4104 nt
350 4050 495 4121 quod
539 4054 851 4108 consulatur
881 4054 1043 4123 eligat
1076 4072 1088 4107 :
1122 4057 1212 4124 qui
1245 4036 1370 4109 vero
1413 4058 1655 4127 pra-cipit
1676 4100 1690 4121 ,
1726 4059 1862 4113 hanc

260 4141 568 4196 facultatem
598 4142 860 4211 ejusmodi
908 4160 1015 4201 non
1057 4146 1334 4213 permittit.
1368 4149 1436 4199 At
1480 4148 1715 4203 Ecclesia
1762 4150 1860 4203 ista

260 4248 370 4285 non
395 4233 654 4303 pra-cipit,
679 4235 773 4288 sed
800 4234 1043 4290 hortatur
1070 4239 1240 4291 solum
1267 4256 1280 4289 :
1309 4239 1572 4309 Siquidem
1597 4244 1862 4295 secundas

256 4324 422 4378 etiam
455 4325 670 4392 nuptias
701 4328 941 4394 permisit
968 4326 1164 4381 Paulus
1192 4345 1314 4383 cum
1344 4329 1414 4383 ita
1461 4330 1594 4384 dixit
1626 4347 1639 4383 :
1674 4331 1863 4385 Mulier

256 4415 476 4484 alligata
499 4424 573 4469 est
601 4416 701 4487 tegi
722 4458 734 4479 ,
766 4428 952 4486 quanto
980 4430 1201 4489 tempore
1228 4423 1304 4473 vir
1331 4423 1439 4489 eius
1466 4423 1581 4475 vivit
1612 4438 1632 4475 .°
1659 4425 1795 4494 quod
1820 4425 1864 4477 si

257 4509 523 4563 dormierit
552 4510 628 4563 vir
646 4512 779 4579 ejus,
803 4510 960 4565 libera
989 4522 1061 4565 est
1080 4552 1095 4574 ,
1122 4515 1207 4565 cui
1234 4512 1341 4567 vult
1368 4514 1522 4567 nubat
1546 4557 1560 4580 ,
1591 4526 1783 4568 tantum
1812 4518 1862 4569 in

258 4600 507 4655 Domino.
533 4598 743 4654 Rectior
781 4612 853 4655 est
878 4613 1045 4655 autem
1072 4604 1115 4656 si
1152 4606 1227 4658 sic
1267 4610 1596 4672 perumnserit
1623 4609 1641 4677 (
1664 4608 1708 4661 ι.
1742 4607 1860 4662 Cor.

261 4692 317 4746 7.
342 4691 433 4747 59.
464 4692 534 4746 ιο
555 4696 597 4761 ).
622 4691 689 4746 Ut
712 4694 868 4761 igitur
888 4693 1086 4747 bonum
1109 4705 1191 4749 est
1210 4696 1536 4765 coiijugium,
1562 4698 1654 4753 sed
1675 4700 1864 4753 melior

258 4792 347 4839 est
375 4784 655 4853 virginitas
684 4802 697 4837 :
734 4784 804 4837 ita
834 4785 1031 4838 boumn
1060 4787 1275 4855 quidem
1304 4800 1383 4841 cst
1413 4790 1707 4845 secundum
1735 4807 1865 4846 con-

256 4874 468 4943 jugium
490 4913 505 4935 ,
534 4872 629 4931 sed
660 4875 852 4927 melius
877 4885 959 4927 est
991 4876 1221 4944 primum
1247 4887 1301 4933 ct
1331 4878 1525 4932 solum.
1557 4878 1674 4933 Non
1705 4881 1866 4950 igitur

257 4967 574 5037 conjugium
611 4967 905 5022 secundum
936 4968 1206 5037 rejicimus
1229 5011 1245 5035 ,
1276 4987 1447 5040 neque
1472 4972 1588 5027 haec
1617 4975 1863 5044 praeeipi-

259 5074 388 5113 inus
409 5099 427 5123 ,
460 5058 555 5113 sed
593 5064 974 5125 cohortamur,
1004 5069 1060 5113 ut
1090 5061 1133 5113 si
1174 5062 1292 5129 quis
1317 5062 1617 5117 castitatem
1648 5078 1867 5120 servare

262 5153 472 5223 possit,
515 5153 585 5207 sit
635 5153 799 5221 priori
841 5163 1145 5207 contentus.
1190 5152 1551 5209 Coliortamur
1588 5167 1766 5212 autem
1812 5167 1869 5213 et

256 5244 598 5299 Consulimus
619 5244 683 5297 ad
707 5244 1076 5298 stabiliendum
1104 5245 1292 5298 domus
1316 5249 1657 5302 securitatem
1686 5266 1698 5301 :
1724 5264 1867 5316 smpe

265 5350 500 5405 namque
525 5335 775 5391 secundm
800 5348 999 5404 nuptiae
1028 5337 1457 5405 quotidianarum
1486 5349 1540 5393 et
1570 5356 1866 5410 pugnarum

263 5438 324 5483 et
362 5427 768 5483 contentionum
819 5428 1025 5481 initium
1074 5438 1128 5482 et
1175 5430 1510 5484 occasionem
1554 5432 1863 5484 attulerunt.

265 5522 416 5576 Sane
454 5520 730 5574 multotios
769 5520 949 5575 evenit
973 5561 987 5584 ,
1024 5532 1079 5573 ut
1124 5521 1364 5575 assidens
1410 5539 1608 5577 mensa:
1648 5524 1870 5577 maritus

228 5658 249 5691 δ
269 5614 466 5683 prioris
492 5612 679 5665 uxoris
720 5611 1035 5669 recordatus
1058 5656 1071 5678 ,
1106 5616 1293 5669 leniter
1319 5616 1443 5668 ﬂeat
1476 5633 1488 5669 :
1518 5626 1571 5670 at
1617 5618 1704 5671 illa
1734 5633 1869 5672 con—

267 5704 447 5761 feStim
475 5703 844 5771 excandescit,
878 5716 931 5760 et
959 5714 1227 5774 tamquam
1263 5708 1369 5762 fera
1402 5709 1587 5774 insilit,
1620 5720 1670 5765 et
1706 5710 1784 5764 sui
1817 5712 1867 5765 in

273 5796 419 5851 illam
448 5797 651 5853 amoris
692 5797 760 5852 ab
807 5813 872 5853 eo
916 5813 1103 5867 petitas
1146 5800 1328 5870 exigit.
1376 5801 1527 5868 Quod
1568 5803 1609 5855 si
1644 5802 1868 5858 voluerit

1395 388 1458 445 IN
1498 387 1721 454 ILLUD,
1768 386 1971 445 VIDUA
2018 387 2388 447 ELIGATUR.

3484 400 3591 458 3‘16

1994 499 2213 556 laudare
2233 501 2562 567 defunctam,
2582 512 2694 559 tum
2717 506 3077 563 contentionis
3096 517 3151 565 et
3172 525 3361 582 pugna:
3377 520 3591 574 occasio

1989 607 2055 645 sx
2088 590 2332 648 laudibus
2361 594 2504 650 illius
2530 595 2775 653 otl'ertur.
2820 602 2900 653 Ae
2940 599 3205 656 defunctis
3235 603 3451 674 quidem
3480 606 3586 663 ini.

1989 680 2143 736 micis
2178 684 2589 740 reconciliamur
2612 724 2625 747 .
2654 687 2953 760 eodemque
2983 689 3090 745 fine
3125 691 3230 746 vita
3273 692 3490 751 illorum
3532 707 3587 753 et

1987 780 2229 827 nostrum
2272 773 2324 829 in
2386 774 2507 830 illos
2548 776 2730 832 odium
2790 780 3110 837 terminatur
3160 799 3175 835 :
3227 781 3281 838 in
3330 786 3588 842 uxoribus

1986 872 2165 916 autem
2208 865 2536 921 contrarium
2585 869 2798 938 penitus
2838 871 3035 927 evenit.
3078 872 3248 941 Quam
3287 876 3430 931 enim
3474 892 3583 934 non

1984 952 2139 1018 vidit,
2166 970 2324 1023 quam
2355 973 2461 1010 non
2483 956 2687 1013 audivit
2711 1000 2727 1020 ,
2756 975 2787 1013 a
2818 975 2919 1030 qua
2952 961 3085 1017 nihil
3113 972 3197 1019 est
3225 965 3350 1019 mali
3383 982 3537 1035 passa
3558 1008 3580 1037 ,

1985 1042 2126 1097 banc
2150 1044 2275 1098 odio
2306 1048 2647 1117 prosequitur
2672 1058 2726 1104 et
2755 1061 3067 1117 aversatur,
3098 1069 3161 1108 ac
3200 1071 3266 1108 ne
3294 1071 3440 1112 mors
3463 1058 3585 1129 qui-

1982 1130 2104 1186 dem
2135 1134 2316 1189 odium
2359 1138 2670 1207 exstinguit.
2700 1138 2831 1206 Quis
2857 1143 3110 1211 umquam
3139 1143 3307 1209 vidit,
3335 1146 3455 1216 quis
3482 1162 3582 1203 au-

1982 1222 2115 1277 divit
2152 1225 2470 1296 zelotypiam
2510 1227 2563 1281 in
2605 1229 2883 1299 pulverem
2910 1273 2923 1296 ,
2953 1247 3184 1303 pugnam
3223 1249 3347 1290 cum
3396 1238 3582 1294 cinere

1981 1317 2323 1383 susceptam?

2053 1406 2103 1461 6.
2150 1408 2254 1461 Sed
2284 1425 2391 1466 non
2436 1425 2675 1482 eoasque
2719 1421 2925 1467 tantum
2956 1415 3295 1484 progreditur
3331 1404 3529 1473 malum
3563 1437 3576 1470 :

1980 1499 2105 1566 quin
2135 1501 2293 1553 etiam
2322 1501 2435 1556 sive
2463 1519 2527 1556 ex
2558 1503 2792 1557 secunda
2836 1504 2945 1558 uati
2976 1505 3082 1558 sint
3107 1506 3257 1561 liberi
3284 1548 3299 1571 ,
3329 1507 3444 1563 sive
3472 1524 3581 1562 non

1981 1588 2087 1641 sint
2116 1590 2246 1655 nati,
2278 1606 2451 1659 pugna
2481 1593 2668 1646 rursus
2694 1603 2748 1647 et
2775 1596 3049 1649 contentio
3075 1598 3335 1652 exoritur.
3369 1596 3501 1651 Nam
3531 1599 3577 1651 si

1980 1682 2087 1734 nati
2115 1696 2223 1764 qon
2252 1684 2359 1736 sint
2383 1726 2397 1747 ,
2430 1685 2619 1752 majori
2667 1701 2902 1741 maerore
2947 1687 3261 1755 conficitur,
3291 1698 3344 1743 et
3386 1689 3486 1744 hac
3510 1690 3581 1746 de

1978 1782 2136 1823 causa
2182 1781 2335 1826 natos
2377 1787 2445 1825 ex
2488 1773 2654 1843 priori
2681 1785 2952 1844 tamquam
2994 1776 3215 1841 hostes,
3247 1786 3301 1832 et
3331 1779 3581 1849 aquibus

1980 1861 2225 1915 mximis
2254 1864 2323 1915 sit
2350 1864 2537 1919 aﬂ'ecta
2570 1865 2798 1935 injuriis,
2830 1868 3085 1932 intuetur,
3114 1869 3240 1941 dum
3270 1885 3337 1924 ex
3362 1870 3576 1925 illorum

1977 1949 2085 2003 vita
2125 1951 2420 2005 sterilitatis
2461 1968 2573 2007 sua:
2611 1970 2829 2009 sensum
2869 1958 3013 2026 capit
3056 1959 3335 2027 majorem.
3365 1960 3419 2015 Si
3451 1977 3581 2015 vero

1978 2038 2086 2094 nati
2118 2040 2225 2093 siut
2248 2081 2264 2103 ,
2306 2057 2494 2095 rursus
2524 2043 2691 2099 nihilo
2726 2046 2902 2100 minus
2940 2047 3138 2101 malum
3169 2059 3270 2103 est.
3302 2048 3576 2117 Siquidem

1978 2132 2202 2186 maritus
2241 2146 2614 2203 saepenumero
2661 2137 2797 2194 bene
2840 2137 3067 2192 allectus
3104 2154 3229 2209 erga
3268 2139 3578 2197 defunctam

1979 2220 2079 2275 hos
2103 2225 2443 2291 amplectitur
2463 2267 2476 2287 ,
2507 2236 2561 2281 et
2594 2242 2779 2282 amore
2806 2228 2966 2283 simul
3010 2245 3075 2286 ac
3117 2231 3482 2287 misericordia
3524 2234 3579 2287 in

1977 2313 2096 2368 illos
2120 2324 2338 2385 propter
2361 2317 2643 2374 orbitatem
2671 2331 3077 2377 commovetur:
3107 2334 3159 2378 at
3191 2324 3281 2379 illa
3310 2340 3439 2387 suos
3465 2326 3583 2380 ubi-

1976 2420 2079 2471 que
2105 2406 2343 2475 praeferri
2372 2410 2521 2475 vult,
2549 2426 2611 2465 ac
2652 2426 2751 2465 nec
2788 2414 3014 2467 fratrum
3056 2414 3176 2468 illos
3214 2413 3402 2470 haberi
3432 2415 3575 2479 loco,

1976 2497 2069 2551 sed
2094 2498 2423 2568 abjectorum
2454 2500 2775 2558 famulorum
2809 2522 2821 2557 :
2856 2521 2975 2575 quae
3001 2505 3180 2561 omnia
3208 2507 3426 2562 domum
3454 2522 3585 2577 poso

1976 2597 2100 2641 sunt
2126 2590 2457 2657 subvertere.
2490 2607 2552 2647 ac
2571 2594 2730 2648 vitam
2756 2598 2950 2651 marito
2972 2596 3223 2652 acerbam
3248 2609 3303 2653 et
3328 2598 3576 2655 infestam

1975 2676 2221 2732 reddere.
2261 2680 2549 2751 Propterea
2581 2683 2646 2737 ad
2692 2686 3011 2741 servandam
3052 2688 3351 2742 castitatem
3378 2688 3581 2743 adhor—

1977 2774 2154 2821 tamur
2180 2810 2194 2832 ,
2222 2769 2265 2822 si
2295 2772 2407 2824 licri
2453 2774 2655 2841 possit,
2684 2784 2739 2830 et
2767 2783 2827 2837 ut
2852 2776 3015 2846 priori
3056 2777 3305 2847 conjugio
3342 2781 3580 2835 contenti

1973 2858 2092 2911 sitis
2118 2900 2132 2924 ,
2167 2869 2217 2914 et
2248 2877 2425 2932 neque
2454 2865 2631 2918 mariti
2661 2880 2856 2921 uxores
2876 2907 2891 2932 ,
2927 2883 3099 2937 neque
3133 2884 3328 2923 uxores
3358 2872 3580 2925 maritos

1973 2950 2297 3016 adsciscam,
2341 2970 2408 3009 ne
2452 2958 2673 3013 domum
2716 2974 2868 3014 suam
2901 2976 3117 3015 onmem
3163 2976 3362 3032 susque
3404 2962 3579 3033 deque

1974 3052 2204 3098 vertant.

2058 3132 2332 3205 Virginitas
2376 3139 2485 3193 sine
2525 3140 2786 3196 virtutibus
2823 3142 2942 3197 aliis
2982 3162 3084 3199 non
3127 3148 3348 3214 prodest.
3372 3178 3443 3187 —
3468 3147 3580 3203 Cur

1973 3233 2150 3279 autem
2177 3242 2298 3281 cum
2331 3228 2398 3282 de
2424 3230 2681 3285 viduitate
2720 3232 3051 3297 dissereret,
3083 3236 3246 3304 priori
3288 3238 3405 3292 solo
3442 3254 3575 3293 con-

1974 3322 2155 3369 tentus
2182 3322 2286 3370 non
2321 3318 2450 3382 fuit,
2483 3335 2604 3374 cum
2631 3321 2803 3388 dixit,
2846 3321 3010 3379 Unius
3056 3326 3152 3379 viri
3181 3329 3353 3383 uxor?
3390 3327 3463 3385 Ut
3491 3329 3576 3383 in-

1972 3407 2183 3477 telligas
2201 3408 2250 3462 id
2269 3410 2481 3463 viduam
2506 3428 2611 3465 nun
2633 3412 2830 3478 facere,
2858 3415 2903 3488 si
2927 3417 3163 3471 secundo
3186 3420 3377 3472 marito
3400 3421 3575 3475 solum

1973 3506 2261 3568 utcumque
2291 3502 2616 3567 nnunubat,
2649 3504 2739 3556 sed
2773 3505 2816 3556 si
2850 3506 3006 3559 bonis
3032 3508 3304 3576 cperibns,
3336 3510 3575 3564 eleemo-

1975 3604 2129 3658 syna,
2157 3587 2503 3659 benignitate,
2528 3601 2689 3661 atque
2711 3592 2901 3647 officiis
2924 3610 3048 3664 erga
3072 3598 3386 3666 peregrinos
3406 3599 3577 3654 abun-

1975 3680 2086 3737 det.
2105 3681 2240 3737 Nam
2260 3686 2304 3739 si
2326 3685 2628 3755 virginibus
2647 3686 2779 3740 nihil
2828 3688 3032 3756 profuit
3055 3693 3339 3761 virginitas
3357 3690 3578 3762 (Matth.

1974 3771 2066 3841 23’)
2099 3774 2335 3837 (tametsi
2372 3777 2542 3827 multo
2584 3776 2759 3837 major
2812 3784 2896 3829 est
2936 3778 3200 3833 viduitate
3246 3781 3581 3852 virginitas),

1972 3862 2063 3916 sed
2092 3878 2217 3916 eum
2246 3862 2297 3915 in
2321 3862 2657 3933 lampadibus
2689 3865 2898 3919 illarum
2931 3866 3066 3936 ignis
3092 3878 3235 3923 esset
3254 3870 3573 3935 exstinctus,

1973 3943 2261 4021 ignominia
2294 3954 2500 4009 affecta:
2533 3968 2917 4022 recesserunt,
2950 3960 3203 4027 quoniam
3232 3960 3579 4031 benignitatis

1972 4054 2027 4100 et
2053 4045 2412 4115 eleemosyua:
2444 4048 2672 4101 fructum
2704 4048 2961 4105 exhibere
3007 4050 3226 4107 minime
3256 4053 3574 4119 valuerunt,

1974 4136 2144 4190 multo
2175 4137 2344 4207 magis
2369 4137 2561 4191 vidum.
2592 4138 2751 4193 Certe
2795 4155 2917 4193 cum
2950 4140 3098 4195 illam
3131 4142 3437 4211 parabolam
3478 4160 3575 4198 au—

1972 4227 2141 4282 disset
2166 4226 2379 4290 Paulus,
2409 4238 2462 4282 et
2488 4228 2710 4283 istarum
2739 4245 2899 4284 causa
2930 4232 3163 4297 timeret,
3193 4234 3457 4304 exquisite
3481 4236 3578 4288 ad-

1974 4320 2192 4373 modum
2210 4335 2323 4374 rem
2351 4322 2639 4383 examinat,
2667 4336 2734 4376 ne
2756 4322 2891 4376 forte
2913 4333 3131 4393 promer
3148 4326 3364 4380 unicum
3388 4328 3575 4381 matri-

1974 4412 2212 4467 monium
2241 4412 2341 4465 sibi
2363 4411 2696 4466 confidentes
2725 4415 2956 4481 reliquas
2976 4416 3199 4470 virtutes
3220 4416 3576 4485 negligerent.

1974 4505 2261 4573 Propterea
2284 4505 2451 4569 dicit,
2482 4504 2548 4558 In
2589 4506 2822 4574 operibus
2851 4508 2994 4560 bonis
3027 4510 3581 4566 testintonium'lmbeus

1975 4598 1993 4665 (
2018 4597 2061 4650 ι.
2090 4595 2221 4649 Tim.
2245 4596 2299 4650 5.
2324 4596 2392 4651 10
2410 4594 2449 4666 ).
2476 4595 2549 4652 Ut
2573 4597 2717 4650 enim
2740 4597 2935 4650 bonum
2960 4598 3354 4669 estvirginitas,
3374 4601 3577 4670 absque

1973 4690 2184 4744 carteris
2227 4697 2406 4743 autem
2448 4689 2774 4743 infrucmosa
2817 4688 2915 4754 fit,
2948 4698 3002 4743 et
3043 4705 3072 4742 a
3107 4690 3348 4745 conclavi
3395 4694 3578 4759 sponsi

1975 4780 2214 4835 excludit
2247 4797 2260 4832 :
2294 4780 2371 4834 sic
2399 4788 2455 4834 et
2479 4779 2709 4834 viduitas
2741 4781 2936 4833 bonum
2968 4789 3069 4845 est,
3100 4781 3195 4836 sed
3226 4782 3346 4837 sine
3374 4783 3581 4836 virtuti-

1977 4874 2075 4928 bus
2103 4874 2312 4929 caateris
2336 4890 2468 4927 vana
2492 4890 2579 4928 res
2611 4882 2693 4927 est
2717 4883 2771 4927 et
2800 4873 3090 4942 superﬂua.
3124 4874 3412 4946 Propterea
3442 4876 3578 4929 Pan-

1978 4966 2063 5021 lus
2088 4964 2215 5019 dum
2246 4965 2580 5029 cohortatur,
2612 4982 2719 5018 non
2747 4981 2987 5034 eousque
3016 4965 3188 5021 solum
3220 4967 3582 5037 progreditur,

1978 5068 2036 5110 ut
2058 5072 2162 5110 non
2184 5072 2305 5111 esse
2325 5055 2848 5125 superinducendum
2878 5057 3171 5111 secundum
3196 5061 3445 5113 maritum
3470 5077 3582 5114 sna-

1978 5149 2121 5215 deat,
2154 5147 2249 5203 sed
2276 5157 2331 5202 et
2358 5148 2460 5202 alia
2491 5149 2640 5220 plura
2670 5159 2724 5202 et
2756 5149 2957 5217 majora
2992 5151 3214 5219 requirit
3243 5166 3272 5203 a
3304 5152 3481 5206 vidua.
3517 5152 3581 5207 Et

1978 5242 2427 5312 quemadmodum
2461 5242 2533 5307 ii,
2563 5242 2652 5311 qui
2687 5242 2910 5295 militum
2933 5241 3196 5295 delectum
3227 5243 3443 5309 habent,
3467 5259 3583 5297 cor-

1980 5335 2126 5404 poris
2156 5335 2349 5388 bonam
2382 5334 2751 5388 habitudinem
2784 5336 3059 5403 requirunt
3090 5353 3101 5387 :
3137 5338 3203 5388 ita
3236 5336 3321 5391 hic
3348 5379 3362 5403 ,
3396 5338 3481 5407 qui
3515 5338 3581 5391 ad

1979 5431 2271 5487 exercitum
2290 5430 2489 5484 Christi
2528 5431 2666 5487 hanc
2699 5431 2905 5501 deligit,
2927 5432 3121 5487 bonam
3159 5434 3352 5488 anima:
3376 5435 3584 5489 habitu.

1980 5524 2159 5579 dinem
2185 5525 2484 5594 requisivit,
2510 5534 2565 5580 et
2590 5524 2979 5591 fortitudinem,
3004 5538 3058 5581 ct
3084 5527 3135 5581 in
3158 5530 3407 5597 omnibus
3432 5530 3586 5585 bonis

1981 5616 2234 5685 operibus
2255 5616 2512 5683 studium,
2543 5618 2615 5670 ita
2646 5617 2827 5671 dicens
2856 5637 2868 5673 :
2901 5619 2962 5674 Si
2982 5620 3118 5687 ﬁlios
3139 5622 3393 5684 educavit,
3424 5622 3468 5675 si
3497 5624 3588 5676 ho-

1982 5709 2132 5777 spitio
2164 5709 2373 5779 recepit,
2402 5710 2445 5760 si
2466 5717 2755 5762 sanctorum
2790 5711 2939 5779 pedes
2971 5712 3112 5774 lavit,
3142 5710 3185 5765 si
3212 5711 3588 5766 tribulationem

1982 5799 2287 5866 patientibus
2318 5800 2751 5868 subministravit,
2783 5802 2825 5855 si
2855 5820 3000 5857 oumc
3030 5822 3154 5874 Opus
3188 5806 3369 5859 bimum
3401 5820 3588 5861 sociata
