  <div class='ocr_page' id='page_1' title='image "/cluster/home/n/w/nwhite01/storage/ocr_20150623/51/pst.000005712502/331.png"; bbox 0 0 4194 6302; ppageno 0'>
   <div class='ocr_carea' id='block_1_1' title="bbox 608 334 712 391">
    <p class='ocr_par' dir='ltr' id='par_1_1' title="bbox 608 334 712 391">
     <span class='ocr_line' id='line_1_1' title="bbox 608 334 712 391; baseline -0.029 0"><span class='ocrx_word' id='word_1_1' title='bbox 608 334 712 391; x_wconf 67' lang='grc'><strong>827</strong></span> 
     </span>
    </p>
   </div>
   <div class='ocr_carea' id='block_1_2' title="bbox 608 435 2179 509">
    <p class='ocr_par' dir='ltr' id='par_1_2' title="bbox 608 435 2179 509">
     <span class='ocr_line' id='line_1_2' title="bbox 608 435 2179 509; baseline -0.01 -7"><span class='ocrx_word' id='word_1_2' title='bbox 608 457 702 503; x_wconf 70' lang='grc' dir='ltr'><strong>ω.</strong></span> <span class='ocrx_word' id='word_1_3' title='bbox 752 441 961 500; x_wconf 77' lang='lat' dir='ltr'><strong>Etenim</strong></span> <span class='ocrx_word' id='word_1_4' title='bbox 1010 438 1417 509; x_wconf 85' lang='lat' dir='ltr'><strong>unumquodque</strong></span> <span class='ocrx_word' id='word_1_5' title='bbox 1458 441 1676 495; x_wconf 86' lang='lat' dir='ltr'><strong>istorum</strong></span> <span class='ocrx_word' id='word_1_6' title='bbox 1727 436 1924 493; x_wconf 88' lang='lat' dir='ltr'><strong>nudum</strong></span> <span class='ocrx_word' id='word_1_7' title='bbox 1969 435 2179 505; x_wconf 76' lang='lat' dir='ltr'><strong>quidem</strong></span> 
     </span>
    </p>
   </div>
   <div class='ocr_carea' id='block_1_3' title="bbox 609 526 2180 596">
    <p class='ocr_par' dir='ltr' id='par_1_3' title="bbox 609 526 2180 596">
     <span class='ocr_line' id='line_1_3' title="bbox 609 526 2180 596; baseline -0.009 -6"><span class='ocrx_word' id='word_1_8' title='bbox 609 546 732 589; x_wconf 82' lang='lat' dir='ltr'><strong>esse</strong></span> <span class='ocrx_word' id='word_1_9' title='bbox 752 546 944 587; x_wconf 81' lang='lat' dir='ltr'><strong>nomen</strong></span> <span class='ocrx_word' id='word_1_10' title='bbox 965 528 1192 595; x_wconf 89' lang='lat' dir='ltr'><strong>videtur,</strong></span> <span class='ocrx_word' id='word_1_11' title='bbox 1215 528 1309 584; x_wconf 83' lang='lat' dir='ltr'><strong>sed</strong></span> <span class='ocrx_word' id='word_1_12' title='bbox 1340 526 1558 583; x_wconf 88' lang='lat' dir='ltr'><strong>multam</strong></span> <span class='ocrx_word' id='word_1_13' title='bbox 1586 528 1638 581; x_wconf 91' lang='lat' dir='ltr'><strong>iu</strong></span> <span class='ocrx_word' id='word_1_14' title='bbox 1668 527 1844 596; x_wconf 82' lang='lat' dir='ltr'><strong>seipse</strong></span> <span class='ocrx_word' id='word_1_15' title='bbox 1866 526 2025 580; x_wconf 88' lang='lat' dir='ltr'><strong>vitam</strong></span> <span class='ocrx_word' id='word_1_16' title='bbox 2046 538 2180 577; x_wconf 89' lang='lat' dir='ltr'><strong>con-</strong></span> 
     </span>
    </p>
   </div>
   <div class='ocr_carea' id='block_1_4' title="bbox 608 623 765 679">
    <p class='ocr_par' dir='ltr' id='par_1_4' title="bbox 608 623 765 679">
     <span class='ocr_line' id='line_1_4' title="bbox 608 623 765 679; baseline 0.013 -2"><span class='ocrx_word' id='word_1_17' title='bbox 608 623 765 679; x_wconf 71' lang='lat' dir='ltr'><strong>tinet.</strong></span> 
     </span>
    </p>
   </div>
   <div class='ocr_carea' id='block_1_5' title="bbox 685 703 2183 769">
    <p class='ocr_par' dir='ltr' id='par_1_5' title="bbox 685 703 2183 769">
     <span class='ocr_line' id='line_1_5' title="bbox 685 703 2183 769; baseline -0.007 1"><span class='ocrx_word' id='word_1_18' title='bbox 685 714 739 769; x_wconf 82' lang='lat'><strong>7.</strong></span> <span class='ocrx_word' id='word_1_19' title='bbox 789 711 965 768; x_wconf 70' lang='lat' dir='ltr'><strong>Videte</strong></span> <span class='ocrx_word' id='word_1_20' title='bbox 1009 710 1061 763; x_wconf 81' lang='lat' dir='ltr'><strong>in</strong></span> <span class='ocrx_word' id='word_1_21' title='bbox 1100 708 1373 763; x_wconf 80' lang='lat' dir='ltr'><strong>educandis</strong></span> <span class='ocrx_word' id='word_1_22' title='bbox 1410 708 1579 763; x_wconf 81' lang='lat' dir='ltr'><strong>liberis</strong></span> <span class='ocrx_word' id='word_1_23' title='bbox 1606 708 1737 763; x_wconf 76' lang='lat' dir='ltr'><strong>laus.</strong></span> <span class='ocrx_word' id='word_1_24' title='bbox 1763 736 1835 748; x_wconf 92' lang='lat'>—</span> <span class='ocrx_word' id='word_1_25' title='bbox 1861 706 1938 761; x_wconf 81' lang='lat' dir='ltr'><strong>Ac</strong></span> <span class='ocrx_word' id='word_1_26' title='bbox 1960 705 2004 761; x_wconf 87' lang='lat' dir='ltr'><strong>si</strong></span> <span class='ocrx_word' id='word_1_27' title='bbox 2033 703 2183 759; x_wconf 85' lang='lat' dir='ltr'><strong>vide—</strong></span> 
     </span>
    </p>
   </div>
   <div class='ocr_carea' id='block_1_6' title="bbox 614 796 2178 873">
    <p class='ocr_par' dir='ltr' id='par_1_6' title="bbox 614 796 2178 873">
     <span class='ocr_line' id='line_1_6' title="bbox 614 796 2178 873; baseline -0.008 -14"><span class='ocrx_word' id='word_1_28' title='bbox 614 812 720 870; x_wconf 84' lang='lat' dir='ltr'><strong>tur,</strong></span> <span class='ocrx_word' id='word_1_29' title='bbox 744 804 965 873; x_wconf 85' lang='lat' dir='ltr'><strong>primum</strong></span> <span class='ocrx_word' id='word_1_30' title='bbox 985 800 1333 865; x_wconf 74' lang='lat' dir='ltr'><strong>excutiamus,</strong></span> <span class='ocrx_word' id='word_1_31' title='bbox 1358 799 1498 869; x_wconf 92' lang='lat' dir='ltr'><strong>quod</strong></span> <span class='ocrx_word' id='word_1_32' title='bbox 1525 799 1614 854; x_wconf 89' lang='lat' dir='ltr'><strong>ille</strong></span> <span class='ocrx_word' id='word_1_33' title='bbox 1641 798 1807 866; x_wconf 89' lang='lat' dir='ltr'><strong>primo</strong></span> <span class='ocrx_word' id='word_1_34' title='bbox 1827 796 1947 850; x_wconf 87' lang='lat' dir='ltr'><strong>loco</strong></span> <span class='ocrx_word' id='word_1_35' title='bbox 1969 796 2178 865; x_wconf 88' lang='lat' dir='ltr'><strong>posuit:</strong></span> 
     </span>
    </p>
   </div>
   <div class='ocr_carea' id='block_1_7' title="bbox 616 883 2184 961">
    <p class='ocr_par' dir='ltr' id='par_1_7' title="bbox 616 883 2184 961">
     <span class='ocr_line' id='line_1_7' title="bbox 616 883 2184 961; baseline -0.007 -13"><span class='ocrx_word' id='word_1_36' title='bbox 616 893 677 948; x_wconf 87' lang='lat' dir='ltr'><strong>Si</strong></span> <span class='ocrx_word' id='word_1_37' title='bbox 702 893 834 961; x_wconf 77' lang='lat' dir='ltr'><strong>ﬁlios</strong></span> <span class='ocrx_word' id='word_1_38' title='bbox 858 891 1105 944; x_wconf 74' lang='lat' dir='ltr'><strong>educavit.</strong></span> <span class='ocrx_word' id='word_1_39' title='bbox 1138 889 1514 943; x_wconf 86' lang='lat' dir='ltr'><strong>Educationem</strong></span> <span class='ocrx_word' id='word_1_40' title='bbox 1545 887 1686 943; x_wconf 89' lang='lat' dir='ltr'><strong>enim</strong></span> <span class='ocrx_word' id='word_1_41' title='bbox 1718 884 1888 939; x_wconf 93' lang='lat' dir='ltr'><strong>innuit</strong></span> <span class='ocrx_word' id='word_1_42' title='bbox 1911 901 2017 939; x_wconf 92' lang='lat' dir='ltr'><strong>non</strong></span> <span class='ocrx_word' id='word_1_43' title='bbox 2048 883 2184 937; x_wconf 85' lang='lat' dir='ltr'><strong>hanc</strong></span> 
     </span>
    </p>
   </div>
   <div class='ocr_carea' id='block_1_8' title="bbox 611 976 2186 1051">
    <p class='ocr_par' dir='ltr' id='par_1_8' title="bbox 611 976 2186 1051">
     <span class='ocr_line' id='line_1_8' title="bbox 611 976 2186 1051; baseline -0.006 -12"><span class='ocrx_word' id='word_1_44' title='bbox 611 983 925 1051; x_wconf 85' lang='lat' dir='ltr'><strong>simplicem.</strong></span> <span class='ocrx_word' id='word_1_45' title='bbox 956 996 1113 1050; x_wconf 89' lang='lat' dir='ltr'><strong>quam</strong></span> <span class='ocrx_word' id='word_1_46' title='bbox 1138 981 1323 1049; x_wconf 85' lang='lat' dir='ltr'><strong>vulgus</strong></span> <span class='ocrx_word' id='word_1_47' title='bbox 1349 988 1566 1045; x_wconf 89' lang='lat' dir='ltr'><strong>censet,</strong></span> <span class='ocrx_word' id='word_1_48' title='bbox 1596 978 1719 1033; x_wconf 90' lang='lat' dir='ltr'><strong>dum</strong></span> <span class='ocrx_word' id='word_1_49' title='bbox 1752 977 1891 1032; x_wconf 86' lang='lat' dir='ltr'><strong>fame</strong></span> <span class='ocrx_word' id='word_1_50' title='bbox 1914 976 2186 1031; x_wconf 84' lang='lat' dir='ltr'><strong>confectos</strong></span> 
     </span>
    </p>
   </div>
   <div class='ocr_carea' id='block_1_9' title="bbox 613 1065 2185 1141">
    <p class='ocr_par' dir='ltr' id='par_1_9' title="bbox 613 1065 2185 1141">
     <span class='ocr_line' id='line_1_9' title="bbox 613 1065 2185 1141; baseline -0.006 -12"><span class='ocrx_word' id='word_1_51' title='bbox 613 1073 810 1129; x_wconf 86' lang='lat' dir='ltr'><strong>liberos</strong></span> <span class='ocrx_word' id='word_1_52' title='bbox 851 1087 956 1127; x_wconf 90' lang='lat' dir='ltr'><strong>non</strong></span> <span class='ocrx_word' id='word_1_53' title='bbox 1005 1071 1359 1141; x_wconf 80' lang='lat' dir='ltr'><strong>negligimus:</strong></span> <span class='ocrx_word' id='word_1_54' title='bbox 1394 1069 1494 1125; x_wconf 87' lang='lat' dir='ltr'><strong>hoc</strong></span> <span class='ocrx_word' id='word_1_55' title='bbox 1536 1069 1675 1124; x_wconf 90' lang='lat' dir='ltr'><strong>enim</strong></span> <span class='ocrx_word' id='word_1_56' title='bbox 1723 1083 1791 1123; x_wconf 88' lang='lat' dir='ltr'><strong>ne</strong></span> <span class='ocrx_word' id='word_1_57' title='bbox 1834 1068 1944 1136; x_wconf 87' lang='lat' dir='ltr'><strong>ipsa</strong></span> <span class='ocrx_word' id='word_1_58' title='bbox 1972 1065 2185 1136; x_wconf 84' lang='lat' dir='ltr'><strong>quidem</strong></span> 
     </span>
    </p>
   </div>
   <div class='ocr_carea' id='block_1_10' title="bbox 614 1154 2188 1227">
    <p class='ocr_par' dir='ltr' id='par_1_10' title="bbox 614 1154 2188 1227">
     <span class='ocr_line' id='line_1_10' title="bbox 614 1154 2188 1227; baseline -0.007 -8"><span class='ocrx_word' id='word_1_59' title='bbox 614 1172 814 1219; x_wconf 73' lang='lat' dir='ltr'><strong>natura:</strong></span> <span class='ocrx_word' id='word_1_60' title='bbox 854 1162 1140 1218; x_wconf 75' lang='lat' dir='ltr'><strong>necessitas</strong></span> <span class='ocrx_word' id='word_1_61' title='bbox 1176 1173 1422 1227; x_wconf 81' lang='lat' dir='ltr'><strong>umquam</strong></span> <span class='ocrx_word' id='word_1_62' title='bbox 1451 1157 1621 1212; x_wconf 86' lang='lat' dir='ltr'><strong>omitti</strong></span> <span class='ocrx_word' id='word_1_63' title='bbox 1652 1157 1921 1227; x_wconf 85' lang='lat' dir='ltr'><strong>permittet</strong></span> <span class='ocrx_word' id='word_1_64' title='bbox 1947 1172 1963 1210; x_wconf 91' lang='lat'><strong>:</strong></span> <span class='ocrx_word' id='word_1_65' title='bbox 1991 1170 2098 1226; x_wconf 93' lang='lat' dir='ltr'><strong>quo</strong></span> <span class='ocrx_word' id='word_1_66' title='bbox 2128 1154 2188 1209; x_wconf 79' lang='lat' dir='ltr'><strong>fit</strong></span> 
     </span>
    </p>
   </div>
   <div class='ocr_carea' id='block_1_11' title="bbox 613 1247 2189 1324">
    <p class='ocr_par' dir='ltr' id='par_1_11' title="bbox 613 1247 2189 1324">
     <span class='ocr_line' id='line_1_11' title="bbox 613 1247 2189 1324; baseline -0.007 -12"><span class='ocrx_word' id='word_1_67' title='bbox 613 1265 675 1312; x_wconf 87' lang='lat' dir='ltr'><strong>ut</strong></span> <span class='ocrx_word' id='word_1_68' title='bbox 698 1270 869 1324; x_wconf 89' lang='lat' dir='ltr'><strong>neque</strong></span> <span class='ocrx_word' id='word_1_69' title='bbox 882 1252 1142 1307; x_wconf 80' lang='lat' dir='ltr'><strong>mandatis</strong></span> <span class='ocrx_word' id='word_1_70' title='bbox 1159 1252 1260 1306; x_wconf 86' lang='lat' dir='ltr'><strong>hac</strong></span> <span class='ocrx_word' id='word_1_71' title='bbox 1285 1250 1520 1305; x_wconf 87' lang='lat' dir='ltr'><strong>deeausa</strong></span> <span class='ocrx_word' id='word_1_72' title='bbox 1550 1249 1619 1303; x_wconf 91' lang='lat' dir='ltr'><strong>sit</strong></span> <span class='ocrx_word' id='word_1_73' title='bbox 1646 1265 1781 1319; x_wconf 90' lang='lat' dir='ltr'><strong>opus</strong></span> <span class='ocrx_word' id='word_1_74' title='bbox 1804 1259 1857 1304; x_wconf 90' lang='lat' dir='ltr'><strong>et</strong></span> <span class='ocrx_word' id='word_1_75' title='bbox 1887 1247 2107 1316; x_wconf 83' lang='lat' dir='ltr'><strong>legibus,</strong></span> <span class='ocrx_word' id='word_1_76' title='bbox 2130 1256 2189 1301; x_wconf 91' lang='lat' dir='ltr'><strong>ut</strong></span> 
     </span>
    </p>
   </div>
   <div class='ocr_carea' id='block_1_12' title="bbox 613 1338 2189 1417">
    <p class='ocr_par' dir='ltr' id='par_1_12' title="bbox 613 1338 2189 1417">
     <span class='ocr_line' id='line_1_12' title="bbox 613 1338 2189 1417; baseline -0.007 -14"><span class='ocrx_word' id='word_1_77' title='bbox 613 1362 763 1405; x_wconf 83' lang='lat' dir='ltr'><strong>suam</strong></span> <span class='ocrx_word' id='word_1_78' title='bbox 785 1345 985 1417; x_wconf 82' lang='lat' dir='ltr'><strong>prolem</strong></span> <span class='ocrx_word' id='word_1_79' title='bbox 1008 1342 1237 1399; x_wconf 86' lang='lat' dir='ltr'><strong>educent</strong></span> <span class='ocrx_word' id='word_1_80' title='bbox 1258 1341 1468 1407; x_wconf 70' lang='lat' dir='ltr'><strong>viduas;</strong></span> <span class='ocrx_word' id='word_1_81' title='bbox 1493 1342 1584 1395; x_wconf 85' lang='lat' dir='ltr'><strong>sed</strong></span> <span class='ocrx_word' id='word_1_82' title='bbox 1607 1340 1823 1410; x_wconf 70' lang='lat' dir='ltr'><strong>justitiae</strong></span> <span class='ocrx_word' id='word_1_83' title='bbox 1842 1354 2043 1399; x_wconf 87' lang='lat' dir='ltr'><strong>curam.</strong></span> <span class='ocrx_word' id='word_1_84' title='bbox 2066 1338 2189 1393; x_wconf 82' lang='lat' dir='ltr'><strong>edu-</strong></span> 
     </span>
    </p>
   </div>
   <div class='ocr_carea' id='block_1_13' title="bbox 611 1426 2190 1503">
    <p class='ocr_par' dir='ltr' id='par_1_13' title="bbox 611 1426 2190 1503">
     <span class='ocr_line' id='line_1_13' title="bbox 611 1426 2190 1503; baseline -0.006 -10"><span class='ocrx_word' id='word_1_85' title='bbox 611 1436 872 1493; x_wconf 78' lang='lat' dir='ltr'><strong>cntionem</strong></span> <span class='ocrx_word' id='word_1_86' title='bbox 901 1449 1024 1488; x_wconf 91' lang='lat' dir='ltr'><strong>cum</strong></span> <span class='ocrx_word' id='word_1_87' title='bbox 1054 1434 1249 1503; x_wconf 79' lang='lat' dir='ltr'><strong>pietate</strong></span> <span class='ocrx_word' id='word_1_88' title='bbox 1282 1431 1385 1487; x_wconf 86' lang='lat' dir='ltr'><strong>hoc</strong></span> <span class='ocrx_word' id='word_1_89' title='bbox 1414 1432 1534 1488; x_wconf 92' lang='lat' dir='ltr'><strong>loco</strong></span> <span class='ocrx_word' id='word_1_90' title='bbox 1572 1426 1815 1499; x_wconf 73' lang='lat' dir='ltr'><strong>intelligit</strong></span> <span class='ocrx_word' id='word_1_91' title='bbox 1845 1447 1859 1483; x_wconf 89' lang='lat'><strong>:</strong></span> <span class='ocrx_word' id='word_1_92' title='bbox 1891 1429 2029 1499; x_wconf 91' lang='lat' dir='ltr'><strong>quod</strong></span> <span class='ocrx_word' id='word_1_93' title='bbox 2059 1430 2190 1483; x_wconf 87' lang='lat' dir='ltr'><strong>alio-</strong></span> 
     </span>
    </p>
   </div>
   <div class='ocr_carea' id='block_1_14' title="bbox 614 1519 2191 1593">
    <p class='ocr_par' dir='ltr' id='par_1_14' title="bbox 614 1519 2191 1593">
     <span class='ocr_line' id='line_1_14' title="bbox 614 1519 2191 1593; baseline -0.004 -14"><span class='ocrx_word' id='word_1_94' title='bbox 614 1525 738 1593; x_wconf 82' lang='lat' dir='ltr'><strong>quin</strong></span> <span class='ocrx_word' id='word_1_95' title='bbox 760 1540 857 1589; x_wconf 77' lang='lat' dir='ltr'><strong>etc,</strong></span> <span class='ocrx_word' id='word_1_96' title='bbox 881 1540 998 1593; x_wconf 63' lang='lat' dir='ltr'><strong>quae</strong></span> <span class='ocrx_word' id='word_1_97' title='bbox 1023 1523 1123 1578; x_wconf 91' lang='lat' dir='ltr'><strong>hoc</strong></span> <span class='ocrx_word' id='word_1_98' title='bbox 1144 1532 1297 1593; x_wconf 85' lang='lat' dir='ltr'><strong>pacto</strong></span> <span class='ocrx_word' id='word_1_99' title='bbox 1319 1536 1424 1575; x_wconf 83' lang='lat' dir='ltr'><strong>nan</strong></span> <span class='ocrx_word' id='word_1_100' title='bbox 1450 1520 1697 1584; x_wconf 84' lang='lat' dir='ltr'><strong>educant,</strong></span> <span class='ocrx_word' id='word_1_101' title='bbox 1724 1519 1999 1589; x_wconf 67' lang='lat' dir='ltr'><strong>parricidae</strong></span> <span class='ocrx_word' id='word_1_102' title='bbox 2018 1519 2191 1587; x_wconf 86' lang='lat' dir='ltr'><strong>potius</strong></span> 
     </span>
    </p>
   </div>
   <div class='ocr_carea' id='block_1_15' title="bbox 552 1613 2191 1685">
    <p class='ocr_par' dir='ltr' id='par_1_15' title="bbox 552 1613 2191 1685">
     <span class='ocr_line' id='line_1_15' title="bbox 552 1613 2191 1685; baseline -0.004 -14"><span class='ocrx_word' id='word_1_103' title='bbox 552 1641 557 1643; x_wconf 48' lang='grc'>&gt;</span> <span class='ocrx_word' id='word_1_104' title='bbox 617 1616 741 1682; x_wconf 75' lang='lat' dir='ltr'><strong>sint,</strong></span> <span class='ocrx_word' id='word_1_105' title='bbox 765 1630 924 1685; x_wconf 86' lang='lat' dir='ltr'><strong>quam</strong></span> <span class='ocrx_word' id='word_1_106' title='bbox 954 1625 1169 1670; x_wconf 81' lang='lat' dir='ltr'><strong>matres.</strong></span> <span class='ocrx_word' id='word_1_107' title='bbox 1200 1614 1309 1669; x_wconf 86' lang='lat' dir='ltr'><strong>iioc</strong></span> <span class='ocrx_word' id='word_1_108' title='bbox 1334 1629 1439 1667; x_wconf 92' lang='lat' dir='ltr'><strong>non</strong></span> <span class='ocrx_word' id='word_1_109' title='bbox 1468 1613 1531 1666; x_wconf 86' lang='lat' dir='ltr'><strong>ad</strong></span> <span class='ocrx_word' id='word_1_110' title='bbox 1557 1613 1805 1666; x_wconf 85' lang='lat' dir='ltr'><strong>mulieres</strong></span> <span class='ocrx_word' id='word_1_111' title='bbox 1829 1620 2029 1664; x_wconf 85' lang='lat' dir='ltr'><strong>tantum</strong></span> <span class='ocrx_word' id='word_1_112' title='bbox 2055 1627 2085 1664; x_wconf 90' lang='lat' dir='ltr'><strong>a</strong></span> <span class='ocrx_word' id='word_1_113' title='bbox 2106 1626 2191 1665; x_wconf 91' lang='lat' dir='ltr'><strong>me</strong></span> 
     </span>
    </p>
   </div>
   <div class='ocr_carea' id='block_1_16' title="bbox 617 1703 2189 1772">
    <p class='ocr_par' dir='ltr' id='par_1_16' title="bbox 617 1703 2189 1772">
     <span class='ocr_line' id='line_1_16' title="bbox 617 1703 2189 1772; baseline -0.005 -9"><span class='ocrx_word' id='word_1_114' title='bbox 617 1708 809 1763; x_wconf 86' lang='lat' dir='ltr'><strong>dictum</strong></span> <span class='ocrx_word' id='word_1_115' title='bbox 830 1718 931 1771; x_wconf 89' lang='lat' dir='ltr'><strong>est,</strong></span> <span class='ocrx_word' id='word_1_116' title='bbox 955 1707 1047 1760; x_wconf 88' lang='lat' dir='ltr'><strong>sed</strong></span> <span class='ocrx_word' id='word_1_117' title='bbox 1066 1707 1226 1761; x_wconf 81' lang='lat' dir='ltr'><strong>etiam</strong></span> <span class='ocrx_word' id='word_1_118' title='bbox 1251 1705 1312 1760; x_wconf 88' lang='lat' dir='ltr'><strong>ad</strong></span> <span class='ocrx_word' id='word_1_119' title='bbox 1338 1706 1503 1759; x_wconf 88' lang='lat' dir='ltr'><strong>viros.</strong></span> <span class='ocrx_word' id='word_1_120' title='bbox 1534 1703 1801 1772; x_wconf 78' lang='lat' dir='ltr'><strong>Siquidem</strong></span> <span class='ocrx_word' id='word_1_121' title='bbox 1822 1703 1969 1757; x_wconf 85' lang='lat' dir='ltr'><strong>multi</strong></span> <span class='ocrx_word' id='word_1_122' title='bbox 1993 1712 2189 1771; x_wconf 82' lang='lat' dir='ltr'><strong>patres,</strong></span> 
     </span>
    </p>
   </div>
   <div class='ocr_carea' id='block_1_17' title="bbox 614 1790 2190 1866">
    <p class='ocr_par' dir='ltr' id='par_1_17' title="bbox 614 1790 2190 1866">
     <span class='ocr_line' id='line_1_17' title="bbox 614 1790 2190 1866; baseline -0.001 -20"><span class='ocrx_word' id='word_1_123' title='bbox 614 1808 672 1855; x_wconf 89' lang='lat' dir='ltr'><strong>ut</strong></span> <span class='ocrx_word' id='word_1_124' title='bbox 697 1798 864 1851; x_wconf 87' lang='lat' dir='ltr'><strong>bonus</strong></span> <span class='ocrx_word' id='word_1_125' title='bbox 889 1813 1055 1866; x_wconf 90' lang='lat' dir='ltr'><strong>equus</strong></span> <span class='ocrx_word' id='word_1_126' title='bbox 1086 1796 1193 1849; x_wconf 88' lang='lat' dir='ltr'><strong>filio</strong></span> <span class='ocrx_word' id='word_1_127' title='bbox 1220 1795 1514 1858; x_wconf 89' lang='lat' dir='ltr'><strong>obveuirct,</strong></span> <span class='ocrx_word' id='word_1_128' title='bbox 1541 1804 1594 1846; x_wconf 91' lang='lat' dir='ltr'><strong>et</strong></span> <span class='ocrx_word' id='word_1_129' title='bbox 1625 1802 1681 1846; x_wconf 93' lang='lat' dir='ltr'><strong>ut</strong></span> <span class='ocrx_word' id='word_1_130' title='bbox 1704 1792 1848 1847; x_wconf 78' lang='lat' dir='ltr'><strong>:rdes</strong></span> <span class='ocrx_word' id='word_1_131' title='bbox 1875 1790 2190 1861; x_wconf 63' lang='lat' dir='ltr'><strong>magnificae,</strong></span> 
     </span>
    </p>
   </div>
   <div class='ocr_carea' id='block_1_18' title="bbox 617 1882 2194 1956">
    <p class='ocr_par' dir='ltr' id='par_1_18' title="bbox 617 1882 2194 1956">
     <span class='ocr_line' id='line_1_18' title="bbox 617 1882 2194 1956; baseline -0.004 -16"><span class='ocrx_word' id='word_1_132' title='bbox 617 1896 672 1942; x_wconf 87' lang='lat' dir='ltr'><strong>et</strong></span> <span class='ocrx_word' id='word_1_133' title='bbox 699 1886 951 1956; x_wconf 53' lang='lat' dir='ltr'><strong>praedium</strong></span> <span class='ocrx_word' id='word_1_134' title='bbox 993 1885 1167 1955; x_wconf 87' lang='lat' dir='ltr'><strong>magni</strong></span> <span class='ocrx_word' id='word_1_135' title='bbox 1210 1884 1396 1953; x_wconf 85' lang='lat' dir='ltr'><strong>pretii,</strong></span> <span class='ocrx_word' id='word_1_136' title='bbox 1428 1892 1613 1937; x_wconf 87' lang='lat' dir='ltr'><strong>cuncta</strong></span> <span class='ocrx_word' id='word_1_137' title='bbox 1658 1882 1851 1935; x_wconf 90' lang='lat' dir='ltr'><strong>faciunt</strong></span> <span class='ocrx_word' id='word_1_138' title='bbox 1890 1891 2045 1951; x_wconf 90' lang='lat' dir='ltr'><strong>atque</strong></span> <span class='ocrx_word' id='word_1_139' title='bbox 2076 1897 2194 1933; x_wconf 83' lang='lat' dir='ltr'><strong>mo-</strong></span> 
     </span>
    </p>
   </div>
   <div class='ocr_carea' id='block_1_19' title="bbox 620 1972 2196 2041">
    <p class='ocr_par' dir='ltr' id='par_1_19' title="bbox 620 1972 2196 2041">
     <span class='ocr_line' id='line_1_19' title="bbox 620 1972 2196 2041; baseline -0.005 -11"><span class='ocrx_word' id='word_1_140' title='bbox 620 1974 819 2031; x_wconf 80' lang='lat' dir='ltr'><strong>liuntur</strong></span> <span class='ocrx_word' id='word_1_141' title='bbox 846 1994 858 2029; x_wconf 89' lang='lat'>:</span> <span class='ocrx_word' id='word_1_142' title='bbox 894 1984 951 2030; x_wconf 91' lang='lat' dir='ltr'><strong>ut</strong></span> <span class='ocrx_word' id='word_1_143' title='bbox 978 1985 1152 2028; x_wconf 86' lang='lat' dir='ltr'><strong>autem</strong></span> <span class='ocrx_word' id='word_1_144' title='bbox 1175 1976 1350 2028; x_wconf 87' lang='lat' dir='ltr'><strong>anima</strong></span> <span class='ocrx_word' id='word_1_145' title='bbox 1379 1975 1494 2041; x_wconf 91' lang='lat' dir='ltr'><strong>ejus</strong></span> <span class='ocrx_word' id='word_1_146' title='bbox 1522 1972 1656 2025; x_wconf 89' lang='lat' dir='ltr'><strong>bona</strong></span> <span class='ocrx_word' id='word_1_147' title='bbox 1690 1973 1797 2031; x_wconf 86' lang='lat' dir='ltr'><strong>fiat,</strong></span> <span class='ocrx_word' id='word_1_148' title='bbox 1824 1979 1879 2026; x_wconf 87' lang='lat' dir='ltr'><strong>et</strong></span> <span class='ocrx_word' id='word_1_149' title='bbox 1904 1972 2045 2041; x_wconf 88' lang='lat' dir='ltr'><strong>piqu</strong></span> <span class='ocrx_word' id='word_1_150' title='bbox 2077 1986 2196 2039; x_wconf 88' lang='lat' dir='ltr'><strong>pro-</strong></span> 
     </span>
    </p>
   </div>
   <div class='ocr_carea' id='block_1_20' title="bbox 616 2060 2195 2137">
    <p class='ocr_par' dir='ltr' id='par_1_20' title="bbox 616 2060 2195 2137">
     <span class='ocr_line' id='line_1_20' title="bbox 616 2060 2195 2137; baseline -0.005 -17"><span class='ocrx_word' id='word_1_151' title='bbox 616 2068 865 2137; x_wconf 84' lang='lat' dir='ltr'><strong>positum,</strong></span> <span class='ocrx_word' id='word_1_152' title='bbox 893 2066 1088 2120; x_wconf 76' lang='lat' dir='ltr'><strong>nullius</strong></span> <span class='ocrx_word' id='word_1_153' title='bbox 1111 2066 1259 2134; x_wconf 88' lang='lat' dir='ltr'><strong>pensi</strong></span> <span class='ocrx_word' id='word_1_154' title='bbox 1293 2064 1510 2118; x_wconf 84' lang='lat' dir='ltr'><strong>habent.</strong></span> <span class='ocrx_word' id='word_1_155' title='bbox 1538 2064 1602 2117; x_wconf 80' lang='lat' dir='ltr'><strong>Et</strong></span> <span class='ocrx_word' id='word_1_156' title='bbox 1622 2062 1723 2117; x_wconf 89' lang='lat' dir='ltr'><strong>boe</strong></span> <span class='ocrx_word' id='word_1_157' title='bbox 1751 2071 1833 2115; x_wconf 87' lang='lat' dir='ltr'><strong>est</strong></span> <span class='ocrx_word' id='word_1_158' title='bbox 1860 2060 1997 2130; x_wconf 92' lang='lat' dir='ltr'><strong>quod</strong></span> <span class='ocrx_word' id='word_1_159' title='bbox 2026 2068 2195 2114; x_wconf 88' lang='lat' dir='ltr'><strong>totum</strong></span> 
     </span>
    </p>
   </div>
   <div class='ocr_carea' id='block_1_21' title="bbox 616 2154 2200 2226">
    <p class='ocr_par' dir='ltr' id='par_1_21' title="bbox 616 2154 2200 2226">
     <span class='ocr_line' id='line_1_21' title="bbox 616 2154 2200 2226; baseline -0.005 -12"><span class='ocrx_word' id='word_1_160' title='bbox 616 2159 872 2214; x_wconf 86' lang='lat' dir='ltr'><strong>mundum</strong></span> <span class='ocrx_word' id='word_1_161' title='bbox 915 2157 1171 2212; x_wconf 82' lang='lat' dir='ltr'><strong>subvertit</strong></span> <span class='ocrx_word' id='word_1_162' title='bbox 1195 2196 1209 2218; x_wconf 92' lang='lat'><strong>,</strong></span> <span class='ocrx_word' id='word_1_163' title='bbox 1240 2155 1383 2226; x_wconf 91' lang='lat' dir='ltr'><strong>quod</strong></span> <span class='ocrx_word' id='word_1_164' title='bbox 1426 2164 1633 2209; x_wconf 86' lang='lat' dir='ltr'><strong>nostros</strong></span> <span class='ocrx_word' id='word_1_165' title='bbox 1661 2154 1860 2208; x_wconf 85' lang='lat' dir='ltr'><strong>liberos</strong></span> <span class='ocrx_word' id='word_1_166' title='bbox 1903 2168 2005 2205; x_wconf 93' lang='lat' dir='ltr'><strong>non</strong></span> <span class='ocrx_word' id='word_1_167' title='bbox 2046 2167 2200 2206; x_wconf 88' lang='lat' dir='ltr'><strong>cure-</strong></span> 
     </span>
    </p>
   </div>
   <div class='ocr_carea' id='block_1_22' title="bbox 619 2245 2199 2317">
    <p class='ocr_par' dir='ltr' id='par_1_22' title="bbox 619 2245 2199 2317">
     <span class='ocr_line' id='line_1_22' title="bbox 619 2245 2199 2317; baseline -0.005 -12"><span class='ocrx_word' id='word_1_168' title='bbox 619 2263 755 2313; x_wconf 84' lang='lat' dir='ltr'><strong>mus,</strong></span> <span class='ocrx_word' id='word_1_169' title='bbox 777 2258 833 2303; x_wconf 94' lang='lat' dir='ltr'><strong>et</strong></span> <span class='ocrx_word' id='word_1_170' title='bbox 861 2248 1255 2317; x_wconf 76' lang='lat' dir='ltr'><strong>possessionum</strong></span> <span class='ocrx_word' id='word_1_171' title='bbox 1282 2260 1549 2315; x_wconf 87' lang='lat' dir='ltr'><strong>opumque</strong></span> <span class='ocrx_word' id='word_1_172' title='bbox 1576 2245 1811 2314; x_wconf 86' lang='lat' dir='ltr'><strong>ipsorum</strong></span> <span class='ocrx_word' id='word_1_173' title='bbox 1839 2259 2019 2299; x_wconf 87' lang='lat' dir='ltr'><strong>curam</strong></span> <span class='ocrx_word' id='word_1_174' title='bbox 2046 2258 2199 2314; x_wconf 88' lang='lat' dir='ltr'><strong>gera-</strong></span> 
     </span>
    </p>
   </div>
   <div class='ocr_carea' id='block_1_23' title="bbox 617 2337 2200 2409">
    <p class='ocr_par' dir='ltr' id='par_1_23' title="bbox 617 2337 2200 2409">
     <span class='ocr_line' id='line_1_23' title="bbox 617 2337 2200 2409; baseline -0.003 -15"><span class='ocrx_word' id='word_1_175' title='bbox 617 2355 768 2403; x_wconf 88' lang='lat' dir='ltr'><strong>mus,</strong></span> <span class='ocrx_word' id='word_1_176' title='bbox 796 2339 890 2393; x_wconf 81' lang='lat' dir='ltr'><strong>sed</strong></span> <span class='ocrx_word' id='word_1_177' title='bbox 930 2340 1167 2409; x_wconf 89' lang='lat' dir='ltr'><strong>ipsorum</strong></span> <span class='ocrx_word' id='word_1_178' title='bbox 1209 2339 1439 2392; x_wconf 87' lang='lat' dir='ltr'><strong>animam</strong></span> <span class='ocrx_word' id='word_1_179' title='bbox 1480 2337 1804 2407; x_wconf 83' lang='lat' dir='ltr'><strong>negligamus</strong></span> <span class='ocrx_word' id='word_1_180' title='bbox 1825 2378 1841 2402; x_wconf 93' lang='lat'><strong>,</strong></span> <span class='ocrx_word' id='word_1_181' title='bbox 1869 2346 1924 2391; x_wconf 91' lang='lat' dir='ltr'><strong>et</strong></span> <span class='ocrx_word' id='word_1_182' title='bbox 1949 2344 2200 2391; x_wconf 77' lang='lat' dir='ltr'><strong>extrema:</strong></span> 
     </span>
    </p>
   </div>
   <div class='ocr_carea' id='block_1_24' title="bbox 619 2426 2199 2497">
    <p class='ocr_par' dir='ltr' id='par_1_24' title="bbox 619 2426 2199 2497">
     <span class='ocr_line' id='line_1_24' title="bbox 619 2426 2199 2497; baseline -0.004 -12"><span class='ocrx_word' id='word_1_183' title='bbox 619 2430 900 2485; x_wconf 64' lang='lat' dir='ltr'><strong>dementiae</strong></span> <span class='ocrx_word' id='word_1_184' title='bbox 924 2428 1124 2483; x_wconf 79' lang='lat' dir='ltr'><strong>facinus</strong></span> <span class='ocrx_word' id='word_1_185' title='bbox 1142 2429 1503 2482; x_wconf 83' lang='lat' dir='ltr'><strong>admittamus.</strong></span> <span class='ocrx_word' id='word_1_186' title='bbox 1537 2426 1665 2481; x_wconf 83' lang='lat' dir='ltr'><strong>Nam</strong></span> <span class='ocrx_word' id='word_1_187' title='bbox 1690 2427 2056 2497; x_wconf 83' lang='lat' dir='ltr'><strong>possessiones</strong></span> <span class='ocrx_word' id='word_1_188' title='bbox 2080 2426 2199 2495; x_wconf 89' lang='lat' dir='ltr'><strong>qui-</strong></span> 
     </span>
    </p>
   </div>
   <div class='ocr_carea' id='block_1_25' title="bbox 618 2518 2206 2588">
    <p class='ocr_par' dir='ltr' id='par_1_25' title="bbox 618 2518 2206 2588">
     <span class='ocr_line' id='line_1_25' title="bbox 618 2518 2206 2588; baseline -0.002 -12"><span class='ocrx_word' id='word_1_189' title='bbox 618 2519 741 2576; x_wconf 85' lang='lat' dir='ltr'><strong>dem</strong></span> <span class='ocrx_word' id='word_1_190' title='bbox 767 2520 875 2574; x_wconf 89' lang='lat' dir='ltr'><strong>sint</strong></span> <span class='ocrx_word' id='word_1_191' title='bbox 902 2519 1021 2574; x_wconf 89' lang='lat' dir='ltr'><strong>licet</strong></span> <span class='ocrx_word' id='word_1_192' title='bbox 1040 2520 1220 2574; x_wconf 70' lang='lat' dir='ltr'><strong>multa:</strong></span> <span class='ocrx_word' id='word_1_193' title='bbox 1245 2536 1306 2573; x_wconf 89' lang='lat' dir='ltr'><strong>ac</strong></span> <span class='ocrx_word' id='word_1_194' title='bbox 1334 2529 1678 2588; x_wconf 60' lang='lat' dir='ltr'><strong>sumptuose,</strong></span> <span class='ocrx_word' id='word_1_195' title='bbox 1706 2520 1748 2572; x_wconf 87' lang='lat' dir='ltr'><strong>si</strong></span> <span class='ocrx_word' id='word_1_196' title='bbox 1779 2518 1975 2588; x_wconf 88' lang='lat' dir='ltr'><strong>probus</strong></span> <span class='ocrx_word' id='word_1_197' title='bbox 2004 2534 2109 2574; x_wconf 89' lang='lat' dir='ltr'><strong>non</strong></span> <span class='ocrx_word' id='word_1_198' title='bbox 2136 2520 2206 2574; x_wconf 89' lang='lat' dir='ltr'><strong>sit</strong></span> 
     </span>
    </p>
   </div>
   <div class='ocr_carea' id='block_1_26' title="bbox 621 2608 2202 2678">
    <p class='ocr_par' dir='ltr' id='par_1_26' title="bbox 621 2608 2202 2678">
     <span class='ocr_line' id='line_1_26' title="bbox 621 2608 2202 2678; baseline -0.001 -14"><span class='ocrx_word' id='word_1_199' title='bbox 621 2625 690 2664; x_wconf 86' lang='lat' dir='ltr'><strong>ac</strong></span> <span class='ocrx_word' id='word_1_200' title='bbox 712 2608 1001 2669; x_wconf 83' lang='lat' dir='ltr'><strong>studiosus.</strong></span> <span class='ocrx_word' id='word_1_201' title='bbox 1028 2610 1116 2677; x_wconf 89' lang='lat' dir='ltr'><strong>qui</strong></span> <span class='ocrx_word' id='word_1_202' title='bbox 1142 2624 1261 2663; x_wconf 90' lang='lat' dir='ltr'><strong>cum</strong></span> <span class='ocrx_word' id='word_1_203' title='bbox 1290 2610 1481 2662; x_wconf 86' lang='lat' dir='ltr'><strong>virtute</strong></span> <span class='ocrx_word' id='word_1_204' title='bbox 1512 2608 1673 2678; x_wconf 88' lang='lat' dir='ltr'><strong>possit</strong></span> <span class='ocrx_word' id='word_1_205' title='bbox 1694 2624 1785 2662; x_wconf 89' lang='lat' dir='ltr'><strong>eas</strong></span> <span class='ocrx_word' id='word_1_206' title='bbox 1811 2608 2202 2674; x_wconf 88' lang='lat' dir='ltr'><strong>administrare,</strong></span> 
     </span>
    </p>
   </div>
   <div class='ocr_carea' id='block_1_27' title="bbox 628 2699 2205 2769">
    <p class='ocr_par' dir='ltr' id='par_1_27' title="bbox 628 2699 2205 2769">
     <span class='ocr_line' id='line_1_27' title="bbox 628 2699 2205 2769; baseline -0.002 -15"><span class='ocrx_word' id='word_1_207' title='bbox 628 2714 810 2754; x_wconf 85' lang='lat' dir='ltr'><strong>omnes</strong></span> <span class='ocrx_word' id='word_1_208' title='bbox 833 2714 951 2753; x_wconf 92' lang='lat' dir='ltr'><strong>eum</strong></span> <span class='ocrx_word' id='word_1_209' title='bbox 986 2700 1101 2769; x_wconf 83' lang='lat' dir='ltr'><strong>ipso</strong></span> <span class='ocrx_word' id='word_1_210' title='bbox 1127 2699 1371 2768; x_wconf 84' lang='lat' dir='ltr'><strong>peribunt</strong></span> <span class='ocrx_word' id='word_1_211' title='bbox 1396 2709 1448 2753; x_wconf 90' lang='lat' dir='ltr'><strong>et</strong></span> <span class='ocrx_word' id='word_1_212' title='bbox 1476 2708 1792 2753; x_wconf 82' lang='lat' dir='ltr'><strong>evanescent</strong></span> <span class='ocrx_word' id='word_1_213' title='bbox 1815 2740 1831 2765; x_wconf 93' lang='lat'><strong>,</strong></span> <span class='ocrx_word' id='word_1_214' title='bbox 1854 2713 1919 2753; x_wconf 90' lang='lat' dir='ltr'><strong>ac</strong></span> <span class='ocrx_word' id='word_1_215' title='bbox 1941 2713 2205 2753; x_wconf 91' lang='lat' dir='ltr'><strong>summum</strong></span> 
     </span>
    </p>
   </div>
   <div class='ocr_carea' id='block_1_28' title="bbox 626 2788 2209 2860">
    <p class='ocr_par' dir='ltr' id='par_1_28' title="bbox 626 2788 2209 2860">
     <span class='ocr_line' id='line_1_28' title="bbox 626 2788 2209 2860; baseline -0.001 -18"><span class='ocrx_word' id='word_1_216' title='bbox 626 2791 920 2860; x_wconf 86' lang='lat' dir='ltr'><strong>possessori</strong></span> <span class='ocrx_word' id='word_1_217' title='bbox 944 2790 1193 2842; x_wconf 82' lang='lat' dir='ltr'><strong>damnum</strong></span> <span class='ocrx_word' id='word_1_218' title='bbox 1213 2788 1446 2844; x_wconf 91' lang='lat' dir='ltr'><strong>inferent</strong></span> <span class='ocrx_word' id='word_1_219' title='bbox 1474 2806 1486 2841; x_wconf 89' lang='lat'><strong>:</strong></span> <span class='ocrx_word' id='word_1_220' title='bbox 1518 2790 1596 2843; x_wconf 89' lang='lat' dir='ltr'><strong>sin</strong></span> <span class='ocrx_word' id='word_1_221' title='bbox 1619 2797 1794 2843; x_wconf 86' lang='lat' dir='ltr'><strong>autem</strong></span> <span class='ocrx_word' id='word_1_222' title='bbox 1825 2804 2079 2858; x_wconf 89' lang='lat' dir='ltr'><strong>generosa</strong></span> <span class='ocrx_word' id='word_1_223' title='bbox 2098 2789 2209 2842; x_wconf 87' lang='lat' dir='ltr'><strong>fue-</strong></span> 
     </span>
    </p>
   </div>
   <div class='ocr_carea' id='block_1_29' title="bbox 631 2878 2208 2950">
    <p class='ocr_par' dir='ltr' id='par_1_29' title="bbox 631 2878 2208 2950">
     <span class='ocr_line' id='line_1_29' title="bbox 631 2878 2208 2950; baseline -0.003 -17"><span class='ocrx_word' id='word_1_224' title='bbox 631 2882 699 2934; x_wconf 90' lang='lat' dir='ltr'><strong>rit</strong></span> <span class='ocrx_word' id='word_1_225' title='bbox 719 2889 773 2934; x_wconf 90' lang='lat' dir='ltr'><strong>et</strong></span> <span class='ocrx_word' id='word_1_226' title='bbox 800 2880 1009 2950; x_wconf 82' lang='lat' dir='ltr'><strong>sapiens</strong></span> <span class='ocrx_word' id='word_1_227' title='bbox 1030 2882 1225 2945; x_wconf 87' lang='lat' dir='ltr'><strong>anima,</strong></span> <span class='ocrx_word' id='word_1_228' title='bbox 1258 2880 1375 2933; x_wconf 87' lang='lat' dir='ltr'><strong>licet</strong></span> <span class='ocrx_word' id='word_1_229' title='bbox 1408 2878 1535 2931; x_wconf 87' lang='lat' dir='ltr'><strong>nihil</strong></span> <span class='ocrx_word' id='word_1_230' title='bbox 1558 2880 1696 2932; x_wconf 86' lang='lat' dir='ltr'><strong>intus</strong></span> <span class='ocrx_word' id='word_1_231' title='bbox 1721 2878 1788 2932; x_wconf 88' lang='lat' dir='ltr'><strong>sit</strong></span> <span class='ocrx_word' id='word_1_232' title='bbox 1820 2879 1869 2931; x_wconf 91' lang='lat' dir='ltr'><strong>in</strong></span> <span class='ocrx_word' id='word_1_233' title='bbox 1900 2887 2208 2946; x_wconf 88' lang='lat' dir='ltr'><strong>promptua-</strong></span> 
     </span>
    </p>
   </div>
   <div class='ocr_carea' id='block_1_30' title="bbox 623 2971 2204 3040">
    <p class='ocr_par' dir='ltr' id='par_1_30' title="bbox 623 2971 2204 3040">
     <span class='ocr_line' id='line_1_30' title="bbox 623 2971 2204 3040; baseline -0.003 -13"><span class='ocrx_word' id='word_1_234' title='bbox 623 2974 717 3027; x_wconf 89' lang='lat' dir='ltr'><strong>riis</strong></span> <span class='ocrx_word' id='word_1_235' title='bbox 764 2973 1114 3033; x_wconf 89' lang='lat' dir='ltr'><strong>reconditum,</strong></span> <span class='ocrx_word' id='word_1_236' title='bbox 1154 2972 1390 3024; x_wconf 92' lang='lat' dir='ltr'><strong>omnium</strong></span> <span class='ocrx_word' id='word_1_237' title='bbox 1430 2971 1566 3025; x_wconf 90' lang='lat' dir='ltr'><strong>bona</strong></span> <span class='ocrx_word' id='word_1_238' title='bbox 1602 2980 1713 3024; x_wconf 91' lang='lat' dir='ltr'><strong>tuto</strong></span> <span class='ocrx_word' id='word_1_239' title='bbox 1743 2972 1935 3040; x_wconf 85' lang='lat' dir='ltr'><strong>poterit</strong></span> <span class='ocrx_word' id='word_1_240' title='bbox 1957 2972 2204 3025; x_wconf 84' lang='lat' dir='ltr'><strong>retinere.</strong></span> 
     </span>
    </p>
   </div>
   <div class='ocr_carea' id='block_1_31' title="bbox 634 3060 2210 3130">
    <p class='ocr_par' dir='ltr' id='par_1_31' title="bbox 634 3060 2210 3130">
     <span class='ocr_line' id='line_1_31' title="bbox 634 3060 2210 3130; baseline -0.001 -15"><span class='ocrx_word' id='word_1_241' title='bbox 634 3061 767 3115; x_wconf 89' lang='lat' dir='ltr'><strong>illud</strong></span> <span class='ocrx_word' id='word_1_242' title='bbox 800 3060 956 3130; x_wconf 90' lang='lat' dir='ltr'><strong>igitur</strong></span> <span class='ocrx_word' id='word_1_243' title='bbox 982 3060 1327 3127; x_wconf 81' lang='lat' dir='ltr'><strong>spectandum</strong></span> <span class='ocrx_word' id='word_1_244' title='bbox 1372 3069 1496 3124; x_wconf 88' lang='lat' dir='ltr'><strong>est,</strong></span> <span class='ocrx_word' id='word_1_245' title='bbox 1529 3075 1634 3114; x_wconf 92' lang='lat' dir='ltr'><strong>non</strong></span> <span class='ocrx_word' id='word_1_246' title='bbox 1679 3075 1782 3127; x_wconf 89' lang='lat' dir='ltr'><strong>quo</strong></span> <span class='ocrx_word' id='word_1_247' title='bbox 1814 3068 1966 3127; x_wconf 89' lang='lat' dir='ltr'><strong>pacto</strong></span> <span class='ocrx_word' id='word_1_248' title='bbox 1990 3068 2210 3129; x_wconf 85' lang='lat' dir='ltr'><strong>argento</strong></span> 
     </span>
    </p>
   </div>
   <div class='ocr_carea' id='block_1_32' title="bbox 622 3148 2203 3217">
    <p class='ocr_par' dir='ltr' id='par_1_32' title="bbox 622 3148 2203 3217">
     <span class='ocr_line' id='line_1_32' title="bbox 622 3148 2203 3217; baseline -0.004 -10"><span class='ocrx_word' id='word_1_249' title='bbox 622 3161 679 3207; x_wconf 82' lang='lat' dir='ltr'><strong>et</strong></span> <span class='ocrx_word' id='word_1_250' title='bbox 704 3166 833 3205; x_wconf 86' lang='lat' dir='ltr'><strong>auro</strong></span> <span class='ocrx_word' id='word_1_251' title='bbox 857 3190 873 3216; x_wconf 92' lang='lat'><strong>,</strong></span> <span class='ocrx_word' id='word_1_252' title='bbox 905 3160 958 3203; x_wconf 86' lang='lat' dir='ltr'><strong>et</strong></span> <span class='ocrx_word' id='word_1_253' title='bbox 984 3151 1143 3204; x_wconf 88' lang='lat' dir='ltr'><strong>rebus</strong></span> <span class='ocrx_word' id='word_1_254' title='bbox 1170 3150 1431 3216; x_wconf 87' lang='lat' dir='ltr'><strong>ejusmodi</strong></span> <span class='ocrx_word' id='word_1_255' title='bbox 1460 3150 1749 3217; x_wconf 86' lang='lat' dir='ltr'><strong>locupletes</strong></span> <span class='ocrx_word' id='word_1_256' title='bbox 1779 3163 1872 3203; x_wconf 89' lang='lat' dir='ltr'><strong>eos</strong></span> <span class='ocrx_word' id='word_1_257' title='bbox 1899 3148 2203 3213; x_wconf 80' lang='lat' dir='ltr'><strong>reddamus,</strong></span> 
     </span>
    </p>
   </div>
   <div class='ocr_carea' id='block_1_33' title="bbox 623 3240 2208 3313">
    <p class='ocr_par' dir='ltr' id='par_1_33' title="bbox 623 3240 2208 3313">
     <span class='ocr_line' id='line_1_33' title="bbox 623 3240 2208 3313; baseline -0.003 -15"><span class='ocrx_word' id='word_1_258' title='bbox 623 3244 718 3298; x_wconf 92' lang='lat' dir='ltr'><strong>sed</strong></span> <span class='ocrx_word' id='word_1_259' title='bbox 748 3258 854 3312; x_wconf 91' lang='lat' dir='ltr'><strong>quo</strong></span> <span class='ocrx_word' id='word_1_260' title='bbox 895 3251 1048 3313; x_wconf 84' lang='lat' dir='ltr'><strong>pacto</strong></span> <span class='ocrx_word' id='word_1_261' title='bbox 1089 3242 1279 3311; x_wconf 91' lang='lat' dir='ltr'><strong>pietate</strong></span> <span class='ocrx_word' id='word_1_262' title='bbox 1321 3255 1383 3295; x_wconf 87' lang='lat' dir='ltr'><strong>ac</strong></span> <span class='ocrx_word' id='word_1_263' title='bbox 1426 3241 1773 3309; x_wconf 80' lang='lat' dir='ltr'><strong>temperantia</strong></span> <span class='ocrx_word' id='word_1_264' title='bbox 1800 3280 1815 3303; x_wconf 91' lang='lat'><strong>,</strong></span> <span class='ocrx_word' id='word_1_265' title='bbox 1849 3240 2208 3307; x_wconf 78' lang='lat' dir='ltr'><strong>virtutumque</strong></span> 
     </span>
    </p>
   </div>
   <div class='ocr_carea' id='block_1_34' title="bbox 625 3328 2208 3404">
    <p class='ocr_par' dir='ltr' id='par_1_34' title="bbox 625 3328 2208 3404">
     <span class='ocr_line' id='line_1_34' title="bbox 625 3328 2208 3404; baseline -0.004 -16"><span class='ocrx_word' id='word_1_266' title='bbox 625 3333 974 3404; x_wconf 85' lang='lat' dir='ltr'><strong>acquisitione</strong></span> <span class='ocrx_word' id='word_1_267' title='bbox 998 3330 1247 3385; x_wconf 88' lang='lat' dir='ltr'><strong>ditissimi</strong></span> <span class='ocrx_word' id='word_1_268' title='bbox 1290 3331 1524 3383; x_wconf 86' lang='lat' dir='ltr'><strong>omnium</strong></span> <span class='ocrx_word' id='word_1_269' title='bbox 1570 3329 1695 3382; x_wconf 82' lang='lat' dir='ltr'><strong>fiant</strong></span> <span class='ocrx_word' id='word_1_270' title='bbox 1722 3346 1735 3381; x_wconf 90' lang='lat'><strong>:</strong></span> <span class='ocrx_word' id='word_1_271' title='bbox 1766 3345 1872 3398; x_wconf 92' lang='lat' dir='ltr'><strong>quo</strong></span> <span class='ocrx_word' id='word_1_272' title='bbox 1910 3339 2061 3397; x_wconf 85' lang='lat' dir='ltr'><strong>pacto</strong></span> <span class='ocrx_word' id='word_1_273' title='bbox 2088 3328 2208 3393; x_wconf 82' lang='lat' dir='ltr'><strong>fiat,</strong></span> 
     </span>
    </p>
   </div>
   <div class='ocr_carea' id='block_1_35' title="bbox 630 3420 2216 3491">
    <p class='ocr_par' dir='ltr' id='par_1_35' title="bbox 630 3420 2216 3491">
     <span class='ocr_line' id='line_1_35' title="bbox 630 3420 2216 3491; baseline -0.003 -13"><span class='ocrx_word' id='word_1_274' title='bbox 630 3434 686 3478; x_wconf 88' lang='lat' dir='ltr'><strong>ut</strong></span> <span class='ocrx_word' id='word_1_275' title='bbox 708 3423 887 3479; x_wconf 88' lang='lat' dir='ltr'><strong>multis</strong></span> <span class='ocrx_word' id='word_1_276' title='bbox 916 3438 1020 3476; x_wconf 90' lang='lat' dir='ltr'><strong>non</strong></span> <span class='ocrx_word' id='word_1_277' title='bbox 1051 3423 1349 3491; x_wconf 88' lang='lat' dir='ltr'><strong>indigeant,</strong></span> <span class='ocrx_word' id='word_1_278' title='bbox 1378 3428 1435 3474; x_wconf 89' lang='lat' dir='ltr'><strong>ut</strong></span> <span class='ocrx_word' id='word_1_279' title='bbox 1464 3434 1551 3474; x_wconf 88' lang='lat' dir='ltr'><strong>res</strong></span> <span class='ocrx_word' id='word_1_280' title='bbox 1580 3420 1759 3473; x_wconf 75' lang='lat' dir='ltr'><strong>smeuli</strong></span> <span class='ocrx_word' id='word_1_281' title='bbox 1792 3420 1945 3486; x_wconf 87' lang='lat' dir='ltr'><strong>imjus</strong></span> <span class='ocrx_word' id='word_1_282' title='bbox 1975 3428 2028 3473; x_wconf 90' lang='lat' dir='ltr'><strong>et</strong></span> <span class='ocrx_word' id='word_1_283' title='bbox 2051 3433 2216 3473; x_wconf 84' lang='lat' dir='ltr'><strong>novas</strong></span> 
     </span>
    </p>
   </div>
   <div class='ocr_carea' id='block_1_36' title="bbox 630 3510 2218 3584">
    <p class='ocr_par' dir='ltr' id='par_1_36' title="bbox 630 3510 2218 3584">
     <span class='ocr_line' id='line_1_36' title="bbox 630 3510 2218 3584; baseline -0.003 -17"><span class='ocrx_word' id='word_1_284' title='bbox 630 3515 949 3584; x_wconf 86' lang='lat' dir='ltr'><strong>cupiditates</strong></span> <span class='ocrx_word' id='word_1_285' title='bbox 980 3529 1083 3567; x_wconf 91' lang='lat' dir='ltr'><strong>non</strong></span> <span class='ocrx_word' id='word_1_286' title='bbox 1127 3514 1255 3566; x_wconf 88' lang='lat' dir='ltr'><strong>tanti</strong></span> <span class='ocrx_word' id='word_1_287' title='bbox 1295 3510 1505 3565; x_wconf 76' lang='lat' dir='ltr'><strong>faciant.</strong></span> <span class='ocrx_word' id='word_1_288' title='bbox 1546 3511 1609 3564; x_wconf 85' lang='lat' dir='ltr'><strong>Et</strong></span> <span class='ocrx_word' id='word_1_289' title='bbox 1642 3512 1913 3579; x_wconf 83' lang='lat' dir='ltr'><strong>ingressus</strong></span> <span class='ocrx_word' id='word_1_290' title='bbox 1951 3525 2134 3563; x_wconf 88' lang='lat' dir='ltr'><strong>eorum</strong></span> <span class='ocrx_word' id='word_1_291' title='bbox 2165 3518 2218 3563; x_wconf 91' lang='lat' dir='ltr'><strong>et</strong></span> 
     </span>
    </p>
   </div>
   <div class='ocr_carea' id='block_1_37' title="bbox 630 3600 2219 3675">
    <p class='ocr_par' dir='ltr' id='par_1_37' title="bbox 630 3600 2219 3675">
     <span class='ocr_line' id='line_1_37' title="bbox 630 3600 2219 3675; baseline -0.004 -15"><span class='ocrx_word' id='word_1_292' title='bbox 630 3620 882 3675; x_wconf 83' lang='lat' dir='ltr'><strong>egressus</strong></span> <span class='ocrx_word' id='word_1_293' title='bbox 912 3604 1191 3673; x_wconf 84' lang='lat' dir='ltr'><strong>diligenter</strong></span> <span class='ocrx_word' id='word_1_294' title='bbox 1217 3611 1271 3655; x_wconf 89' lang='lat' dir='ltr'><strong>et</strong></span> <span class='ocrx_word' id='word_1_295' title='bbox 1292 3603 1501 3655; x_wconf 84' lang='lat' dir='ltr'><strong>curiose</strong></span> <span class='ocrx_word' id='word_1_296' title='bbox 1529 3601 1947 3654; x_wconf 83' lang='lat' dir='ltr'><strong>considerandus</strong></span> <span class='ocrx_word' id='word_1_297' title='bbox 1968 3609 2069 3665; x_wconf 91' lang='lat' dir='ltr'><strong>est,</strong></span> <span class='ocrx_word' id='word_1_298' title='bbox 2102 3600 2219 3668; x_wconf 89' lang='lat' dir='ltr'><strong>qui-</strong></span> 
     </span>
    </p>
   </div>
   <div class='ocr_carea' id='block_1_38' title="bbox 631 3689 2216 3758">
    <p class='ocr_par' dir='ltr' id='par_1_38' title="bbox 631 3689 2216 3758">
     <span class='ocr_line' id='line_1_38' title="bbox 631 3689 2216 3758; baseline -0.004 -10"><span class='ocrx_word' id='word_1_299' title='bbox 631 3694 855 3749; x_wconf 87' lang='lat' dir='ltr'><strong>buscum</strong></span> <span class='ocrx_word' id='word_1_300' title='bbox 880 3701 1176 3757; x_wconf 78' lang='lat' dir='ltr'><strong>versentur,</strong></span> <span class='ocrx_word' id='word_1_301' title='bbox 1206 3691 1291 3758; x_wconf 87' lang='lat' dir='ltr'><strong>qui</strong></span> <span class='ocrx_word' id='word_1_302' title='bbox 1321 3689 1605 3743; x_wconf 87' lang='lat' dir='ltr'><strong>familiares</strong></span> <span class='ocrx_word' id='word_1_303' title='bbox 1631 3690 1732 3743; x_wconf 84' lang='lat' dir='ltr'><strong>illis</strong></span> <span class='ocrx_word' id='word_1_304' title='bbox 1759 3689 1882 3754; x_wconf 83' lang='lat' dir='ltr'><strong>sint,</strong></span> <span class='ocrx_word' id='word_1_305' title='bbox 1912 3704 2032 3742; x_wconf 91' lang='lat' dir='ltr'><strong>eum</strong></span> <span class='ocrx_word' id='word_1_306' title='bbox 2057 3690 2216 3743; x_wconf 90' lang='lat' dir='ltr'><strong>intel-</strong></span> 
     </span>
    </p>
   </div>
   <div class='ocr_carea' id='block_1_39' title="bbox 639 3781 2219 3855">
    <p class='ocr_par' dir='ltr' id='par_1_39' title="bbox 639 3781 2219 3855">
     <span class='ocr_line' id='line_1_39' title="bbox 639 3781 2219 3855; baseline -0.001 -17"><span class='ocrx_word' id='word_1_307' title='bbox 639 3786 881 3855; x_wconf 86' lang='lat' dir='ltr'><strong>ligamus,</strong></span> <span class='ocrx_word' id='word_1_308' title='bbox 913 3786 956 3837; x_wconf 89' lang='lat' dir='ltr'><strong>si</strong></span> <span class='ocrx_word' id='word_1_309' title='bbox 988 3783 1103 3837; x_wconf 73' lang='lat' dir='ltr'><strong>brae</strong></span> <span class='ocrx_word' id='word_1_310' title='bbox 1128 3799 1155 3835; x_wconf 91' lang='lat' dir='ltr'><strong>a</strong></span> <span class='ocrx_word' id='word_1_311' title='bbox 1188 3783 1339 3835; x_wconf 86' lang='lat' dir='ltr'><strong>nobis</strong></span> <span class='ocrx_word' id='word_1_312' title='bbox 1379 3783 1615 3850; x_wconf 83' lang='lat' dir='ltr'><strong>neglecta</strong></span> <span class='ocrx_word' id='word_1_313' title='bbox 1649 3781 1858 3845; x_wconf 83' lang='lat' dir='ltr'><strong>fuerint,</strong></span> <span class='ocrx_word' id='word_1_314' title='bbox 1894 3782 2091 3836; x_wconf 87' lang='lat' dir='ltr'><strong>nullam</strong></span> <span class='ocrx_word' id='word_1_315' title='bbox 2122 3798 2219 3836; x_wconf 91' lang='lat' dir='ltr'><strong>nos</strong></span> 
     </span>
    </p>
   </div>
   <div class='ocr_carea' id='block_1_40' title="bbox 629 3871 2219 3940">
    <p class='ocr_par' dir='ltr' id='par_1_40' title="bbox 629 3871 2219 3940">
     <span class='ocr_line' id='line_1_40' title="bbox 629 3871 2219 3940; baseline -0.003 -10"><span class='ocrx_word' id='word_1_316' title='bbox 629 3890 659 3930; x_wconf 84' lang='lat' dir='ltr'><strong>a</strong></span> <span class='ocrx_word' id='word_1_317' title='bbox 707 3875 819 3930; x_wconf 84' lang='lat' dir='ltr'><strong>Deo</strong></span> <span class='ocrx_word' id='word_1_318' title='bbox 865 3874 1071 3927; x_wconf 82' lang='lat' dir='ltr'><strong>veniam</strong></span> <span class='ocrx_word' id='word_1_319' title='bbox 1113 3874 1501 3940; x_wconf 83' lang='lat' dir='ltr'><strong>impetraturos.</strong></span> <span class='ocrx_word' id='word_1_320' title='bbox 1542 3871 1672 3926; x_wconf 83' lang='lat' dir='ltr'><strong>Nam</strong></span> <span class='ocrx_word' id='word_1_321' title='bbox 1738 3872 1780 3925; x_wconf 90' lang='lat' dir='ltr'><strong>si</strong></span> <span class='ocrx_word' id='word_1_322' title='bbox 1826 3888 1946 3925; x_wconf 90' lang='lat' dir='ltr'><strong>eum</strong></span> <span class='ocrx_word' id='word_1_323' title='bbox 1994 3873 2219 3926; x_wconf 88' lang='lat' dir='ltr'><strong>aliorum</strong></span> 
     </span>
    </p>
   </div>
   <div class='ocr_carea' id='block_1_41' title="bbox 631 3963 2224 4033">
    <p class='ocr_par' dir='ltr' id='par_1_41' title="bbox 631 3963 2224 4033">
     <span class='ocr_line' id='line_1_41' title="bbox 631 3963 2224 4033; baseline -0.002 -12"><span class='ocrx_word' id='word_1_324' title='bbox 631 3982 814 4021; x_wconf 90' lang='lat' dir='ltr'><strong>curam</strong></span> <span class='ocrx_word' id='word_1_325' title='bbox 860 3981 964 4018; x_wconf 89' lang='lat' dir='ltr'><strong>non</strong></span> <span class='ocrx_word' id='word_1_326' title='bbox 1022 3968 1377 4032; x_wconf 84' lang='lat' dir='ltr'><strong>gesserimus,</strong></span> <span class='ocrx_word' id='word_1_327' title='bbox 1436 3976 1608 4032; x_wconf 66' lang='lat' dir='ltr'><strong>paena:</strong></span> <span class='ocrx_word' id='word_1_328' title='bbox 1666 3977 1695 4015; x_wconf 85' lang='lat' dir='ltr'><strong>a</strong></span> <span class='ocrx_word' id='word_1_329' title='bbox 1746 3963 1899 4018; x_wconf 88' lang='lat' dir='ltr'><strong>nobis</strong></span> <span class='ocrx_word' id='word_1_330' title='bbox 1942 3964 2224 4033; x_wconf 78' lang='lat' dir='ltr'><strong>exiguntur</strong></span> 
     </span>
    </p>
   </div>
   <div class='ocr_carea' id='block_1_42' title="bbox 637 4056 2213 4133">
    <p class='ocr_par' dir='ltr' id='par_1_42' title="bbox 637 4056 2213 4133">
     <span class='ocr_line' id='line_1_42' title="bbox 637 4056 2213 4133; baseline -0.003 -18"><span class='ocrx_word' id='word_1_331' title='bbox 637 4062 656 4133; x_wconf 93' lang='lat'><strong>(</strong></span> <span class='ocrx_word' id='word_1_332' title='bbox 681 4060 845 4114; x_wconf 82' lang='lat' dir='ltr'><strong>Nemo</strong></span> <span class='ocrx_word' id='word_1_333' title='bbox 871 4060 1001 4112; x_wconf 85' lang='lat' dir='ltr'><strong>enim</strong></span> <span class='ocrx_word' id='word_1_334' title='bbox 1029 4058 1163 4125; x_wconf 82' lang='lat' dir='ltr'><strong>quod</strong></span> <span class='ocrx_word' id='word_1_335' title='bbox 1187 4073 1333 4109; x_wconf 84' lang='lat' dir='ltr'><strong>suum</strong></span> <span class='ocrx_word' id='word_1_336' title='bbox 1358 4066 1449 4119; x_wconf 86' lang='lat' dir='ltr'><strong>cst,</strong></span> <span class='ocrx_word' id='word_1_337' title='bbox 1482 4065 1696 4124; x_wconf 75' lang='lat' dir='ltr'><strong>quwrat,</strong></span> <span class='ocrx_word' id='word_1_338' title='bbox 1730 4058 1897 4125; x_wconf 87' lang='lat' dir='ltr'><strong>inquit</strong></span> <span class='ocrx_word' id='word_1_339' title='bbox 1926 4056 2213 4124; x_wconf 84' lang='lat' dir='ltr'><strong>apostolus,</strong></span> 
     </span>
    </p>
   </div>
   <div class='ocr_carea' id='block_1_43' title="bbox 633 4144 2219 4217">
    <p class='ocr_par' dir='ltr' id='par_1_43' title="bbox 633 4144 2219 4217">
     <span class='ocr_line' id='line_1_43' title="bbox 633 4144 2219 4217; baseline -0.004 -11"><span class='ocrx_word' id='word_1_340' title='bbox 633 4152 722 4206; x_wconf 82' lang='lat' dir='ltr'><strong>scd</strong></span> <span class='ocrx_word' id='word_1_341' title='bbox 747 4153 879 4217; x_wconf 81' lang='lat' dir='ltr'><strong>quod</strong></span> <span class='ocrx_word' id='word_1_342' title='bbox 920 4147 1163 4217; x_wconf 81' lang='lat' dir='ltr'><strong>alterius)</strong></span> <span class='ocrx_word' id='word_1_343' title='bbox 1194 4148 1283 4216; x_wconf 92' lang='grc'><strong>(1.</strong></span> <span class='ocrx_word' id='word_1_344' title='bbox 1317 4144 1437 4201; x_wconf 88' lang='lat' dir='ltr'><strong>Cor.</strong></span> <span class='ocrx_word' id='word_1_345' title='bbox 1474 4146 1559 4200; x_wconf 86' lang='grc'><strong>10.</strong></span> <span class='ocrx_word' id='word_1_346' title='bbox 1587 4145 1657 4198; x_wconf 71' lang='grc'><strong>21</strong></span> <span class='ocrx_word' id='word_1_347' title='bbox 1680 4146 1719 4213; x_wconf 91' lang='grc'><strong>),</strong></span> <span class='ocrx_word' id='word_1_348' title='bbox 1752 4154 1949 4213; x_wconf 86' lang='lat' dir='ltr'><strong>quanto</strong></span> <span class='ocrx_word' id='word_1_349' title='bbox 1988 4147 2150 4214; x_wconf 86' lang='lat' dir='ltr'><strong>magis</strong></span> <span class='ocrx_word' id='word_1_350' title='bbox 2178 4147 2219 4199; x_wconf 89' lang='lat' dir='ltr'><strong>si</strong></span> 
     </span>
    </p>
   </div>
   <div class='ocr_carea' id='block_1_44' title="bbox 638 4235 2221 4306">
    <p class='ocr_par' dir='ltr' id='par_1_44' title="bbox 638 4235 2221 4306">
     <span class='ocr_line' id='line_1_44' title="bbox 638 4235 2221 4306; baseline -0.006 -9"><span class='ocrx_word' id='word_1_351' title='bbox 638 4242 926 4297; x_wconf 87' lang='lat' dir='ltr'><strong>liberorum</strong></span> <span class='ocrx_word' id='word_1_352' title='bbox 954 4252 1136 4306; x_wconf 86' lang='lat' dir='ltr'><strong>curam</strong></span> <span class='ocrx_word' id='word_1_353' title='bbox 1182 4252 1285 4291; x_wconf 84' lang='lat' dir='ltr'><strong>non</strong></span> <span class='ocrx_word' id='word_1_354' title='bbox 1328 4236 1689 4305; x_wconf 72' lang='lat' dir='ltr'><strong>gesserimus?</strong></span> <span class='ocrx_word' id='word_1_355' title='bbox 1735 4235 1920 4289; x_wconf 88' lang='lat' dir='ltr'><strong>Nonne</strong></span> <span class='ocrx_word' id='word_1_356' title='bbox 1959 4236 2128 4303; x_wconf 89' lang='lat' dir='ltr'><strong>ipsum</strong></span> <span class='ocrx_word' id='word_1_357' title='bbox 2173 4237 2221 4288; x_wconf 91' lang='lat' dir='ltr'><strong>in</strong></span> 
     </span>
    </p>
   </div>
   <div class='ocr_carea' id='block_1_45' title="bbox 638 4326 2228 4396">
    <p class='ocr_par' dir='ltr' id='par_1_45' title="bbox 638 4326 2228 4396">
     <span class='ocr_line' id='line_1_45' title="bbox 638 4326 2228 4396; baseline -0.006 -10"><span class='ocrx_word' id='word_1_358' title='bbox 638 4332 746 4386; x_wconf 89' lang='lat' dir='ltr'><strong>tuis</strong></span> <span class='ocrx_word' id='word_1_359' title='bbox 774 4330 978 4385; x_wconf 72' lang='lat' dir='ltr'><strong>tedibus</strong></span> <span class='ocrx_word' id='word_1_360' title='bbox 1004 4329 1070 4381; x_wconf 88' lang='lat' dir='ltr'><strong>ab</strong></span> <span class='ocrx_word' id='word_1_361' title='bbox 1100 4328 1246 4382; x_wconf 91' lang='lat' dir='ltr'><strong>initio</strong></span> <span class='ocrx_word' id='word_1_362' title='bbox 1274 4327 1547 4391; x_wconf 88' lang='lat' dir='ltr'><strong>collocavi,</strong></span> <span class='ocrx_word' id='word_1_363' title='bbox 1579 4326 1783 4396; x_wconf 80' lang='lat' dir='ltr'><strong>inquit?</strong></span> <span class='ocrx_word' id='word_1_364' title='bbox 1811 4340 1987 4380; x_wconf 90' lang='lat' dir='ltr'><strong>nonne</strong></span> <span class='ocrx_word' id='word_1_365' title='bbox 2014 4336 2064 4379; x_wconf 90' lang='lat' dir='ltr'><strong>te</strong></span> <span class='ocrx_word' id='word_1_366' title='bbox 2092 4341 2228 4394; x_wconf 75' lang='lat' dir='ltr'><strong>pne-</strong></span> 
     </span>
    </p>
   </div>
   <div class='ocr_carea' id='block_1_46' title="bbox 634 4416 2227 4490">
    <p class='ocr_par' dir='ltr' id='par_1_46' title="bbox 634 4416 2227 4490">
     <span class='ocr_line' id='line_1_46' title="bbox 634 4416 2227 4490; baseline -0.004 -14"><span class='ocrx_word' id='word_1_367' title='bbox 634 4432 905 4490; x_wconf 85' lang='lat' dir='ltr'><strong>ceptorem</strong></span> <span class='ocrx_word' id='word_1_368' title='bbox 930 4462 947 4488; x_wconf 90' lang='lat'><strong>,</strong></span> <span class='ocrx_word' id='word_1_369' title='bbox 976 4418 1284 4490; x_wconf 74' lang='lat' dir='ltr'><strong>prmfectum</strong></span> <span class='ocrx_word' id='word_1_370' title='bbox 1329 4427 1383 4472; x_wconf 88' lang='lat' dir='ltr'><strong>et</strong></span> <span class='ocrx_word' id='word_1_371' title='bbox 1420 4426 1716 4471; x_wconf 88' lang='lat' dir='ltr'><strong>curatorem</strong></span> <span class='ocrx_word' id='word_1_372' title='bbox 1744 4426 1797 4471; x_wconf 91' lang='lat' dir='ltr'><strong>et</strong></span> <span class='ocrx_word' id='word_1_373' title='bbox 1816 4416 2046 4485; x_wconf 88' lang='lat' dir='ltr'><strong>jndicem</strong></span> <span class='ocrx_word' id='word_1_374' title='bbox 2072 4416 2143 4469; x_wconf 92' lang='lat' dir='ltr'><strong>illi</strong></span> <span class='ocrx_word' id='word_1_375' title='bbox 2177 4426 2227 4469; x_wconf 89' lang='lat' dir='ltr'><strong>te</strong></span> 
     </span>
    </p>
   </div>
   <div class='ocr_carea' id='block_1_47' title="bbox 647 4513 2226 4587">
    <p class='ocr_par' dir='ltr' id='par_1_47' title="bbox 647 4513 2226 4587">
     <span class='ocr_line' id='line_1_47' title="bbox 647 4513 2226 4587; baseline -0.006 -15"><span class='ocrx_word' id='word_1_376' title='bbox 647 4514 905 4587; x_wconf 60' lang='lat' dir='ltr'><strong>praefeci?</strong></span> <span class='ocrx_word' id='word_1_377' title='bbox 935 4529 1147 4568; x_wconf 89' lang='lat' dir='ltr'><strong>omnem</strong></span> <span class='ocrx_word' id='word_1_378' title='bbox 1182 4516 1233 4567; x_wconf 91' lang='lat' dir='ltr'><strong>in</strong></span> <span class='ocrx_word' id='word_1_379' title='bbox 1276 4513 1421 4566; x_wconf 89' lang='lat' dir='ltr'><strong>ilhun</strong></span> <span class='ocrx_word' id='word_1_380' title='bbox 1456 4520 1770 4580; x_wconf 85' lang='lat' dir='ltr'><strong>potestatem</strong></span> <span class='ocrx_word' id='word_1_381' title='bbox 1804 4513 1855 4563; x_wconf 88' lang='lat' dir='ltr'><strong>in</strong></span> <span class='ocrx_word' id='word_1_382' title='bbox 1894 4525 2080 4563; x_wconf 85' lang='lat' dir='ltr'><strong>manus</strong></span> <span class='ocrx_word' id='word_1_383' title='bbox 2112 4520 2226 4562; x_wconf 88' lang='lat' dir='ltr'><strong>tuas</strong></span> 
     </span>
    </p>
   </div>
   <div class='ocr_carea' id='block_1_48' title="bbox 639 4603 2228 4673">
    <p class='ocr_par' dir='ltr' id='par_1_48' title="bbox 639 4603 2228 4673">
     <span class='ocr_line' id='line_1_48' title="bbox 639 4603 2228 4673; baseline -0.004 -10"><span class='ocrx_word' id='word_1_384' title='bbox 639 4608 920 4663; x_wconf 80' lang='lat' dir='ltr'><strong>transtuli?</strong></span> <span class='ocrx_word' id='word_1_385' title='bbox 947 4607 1211 4665; x_wconf 84' lang='lat' dir='ltr'><strong>Teucrum</strong></span> <span class='ocrx_word' id='word_1_386' title='bbox 1254 4605 1427 4658; x_wconf 87' lang='lat' dir='ltr'><strong>adhuc</strong></span> <span class='ocrx_word' id='word_1_387' title='bbox 1451 4604 1887 4658; x_wconf 87' lang='lat' dir='ltr'><strong>conformandum</strong></span> <span class='ocrx_word' id='word_1_388' title='bbox 1921 4618 1984 4658; x_wconf 87' lang='lat' dir='ltr'><strong>ac</strong></span> <span class='ocrx_word' id='word_1_389' title='bbox 2023 4603 2228 4673; x_wconf 85' lang='lat' dir='ltr'><strong>tingen-</strong></span> 
     </span>
    </p>
   </div>
   <div class='ocr_carea' id='block_1_49' title="bbox 639 4695 2222 4765">
    <p class='ocr_par' dir='ltr' id='par_1_49' title="bbox 639 4695 2222 4765">
     <span class='ocr_line' id='line_1_49' title="bbox 639 4695 2222 4765; baseline -0.004 -11"><span class='ocrx_word' id='word_1_390' title='bbox 639 4699 765 4755; x_wconf 87' lang='lat' dir='ltr'><strong>dum</strong></span> <span class='ocrx_word' id='word_1_391' title='bbox 806 4698 1048 4752; x_wconf 88' lang='lat' dir='ltr'><strong>commisi</strong></span> <span class='ocrx_word' id='word_1_392' title='bbox 1080 4714 1093 4750; x_wconf 91' lang='lat'><strong>:</strong></span> <span class='ocrx_word' id='word_1_393' title='bbox 1125 4713 1225 4765; x_wconf 91' lang='lat' dir='ltr'><strong>qua</strong></span> <span class='ocrx_word' id='word_1_394' title='bbox 1258 4696 1405 4749; x_wconf 81' lang='lat' dir='ltr'><strong>venia</strong></span> <span class='ocrx_word' id='word_1_395' title='bbox 1436 4695 1626 4764; x_wconf 82' lang='lat' dir='ltr'><strong>dignus</strong></span> <span class='ocrx_word' id='word_1_396' title='bbox 1655 4696 1763 4750; x_wconf 88' lang='lat' dir='ltr'><strong>eris</strong></span> <span class='ocrx_word' id='word_1_397' title='bbox 1799 4697 1844 4747; x_wconf 88' lang='lat' dir='ltr'><strong>si</strong></span> <span class='ocrx_word' id='word_1_398' title='bbox 1878 4695 2222 4749; x_wconf 84' lang='lat' dir='ltr'><strong>reluctantem</strong></span> 
     </span>
    </p>
   </div>
   <div class='ocr_carea' id='block_1_50' title="bbox 637 4784 2225 4859">
    <p class='ocr_par' dir='ltr' id='par_1_50' title="bbox 637 4784 2225 4859">
     <span class='ocr_line' id='line_1_50' title="bbox 637 4784 2225 4859; baseline -0.004 -13"><span class='ocrx_word' id='word_1_399' title='bbox 637 4791 786 4847; x_wconf 87' lang='lat' dir='ltr'><strong>illum</strong></span> <span class='ocrx_word' id='word_1_400' title='bbox 820 4788 1156 4859; x_wconf 79' lang='lat' dir='ltr'><strong>neglexeris?</strong></span> <span class='ocrx_word' id='word_1_401' title='bbox 1198 4786 1332 4854; x_wconf 87' lang='lat' dir='ltr'><strong>Quid</strong></span> <span class='ocrx_word' id='word_1_402' title='bbox 1381 4788 1523 4841; x_wconf 89' lang='lat' dir='ltr'><strong>enim</strong></span> <span class='ocrx_word' id='word_1_403' title='bbox 1562 4787 1739 4840; x_wconf 87' lang='lat' dir='ltr'><strong>dicere</strong></span> <span class='ocrx_word' id='word_1_404' title='bbox 1772 4787 2009 4855; x_wconf 83' lang='lat' dir='ltr'><strong>poteris?</strong></span> <span class='ocrx_word' id='word_1_405' title='bbox 2043 4784 2225 4839; x_wconf 76' lang='lat' dir='ltr'><strong>Refre-</strong></span> 
     </span>
    </p>
   </div>
   <div class='ocr_carea' id='block_1_51' title="bbox 637 4875 2226 4945">
    <p class='ocr_par' dir='ltr' id='par_1_51' title="bbox 637 4875 2226 4945">
     <span class='ocr_line' id='line_1_51' title="bbox 637 4875 2226 4945; baseline -0.005 -8"><span class='ocrx_word' id='word_1_406' title='bbox 637 4894 764 4938; x_wconf 77' lang='lat' dir='ltr'><strong>nstu</strong></span> <span class='ocrx_word' id='word_1_407' title='bbox 791 4879 1055 4933; x_wconf 79' lang='lat' dir='ltr'><strong>difﬁcilem</strong></span> <span class='ocrx_word' id='word_1_408' title='bbox 1099 4887 1153 4933; x_wconf 84' lang='lat' dir='ltr'><strong>et</strong></span> <span class='ocrx_word' id='word_1_409' title='bbox 1198 4892 1443 4945; x_wconf 87' lang='lat' dir='ltr'><strong>asperum</strong></span> <span class='ocrx_word' id='word_1_410' title='bbox 1491 4877 1635 4930; x_wconf 88' lang='lat' dir='ltr'><strong>illtnu</strong></span> <span class='ocrx_word' id='word_1_411' title='bbox 1676 4876 1832 4931; x_wconf 85' lang='lat' dir='ltr'><strong>esse?</strong></span> <span class='ocrx_word' id='word_1_412' title='bbox 1878 4878 1945 4930; x_wconf 83' lang='lat' dir='ltr'><strong>At</strong></span> <span class='ocrx_word' id='word_1_413' title='bbox 1995 4875 2109 4929; x_wconf 73' lang='lat' dir='ltr'><strong>lucc</strong></span> <span class='ocrx_word' id='word_1_414' title='bbox 2158 4875 2226 4929; x_wconf 89' lang='lat' dir='ltr'><strong>ab</strong></span> 
     </span>
    </p>
   </div>
   <div class='ocr_carea' id='block_1_52' title="bbox 638 4968 2224 5041">
    <p class='ocr_par' dir='ltr' id='par_1_52' title="bbox 638 4968 2224 5041">
     <span class='ocr_line' id='line_1_52' title="bbox 638 4968 2224 5041; baseline -0.004 -13"><span class='ocrx_word' id='word_1_415' title='bbox 638 4972 789 5028; x_wconf 89' lang='lat' dir='ltr'><strong>initio</strong></span> <span class='ocrx_word' id='word_1_416' title='bbox 821 4970 1098 5041; x_wconf 63' lang='lat' dir='ltr'><strong>pratvideri</strong></span> <span class='ocrx_word' id='word_1_417' title='bbox 1140 4970 1407 5038; x_wconf 82' lang='lat' dir='ltr'><strong>oportuit,</strong></span> <span class='ocrx_word' id='word_1_418' title='bbox 1449 4979 1501 5022; x_wconf 90' lang='lat' dir='ltr'><strong>et</strong></span> <span class='ocrx_word' id='word_1_419' title='bbox 1545 4970 1755 5038; x_wconf 86' lang='lat' dir='ltr'><strong>quando</strong></span> <span class='ocrx_word' id='word_1_420' title='bbox 1802 4968 1951 5022; x_wconf 88' lang='lat' dir='ltr'><strong>freno</strong></span> <span class='ocrx_word' id='word_1_421' title='bbox 1986 4969 2224 5023; x_wconf 89' lang='lat' dir='ltr'><strong>cohiberi</strong></span> 
     </span>
    </p>
   </div>
   <div class='ocr_carea' id='block_1_53' title="bbox 639 5058 2307 5133">
    <p class='ocr_par' dir='ltr' id='par_1_53' title="bbox 639 5058 2307 5133">
     <span class='ocr_line' id='line_1_53' title="bbox 639 5058 2307 5133; baseline -0.001 -18"><span class='ocrx_word' id='word_1_422' title='bbox 639 5070 871 5133; x_wconf 78' lang='lat' dir='ltr'><strong>poterat,</strong></span> <span class='ocrx_word' id='word_1_423' title='bbox 900 5075 1020 5115; x_wconf 90' lang='lat' dir='ltr'><strong>cum</strong></span> <span class='ocrx_word' id='word_1_424' title='bbox 1044 5059 1255 5127; x_wconf 79' lang='lat' dir='ltr'><strong>juvenis</strong></span> <span class='ocrx_word' id='word_1_425' title='bbox 1283 5058 1569 5114; x_wconf 75' lang='lat' dir='ltr'><strong>admodum</strong></span> <span class='ocrx_word' id='word_1_426' title='bbox 1600 5068 1761 5124; x_wconf 85' lang='lat' dir='ltr'><strong>esset,</strong></span> <span class='ocrx_word' id='word_1_427' title='bbox 1794 5074 1913 5113; x_wconf 91' lang='lat' dir='ltr'><strong>eum</strong></span> <span class='ocrx_word' id='word_1_428' title='bbox 1941 5060 2226 5128; x_wconf 80' lang='lat' dir='ltr'><strong>diligenter</strong></span> <span class='ocrx_word' id='word_1_429' title='bbox 2300 5068 2307 5069; x_wconf 63' lang='lat'><strong><em>&#39;</em></strong></span> 
     </span>
    </p>
   </div>
   <div class='ocr_carea' id='block_1_54' title="bbox 641 5146 2225 5221">
    <p class='ocr_par' dir='ltr' id='par_1_54' title="bbox 641 5146 2225 5221">
     <span class='ocr_line' id='line_1_54' title="bbox 641 5146 2225 5221; baseline -0.003 -12"><span class='ocrx_word' id='word_1_430' title='bbox 641 5152 841 5210; x_wconf 86' lang='lat' dir='ltr'><strong>frenari</strong></span> <span class='ocrx_word' id='word_1_431' title='bbox 864 5192 880 5214; x_wconf 88' lang='lat'><strong>,</strong></span> <span class='ocrx_word' id='word_1_432' title='bbox 931 5160 984 5207; x_wconf 89' lang='lat' dir='ltr'><strong>et</strong></span> <span class='ocrx_word' id='word_1_433' title='bbox 1022 5146 1200 5206; x_wconf 80' lang='lat' dir='ltr'><strong>officio</strong></span> <span class='ocrx_word' id='word_1_434' title='bbox 1244 5166 1342 5206; x_wconf 89' lang='lat' dir='ltr'><strong>suo</strong></span> <span class='ocrx_word' id='word_1_435' title='bbox 1380 5151 1523 5221; x_wconf 90' lang='lat' dir='ltr'><strong>fungi</strong></span> <span class='ocrx_word' id='word_1_436' title='bbox 1569 5152 1841 5207; x_wconf 85' lang='lat' dir='ltr'><strong>assuefieri</strong></span> <span class='ocrx_word' id='word_1_437' title='bbox 1869 5193 1883 5216; x_wconf 94' lang='lat'><strong>,</strong></span> <span class='ocrx_word' id='word_1_438' title='bbox 1915 5152 2225 5218; x_wconf 86' lang='lat' dir='ltr'><strong>informari,</strong></span> 
     </span>
    </p>
   </div>
   <div class='ocr_carea' id='block_1_55' title="bbox 643 5242 2227 5312">
    <p class='ocr_par' dir='ltr' id='par_1_55' title="bbox 643 5242 2227 5312">
     <span class='ocr_line' id='line_1_55' title="bbox 643 5242 2227 5312; baseline -0.002 -11"><span class='ocrx_word' id='word_1_439' title='bbox 643 5244 842 5302; x_wconf 88' lang='lat' dir='ltr'><strong>morbis</strong></span> <span class='ocrx_word' id='word_1_440' title='bbox 868 5243 983 5312; x_wconf 86' lang='lat' dir='ltr'><strong>ejus</strong></span> <span class='ocrx_word' id='word_1_441' title='bbox 1025 5244 1219 5295; x_wconf 74' lang='lat' dir='ltr'><strong>snitum</strong></span> <span class='ocrx_word' id='word_1_442' title='bbox 1262 5242 1556 5297; x_wconf 86' lang='lat' dir='ltr'><strong>remedium</strong></span> <span class='ocrx_word' id='word_1_443' title='bbox 1603 5242 1865 5297; x_wconf 90' lang='lat' dir='ltr'><strong>adhiberi.</strong></span> <span class='ocrx_word' id='word_1_444' title='bbox 1899 5243 2121 5309; x_wconf 87' lang='lat' dir='ltr'><strong>Quando</strong></span> <span class='ocrx_word' id='word_1_445' title='bbox 2148 5244 2227 5298; x_wconf 89' lang='lat' dir='ltr'><strong>fa-</strong></span> 
     </span>
    </p>
   </div>
   <div class='ocr_carea' id='block_1_56' title="bbox 643 5332 2224 5403">
    <p class='ocr_par' dir='ltr' id='par_1_56' title="bbox 643 5332 2224 5403">
     <span class='ocr_line' id='line_1_56' title="bbox 643 5332 2224 5403; baseline -0.003 -12"><span class='ocrx_word' id='word_1_446' title='bbox 643 5335 800 5391; x_wconf 84' lang='lat' dir='ltr'><strong>cilior</strong></span> <span class='ocrx_word' id='word_1_447' title='bbox 826 5342 939 5389; x_wconf 89' lang='lat' dir='ltr'><strong>erat</strong></span> <span class='ocrx_word' id='word_1_448' title='bbox 962 5332 1267 5403; x_wconf 85' lang='lat' dir='ltr'><strong>agricolatio</strong></span> <span class='ocrx_word' id='word_1_449' title='bbox 1290 5373 1306 5395; x_wconf 87' lang='lat'><strong>,</strong></span> <span class='ocrx_word' id='word_1_450' title='bbox 1337 5342 1447 5386; x_wconf 92' lang='lat' dir='ltr'><strong>tum</strong></span> <span class='ocrx_word' id='word_1_451' title='bbox 1492 5333 1719 5387; x_wconf 86' lang='lat' dir='ltr'><strong>resecari</strong></span> <span class='ocrx_word' id='word_1_452' title='bbox 1751 5336 1930 5403; x_wconf 88' lang='lat' dir='ltr'><strong>spinas</strong></span> <span class='ocrx_word' id='word_1_453' title='bbox 1957 5336 2186 5403; x_wconf 86' lang='lat' dir='ltr'><strong>oportuit</strong></span> <span class='ocrx_word' id='word_1_454' title='bbox 2211 5377 2224 5399; x_wconf 93' lang='lat'><strong>,</strong></span> 
     </span>
    </p>
   </div>
   <div class='ocr_carea' id='block_1_57' title="bbox 646 5423 2226 5497">
    <p class='ocr_par' dir='ltr' id='par_1_57' title="bbox 646 5423 2226 5497">
     <span class='ocr_line' id='line_1_57' title="bbox 646 5423 2226 5497; baseline -0.003 -19"><span class='ocrx_word' id='word_1_455' title='bbox 646 5423 878 5497; x_wconf 85' lang='lat' dir='ltr'><strong>quando,</strong></span> <span class='ocrx_word' id='word_1_456' title='bbox 906 5439 1023 5478; x_wconf 91' lang='lat' dir='ltr'><strong>cum</strong></span> <span class='ocrx_word' id='word_1_457' title='bbox 1054 5433 1236 5479; x_wconf 82' lang='lat' dir='ltr'><strong>tenera</strong></span> <span class='ocrx_word' id='word_1_458' title='bbox 1264 5433 1404 5477; x_wconf 87' lang='lat' dir='ltr'><strong>esset</strong></span> <span class='ocrx_word' id='word_1_459' title='bbox 1430 5432 1579 5487; x_wconf 69' lang='lat' dir='ltr'><strong>aetas,</strong></span> <span class='ocrx_word' id='word_1_460' title='bbox 1612 5423 1814 5479; x_wconf 82' lang='lat' dir='ltr'><strong>facilius</strong></span> <span class='ocrx_word' id='word_1_461' title='bbox 1840 5423 2226 5490; x_wconf 85' lang='lat' dir='ltr'><strong>evellebantur,</strong></span> 
     </span>
    </p>
   </div>
   <div class='ocr_carea' id='block_1_58' title="bbox 651 5513 2225 5587">
    <p class='ocr_par' dir='ltr' id='par_1_58' title="bbox 651 5513 2225 5587">
     <span class='ocr_line' id='line_1_58' title="bbox 651 5513 2225 5587; baseline -0.003 -14"><span class='ocrx_word' id='word_1_462' title='bbox 651 5529 823 5587; x_wconf 87' lang='lat' dir='ltr'><strong>neque</strong></span> <span class='ocrx_word' id='word_1_463' title='bbox 847 5515 1122 5587; x_wconf 86' lang='lat' dir='ltr'><strong>passiones</strong></span> <span class='ocrx_word' id='word_1_464' title='bbox 1149 5514 1423 5583; x_wconf 72' lang='lat' dir='ltr'><strong>neglecttc,</strong></span> <span class='ocrx_word' id='word_1_465' title='bbox 1453 5524 1505 5567; x_wconf 90' lang='lat' dir='ltr'><strong>et</strong></span> <span class='ocrx_word' id='word_1_466' title='bbox 1532 5522 1724 5579; x_wconf 63' lang='lat' dir='ltr'><strong>anetas,</strong></span> <span class='ocrx_word' id='word_1_467' title='bbox 1754 5529 1819 5567; x_wconf 76' lang='lat' dir='ltr'><strong>ex</strong></span> <span class='ocrx_word' id='word_1_468' title='bbox 1832 5524 2059 5582; x_wconf 83' lang='lat' dir='ltr'><strong>pugnata</strong></span> <span class='ocrx_word' id='word_1_469' title='bbox 2084 5513 2225 5568; x_wconf 87' lang='lat' dir='ltr'><strong>difli-</strong></span> 
     </span>
    </p>
   </div>
   <div class='ocr_carea' id='block_1_59' title="bbox 652 5603 2224 5674">
    <p class='ocr_par' dir='ltr' id='par_1_59' title="bbox 652 5603 2224 5674">
     <span class='ocr_line' id='line_1_59' title="bbox 652 5603 2224 5674; baseline 0 -15"><span class='ocrx_word' id='word_1_470' title='bbox 652 5605 784 5663; x_wconf 85' lang='lat' dir='ltr'><strong>ciles</strong></span> <span class='ocrx_word' id='word_1_471' title='bbox 812 5605 1125 5661; x_wconf 76' lang='lat' dir='ltr'><strong>evasissent.</strong></span> <span class='ocrx_word' id='word_1_472' title='bbox 1158 5605 1359 5663; x_wconf 73' lang='lat' dir='ltr'><strong>idcirco</strong></span> <span class='ocrx_word' id='word_1_473' title='bbox 1374 5604 1501 5660; x_wconf 90' lang='lat' dir='ltr'><strong>dicit</strong></span> <span class='ocrx_word' id='word_1_474' title='bbox 1530 5622 1544 5659; x_wconf 89' lang='lat'><strong>:</strong></span> <span class='ocrx_word' id='word_1_475' title='bbox 1575 5604 1737 5660; x_wconf 77' lang='lat' dir='ltr'><strong>Curva</strong></span> <span class='ocrx_word' id='word_1_476' title='bbox 1764 5621 1795 5655; x_wconf 83' lang='grc' dir='ltr'>α</span> <span class='ocrx_word' id='word_1_477' title='bbox 1823 5603 2042 5674; x_wconf 65' lang='lat' dir='ltr'><strong>pueritia</strong></span> <span class='ocrx_word' id='word_1_478' title='bbox 2066 5604 2224 5659; x_wconf 74' lang='lat' dir='ltr'><strong>cervi-</strong></span> 
     </span>
    </p>
   </div>
   <div class='ocr_carea' id='block_1_60' title="bbox 647 5693 2217 5770">
    <p class='ocr_par' dir='ltr' id='par_1_60' title="bbox 647 5693 2217 5770">
     <span class='ocr_line' id='line_1_60' title="bbox 647 5693 2217 5770; baseline 0.009 -22"><span class='ocrx_word' id='word_1_479' title='bbox 647 5710 754 5753; x_wconf 75' lang='lat' dir='ltr'><strong>rem</strong></span> <span class='ocrx_word' id='word_1_480' title='bbox 773 5699 881 5767; x_wconf 72' lang='lat' dir='ltr'><strong>ejus</strong></span> <span class='ocrx_word' id='word_1_481' title='bbox 910 5693 1097 5764; x_wconf 68' lang='lat' dir='ltr'><strong>(Et-cli.</strong></span> <span class='ocrx_word' id='word_1_482' title='bbox 1122 5697 1173 5751; x_wconf 90' lang='grc'><strong>7.</strong></span> <span class='ocrx_word' id='word_1_483' title='bbox 1199 5696 1320 5765; x_wconf 69' lang='lat'><strong>25),</strong></span> <span class='ocrx_word' id='word_1_484' title='bbox 1354 5697 1562 5767; x_wconf 77' lang='lat' dir='ltr'><strong>quando</strong></span> <span class='ocrx_word' id='word_1_485' title='bbox 1587 5696 1789 5753; x_wconf 75' lang='lat' dir='ltr'><strong>facilius</strong></span> <span class='ocrx_word' id='word_1_486' title='bbox 1809 5708 1981 5770; x_wconf 77' lang='lat' dir='ltr'><strong>potest</strong></span> <span class='ocrx_word' id='word_1_487' title='bbox 2003 5703 2217 5762; x_wconf 80' lang='lat' dir='ltr'><strong>erudiri.</strong></span> 
     </span>
    </p>
   </div>
   <div class='ocr_carea' id='block_1_61' title="bbox 1319 312 3156 384">
    <p class='ocr_par' dir='ltr' id='par_1_61' title="bbox 1319 312 3156 384">
     <span class='ocr_line' id='line_1_61' title="bbox 1319 312 3156 384; baseline -0.008 -1"><span class='ocrx_word' id='word_1_488' title='bbox 1319 328 1376 383; x_wconf 83' lang='lat' dir='ltr'><strong>S.</strong></span> <span class='ocrx_word' id='word_1_489' title='bbox 1416 324 1692 384; x_wconf 76' lang='lat' dir='ltr'><strong>JOANNIS</strong></span> <span class='ocrx_word' id='word_1_490' title='bbox 1739 318 2212 379; x_wconf 73' lang='lat' dir='ltr'><strong>CHRYSOSTOMI</strong></span> <span class='ocrx_word' id='word_1_491' title='bbox 2265 313 2582 373; x_wconf 79' lang='lat' dir='ltr'><strong>ABCIIIEP.</strong></span> <span class='ocrx_word' id='word_1_492' title='bbox 2622 312 3156 381; x_wconf 69' lang='lat' dir='ltr'><strong>CONSTANIINOP.</strong></span> 
     </span>
    </p>
   </div>
   <div class='ocr_carea' id='block_1_62' title="bbox 3772 310 3877 368">
    <p class='ocr_par' dir='ltr' id='par_1_62' title="bbox 3772 310 3877 368">
     <span class='ocr_line' id='line_1_62' title="bbox 3772 310 3877 368; baseline 0 -3"><span class='ocrx_word' id='word_1_493' title='bbox 3772 310 3877 368; x_wconf 64' lang='grc' dir='ltr'><strong>ὃ(ὶὴ</strong></span> 
     </span>
    </p>
   </div>
   <div class='ocr_carea' id='block_1_63' title="bbox 2297 428 3877 504">
    <p class='ocr_par' dir='ltr' id='par_1_63' title="bbox 2297 428 3877 504">
     <span class='ocr_line' id='line_1_63' title="bbox 2297 428 3877 504; baseline -0.004 -14"><span class='ocrx_word' id='word_1_494' title='bbox 2297 434 2478 504; x_wconf 82' lang='lat' dir='ltr'><strong>Neque</strong></span> <span class='ocrx_word' id='word_1_495' title='bbox 2503 448 2631 489; x_wconf 89' lang='lat' dir='ltr'><strong>vero</strong></span> <span class='ocrx_word' id='word_1_496' title='bbox 2659 432 2894 502; x_wconf 71' lang='lat' dir='ltr'><strong>przccipit</strong></span> <span class='ocrx_word' id='word_1_497' title='bbox 2924 439 3129 486; x_wconf 84' lang='lat' dir='ltr'><strong>tantum</strong></span> <span class='ocrx_word' id='word_1_498' title='bbox 3150 469 3167 497; x_wconf 91' lang='lat'><strong>,</strong></span> <span class='ocrx_word' id='word_1_499' title='bbox 3198 428 3293 485; x_wconf 83' lang='lat' dir='ltr'><strong>sed</strong></span> <span class='ocrx_word' id='word_1_500' title='bbox 3319 437 3374 485; x_wconf 89' lang='lat' dir='ltr'><strong>et</strong></span> <span class='ocrx_word' id='word_1_501' title='bbox 3398 428 3510 500; x_wconf 83' lang='lat' dir='ltr'><strong>ipse</strong></span> <span class='ocrx_word' id='word_1_502' title='bbox 3534 436 3710 485; x_wconf 86' lang='lat' dir='ltr'><strong>tecum</strong></span> <span class='ocrx_word' id='word_1_503' title='bbox 3740 444 3877 494; x_wconf 82' lang='lat' dir='ltr'><strong>opus</strong></span> 
     </span>
    </p>
   </div>
   <div class='ocr_carea' id='block_1_64' title="bbox 2293 517 3878 594">
    <p class='ocr_par' dir='ltr' id='par_1_64' title="bbox 2293 517 3878 594">
     <span class='ocr_line' id='line_1_64' title="bbox 2293 517 3878 594; baseline -0.005 -15"><span class='ocrx_word' id='word_1_504' title='bbox 2293 522 2612 594; x_wconf 82' lang='lat' dir='ltr'><strong>aggreditur.</strong></span> <span class='ocrx_word' id='word_1_505' title='bbox 2634 523 2750 591; x_wconf 88' lang='lat' dir='ltr'><strong>Quo</strong></span> <span class='ocrx_word' id='word_1_506' title='bbox 2780 520 2990 576; x_wconf 88' lang='lat' dir='ltr'><strong>tandem</strong></span> <span class='ocrx_word' id='word_1_507' title='bbox 3016 519 3205 591; x_wconf 77' lang='lat' dir='ltr'><strong>pacto?</strong></span> <span class='ocrx_word' id='word_1_508' title='bbox 3232 519 3336 586; x_wconf 77' lang='lat' dir='ltr'><strong>Qui</strong></span> <span class='ocrx_word' id='word_1_509' title='bbox 3363 517 3619 573; x_wconf 72' lang='lat' dir='ltr'><strong>maledicit</strong></span> <span class='ocrx_word' id='word_1_510' title='bbox 3647 523 3784 589; x_wconf 76' lang='lat' dir='ltr'><strong>patri</strong></span> <span class='ocrx_word' id='word_1_511' title='bbox 3803 527 3878 571; x_wconf 69' lang='lat' dir='ltr'><strong>set</strong></span> 
     </span>
    </p>
   </div>
   <div class='ocr_carea' id='block_1_65' title="bbox 2292 605 3879 683">
    <p class='ocr_par' dir='ltr' id='par_1_65' title="bbox 2292 605 3879 683">
     <span class='ocr_line' id='line_1_65' title="bbox 2292 605 3879 683; baseline -0.004 -16"><span class='ocrx_word' id='word_1_512' title='bbox 2292 618 2443 669; x_wconf 72' lang='lat' dir='ltr'><strong>matri</strong></span> <span class='ocrx_word' id='word_1_513' title='bbox 2465 655 2480 681; x_wconf 94' lang='lat'><strong>,</strong></span> <span class='ocrx_word' id='word_1_514' title='bbox 2511 614 2717 683; x_wconf 88' lang='lat' dir='ltr'><strong>inquit,</strong></span> <span class='ocrx_word' id='word_1_515' title='bbox 2758 621 2917 667; x_wconf 68' lang='lat' dir='ltr'><strong>morte</strong></span> <span class='ocrx_word' id='word_1_516' title='bbox 2956 620 3126 681; x_wconf 78' lang='lat' dir='ltr'><strong>pereat</strong></span> <span class='ocrx_word' id='word_1_517' title='bbox 3169 606 3373 680; x_wconf 69' lang='lat' dir='ltr'><strong>(Exod.</strong></span> <span class='ocrx_word' id='word_1_518' title='bbox 3411 607 3501 664; x_wconf 73' lang='grc'><strong>21.</strong></span> <span class='ocrx_word' id='word_1_519' title='bbox 3542 608 3672 677; x_wconf 79' lang='grc'><strong>17).</strong></span> <span class='ocrx_word' id='word_1_520' title='bbox 3715 605 3879 661; x_wconf 76' lang='lat' dir='ltr'><strong>Vides</strong></span> 
     </span>
    </p>
   </div>
   <div class='ocr_carea' id='block_1_66' title="bbox 2290 697 3875 777">
    <p class='ocr_par' dir='ltr' id='par_1_66' title="bbox 2290 697 3875 777">
     <span class='ocr_line' id='line_1_66' title="bbox 2290 697 3875 777; baseline -0.006 -16"><span class='ocrx_word' id='word_1_521' title='bbox 2290 716 2543 777; x_wconf 90' lang='lat' dir='ltr'><strong>quantum</strong></span> <span class='ocrx_word' id='word_1_522' title='bbox 2574 705 2675 760; x_wconf 88' lang='lat' dir='ltr'><strong>illis</strong></span> <span class='ocrx_word' id='word_1_523' title='bbox 2700 704 2945 758; x_wconf 85' lang='lat' dir='ltr'><strong>timorem</strong></span> <span class='ocrx_word' id='word_1_524' title='bbox 2987 698 3307 757; x_wconf 75' lang='lat' dir='ltr'><strong>incusserit?</strong></span> <span class='ocrx_word' id='word_1_525' title='bbox 3343 708 3595 769; x_wconf 85' lang='lat' dir='ltr'><strong>quantam</strong></span> <span class='ocrx_word' id='word_1_526' title='bbox 3632 697 3875 753; x_wconf 85' lang='lat' dir='ltr'><strong>formidi-</strong></span> 
     </span>
    </p>
   </div>
   <div class='ocr_carea' id='block_1_67' title="bbox 2292 788 3879 864">
    <p class='ocr_par' dir='ltr' id='par_1_67' title="bbox 2292 788 3879 864">
     <span class='ocr_line' id='line_1_67' title="bbox 2292 788 3879 864; baseline -0.008 -13"><span class='ocrx_word' id='word_1_527' title='bbox 2292 812 2415 851; x_wconf 86' lang='lat' dir='ltr'><strong>nem</strong></span> <span class='ocrx_word' id='word_1_528' title='bbox 2440 793 2734 864; x_wconf 81' lang='lat' dir='ltr'><strong>objeeeriti</strong></span> <span class='ocrx_word' id='word_1_529' title='bbox 2761 808 2917 862; x_wconf 87' lang='lat' dir='ltr'><strong>quam</strong></span> <span class='ocrx_word' id='word_1_530' title='bbox 2947 792 3147 862; x_wconf 86' lang='lat' dir='ltr'><strong>potenti</strong></span> <span class='ocrx_word' id='word_1_531' title='bbox 3192 790 3419 858; x_wconf 88' lang='lat' dir='ltr'><strong>imperio</strong></span> <span class='ocrx_word' id='word_1_532' title='bbox 3463 788 3667 859; x_wconf 86' lang='lat' dir='ltr'><strong>pollere</strong></span> <span class='ocrx_word' id='word_1_533' title='bbox 3695 797 3751 843; x_wconf 87' lang='lat' dir='ltr'><strong>te</strong></span> <span class='ocrx_word' id='word_1_534' title='bbox 3774 802 3879 841; x_wconf 77' lang='lat' dir='ltr'><strong>vo-</strong></span> 
     </span>
    </p>
   </div>
   <div class='ocr_carea' id='block_1_68' title="bbox 2292 878 3881 953">
    <p class='ocr_par' dir='ltr' id='par_1_68' title="bbox 2292 878 3881 953">
     <span class='ocr_line' id='line_1_68' title="bbox 2292 878 3881 953; baseline -0.005 -12"><span class='ocrx_word' id='word_1_535' title='bbox 2292 887 2487 942; x_wconf 73' lang='lat' dir='ltr'><strong>luerit?</strong></span> <span class='ocrx_word' id='word_1_536' title='bbox 2522 886 2689 953; x_wconf 88' lang='lat' dir='ltr'><strong>Quam</strong></span> <span class='ocrx_word' id='word_1_537' title='bbox 2718 899 2816 937; x_wconf 81' lang='lat' dir='ltr'><strong>nos</strong></span> <span class='ocrx_word' id='word_1_538' title='bbox 2842 883 3000 953; x_wconf 90' lang='lat' dir='ltr'><strong>igitur</strong></span> <span class='ocrx_word' id='word_1_539' title='bbox 3025 884 3423 937; x_wconf 74' lang='lat' dir='ltr'><strong>excusationem</strong></span> <span class='ocrx_word' id='word_1_540' title='bbox 3460 878 3752 935; x_wconf 83' lang='lat' dir='ltr'><strong>obtendere</strong></span> <span class='ocrx_word' id='word_1_541' title='bbox 3784 892 3881 947; x_wconf 85' lang='lat' dir='ltr'><strong>po-</strong></span> 
     </span>
    </p>
   </div>
   <div class='ocr_carea' id='block_1_69' title="bbox 2293 970 3882 1047">
    <p class='ocr_par' dir='ltr' id='par_1_69' title="bbox 2293 970 3882 1047">
     <span class='ocr_line' id='line_1_69' title="bbox 2293 970 3882 1047; baseline -0.009 -12"><span class='ocrx_word' id='word_1_542' title='bbox 2293 982 2535 1047; x_wconf 88' lang='lat' dir='ltr'><strong>terimus,</strong></span> <span class='ocrx_word' id='word_1_543' title='bbox 2565 993 2684 1032; x_wconf 90' lang='lat' dir='ltr'><strong>cum</strong></span> <span class='ocrx_word' id='word_1_544' title='bbox 2715 978 2829 1046; x_wconf 89' lang='lat' dir='ltr'><strong>ipse</strong></span> <span class='ocrx_word' id='word_1_545' title='bbox 2856 975 3092 1045; x_wconf 90' lang='lat' dir='ltr'><strong>quidem,</strong></span> <span class='ocrx_word' id='word_1_546' title='bbox 3121 974 3165 1027; x_wconf 89' lang='lat' dir='ltr'><strong>si</strong></span> <span class='ocrx_word' id='word_1_547' title='bbox 3198 989 3295 1027; x_wconf 88' lang='lat' dir='ltr'><strong>nos</strong></span> <span class='ocrx_word' id='word_1_548' title='bbox 3321 972 3615 1026; x_wconf 83' lang='lat' dir='ltr'><strong>ai&#39;liciamur</strong></span> <span class='ocrx_word' id='word_1_549' title='bbox 3643 970 3836 1040; x_wconf 88' lang='lat' dir='ltr'><strong>injuria</strong></span> <span class='ocrx_word' id='word_1_550' title='bbox 3864 1010 3882 1034; x_wconf 86' lang='lat'><strong>,</strong></span> 
     </span>
    </p>
   </div>
   <div class='ocr_carea' id='block_1_70' title="bbox 2295 1059 3889 1141">
    <p class='ocr_par' dir='ltr' id='par_1_70' title="bbox 2295 1059 3889 1141">
     <span class='ocr_line' id='line_1_70' title="bbox 2295 1059 3889 1141; baseline -0.006 -18"><span class='ocrx_word' id='word_1_551' title='bbox 2295 1086 2362 1125; x_wconf 88' lang='lat' dir='ltr'><strong>ue</strong></span> <span class='ocrx_word' id='word_1_552' title='bbox 2398 1072 2520 1124; x_wconf 68' lang='lat' dir='ltr'><strong>vitae</strong></span> <span class='ocrx_word' id='word_1_553' title='bbox 2544 1068 2756 1136; x_wconf 88' lang='lat' dir='ltr'><strong>quidem</strong></span> <span class='ocrx_word' id='word_1_554' title='bbox 2809 1075 2986 1135; x_wconf 87' lang='lat' dir='ltr'><strong>parcat</strong></span> <span class='ocrx_word' id='word_1_555' title='bbox 3035 1064 3269 1141; x_wconf 72' lang='lat' dir='ltr'><strong>ipsprum</strong></span> <span class='ocrx_word' id='word_1_556' title='bbox 3299 1081 3312 1117; x_wconf 90' lang='lat'>:</span> <span class='ocrx_word' id='word_1_557' title='bbox 3343 1076 3443 1118; x_wconf 88' lang='lat' dir='ltr'><strong>nos</strong></span> <span class='ocrx_word' id='word_1_558' title='bbox 3486 1074 3702 1125; x_wconf 88' lang='lat' dir='ltr'><strong>autem,</strong></span> <span class='ocrx_word' id='word_1_559' title='bbox 3729 1060 3778 1115; x_wconf 90' lang='lat' dir='ltr'><strong>si</strong></span> <span class='ocrx_word' id='word_1_560' title='bbox 3814 1059 3889 1113; x_wconf 86' lang='lat' dir='ltr'><strong>ab</strong></span> 
     </span>
    </p>
   </div>
   <div class='ocr_carea' id='block_1_71' title="bbox 2293 1152 3889 1226">
    <p class='ocr_par' dir='ltr' id='par_1_71' title="bbox 2293 1152 3889 1226">
     <span class='ocr_line' id='line_1_71' title="bbox 2293 1152 3889 1226; baseline -0.006 -10"><span class='ocrx_word' id='word_1_561' title='bbox 2293 1161 2397 1216; x_wconf 87' lang='lat' dir='ltr'><strong>illis</strong></span> <span class='ocrx_word' id='word_1_562' title='bbox 2422 1161 2529 1215; x_wconf 88' lang='lat' dir='ltr'><strong>Deo</strong></span> <span class='ocrx_word' id='word_1_563' title='bbox 2557 1158 2812 1213; x_wconf 87' lang='lat' dir='ltr'><strong>inferatur</strong></span> <span class='ocrx_word' id='word_1_564' title='bbox 2849 1156 3039 1226; x_wconf 84' lang='lat' dir='ltr'><strong>injuria</strong></span> <span class='ocrx_word' id='word_1_565' title='bbox 3056 1195 3073 1222; x_wconf 94' lang='lat'><strong>,</strong></span> <span class='ocrx_word' id='word_1_566' title='bbox 3102 1171 3170 1211; x_wconf 91' lang='lat' dir='ltr'><strong>ne</strong></span> <span class='ocrx_word' id='word_1_567' title='bbox 3196 1169 3515 1210; x_wconf 85' lang='lat' dir='ltr'><strong>succensere</strong></span> <span class='ocrx_word' id='word_1_568' title='bbox 3535 1153 3751 1223; x_wconf 87' lang='lat' dir='ltr'><strong>quidem</strong></span> <span class='ocrx_word' id='word_1_569' title='bbox 3779 1152 3889 1208; x_wconf 87' lang='lat' dir='ltr'><strong>illis</strong></span> 
     </span>
    </p>
   </div>
   <div class='ocr_carea' id='block_1_72' title="bbox 2292 1244 3883 1318">
    <p class='ocr_par' dir='ltr' id='par_1_72' title="bbox 2292 1244 3883 1318">
     <span class='ocr_line' id='line_1_72' title="bbox 2292 1244 3883 1318; baseline -0.003 -13"><span class='ocrx_word' id='word_1_570' title='bbox 2292 1250 2555 1306; x_wconf 74' lang='lat' dir='ltr'><strong>velimus?</strong></span> <span class='ocrx_word' id='word_1_571' title='bbox 2583 1249 2705 1318; x_wconf 85' lang='lat' dir='ltr'><strong>Ego</strong></span> <span class='ocrx_word' id='word_1_572' title='bbox 2727 1263 2826 1303; x_wconf 89' lang='lat' dir='ltr'><strong>nec</strong></span> <span class='ocrx_word' id='word_1_573' title='bbox 2850 1246 3097 1301; x_wconf 86' lang='lat' dir='ltr'><strong>occidere</strong></span> <span class='ocrx_word' id='word_1_574' title='bbox 3122 1246 3268 1300; x_wconf 92' lang='lat' dir='ltr'><strong>illum</strong></span> <span class='ocrx_word' id='word_1_575' title='bbox 3294 1260 3520 1311; x_wconf 82' lang='lat' dir='ltr'><strong>recuso,</strong></span> <span class='ocrx_word' id='word_1_576' title='bbox 3551 1245 3641 1314; x_wconf 88' lang='lat' dir='ltr'><strong>qui</strong></span> <span class='ocrx_word' id='word_1_577' title='bbox 3672 1253 3728 1300; x_wconf 82' lang='lat' dir='ltr'><strong>te</strong></span> <span class='ocrx_word' id='word_1_578' title='bbox 3748 1244 3883 1301; x_wconf 79' lang='lat' dir='ltr'><strong>affe-</strong></span> 
     </span>
    </p>
   </div>
   <div class='ocr_carea' id='block_1_73' title="bbox 2293 1334 3887 1407">
    <p class='ocr_par' dir='ltr' id='par_1_73' title="bbox 2293 1334 3887 1407">
     <span class='ocr_line' id='line_1_73' title="bbox 2293 1334 3887 1407; baseline -0.003 -11"><span class='ocrx_word' id='word_1_579' title='bbox 2293 1340 2367 1396; x_wconf 90' lang='lat' dir='ltr'><strong>cit</strong></span> <span class='ocrx_word' id='word_1_580' title='bbox 2410 1340 2597 1407; x_wconf 87' lang='lat' dir='ltr'><strong>injuria</strong></span> <span class='ocrx_word' id='word_1_581' title='bbox 2631 1361 2643 1391; x_wconf 87' lang='lat'><strong>:</strong></span> <span class='ocrx_word' id='word_1_582' title='bbox 2676 1349 2729 1391; x_wconf 92' lang='lat' dir='ltr'><strong>tu</strong></span> <span class='ocrx_word' id='word_1_583' title='bbox 2760 1351 2890 1392; x_wconf 89' lang='lat' dir='ltr'><strong>vero</strong></span> <span class='ocrx_word' id='word_1_584' title='bbox 2934 1352 3001 1392; x_wconf 91' lang='lat' dir='ltr'><strong>ne</strong></span> <span class='ocrx_word' id='word_1_585' title='bbox 3030 1336 3205 1390; x_wconf 82' lang='lat' dir='ltr'><strong>verbis</strong></span> <span class='ocrx_word' id='word_1_586' title='bbox 3245 1334 3460 1405; x_wconf 87' lang='lat' dir='ltr'><strong>quidem</strong></span> <span class='ocrx_word' id='word_1_587' title='bbox 3503 1335 3655 1390; x_wconf 87' lang='lat' dir='ltr'><strong>illum</strong></span> <span class='ocrx_word' id='word_1_588' title='bbox 3683 1337 3887 1392; x_wconf 83' lang='lat' dir='ltr'><strong>contri-</strong></span> 
     </span>
    </p>
   </div>
   <div class='ocr_carea' id='block_1_74' title="bbox 2296 1425 3885 1497">
    <p class='ocr_par' dir='ltr' id='par_1_74' title="bbox 2296 1425 3885 1497">
     <span class='ocr_line' id='line_1_74' title="bbox 2296 1425 3885 1497; baseline -0.003 -11"><span class='ocrx_word' id='word_1_589' title='bbox 2296 1440 2439 1486; x_wconf 84' lang='lat' dir='ltr'><strong>stare</strong></span> <span class='ocrx_word' id='word_1_590' title='bbox 2461 1430 2712 1497; x_wconf 87' lang='lat' dir='ltr'><strong>dignaris,</strong></span> <span class='ocrx_word' id='word_1_591' title='bbox 2737 1428 2927 1496; x_wconf 90' lang='lat' dir='ltr'><strong>inquit,</strong></span> <span class='ocrx_word' id='word_1_592' title='bbox 2949 1443 2979 1480; x_wconf 91' lang='lat' dir='ltr'><strong>a</strong></span> <span class='ocrx_word' id='word_1_593' title='bbox 2999 1443 3105 1496; x_wconf 90' lang='lat' dir='ltr'><strong>quo</strong></span> <span class='ocrx_word' id='word_1_594' title='bbox 3125 1428 3272 1497; x_wconf 83' lang='lat' dir='ltr'><strong>leges</strong></span> <span class='ocrx_word' id='word_1_595' title='bbox 3286 1442 3419 1481; x_wconf 76' lang='lat' dir='ltr'><strong>mea:</strong></span> <span class='ocrx_word' id='word_1_596' title='bbox 3438 1427 3723 1481; x_wconf 82' lang='lat' dir='ltr'><strong>violantur.</strong></span> <span class='ocrx_word' id='word_1_597' title='bbox 3749 1425 3885 1481; x_wconf 82' lang='lat' dir='ltr'><strong>Num</strong></span> 
     </span>
    </p>
   </div>
   <div class='ocr_carea' id='block_1_75' title="bbox 2299 1519 3884 1587">
    <p class='ocr_par' dir='ltr' id='par_1_75' title="bbox 2299 1519 3884 1587">
     <span class='ocr_line' id='line_1_75' title="bbox 2299 1519 3884 1587; baseline -0.003 -10"><span class='ocrx_word' id='word_1_598' title='bbox 2299 1522 2413 1577; x_wconf 67' lang='lat' dir='ltr'><strong>haec</strong></span> <span class='ocrx_word' id='word_1_599' title='bbox 2435 1523 2585 1577; x_wconf 84' lang='lat' dir='ltr'><strong>venia</strong></span> <span class='ocrx_word' id='word_1_600' title='bbox 2611 1522 2803 1587; x_wconf 84' lang='lat' dir='ltr'><strong>digna?</strong></span> <span class='ocrx_word' id='word_1_601' title='bbox 2830 1521 2991 1575; x_wconf 81' lang='lat' dir='ltr'><strong>Vides</strong></span> <span class='ocrx_word' id='word_1_602' title='bbox 3020 1520 3156 1574; x_wconf 84' lang='lat' dir='ltr'><strong>affici</strong></span> <span class='ocrx_word' id='word_1_603' title='bbox 3186 1521 3506 1575; x_wconf 84' lang='lat' dir='ltr'><strong>contumelia</strong></span> <span class='ocrx_word' id='word_1_604' title='bbox 3532 1519 3846 1575; x_wconf 81' lang='lat' dir='ltr'><strong>Creatorem</strong></span> <span class='ocrx_word' id='word_1_605' title='bbox 3868 1562 3884 1584; x_wconf 86' lang='lat'><strong>,</strong></span> 
     </span>
    </p>
   </div>
   <div class='ocr_carea' id='block_1_76' title="bbox 2296 1611 3883 1682">
    <p class='ocr_par' dir='ltr' id='par_1_76' title="bbox 2296 1611 3883 1682">
     <span class='ocr_line' id='line_1_76' title="bbox 2296 1611 3883 1682; baseline -0.003 -13"><span class='ocrx_word' id='word_1_606' title='bbox 2296 1629 2396 1669; x_wconf 90' lang='lat' dir='ltr'><strong>nec</strong></span> <span class='ocrx_word' id='word_1_607' title='bbox 2424 1613 2715 1682; x_wconf 89' lang='lat' dir='ltr'><strong>indignaris</strong></span> <span class='ocrx_word' id='word_1_608' title='bbox 2737 1654 2751 1675; x_wconf 92' lang='lat'><strong>,</strong></span> <span class='ocrx_word' id='word_1_609' title='bbox 2787 1626 2959 1681; x_wconf 90' lang='lat' dir='ltr'><strong>neque</strong></span> <span class='ocrx_word' id='word_1_610' title='bbox 2986 1620 3152 1665; x_wconf 87' lang='lat' dir='ltr'><strong>terres</strong></span> <span class='ocrx_word' id='word_1_611' title='bbox 3175 1652 3189 1675; x_wconf 94' lang='lat'><strong>,</strong></span> <span class='ocrx_word' id='word_1_612' title='bbox 3217 1626 3319 1666; x_wconf 88' lang='lat' dir='ltr'><strong>nec</strong></span> <span class='ocrx_word' id='word_1_613' title='bbox 3344 1611 3715 1680; x_wconf 87' lang='lat' dir='ltr'><strong>reprehendis,</strong></span> <span class='ocrx_word' id='word_1_614' title='bbox 3744 1626 3883 1682; x_wconf 76' lang='lat' dir='ltr'><strong>pra:-</strong></span> 
     </span>
    </p>
   </div>
   <div class='ocr_carea' id='block_1_77' title="bbox 2297 1702 3884 1772">
    <p class='ocr_par' dir='ltr' id='par_1_77' title="bbox 2297 1702 3884 1772">
     <span class='ocr_line' id='line_1_77' title="bbox 2297 1702 3884 1772; baseline -0.001 -13"><span class='ocrx_word' id='word_1_615' title='bbox 2297 1705 2478 1759; x_wconf 88' lang='lat' dir='ltr'><strong>sertim</strong></span> <span class='ocrx_word' id='word_1_616' title='bbox 2509 1719 2628 1759; x_wconf 91' lang='lat' dir='ltr'><strong>eum</strong></span> <span class='ocrx_word' id='word_1_617' title='bbox 2668 1703 2929 1772; x_wconf 89' lang='lat' dir='ltr'><strong>intelligas</strong></span> <span class='ocrx_word' id='word_1_618' title='bbox 2955 1703 3058 1757; x_wconf 90' lang='lat' dir='ltr'><strong>hoc</strong></span> <span class='ocrx_word' id='word_1_619' title='bbox 3099 1719 3130 1758; x_wconf 90' lang='lat' dir='ltr'><strong>a</strong></span> <span class='ocrx_word' id='word_1_620' title='bbox 3159 1702 3270 1757; x_wconf 88' lang='lat' dir='ltr'><strong>Deo</strong></span> <span class='ocrx_word' id='word_1_621' title='bbox 3311 1702 3473 1757; x_wconf 89' lang='lat' dir='ltr'><strong>fuisse</strong></span> <span class='ocrx_word' id='word_1_622' title='bbox 3512 1703 3843 1772; x_wconf 88' lang='lat' dir='ltr'><strong>prohibitum</strong></span> <span class='ocrx_word' id='word_1_623' title='bbox 3864 1743 3884 1771; x_wconf 85' lang='lat'><strong>,</strong></span> 
     </span>
    </p>
   </div>
   <div class='ocr_carea' id='block_1_78' title="bbox 2298 1792 3887 1863">
    <p class='ocr_par' dir='ltr' id='par_1_78' title="bbox 2298 1792 3887 1863">
     <span class='ocr_line' id='line_1_78' title="bbox 2298 1792 3887 1863; baseline -0.001 -14"><span class='ocrx_word' id='word_1_624' title='bbox 2298 1810 2403 1849; x_wconf 93' lang='lat' dir='ltr'><strong>non</strong></span> <span class='ocrx_word' id='word_1_625' title='bbox 2432 1794 2571 1863; x_wconf 89' lang='lat' dir='ltr'><strong>quod</strong></span> <span class='ocrx_word' id='word_1_626' title='bbox 2602 1794 2689 1847; x_wconf 86' lang='lat' dir='ltr'><strong>ille</strong></span> <span class='ocrx_word' id='word_1_627' title='bbox 2717 1794 2985 1863; x_wconf 88' lang='lat' dir='ltr'><strong>quidpiam</strong></span> <span class='ocrx_word' id='word_1_628' title='bbox 3015 1792 3321 1848; x_wconf 89' lang='lat' dir='ltr'><strong>detrimenti</strong></span> <span class='ocrx_word' id='word_1_629' title='bbox 3352 1794 3595 1862; x_wconf 84' lang='lat' dir='ltr'><strong>patiatur,</strong></span> <span class='ocrx_word' id='word_1_630' title='bbox 3630 1794 3723 1861; x_wconf 89' lang='lat' dir='ltr'><strong>qui</strong></span> <span class='ocrx_word' id='word_1_631' title='bbox 3754 1806 3887 1847; x_wconf 59' lang='lat' dir='ltr'><strong>cono</strong></span> 
     </span>
    </p>
   </div>
   <div class='ocr_carea' id='block_1_79' title="bbox 2300 1868 3891 1953">
    <p class='ocr_par' dir='ltr' id='par_1_79' title="bbox 2300 1868 3891 1953">
     <span class='ocr_line' id='line_1_79' title="bbox 2300 1868 3891 1953; baseline 0.001 -15"><span class='ocrx_word' id='word_1_632' title='bbox 2300 1885 2571 1940; x_wconf 88' lang='lat' dir='ltr'><strong>tumeliam</strong></span> <span class='ocrx_word' id='word_1_633' title='bbox 2615 1885 2819 1952; x_wconf 88' lang='lat' dir='ltr'><strong>accepit</strong></span> <span class='ocrx_word' id='word_1_634' title='bbox 2848 1884 3062 1953; x_wconf 90' lang='lat' dir='ltr'><strong>(neque</strong></span> <span class='ocrx_word' id='word_1_635' title='bbox 3102 1884 3243 1937; x_wconf 91' lang='lat' dir='ltr'><strong>enim</strong></span> <span class='ocrx_word' id='word_1_636' title='bbox 3281 1868 3486 1938; x_wconf 82' lang='lat' dir='ltr'><strong>Numen</strong></span> <span class='ocrx_word' id='word_1_637' title='bbox 3532 1884 3768 1939; x_wconf 89' lang='lat' dir='ltr'><strong>iuteritui</strong></span> <span class='ocrx_word' id='word_1_638' title='bbox 3811 1893 3891 1939; x_wconf 81' lang='lat' dir='ltr'><strong>est</strong></span> 
     </span>
    </p>
   </div>
   <div class='ocr_carea' id='block_1_80' title="bbox 2300 1972 3894 2043">
    <p class='ocr_par' dir='ltr' id='par_1_80' title="bbox 2300 1972 3894 2043">
     <span class='ocr_line' id='line_1_80' title="bbox 2300 1972 3894 2043; baseline 0 -13"><span class='ocrx_word' id='word_1_639' title='bbox 2300 1974 2660 2043; x_wconf 77' lang='lat' dir='ltr'><strong>obnoxium),</strong></span> <span class='ocrx_word' id='word_1_640' title='bbox 2699 1972 2794 2029; x_wconf 88' lang='lat' dir='ltr'><strong>sed</strong></span> <span class='ocrx_word' id='word_1_641' title='bbox 2836 1982 3053 2042; x_wconf 88' lang='lat' dir='ltr'><strong>propter</strong></span> <span class='ocrx_word' id='word_1_642' title='bbox 3094 1974 3321 2029; x_wconf 88' lang='lat' dir='ltr'><strong>salutem</strong></span> <span class='ocrx_word' id='word_1_643' title='bbox 3366 1974 3566 2043; x_wconf 77' lang='lat' dir='ltr'><strong>ipsius?</strong></span> <span class='ocrx_word' id='word_1_644' title='bbox 3606 1974 3708 2042; x_wconf 86' lang='lat' dir='ltr'><strong>Qui</strong></span> <span class='ocrx_word' id='word_1_645' title='bbox 3747 1974 3894 2030; x_wconf 82' lang='lat' dir='ltr'><strong>enim</strong></span> 
     </span>
    </p>
   </div>
   <div class='ocr_carea' id='block_1_81' title="bbox 2303 2063 3895 2135">
    <p class='ocr_par' dir='ltr' id='par_1_81' title="bbox 2303 2063 3895 2135">
     <span class='ocr_line' id='line_1_81' title="bbox 2303 2063 3895 2135; baseline 0.001 -17"><span class='ocrx_word' id='word_1_646' title='bbox 2303 2065 2480 2135; x_wconf 91' lang='lat' dir='ltr'><strong>inique</strong></span> <span class='ocrx_word' id='word_1_647' title='bbox 2510 2079 2569 2118; x_wconf 89' lang='lat' dir='ltr'><strong>se</strong></span> <span class='ocrx_word' id='word_1_648' title='bbox 2596 2065 2732 2133; x_wconf 90' lang='lat' dir='ltr'><strong>gerit</strong></span> <span class='ocrx_word' id='word_1_649' title='bbox 2774 2064 2825 2119; x_wconf 92' lang='lat' dir='ltr'><strong>in</strong></span> <span class='ocrx_word' id='word_1_650' title='bbox 2871 2064 3036 2119; x_wconf 90' lang='lat' dir='ltr'><strong>Deum</strong></span> <span class='ocrx_word' id='word_1_651' title='bbox 3073 2073 3129 2119; x_wconf 86' lang='lat' dir='ltr'><strong>et</strong></span> <span class='ocrx_word' id='word_1_652' title='bbox 3164 2063 3394 2130; x_wconf 90' lang='lat' dir='ltr'><strong>stolide,</strong></span> <span class='ocrx_word' id='word_1_653' title='bbox 3428 2064 3596 2118; x_wconf 90' lang='lat' dir='ltr'><strong>multo</strong></span> <span class='ocrx_word' id='word_1_654' title='bbox 3627 2065 3800 2135; x_wconf 81' lang='lat' dir='ltr'><strong>magis</strong></span> <span class='ocrx_word' id='word_1_655' title='bbox 3842 2065 3895 2119; x_wconf 90' lang='lat' dir='ltr'><strong>in</strong></span> 
     </span>
    </p>
   </div>
   <div class='ocr_carea' id='block_1_82' title="bbox 2304 2155 3899 2225">
    <p class='ocr_par' dir='ltr' id='par_1_82' title="bbox 2304 2155 3899 2225">
     <span class='ocr_line' id='line_1_82' title="bbox 2304 2155 3899 2225; baseline 0.001 -16"><span class='ocrx_word' id='word_1_656' title='bbox 2304 2166 2505 2225; x_wconf 87' lang='lat' dir='ltr'><strong>patrem</strong></span> <span class='ocrx_word' id='word_1_657' title='bbox 2524 2170 2678 2210; x_wconf 90' lang='lat' dir='ltr'><strong>suum</strong></span> <span class='ocrx_word' id='word_1_658' title='bbox 2700 2165 2753 2210; x_wconf 90' lang='lat' dir='ltr'><strong>et</strong></span> <span class='ocrx_word' id='word_1_659' title='bbox 2776 2155 2828 2209; x_wconf 91' lang='lat' dir='ltr'><strong>in</strong></span> <span class='ocrx_word' id='word_1_660' title='bbox 2857 2170 3005 2209; x_wconf 90' lang='lat' dir='ltr'><strong>suam</strong></span> <span class='ocrx_word' id='word_1_661' title='bbox 3029 2155 3196 2225; x_wconf 86' lang='lat' dir='ltr'><strong>ipsius</strong></span> <span class='ocrx_word' id='word_1_662' title='bbox 3216 2156 3448 2209; x_wconf 85' lang='lat' dir='ltr'><strong>animam</strong></span> <span class='ocrx_word' id='word_1_663' title='bbox 3470 2155 3899 2210; x_wconf 77' lang='lat' dir='ltr'><strong>contumeliasus</strong></span> 
     </span>
    </p>
   </div>
   <div class='ocr_carea' id='block_1_83' title="bbox 2302 2246 3006 2314">
    <p class='ocr_par' dir='ltr' id='par_1_83' title="bbox 2302 2246 3006 2314">
     <span class='ocr_line' id='line_1_83' title="bbox 2302 2246 3006 2314; baseline -0.003 -13"><span class='ocrx_word' id='word_1_664' title='bbox 2302 2256 2356 2301; x_wconf 92' lang='lat' dir='ltr'><strong>et</strong></span> <span class='ocrx_word' id='word_1_665' title='bbox 2382 2246 2617 2300; x_wconf 87' lang='lat' dir='ltr'><strong>insolens</strong></span> <span class='ocrx_word' id='word_1_666' title='bbox 2642 2260 2761 2301; x_wconf 90' lang='lat' dir='ltr'><strong>esse</strong></span> <span class='ocrx_word' id='word_1_667' title='bbox 2788 2246 3006 2314; x_wconf 87' lang='lat' dir='ltr'><strong>poterit.</strong></span> 
     </span>
    </p>
   </div>
   <div class='ocr_carea' id='block_1_84' title="bbox 2373 2339 3897 2409">
    <p class='ocr_par' dir='ltr' id='par_1_84' title="bbox 2373 2339 3897 2409">
     <span class='ocr_line' id='line_1_84' title="bbox 2373 2339 3897 2409; baseline -0.001 -14"><span class='ocrx_word' id='word_1_668' title='bbox 2373 2340 2430 2395; x_wconf 89' lang='lat'><strong>8.</strong></span> <span class='ocrx_word' id='word_1_669' title='bbox 2458 2339 2533 2393; x_wconf 85' lang='lat' dir='ltr'><strong>Ne</strong></span> <span class='ocrx_word' id='word_1_670' title='bbox 2564 2339 2720 2409; x_wconf 88' lang='lat' dir='ltr'><strong>igitur</strong></span> <span class='ocrx_word' id='word_1_671' title='bbox 2743 2347 3182 2403; x_wconf 86' lang='lat' dir='ltr'><strong>contemnamus,</strong></span> <span class='ocrx_word' id='word_1_672' title='bbox 3222 2353 3345 2393; x_wconf 92' lang='lat' dir='ltr'><strong>eum</strong></span> <span class='ocrx_word' id='word_1_673' title='bbox 3375 2339 3609 2393; x_wconf 87' lang='lat' dir='ltr'><strong>sciamus</strong></span> <span class='ocrx_word' id='word_1_674' title='bbox 3633 2339 3749 2393; x_wconf 86' lang='lat' dir='ltr'><strong>fore</strong></span> <span class='ocrx_word' id='word_1_675' title='bbox 3770 2378 3788 2405; x_wconf 91' lang='lat'><strong>,</strong></span> <span class='ocrx_word' id='word_1_676' title='bbox 3840 2346 3897 2393; x_wconf 91' lang='lat' dir='ltr'><strong>ut</strong></span> 
     </span>
    </p>
   </div>
   <div class='ocr_carea' id='block_1_85' title="bbox 2306 2428 3894 2500">
    <p class='ocr_par' dir='ltr' id='par_1_85' title="bbox 2306 2428 3894 2500">
     <span class='ocr_line' id='line_1_85' title="bbox 2306 2428 3894 2500; baseline -0.001 -16"><span class='ocrx_word' id='word_1_677' title='bbox 2306 2430 2349 2484; x_wconf 91' lang='lat' dir='ltr'><strong>si</strong></span> <span class='ocrx_word' id='word_1_678' title='bbox 2374 2445 2499 2500; x_wconf 88' lang='lat' dir='ltr'><strong>erga</strong></span> <span class='ocrx_word' id='word_1_679' title='bbox 2528 2429 2696 2483; x_wconf 87' lang='lat' dir='ltr'><strong>Deum</strong></span> <span class='ocrx_word' id='word_1_680' title='bbox 2727 2438 2871 2482; x_wconf 90' lang='lat' dir='ltr'><strong>recte</strong></span> <span class='ocrx_word' id='word_1_681' title='bbox 2896 2444 2953 2483; x_wconf 84' lang='lat' dir='ltr'><strong>se</strong></span> <span class='ocrx_word' id='word_1_682' title='bbox 2980 2429 3281 2499; x_wconf 88' lang='lat' dir='ltr'><strong>gesserint,</strong></span> <span class='ocrx_word' id='word_1_683' title='bbox 3311 2431 3471 2483; x_wconf 90' lang='lat' dir='ltr'><strong>etiam</strong></span> <span class='ocrx_word' id='word_1_684' title='bbox 3498 2429 3550 2482; x_wconf 92' lang='lat' dir='ltr'><strong>iu</strong></span> <span class='ocrx_word' id='word_1_685' title='bbox 3583 2428 3648 2482; x_wconf 87' lang='lat' dir='ltr'><strong>iis</strong></span> <span class='ocrx_word' id='word_1_686' title='bbox 3676 2443 3799 2499; x_wconf 72' lang='lat' dir='ltr'><strong>qua:</strong></span> <span class='ocrx_word' id='word_1_687' title='bbox 3826 2429 3894 2482; x_wconf 84' lang='lat' dir='ltr'><strong>ad</strong></span> 
     </span>
    </p>
   </div>
   <div class='ocr_carea' id='block_1_86' title="bbox 2308 2508 3900 2587">
    <p class='ocr_par' dir='ltr' id='par_1_86' title="bbox 2308 2508 3900 2587">
     <span class='ocr_line' id='line_1_86' title="bbox 2308 2508 3900 2587; baseline -0.001 -13"><span class='ocrx_word' id='word_1_688' title='bbox 2308 2519 2447 2575; x_wconf 89' lang='lat' dir='ltr'><strong>hanc</strong></span> <span class='ocrx_word' id='word_1_689' title='bbox 2478 2521 2640 2573; x_wconf 88' lang='lat' dir='ltr'><strong>vitam</strong></span> <span class='ocrx_word' id='word_1_690' title='bbox 2673 2519 2941 2587; x_wconf 89' lang='lat' dir='ltr'><strong>pertinent</strong></span> <span class='ocrx_word' id='word_1_691' title='bbox 2975 2508 3214 2574; x_wconf 86' lang='lat' dir='ltr'><strong>celebres</strong></span> <span class='ocrx_word' id='word_1_692' title='bbox 3261 2520 3371 2574; x_wconf 90' lang='lat' dir='ltr'><strong>sint</strong></span> <span class='ocrx_word' id='word_1_693' title='bbox 3408 2528 3463 2573; x_wconf 92' lang='lat' dir='ltr'><strong>et</strong></span> <span class='ocrx_word' id='word_1_694' title='bbox 3501 2520 3756 2575; x_wconf 79' lang='lat' dir='ltr'><strong>illustres.</strong></span> <span class='ocrx_word' id='word_1_695' title='bbox 3797 2519 3900 2587; x_wconf 88' lang='lat' dir='ltr'><strong>Qui</strong></span> 
     </span>
    </p>
   </div>
   <div class='ocr_carea' id='block_1_87' title="bbox 2309 2608 3900 2677">
    <p class='ocr_par' dir='ltr' id='par_1_87' title="bbox 2309 2608 3900 2677">
     <span class='ocr_line' id='line_1_87' title="bbox 2309 2608 3900 2677; baseline -0.001 -13"><span class='ocrx_word' id='word_1_696' title='bbox 2309 2610 2450 2664; x_wconf 90' lang='lat' dir='ltr'><strong>enim</strong></span> <span class='ocrx_word' id='word_1_697' title='bbox 2482 2610 2643 2663; x_wconf 92' lang='lat' dir='ltr'><strong>vitam</strong></span> <span class='ocrx_word' id='word_1_698' title='bbox 2685 2623 2805 2662; x_wconf 91' lang='lat' dir='ltr'><strong>cum</strong></span> <span class='ocrx_word' id='word_1_699' title='bbox 2849 2608 3041 2663; x_wconf 89' lang='lat' dir='ltr'><strong>virtute</strong></span> <span class='ocrx_word' id='word_1_700' title='bbox 3071 2610 3438 2677; x_wconf 85' lang='lat' dir='ltr'><strong>modestiaque</strong></span> <span class='ocrx_word' id='word_1_701' title='bbox 3481 2608 3749 2673; x_wconf 86' lang='lat' dir='ltr'><strong>traducit,</strong></span> <span class='ocrx_word' id='word_1_702' title='bbox 3776 2624 3900 2664; x_wconf 79' lang='lat' dir='ltr'><strong>eum</strong></span> 
     </span>
    </p>
   </div>
   <div class='ocr_carea' id='block_1_88' title="bbox 2310 2685 3905 2769">
    <p class='ocr_par' dir='ltr' id='par_1_88' title="bbox 2310 2685 3905 2769">
     <span class='ocr_line' id='line_1_88' title="bbox 2310 2685 3905 2769; baseline -0.001 -14"><span class='ocrx_word' id='word_1_703' title='bbox 2310 2714 2496 2755; x_wconf 84' lang='lat' dir='ltr'><strong>omnes</strong></span> <span class='ocrx_word' id='word_1_704' title='bbox 2522 2708 2836 2755; x_wconf 88' lang='lat' dir='ltr'><strong>reverentur</strong></span> <span class='ocrx_word' id='word_1_705' title='bbox 2878 2707 2933 2753; x_wconf 91' lang='lat' dir='ltr'><strong>et</strong></span> <span class='ocrx_word' id='word_1_706' title='bbox 2958 2699 3177 2765; x_wconf 88' lang='lat' dir='ltr'><strong>colunt,</strong></span> <span class='ocrx_word' id='word_1_707' title='bbox 3218 2685 3290 2753; x_wconf 78' lang='lat' dir='ltr'><strong>sit</strong></span> <span class='ocrx_word' id='word_1_708' title='bbox 3327 2701 3449 2754; x_wconf 90' lang='lat' dir='ltr'><strong>licet</strong></span> <span class='ocrx_word' id='word_1_709' title='bbox 3488 2691 3726 2754; x_wconf 82' lang='lat' dir='ltr'><strong>omnium</strong></span> <span class='ocrx_word' id='word_1_710' title='bbox 3767 2714 3905 2769; x_wconf 82' lang='lat' dir='ltr'><strong>pau-</strong></span> 
     </span>
    </p>
   </div>
   <div class='ocr_carea' id='block_1_89' title="bbox 2312 2791 3906 2862">
    <p class='ocr_par' dir='ltr' id='par_1_89' title="bbox 2312 2791 3906 2862">
     <span class='ocr_line' id='line_1_89' title="bbox 2312 2791 3906 2862; baseline 0.001 -17"><span class='ocrx_word' id='word_1_711' title='bbox 2312 2793 2574 2862; x_wconf 85' lang='lat' dir='ltr'><strong>perrimus</strong></span> <span class='ocrx_word' id='word_1_712' title='bbox 2596 2832 2609 2856; x_wconf 93' lang='lat'><strong>,</strong></span> <span class='ocrx_word' id='word_1_713' title='bbox 2640 2791 2776 2844; x_wconf 89' lang='lat' dir='ltr'><strong>sicut</strong></span> <span class='ocrx_word' id='word_1_714' title='bbox 2805 2791 3105 2859; x_wconf 88' lang='lat' dir='ltr'><strong>improbum</strong></span> <span class='ocrx_word' id='word_1_715' title='bbox 3132 2805 3194 2845; x_wconf 92' lang='lat' dir='ltr'><strong>ac</strong></span> <span class='ocrx_word' id='word_1_716' title='bbox 3215 2791 3561 2859; x_wconf 87' lang='lat' dir='ltr'><strong>depravatum</strong></span> <span class='ocrx_word' id='word_1_717' title='bbox 3586 2800 3906 2847; x_wconf 86' lang='lat' dir='ltr'><strong>aversantur</strong></span> 
     </span>
    </p>
   </div>
   <div class='ocr_carea' id='block_1_90' title="bbox 2311 2882 3902 2953">
    <p class='ocr_par' dir='ltr' id='par_1_90' title="bbox 2311 2882 3902 2953">
     <span class='ocr_line' id='line_1_90' title="bbox 2311 2882 3902 2953; baseline -0.002 -14"><span class='ocrx_word' id='word_1_718' title='bbox 2311 2894 2365 2939; x_wconf 91' lang='lat' dir='ltr'><strong>et</strong></span> <span class='ocrx_word' id='word_1_719' title='bbox 2391 2883 2517 2939; x_wconf 92' lang='lat' dir='ltr'><strong>odio</strong></span> <span class='ocrx_word' id='word_1_720' title='bbox 2547 2894 2940 2953; x_wconf 87' lang='lat' dir='ltr'><strong>prosequuntur</strong></span> <span class='ocrx_word' id='word_1_721' title='bbox 2970 2898 3177 2949; x_wconf 90' lang='lat' dir='ltr'><strong>oumes,</strong></span> <span class='ocrx_word' id='word_1_722' title='bbox 3210 2884 3333 2937; x_wconf 88' lang='lat' dir='ltr'><strong>licet</strong></span> <span class='ocrx_word' id='word_1_723' title='bbox 3358 2884 3549 2953; x_wconf 87' lang='lat' dir='ltr'><strong>opibus</strong></span> <span class='ocrx_word' id='word_1_724' title='bbox 3589 2882 3771 2937; x_wconf 89' lang='lat' dir='ltr'><strong>multis</strong></span> <span class='ocrx_word' id='word_1_725' title='bbox 3798 2884 3902 2936; x_wconf 82' lang='lat' dir='ltr'><strong>cir-</strong></span> 
     </span>
    </p>
   </div>
   <div class='ocr_carea' id='block_1_91' title="bbox 2313 2971 3907 3044">
    <p class='ocr_par' dir='ltr' id='par_1_91' title="bbox 2313 2971 3907 3044">
     <span class='ocr_line' id='line_1_91' title="bbox 2313 2971 3907 3044; baseline -0.002 -15"><span class='ocrx_word' id='word_1_726' title='bbox 2313 2974 2583 3030; x_wconf 82' lang='lat' dir='ltr'><strong>cumﬂuat.</strong></span> <span class='ocrx_word' id='word_1_727' title='bbox 2605 2973 2784 3044; x_wconf 79' lang='lat' dir='ltr'><strong>Neque</strong></span> <span class='ocrx_word' id='word_1_728' title='bbox 2806 2974 2976 3028; x_wconf 90' lang='lat' dir='ltr'><strong>solum</strong></span> <span class='ocrx_word' id='word_1_729' title='bbox 3000 2974 3209 3028; x_wconf 77' lang='lat' dir='ltr'><strong>czeteris</strong></span> <span class='ocrx_word' id='word_1_730' title='bbox 3235 2974 3538 3027; x_wconf 86' lang='lat' dir='ltr'><strong>hominibus</strong></span> <span class='ocrx_word' id='word_1_731' title='bbox 3563 2971 3907 3027; x_wconf 88' lang='lat' dir='ltr'><strong>venerandus</strong></span> 
     </span>
    </p>
   </div>
   <div class='ocr_carea' id='block_1_92' title="bbox 2315 3065 3911 3139">
    <p class='ocr_par' dir='ltr' id='par_1_92' title="bbox 2315 3065 3911 3139">
     <span class='ocr_line' id='line_1_92' title="bbox 2315 3065 3911 3139; baseline -0.003 -18"><span class='ocrx_word' id='word_1_732' title='bbox 2315 3068 2437 3132; x_wconf 88' lang='lat' dir='ltr'><strong>erit,</strong></span> <span class='ocrx_word' id='word_1_733' title='bbox 2467 3066 2559 3121; x_wconf 90' lang='lat' dir='ltr'><strong>sed</strong></span> <span class='ocrx_word' id='word_1_734' title='bbox 2588 3066 2677 3119; x_wconf 88' lang='lat' dir='ltr'><strong>tibi</strong></span> <span class='ocrx_word' id='word_1_735' title='bbox 2708 3066 2824 3134; x_wconf 87' lang='lat' dir='ltr'><strong>ejus</strong></span> <span class='ocrx_word' id='word_1_736' title='bbox 2849 3065 3056 3135; x_wconf 86' lang='lat' dir='ltr'><strong>parenti</strong></span> <span class='ocrx_word' id='word_1_737' title='bbox 3082 3065 3186 3121; x_wconf 91' lang='lat' dir='ltr'><strong>erit</strong></span> <span class='ocrx_word' id='word_1_738' title='bbox 3211 3065 3407 3130; x_wconf 87' lang='lat' dir='ltr'><strong>carior,</strong></span> <span class='ocrx_word' id='word_1_739' title='bbox 3443 3079 3560 3117; x_wconf 89' lang='lat' dir='ltr'><strong>cum</strong></span> <span class='ocrx_word' id='word_1_740' title='bbox 3587 3072 3785 3139; x_wconf 69' lang='lat' dir='ltr'><strong>prmter</strong></span> <span class='ocrx_word' id='word_1_741' title='bbox 3816 3078 3911 3117; x_wconf 62' lang='lat' dir='ltr'><strong>uae</strong></span> 
     </span>
    </p>
   </div>
   <div class='ocr_carea' id='block_1_93' title="bbox 2319 3144 3910 3215">
    <p class='ocr_par' dir='ltr' id='par_1_93' title="bbox 2319 3144 3910 3215">
     <span class='ocr_line' id='line_1_93' title="bbox 2319 3144 3910 3215; baseline -0.001 -6"><span class='ocrx_word' id='word_1_742' title='bbox 2319 3165 2493 3210; x_wconf 89' lang='lat' dir='ltr'><strong>turam</strong></span> <span class='ocrx_word' id='word_1_743' title='bbox 2538 3155 2706 3209; x_wconf 89' lang='lat' dir='ltr'><strong>nihilo</strong></span> <span class='ocrx_word' id='word_1_744' title='bbox 2748 3156 3008 3209; x_wconf 87' lang='lat' dir='ltr'><strong>minorem</strong></span> <span class='ocrx_word' id='word_1_745' title='bbox 3041 3154 3236 3210; x_wconf 88' lang='lat' dir='ltr'><strong>habeat</strong></span> <span class='ocrx_word' id='word_1_746' title='bbox 3281 3155 3619 3210; x_wconf 60' lang='lat' dir='ltr'><strong>occasionem</strong></span> <span class='ocrx_word' id='word_1_747' title='bbox 3668 3144 3910 3215; x_wconf 80' lang='lat' dir='ltr'><strong>amoris.</strong></span> 
     </span>
    </p>
   </div>
   <div class='ocr_carea' id='block_1_94' title="bbox 2319 3244 3913 3316">
    <p class='ocr_par' dir='ltr' id='par_1_94' title="bbox 2319 3244 3913 3316">
     <span class='ocr_line' id='line_1_94' title="bbox 2319 3244 3913 3316; baseline -0.001 -16"><span class='ocrx_word' id='word_1_748' title='bbox 2319 3246 2487 3316; x_wconf 86' lang='lat' dir='ltr'><strong>ipsam</strong></span> <span class='ocrx_word' id='word_1_749' title='bbox 2528 3247 2775 3301; x_wconf 86' lang='lat' dir='ltr'><strong>virtutem</strong></span> <span class='ocrx_word' id='word_1_750' title='bbox 2806 3262 2823 3301; x_wconf 86' lang='lat'><strong>:</strong></span> <span class='ocrx_word' id='word_1_751' title='bbox 2856 3262 3027 3315; x_wconf 91' lang='lat' dir='ltr'><strong>neque</strong></span> <span class='ocrx_word' id='word_1_752' title='bbox 3072 3261 3199 3300; x_wconf 90' lang='lat' dir='ltr'><strong>vero</strong></span> <span class='ocrx_word' id='word_1_753' title='bbox 3242 3246 3415 3300; x_wconf 90' lang='lat' dir='ltr'><strong>solum</strong></span> <span class='ocrx_word' id='word_1_754' title='bbox 3458 3246 3667 3309; x_wconf 85' lang='lat' dir='ltr'><strong>carior,</strong></span> <span class='ocrx_word' id='word_1_755' title='bbox 3716 3244 3813 3299; x_wconf 88' lang='lat' dir='ltr'><strong>sed</strong></span> <span class='ocrx_word' id='word_1_756' title='bbox 3858 3253 3913 3298; x_wconf 88' lang='lat' dir='ltr'><strong>et</strong></span> 
     </span>
    </p>
   </div>
   <div class='ocr_carea' id='block_1_95' title="bbox 2321 3335 3911 3398">
    <p class='ocr_par' dir='ltr' id='par_1_95' title="bbox 2321 3335 3911 3398">
     <span class='ocr_line' id='line_1_95' title="bbox 2321 3335 3911 3398; baseline 0 -9"><span class='ocrx_word' id='word_1_757' title='bbox 2321 3336 2500 3390; x_wconf 89' lang='lat' dir='ltr'><strong>utilior</strong></span> <span class='ocrx_word' id='word_1_758' title='bbox 2528 3336 2631 3389; x_wconf 64' lang='lat' dir='ltr'><strong>erit</strong></span> <span class='ocrx_word' id='word_1_759' title='bbox 2659 3335 2749 3391; x_wconf 89' lang='lat' dir='ltr'><strong>tibi</strong></span> <span class='ocrx_word' id='word_1_760' title='bbox 2775 3335 2898 3390; x_wconf 87' lang='lat' dir='ltr'><strong>dum</strong></span> <span class='ocrx_word' id='word_1_761' title='bbox 2931 3337 3091 3397; x_wconf 86' lang='lat' dir='ltr'><strong>colet.</strong></span> <span class='ocrx_word' id='word_1_762' title='bbox 3125 3336 3252 3390; x_wconf 91' lang='lat' dir='ltr'><strong>dum</strong></span> <span class='ocrx_word' id='word_1_763' title='bbox 3282 3337 3557 3398; x_wconf 91' lang='lat' dir='ltr'><strong>inserviet,</strong></span> <span class='ocrx_word' id='word_1_764' title='bbox 3587 3335 3713 3388; x_wconf 90' lang='lat' dir='ltr'><strong>dum</strong></span> <span class='ocrx_word' id='word_1_765' title='bbox 3742 3336 3796 3388; x_wconf 88' lang='lat' dir='ltr'><strong>in</strong></span> <span class='ocrx_word' id='word_1_766' title='bbox 3822 3350 3911 3389; x_wconf 86' lang='lat' dir='ltr'><strong>se-</strong></span> 
     </span>
    </p>
   </div>
   <div class='ocr_carea' id='block_1_96' title="bbox 2320 3425 3911 3496">
    <p class='ocr_par' dir='ltr' id='par_1_96' title="bbox 2320 3425 3911 3496">
     <span class='ocr_line' id='line_1_96' title="bbox 2320 3425 3911 3496; baseline -0.003 -13"><span class='ocrx_word' id='word_1_767' title='bbox 2320 3437 2533 3483; x_wconf 89' lang='lat' dir='ltr'><strong>nectute</strong></span> <span class='ocrx_word' id='word_1_768' title='bbox 2552 3428 2892 3483; x_wconf 85' lang='lat' dir='ltr'><strong>sustentabit.</strong></span> <span class='ocrx_word' id='word_1_769' title='bbox 2919 3426 2989 3483; x_wconf 87' lang='lat' dir='ltr'><strong>Ut</strong></span> <span class='ocrx_word' id='word_1_770' title='bbox 3017 3428 3157 3481; x_wconf 91' lang='lat' dir='ltr'><strong>enim</strong></span> <span class='ocrx_word' id='word_1_771' title='bbox 3182 3428 3271 3496; x_wconf 89' lang='lat' dir='ltr'><strong>qui</strong></span> <span class='ocrx_word' id='word_1_772' title='bbox 3294 3437 3419 3481; x_wconf 88' lang='lat' dir='ltr'><strong>sunt</strong></span> <span class='ocrx_word' id='word_1_773' title='bbox 3450 3428 3499 3481; x_wconf 92' lang='lat' dir='ltr'><strong>iu</strong></span> <span class='ocrx_word' id='word_1_774' title='bbox 3532 3428 3697 3480; x_wconf 88' lang='lat' dir='ltr'><strong>Deum</strong></span> <span class='ocrx_word' id='word_1_775' title='bbox 3727 3425 3911 3494; x_wconf 89' lang='lat' dir='ltr'><strong>iujurii</strong></span> 
     </span>
    </p>
   </div>
   <div class='ocr_carea' id='block_1_97' title="bbox 2320 3517 3911 3587">
    <p class='ocr_par' dir='ltr' id='par_1_97' title="bbox 2320 3517 3911 3587">
     <span class='ocr_line' id='line_1_97' title="bbox 2320 3517 3911 3587; baseline -0.002 -15"><span class='ocrx_word' id='word_1_776' title='bbox 2320 3527 2374 3572; x_wconf 91' lang='lat' dir='ltr'><strong>et</strong></span> <span class='ocrx_word' id='word_1_777' title='bbox 2404 3519 2615 3587; x_wconf 79' lang='lat' dir='ltr'><strong>ingrati,</strong></span> <span class='ocrx_word' id='word_1_778' title='bbox 2637 3519 2794 3572; x_wconf 90' lang='lat' dir='ltr'><strong>etiam</strong></span> <span class='ocrx_word' id='word_1_779' title='bbox 2828 3527 3077 3587; x_wconf 84' lang='lat' dir='ltr'><strong>parentes</strong></span> <span class='ocrx_word' id='word_1_780' title='bbox 3105 3528 3459 3586; x_wconf 87' lang='lat' dir='ltr'><strong>aspernantur</strong></span> <span class='ocrx_word' id='word_1_781' title='bbox 3487 3535 3501 3572; x_wconf 89' lang='lat'><strong>:</strong></span> <span class='ocrx_word' id='word_1_782' title='bbox 3536 3519 3604 3570; x_wconf 86' lang='lat' dir='ltr'><strong>ita</strong></span> <span class='ocrx_word' id='word_1_783' title='bbox 3633 3517 3721 3587; x_wconf 91' lang='lat' dir='ltr'><strong>qui</strong></span> <span class='ocrx_word' id='word_1_784' title='bbox 3753 3533 3911 3571; x_wconf 81' lang='lat' dir='ltr'><strong>suum</strong></span> 
     </span>
    </p>
   </div>
   <div class='ocr_carea' id='block_1_98' title="bbox 2320 3608 3913 3678">
    <p class='ocr_par' dir='ltr' id='par_1_98' title="bbox 2320 3608 3913 3678">
     <span class='ocr_line' id='line_1_98' title="bbox 2320 3608 3913 3678; baseline -0.002 -15"><span class='ocrx_word' id='word_1_785' title='bbox 2320 3608 2661 3663; x_wconf 87' lang='lat' dir='ltr'><strong>Conditorem</strong></span> <span class='ocrx_word' id='word_1_786' title='bbox 2689 3610 2899 3674; x_wconf 90' lang='lat' dir='ltr'><strong>colunt,</strong></span> <span class='ocrx_word' id='word_1_787' title='bbox 2931 3611 3198 3677; x_wconf 87' lang='lat' dir='ltr'><strong>ingentem</strong></span> <span class='ocrx_word' id='word_1_788' title='bbox 3241 3609 3573 3678; x_wconf 87' lang='lat' dir='ltr'><strong>genitoribus</strong></span> <span class='ocrx_word' id='word_1_789' title='bbox 3597 3609 3708 3663; x_wconf 88' lang='lat' dir='ltr'><strong>suis</strong></span> <span class='ocrx_word' id='word_1_790' title='bbox 3736 3608 3913 3661; x_wconf 83' lang='lat' dir='ltr'><strong>hono-</strong></span> 
     </span>
    </p>
   </div>
   <div class='ocr_carea' id='block_1_99' title="bbox 2324 3698 3914 3772">
    <p class='ocr_par' dir='ltr' id='par_1_99' title="bbox 2324 3698 3914 3772">
     <span class='ocr_line' id='line_1_99' title="bbox 2324 3698 3914 3772; baseline -0.003 -15"><span class='ocrx_word' id='word_1_791' title='bbox 2324 3718 2435 3757; x_wconf 88' lang='lat' dir='ltr'><strong>rem</strong></span> <span class='ocrx_word' id='word_1_792' title='bbox 2464 3701 2730 3757; x_wconf 88' lang='lat' dir='ltr'><strong>deferuut.</strong></span> <span class='ocrx_word' id='word_1_793' title='bbox 2763 3701 2829 3758; x_wconf 86' lang='lat' dir='ltr'><strong>Ut</strong></span> <span class='ocrx_word' id='word_1_794' title='bbox 2860 3702 3018 3772; x_wconf 91' lang='lat' dir='ltr'><strong>igitur</strong></span> <span class='ocrx_word' id='word_1_795' title='bbox 3037 3711 3090 3755; x_wconf 91' lang='lat' dir='ltr'><strong>et</strong></span> <span class='ocrx_word' id='word_1_796' title='bbox 3112 3701 3253 3769; x_wconf 86' lang='lat' dir='ltr'><strong>apud</strong></span> <span class='ocrx_word' id='word_1_797' title='bbox 3286 3701 3447 3755; x_wconf 87' lang='lat' dir='ltr'><strong>Deum</strong></span> <span class='ocrx_word' id='word_1_798' title='bbox 3481 3710 3536 3755; x_wconf 89' lang='lat' dir='ltr'><strong>et</strong></span> <span class='ocrx_word' id='word_1_799' title='bbox 3563 3699 3703 3768; x_wconf 90' lang='lat' dir='ltr'><strong>apud</strong></span> <span class='ocrx_word' id='word_1_800' title='bbox 3737 3698 3914 3754; x_wconf 78' lang='lat' dir='ltr'><strong>homi—</strong></span> 
     </span>
    </p>
   </div>
   <div class='ocr_carea' id='block_1_100' title="bbox 2326 3789 3915 3860">
    <p class='ocr_par' dir='ltr' id='par_1_100' title="bbox 2326 3789 3915 3860">
     <span class='ocr_line' id='line_1_100' title="bbox 2326 3789 3915 3860; baseline -0.001 -15"><span class='ocrx_word' id='word_1_801' title='bbox 2326 3807 2421 3845; x_wconf 88' lang='lat' dir='ltr'><strong>nes</strong></span> <span class='ocrx_word' id='word_1_802' title='bbox 2451 3792 2586 3847; x_wconf 89' lang='lat' dir='ltr'><strong>beue</strong></span> <span class='ocrx_word' id='word_1_803' title='bbox 2624 3790 2809 3844; x_wconf 86' lang='lat' dir='ltr'><strong>audias</strong></span> <span class='ocrx_word' id='word_1_804' title='bbox 2829 3830 2846 3853; x_wconf 95' lang='lat'><strong>,</strong></span> <span class='ocrx_word' id='word_1_805' title='bbox 2879 3790 3079 3860; x_wconf 90' lang='lat' dir='ltr'><strong>tibique</strong></span> <span class='ocrx_word' id='word_1_806' title='bbox 3107 3791 3269 3843; x_wconf 89' lang='lat' dir='ltr'><strong>vitam</strong></span> <span class='ocrx_word' id='word_1_807' title='bbox 3305 3789 3597 3859; x_wconf 79' lang='lat' dir='ltr'><strong>jucundam</strong></span> <span class='ocrx_word' id='word_1_808' title='bbox 3624 3789 3789 3843; x_wconf 85' lang='lat' dir='ltr'><strong>facias</strong></span> <span class='ocrx_word' id='word_1_809' title='bbox 3809 3830 3825 3851; x_wconf 94' lang='lat'><strong>,</strong></span> <span class='ocrx_word' id='word_1_810' title='bbox 3850 3803 3915 3843; x_wconf 76' lang='lat' dir='ltr'><strong>ac</strong></span> 
     </span>
    </p>
   </div>
   <div class='ocr_carea' id='block_1_101' title="bbox 2326 3879 3915 3950">
    <p class='ocr_par' dir='ltr' id='par_1_101' title="bbox 2326 3879 3915 3950">
     <span class='ocr_line' id='line_1_101' title="bbox 2326 3879 3915 3950; baseline -0.001 -13"><span class='ocrx_word' id='word_1_811' title='bbox 2326 3881 2517 3937; x_wconf 84' lang='lat' dir='ltr'><strong>futuris</strong></span> <span class='ocrx_word' id='word_1_812' title='bbox 2547 3884 2721 3950; x_wconf 80' lang='lat' dir='ltr'><strong>pomis</strong></span> <span class='ocrx_word' id='word_1_813' title='bbox 2752 3881 3013 3945; x_wconf 89' lang='lat' dir='ltr'><strong>libereris,</strong></span> <span class='ocrx_word' id='word_1_814' title='bbox 3042 3882 3183 3935; x_wconf 91' lang='lat' dir='ltr'><strong>omni</strong></span> <span class='ocrx_word' id='word_1_815' title='bbox 3219 3883 3388 3949; x_wconf 87' lang='lat' dir='ltr'><strong>ipsum</strong></span> <span class='ocrx_word' id='word_1_816' title='bbox 3411 3881 3587 3935; x_wconf 87' lang='lat' dir='ltr'><strong>studio</strong></span> <span class='ocrx_word' id='word_1_817' title='bbox 3611 3880 3751 3936; x_wconf 86' lang='lat' dir='ltr'><strong>cole.</strong></span> <span class='ocrx_word' id='word_1_818' title='bbox 3780 3879 3915 3935; x_wconf 83' lang='lat' dir='ltr'><strong>Nam</strong></span> 
     </span>
    </p>
   </div>
   <div class='ocr_carea' id='block_1_102' title="bbox 2325 3971 3920 4042">
    <p class='ocr_par' dir='ltr' id='par_1_102' title="bbox 2325 3971 3920 4042">
     <span class='ocr_line' id='line_1_102' title="bbox 2325 3971 3920 4042; baseline -0.001 -15"><span class='ocrx_word' id='word_1_819' title='bbox 2325 3988 2420 4027; x_wconf 89' lang='lat' dir='ltr'><strong>eos</strong></span> <span class='ocrx_word' id='word_1_820' title='bbox 2448 3973 2660 4041; x_wconf 84' lang='lat' dir='ltr'><strong>quidem</strong></span> <span class='ocrx_word' id='word_1_821' title='bbox 2693 3972 2779 4040; x_wconf 89' lang='lat' dir='ltr'><strong>qui</strong></span> <span class='ocrx_word' id='word_1_822' title='bbox 2812 3971 3101 4026; x_wconf 86' lang='lat' dir='ltr'><strong>liberorum</strong></span> <span class='ocrx_word' id='word_1_823' title='bbox 3132 3987 3317 4027; x_wconf 88' lang='lat' dir='ltr'><strong>curam</strong></span> <span class='ocrx_word' id='word_1_824' title='bbox 3360 3988 3467 4026; x_wconf 90' lang='lat' dir='ltr'><strong>non</strong></span> <span class='ocrx_word' id='word_1_825' title='bbox 3495 3974 3793 4042; x_wconf 89' lang='lat' dir='ltr'><strong>gesserint,</strong></span> <span class='ocrx_word' id='word_1_826' title='bbox 3839 3984 3920 4025; x_wconf 85' lang='lat' dir='ltr'><strong>ta-</strong></span> 
     </span>
    </p>
   </div>
   <div class='ocr_carea' id='block_1_103' title="bbox 2328 4062 3918 4143">
    <p class='ocr_par' dir='ltr' id='par_1_103' title="bbox 2328 4062 3918 4143">
     <span class='ocr_line' id='line_1_103' title="bbox 2328 4062 3918 4143; baseline 0.003 -28"><span class='ocrx_word' id='word_1_827' title='bbox 2328 4062 2480 4115; x_wconf 85' lang='lat' dir='ltr'><strong>metsi</strong></span> <span class='ocrx_word' id='word_1_828' title='bbox 2509 4062 2833 4143; x_wconf 67' lang='lat' dir='ltr'><strong>cmteroquin</strong></span> <span class='ocrx_word' id='word_1_829' title='bbox 2866 4062 3091 4116; x_wconf 89' lang='lat' dir='ltr'><strong>modesti</strong></span> <span class='ocrx_word' id='word_1_830' title='bbox 3119 4062 3317 4117; x_wconf 90' lang='lat' dir='ltr'><strong>fuerint</strong></span> <span class='ocrx_word' id='word_1_831' title='bbox 3344 4071 3505 4132; x_wconf 84' lang='lat' dir='ltr'><strong>atque</strong></span> <span class='ocrx_word' id='word_1_832' title='bbox 3530 4062 3816 4127; x_wconf 85' lang='lat' dir='ltr'><strong>moderati,</strong></span> <span class='ocrx_word' id='word_1_833' title='bbox 3850 4065 3918 4119; x_wconf 88' lang='lat' dir='ltr'><strong>ob</strong></span> 
     </span>
    </p>
   </div>
   <div class='ocr_carea' id='block_1_104' title="bbox 2328 4153 3916 4225">
    <p class='ocr_par' dir='ltr' id='par_1_104' title="bbox 2328 4153 3916 4225">
     <span class='ocr_line' id='line_1_104' title="bbox 2328 4153 3916 4225; baseline 0.003 -18"><span class='ocrx_word' id='word_1_834' title='bbox 2328 4153 2464 4207; x_wconf 91' lang='lat' dir='ltr'><strong>istud</strong></span> <span class='ocrx_word' id='word_1_835' title='bbox 2492 4164 2767 4223; x_wconf 86' lang='lat' dir='ltr'><strong>peccatum</strong></span> <span class='ocrx_word' id='word_1_836' title='bbox 2802 4170 2985 4223; x_wconf 68' lang='lat' dir='ltr'><strong>pinnas</strong></span> <span class='ocrx_word' id='word_1_837' title='bbox 3012 4156 3353 4225; x_wconf 86' lang='lat' dir='ltr'><strong>gravissimas</strong></span> <span class='ocrx_word' id='word_1_838' title='bbox 3376 4156 3624 4222; x_wconf 84' lang='lat' dir='ltr'><strong>inituros,</strong></span> <span class='ocrx_word' id='word_1_839' title='bbox 3649 4172 3716 4211; x_wconf 74' lang='lat' dir='ltr'><strong>ex</strong></span> <span class='ocrx_word' id='word_1_840' title='bbox 3748 4157 3916 4211; x_wconf 80' lang='lat' dir='ltr'><strong>veteri</strong></span> 
     </span>
    </p>
   </div>
   <div class='ocr_carea' id='block_1_105' title="bbox 2328 4244 3343 4315">
    <p class='ocr_par' dir='ltr' id='par_1_105' title="bbox 2328 4244 3343 4315">
     <span class='ocr_line' id='line_1_105' title="bbox 2328 4244 3343 4315; baseline 0.003 -19"><span class='ocrx_word' id='word_1_841' title='bbox 2328 4245 2591 4297; x_wconf 80' lang='lat' dir='ltr'><strong>ceustabit</strong></span> <span class='ocrx_word' id='word_1_842' title='bbox 2616 4244 2832 4299; x_wconf 82' lang='lat' dir='ltr'><strong>historia</strong></span> <span class='ocrx_word' id='word_1_843' title='bbox 2855 4286 2870 4309; x_wconf 90' lang='lat'><strong>,</strong></span> <span class='ocrx_word' id='word_1_844' title='bbox 2902 4262 3059 4315; x_wconf 91' lang='lat' dir='ltr'><strong>quam</strong></span> <span class='ocrx_word' id='word_1_845' title='bbox 3092 4249 3343 4301; x_wconf 87' lang='lat' dir='ltr'><strong>narrabo.</strong></span> 
     </span>
    </p>
   </div>
   <div class='ocr_carea' id='block_1_106' title="bbox 2406 4335 3918 4410">
    <p class='ocr_par' dir='ltr' id='par_1_106' title="bbox 2406 4335 3918 4410">
     <span class='ocr_line' id='line_1_106' title="bbox 2406 4335 3918 4410; baseline 0.006 -22"><span class='ocrx_word' id='word_1_846' title='bbox 2406 4335 2524 4389; x_wconf 80' lang='lat' dir='ltr'><strong>Heli</strong></span> <span class='ocrx_word' id='word_1_847' title='bbox 2554 4348 2696 4405; x_wconf 81' lang='lat' dir='ltr'><strong>pater</strong></span> <span class='ocrx_word' id='word_1_848' title='bbox 2724 4339 2872 4391; x_wconf 86' lang='lat' dir='ltr'><strong>nimis</strong></span> <span class='ocrx_word' id='word_1_849' title='bbox 2892 4339 3181 4410; x_wconf 83' lang='lat' dir='ltr'><strong>indulgens.</strong></span> <span class='ocrx_word' id='word_1_850' title='bbox 3203 4369 3274 4379; x_wconf 97' lang='lat'><strong><em>—</em></strong></span> <span class='ocrx_word' id='word_1_851' title='bbox 3295 4340 3557 4395; x_wconf 77' lang='lat' dir='ltr'><strong>Sacerdos</strong></span> <span class='ocrx_word' id='word_1_852' title='bbox 3584 4340 3683 4394; x_wconf 84' lang='lat' dir='ltr'><strong>fuit</strong></span> <span class='ocrx_word' id='word_1_853' title='bbox 3700 4343 3918 4409; x_wconf 77' lang='lat' dir='ltr'><strong>quidam</strong></span> 
     </span>
    </p>
   </div>
   <div class='ocr_carea' id='block_1_107' title="bbox 2330 4426 3918 4498">
    <p class='ocr_par' dir='ltr' id='par_1_107' title="bbox 2330 4426 3918 4498">
     <span class='ocr_line' id='line_1_107' title="bbox 2330 4426 3918 4498; baseline 0.005 -19"><span class='ocrx_word' id='word_1_854' title='bbox 2330 4426 2467 4495; x_wconf 91' lang='lat' dir='ltr'><strong>apud</strong></span> <span class='ocrx_word' id='word_1_855' title='bbox 2490 4426 2702 4481; x_wconf 72' lang='lat' dir='ltr'><strong>Jutlteos</strong></span> <span class='ocrx_word' id='word_1_856' title='bbox 2726 4432 3049 4498; x_wconf 71' lang='lat' dir='ltr'><strong>cteteroquin</strong></span> <span class='ocrx_word' id='word_1_857' title='bbox 3075 4429 3373 4497; x_wconf 87' lang='lat' dir='ltr'><strong>modestus,</strong></span> <span class='ocrx_word' id='word_1_858' title='bbox 3403 4447 3466 4486; x_wconf 89' lang='lat' dir='ltr'><strong>ac</strong></span> <span class='ocrx_word' id='word_1_859' title='bbox 3493 4432 3649 4496; x_wconf 87' lang='lat' dir='ltr'><strong>lenis,</strong></span> <span class='ocrx_word' id='word_1_860' title='bbox 3675 4432 3792 4485; x_wconf 80' lang='lat' dir='ltr'><strong>Heli</strong></span> <span class='ocrx_word' id='word_1_861' title='bbox 3821 4449 3918 4487; x_wconf 85' lang='lat' dir='ltr'><strong>no-</strong></span> 
     </span>
    </p>
   </div>
   <div class='ocr_carea' id='block_1_108' title="bbox 2334 4518 3921 4594">
    <p class='ocr_par' dir='ltr' id='par_1_108' title="bbox 2334 4518 3921 4594">
     <span class='ocr_line' id='line_1_108' title="bbox 2334 4518 3921 4594; baseline 0.004 -23"><span class='ocrx_word' id='word_1_862' title='bbox 2334 4519 2492 4571; x_wconf 89' lang='lat' dir='ltr'><strong>mine.</strong></span> <span class='ocrx_word' id='word_1_863' title='bbox 2552 4518 2685 4572; x_wconf 81' lang='lat' dir='ltr'><strong>Huic</strong></span> <span class='ocrx_word' id='word_1_864' title='bbox 2726 4519 2883 4589; x_wconf 89' lang='lat' dir='ltr'><strong>igitur</strong></span> <span class='ocrx_word' id='word_1_865' title='bbox 2930 4521 3047 4576; x_wconf 82' lang='lat' dir='ltr'><strong>Heli</strong></span> <span class='ocrx_word' id='word_1_866' title='bbox 3085 4523 3193 4577; x_wconf 92' lang='lat' dir='ltr'><strong>duo</strong></span> <span class='ocrx_word' id='word_1_867' title='bbox 3232 4522 3445 4577; x_wconf 87' lang='lat' dir='ltr'><strong>fuerunt</strong></span> <span class='ocrx_word' id='word_1_868' title='bbox 3484 4523 3631 4577; x_wconf 86' lang='lat' dir='ltr'><strong>liberi</strong></span> <span class='ocrx_word' id='word_1_869' title='bbox 3656 4563 3673 4589; x_wconf 92' lang='lat'><strong>,</strong></span> <span class='ocrx_word' id='word_1_870' title='bbox 3715 4526 3807 4594; x_wconf 90' lang='lat' dir='ltr'><strong>qui</strong></span> <span class='ocrx_word' id='word_1_871' title='bbox 3855 4524 3921 4578; x_wconf 88' lang='lat' dir='ltr'><strong>ad</strong></span> 
     </span>
    </p>
   </div>
   <div class='ocr_carea' id='block_1_109' title="bbox 2330 4610 3919 4683">
    <p class='ocr_par' dir='ltr' id='par_1_109' title="bbox 2330 4610 3919 4683">
     <span class='ocr_line' id='line_1_109' title="bbox 2330 4610 3919 4683; baseline 0.005 -22"><span class='ocrx_word' id='word_1_872' title='bbox 2330 4625 2595 4663; x_wconf 87' lang='lat' dir='ltr'><strong>summum</strong></span> <span class='ocrx_word' id='word_1_873' title='bbox 2643 4610 2999 4679; x_wconf 87' lang='lat' dir='ltr'><strong>improbitatis</strong></span> <span class='ocrx_word' id='word_1_874' title='bbox 3046 4611 3315 4682; x_wconf 83' lang='lat' dir='ltr'><strong>fastigium</strong></span> <span class='ocrx_word' id='word_1_875' title='bbox 3360 4624 3766 4683; x_wconf 86' lang='lat' dir='ltr'><strong>pervenerant:</strong></span> <span class='ocrx_word' id='word_1_876' title='bbox 3802 4615 3919 4669; x_wconf 82' lang='lat' dir='ltr'><strong>iiios</strong></span> 
     </span>
    </p>
   </div>
   <div class='ocr_carea' id='block_1_110' title="bbox 2332 4702 3917 4773">
    <p class='ocr_par' dir='ltr' id='par_1_110' title="bbox 2332 4702 3917 4773">
     <span class='ocr_line' id='line_1_110' title="bbox 2332 4702 3917 4773; baseline 0.008 -23"><span class='ocrx_word' id='word_1_877' title='bbox 2332 4710 2507 4753; x_wconf 89' lang='lat' dir='ltr'><strong>autem</strong></span> <span class='ocrx_word' id='word_1_878' title='bbox 2535 4717 2638 4753; x_wconf 91' lang='lat' dir='ltr'><strong>nou</strong></span> <span class='ocrx_word' id='word_1_879' title='bbox 2670 4702 2990 4769; x_wconf 83' lang='lat' dir='ltr'><strong>reprimebat</strong></span> <span class='ocrx_word' id='word_1_880' title='bbox 3020 4702 3126 4768; x_wconf 89' lang='lat' dir='ltr'><strong>ille,</strong></span> <span class='ocrx_word' id='word_1_881' title='bbox 3156 4718 3257 4759; x_wconf 89' lang='lat' dir='ltr'><strong>nec</strong></span> <span class='ocrx_word' id='word_1_882' title='bbox 3284 4703 3634 4773; x_wconf 89' lang='lat' dir='ltr'><strong>prohibebat:</strong></span> <span class='ocrx_word' id='word_1_883' title='bbox 3657 4706 3769 4760; x_wconf 83' lang='lat' dir='ltr'><strong>imo</strong></span> <span class='ocrx_word' id='word_1_884' title='bbox 3793 4722 3917 4763; x_wconf 79' lang='lat' dir='ltr'><strong>vero</strong></span> 
     </span>
    </p>
   </div>
   <div class='ocr_carea' id='block_1_111' title="bbox 2333 4792 3915 4864">
    <p class='ocr_par' dir='ltr' id='par_1_111' title="bbox 2333 4792 3915 4864">
     <span class='ocr_line' id='line_1_111' title="bbox 2333 4792 3915 4864; baseline 0.005 -22"><span class='ocrx_word' id='word_1_885' title='bbox 2333 4792 2657 4859; x_wconf 87' lang='lat' dir='ltr'><strong>reprimebat</strong></span> <span class='ocrx_word' id='word_1_886' title='bbox 2695 4792 2785 4847; x_wconf 93' lang='lat' dir='ltr'><strong>ille</strong></span> <span class='ocrx_word' id='word_1_887' title='bbox 2810 4793 3025 4861; x_wconf 90' lang='lat' dir='ltr'><strong>quidem</strong></span> <span class='ocrx_word' id='word_1_888' title='bbox 3048 4833 3065 4859; x_wconf 94' lang='lat'><strong>,</strong></span> <span class='ocrx_word' id='word_1_889' title='bbox 3108 4805 3267 4864; x_wconf 86' lang='lat' dir='ltr'><strong>atque</strong></span> <span class='ocrx_word' id='word_1_890' title='bbox 3306 4796 3654 4863; x_wconf 69' lang='lat' dir='ltr'><strong>prohibebat,</strong></span> <span class='ocrx_word' id='word_1_891' title='bbox 3685 4796 3783 4851; x_wconf 87' lang='lat' dir='ltr'><strong>sed</strong></span> <span class='ocrx_word' id='word_1_892' title='bbox 3814 4812 3915 4856; x_wconf 89' lang='lat' dir='ltr'><strong>non</strong></span> 
     </span>
    </p>
   </div>
   <div class='ocr_carea' id='block_1_112' title="bbox 2335 4882 3925 4958">
    <p class='ocr_par' dir='ltr' id='par_1_112' title="bbox 2335 4882 3925 4958">
     <span class='ocr_line' id='line_1_112' title="bbox 2335 4882 3925 4958; baseline 0.008 -26"><span class='ocrx_word' id='word_1_893' title='bbox 2335 4890 2475 4934; x_wconf 90' lang='lat' dir='ltr'><strong>tanta</strong></span> <span class='ocrx_word' id='word_1_894' title='bbox 2504 4898 2624 4936; x_wconf 92' lang='lat' dir='ltr'><strong>cum</strong></span> <span class='ocrx_word' id='word_1_895' title='bbox 2653 4882 2924 4951; x_wconf 83' lang='lat' dir='ltr'><strong>diligentia</strong></span> <span class='ocrx_word' id='word_1_896' title='bbox 2960 4895 3014 4939; x_wconf 92' lang='lat' dir='ltr'><strong>et</strong></span> <span class='ocrx_word' id='word_1_897' title='bbox 3041 4886 3371 4941; x_wconf 84' lang='lat' dir='ltr'><strong>vehementia</strong></span> <span class='ocrx_word' id='word_1_898' title='bbox 3393 4927 3409 4953; x_wconf 94' lang='lat'><strong>,</strong></span> <span class='ocrx_word' id='word_1_899' title='bbox 3437 4898 3629 4955; x_wconf 89' lang='lat' dir='ltr'><strong>quanta</strong></span> <span class='ocrx_word' id='word_1_900' title='bbox 3659 4905 3798 4958; x_wconf 86' lang='lat' dir='ltr'><strong>opus</strong></span> <span class='ocrx_word' id='word_1_901' title='bbox 3828 4888 3925 4944; x_wconf 89' lang='lat' dir='ltr'><strong>fuit</strong></span> 
     </span>
    </p>
   </div>
   <div class='ocr_carea' id='block_1_113' title="bbox 2335 4972 3918 5047">
    <p class='ocr_par' dir='ltr' id='par_1_113' title="bbox 2335 4972 3918 5047">
     <span class='ocr_line' id='line_1_113' title="bbox 2335 4972 3918 5047; baseline 0.007 -24"><span class='ocrx_word' id='word_1_902' title='bbox 2335 4972 2407 5038; x_wconf 91' lang='grc'><strong>(1.</strong></span> <span class='ocrx_word' id='word_1_903' title='bbox 2440 4972 2566 5042; x_wconf 79' lang='lat' dir='ltr'><strong>Reg.</strong></span> <span class='ocrx_word' id='word_1_904' title='bbox 2596 4973 2650 5026; x_wconf 75' lang='lat'><strong>2.</strong></span> <span class='ocrx_word' id='word_1_905' title='bbox 2685 4974 2795 5043; x_wconf 91' lang='grc'><strong>11).</strong></span> <span class='ocrx_word' id='word_1_906' title='bbox 2831 4972 2961 5027; x_wconf 88' lang='lat' dir='ltr'><strong>Cum</strong></span> <span class='ocrx_word' id='word_1_907' title='bbox 2990 4976 3133 5029; x_wconf 90' lang='lat' dir='ltr'><strong>enim</strong></span> <span class='ocrx_word' id='word_1_908' title='bbox 3168 4976 3347 5047; x_wconf 82' lang='lat' dir='ltr'><strong>flagris</strong></span> <span class='ocrx_word' id='word_1_909' title='bbox 3375 4979 3583 5031; x_wconf 73' lang='lat' dir='ltr'><strong>czrdcre</strong></span> <span class='ocrx_word' id='word_1_910' title='bbox 3610 4979 3918 5044; x_wconf 76' lang='lat' dir='ltr'><strong>debuisset,</strong></span> 
     </span>
    </p>
   </div>
   <div class='ocr_carea' id='block_1_114' title="bbox 2332 5063 3917 5134">
    <p class='ocr_par' dir='ltr' id='par_1_114' title="bbox 2332 5063 3917 5134">
     <span class='ocr_line' id='line_1_114' title="bbox 2332 5063 3917 5134; baseline 0.006 -20"><span class='ocrx_word' id='word_1_911' title='bbox 2332 5063 2490 5115; x_wconf 83' lang='lat' dir='ltr'><strong>domo</strong></span> <span class='ocrx_word' id='word_1_912' title='bbox 2535 5072 2754 5131; x_wconf 78' lang='lat' dir='ltr'><strong>paterna</strong></span> <span class='ocrx_word' id='word_1_913' title='bbox 2792 5065 2987 5134; x_wconf 80' lang='lat' dir='ltr'><strong>ejicere</strong></span> <span class='ocrx_word' id='word_1_914' title='bbox 3011 5107 3023 5128; x_wconf 93' lang='lat'><strong>,</strong></span> <span class='ocrx_word' id='word_1_915' title='bbox 3056 5083 3270 5120; x_wconf 88' lang='lat' dir='ltr'><strong>omnem</strong></span> <span class='ocrx_word' id='word_1_916' title='bbox 3313 5069 3664 5123; x_wconf 84' lang='lat' dir='ltr'><strong>correctionis</strong></span> <span class='ocrx_word' id='word_1_917' title='bbox 3704 5070 3917 5124; x_wconf 86' lang='lat' dir='ltr'><strong>modum</strong></span> 
     </span>
    </p>
   </div>
   <div class='ocr_carea' id='block_1_115' title="bbox 2333 5150 3920 5221">
    <p class='ocr_par' dir='ltr' id='par_1_115' title="bbox 2333 5150 3920 5221">
     <span class='ocr_line' id='line_1_115' title="bbox 2333 5150 3920 5221; baseline 0.007 -16"><span class='ocrx_word' id='word_1_918' title='bbox 2333 5154 2624 5221; x_wconf 87' lang='lat' dir='ltr'><strong>adhibere,</strong></span> <span class='ocrx_word' id='word_1_919' title='bbox 2672 5155 3051 5210; x_wconf 85' lang='lat' dir='ltr'><strong>cohortabatur</strong></span> <span class='ocrx_word' id='word_1_920' title='bbox 3089 5158 3262 5212; x_wconf 90' lang='lat' dir='ltr'><strong>solum</strong></span> <span class='ocrx_word' id='word_1_921' title='bbox 3306 5167 3362 5213; x_wconf 89' lang='lat' dir='ltr'><strong>et</strong></span> <span class='ocrx_word' id='word_1_922' title='bbox 3397 5160 3709 5215; x_wconf 85' lang='lat' dir='ltr'><strong>consulebat</strong></span> <span class='ocrx_word' id='word_1_923' title='bbox 3742 5150 3920 5216; x_wconf 60' lang='grc' dir='ltr'><strong>Μαί-</strong></span> 
     </span>
    </p>
   </div>
   <div class='ocr_carea' id='block_1_116' title="bbox 2333 5243 3920 5314">
    <p class='ocr_par' dir='ltr' id='par_1_116' title="bbox 2333 5243 3920 5314">
     <span class='ocr_line' id='line_1_116' title="bbox 2333 5243 3920 5314; baseline 0.004 -19"><span class='ocrx_word' id='word_1_924' title='bbox 2333 5258 2492 5297; x_wconf 86' lang='lat' dir='ltr'><strong>cens:</strong></span> <span class='ocrx_word' id='word_1_925' title='bbox 2520 5243 2569 5296; x_wconf 85' lang='grc' dir='ltr'><strong><em>Ν</em></strong></span> <span class='ocrx_word' id='word_1_926' title='bbox 2576 5261 2619 5307; x_wconf 83' lang='lat' dir='ltr'><strong>e,</strong></span> <span class='ocrx_word' id='word_1_927' title='bbox 2657 5247 2769 5312; x_wconf 77' lang='lat' dir='ltr'><strong>ﬁlii,</strong></span> <span class='ocrx_word' id='word_1_928' title='bbox 2801 5263 2862 5299; x_wconf 81' lang='lat' dir='ltr'><strong>ne</strong></span> <span class='ocrx_word' id='word_1_929' title='bbox 2889 5247 2959 5298; x_wconf 79' lang='lat' dir='ltr'><strong>ita</strong></span> <span class='ocrx_word' id='word_1_930' title='bbox 2989 5248 3191 5314; x_wconf 82' lang='lat' dir='ltr'><strong>faciatis</strong></span> <span class='ocrx_word' id='word_1_931' title='bbox 3222 5263 3240 5300; x_wconf 90' lang='lat'><strong><em>:</em></strong></span> <span class='ocrx_word' id='word_1_932' title='bbox 3267 5248 3507 5314; x_wconf 84' lang='lat' dir='ltr'><strong>quoniam</strong></span> <span class='ocrx_word' id='word_1_933' title='bbox 3537 5266 3638 5302; x_wconf 86' lang='lat' dir='ltr'><strong>non</strong></span> <span class='ocrx_word' id='word_1_934' title='bbox 3670 5255 3802 5303; x_wconf 83' lang='lat' dir='ltr'><strong>bona</strong></span> <span class='ocrx_word' id='word_1_935' title='bbox 3829 5267 3920 5302; x_wconf 82' lang='lat' dir='ltr'><strong>ast-</strong></span> 
     </span>
    </p>
   </div>
   <div class='ocr_carea' id='block_1_117' title="bbox 2334 5334 3919 5407">
    <p class='ocr_par' dir='ltr' id='par_1_117' title="bbox 2334 5334 3919 5407">
     <span class='ocr_line' id='line_1_117' title="bbox 2334 5334 3919 5407; baseline 0.004 -22"><span class='ocrx_word' id='word_1_936' title='bbox 2334 5334 2481 5397; x_wconf 77' lang='lat' dir='ltr'><strong>ditio,</strong></span> <span class='ocrx_word' id='word_1_937' title='bbox 2514 5351 2664 5403; x_wconf 84' lang='lat' dir='ltr'><strong>quam</strong></span> <span class='ocrx_word' id='word_1_938' title='bbox 2692 5336 2845 5387; x_wconf 80' lang='lat' dir='ltr'><strong>audio</strong></span> <span class='ocrx_word' id='word_1_939' title='bbox 2884 5336 2947 5389; x_wconf 84' lang='lat' dir='ltr'><strong>de</strong></span> <span class='ocrx_word' id='word_1_940' title='bbox 2983 5337 3120 5390; x_wconf 79' lang='lat' dir='ltr'><strong>robis</strong></span> <span class='ocrx_word' id='word_1_941' title='bbox 3146 5338 3222 5404; x_wconf 83' lang='lat' dir='ltr'><strong>(i.</strong></span> <span class='ocrx_word' id='word_1_942' title='bbox 3260 5337 3386 5407; x_wconf 81' lang='lat' dir='ltr'><strong>Reg.</strong></span> <span class='ocrx_word' id='word_1_943' title='bbox 3409 5338 3463 5392; x_wconf 75' lang='lat'><strong>2.</strong></span> <span class='ocrx_word' id='word_1_944' title='bbox 3496 5338 3615 5406; x_wconf 63' lang='grc' dir='ltr'><strong>εἰ).</strong></span> <span class='ocrx_word' id='word_1_945' title='bbox 3645 5341 3784 5406; x_wconf 81' lang='lat' dir='ltr'><strong>Quid</strong></span> <span class='ocrx_word' id='word_1_946' title='bbox 3805 5339 3919 5395; x_wconf 78' lang='lat' dir='ltr'><strong>ais?</strong></span> 
     </span>
    </p>
   </div>
   <div class='ocr_carea' id='block_1_118' title="bbox 2338 5423 3919 5499">
    <p class='ocr_par' dir='ltr' id='par_1_118' title="bbox 2338 5423 3919 5499">
     <span class='ocr_line' id='line_1_118' title="bbox 2338 5423 3919 5499; baseline 0.007 -23"><span class='ocrx_word' id='word_1_947' title='bbox 2338 5423 2504 5477; x_wconf 82' lang='lat' dir='ltr'><strong>Deum</strong></span> <span class='ocrx_word' id='word_1_948' title='bbox 2533 5425 2722 5494; x_wconf 83' lang='lat' dir='ltr'><strong>injuria</strong></span> <span class='ocrx_word' id='word_1_949' title='bbox 2748 5426 3082 5481; x_wconf 71' lang='lat' dir='ltr'><strong>affecerunt.</strong></span> <span class='ocrx_word' id='word_1_950' title='bbox 3111 5437 3166 5482; x_wconf 91' lang='lat' dir='ltr'><strong>et</strong></span> <span class='ocrx_word' id='word_1_951' title='bbox 3202 5428 3338 5486; x_wconf 83' lang='lat' dir='ltr'><strong>filios</strong></span> <span class='ocrx_word' id='word_1_952' title='bbox 3363 5430 3640 5499; x_wconf 73' lang='lat' dir='ltr'><strong>appellas?</strong></span> <span class='ocrx_word' id='word_1_953' title='bbox 3668 5431 3919 5487; x_wconf 78' lang='lat' dir='ltr'><strong>Condito-</strong></span> 
     </span>
    </p>
   </div>
   <div class='ocr_carea' id='block_1_119' title="bbox 2334 5515 3918 5595">
    <p class='ocr_par' dir='ltr' id='par_1_119' title="bbox 2334 5515 3918 5595">
     <span class='ocr_line' id='line_1_119' title="bbox 2334 5515 3918 5595; baseline 0.004 -29"><span class='ocrx_word' id='word_1_954' title='bbox 2334 5528 2447 5566; x_wconf 86' lang='lat' dir='ltr'><strong>rem</strong></span> <span class='ocrx_word' id='word_1_955' title='bbox 2482 5515 2823 5582; x_wconf 85' lang='lat' dir='ltr'><strong>ignorarunt.</strong></span> <span class='ocrx_word' id='word_1_956' title='bbox 2852 5526 2905 5570; x_wconf 88' lang='lat' dir='ltr'><strong>et</strong></span> <span class='ocrx_word' id='word_1_957' title='bbox 2936 5527 2990 5570; x_wconf 90' lang='lat' dir='ltr'><strong>tu</strong></span> <span class='ocrx_word' id='word_1_958' title='bbox 3033 5518 3482 5591; x_wconf 86' lang='lat' dir='ltr'><strong>propinquitatem</strong></span> <span class='ocrx_word' id='word_1_959' title='bbox 3513 5521 3726 5577; x_wconf 86' lang='lat' dir='ltr'><strong>illorum</strong></span> <span class='ocrx_word' id='word_1_960' title='bbox 3754 5538 3918 5595; x_wconf 78' lang='lat' dir='ltr'><strong>agnu-</strong></span> 
     </span>
    </p>
   </div>
   <div class='ocr_carea' id='block_1_120' title="bbox 2335 5605 3913 5677">
    <p class='ocr_par' dir='ltr' id='par_1_120' title="bbox 2335 5605 3913 5677">
     <span class='ocr_line' id='line_1_120' title="bbox 2335 5605 3913 5677; baseline 0.008 -19"><span class='ocrx_word' id='word_1_961' title='bbox 2335 5605 2478 5659; x_wconf 87' lang='lat' dir='ltr'><strong>scis?</strong></span> <span class='ocrx_word' id='word_1_962' title='bbox 2520 5607 2802 5677; x_wconf 82' lang='lat' dir='ltr'><strong>Propterea</strong></span> <span class='ocrx_word' id='word_1_963' title='bbox 2850 5609 3014 5676; x_wconf 90' lang='lat' dir='ltr'><strong>dicit,</strong></span> <span class='ocrx_word' id='word_1_964' title='bbox 3057 5624 3178 5665; x_wconf 88' lang='lat' dir='ltr'><strong>eum</strong></span> <span class='ocrx_word' id='word_1_965' title='bbox 3221 5628 3326 5667; x_wconf 85' lang='lat' dir='ltr'><strong>non</strong></span> <span class='ocrx_word' id='word_1_966' title='bbox 3369 5612 3715 5671; x_wconf 66' lang='lat' dir='ltr'><strong>admonuisse</strong></span> <span class='ocrx_word' id='word_1_967' title='bbox 3755 5615 3913 5672; x_wconf 81' lang='lat' dir='ltr'><strong>illos:</strong></span> 
     </span>
    </p>
   </div>
   <div class='ocr_carea' id='block_1_121' title="bbox 2340 5698 3913 5779">
    <p class='ocr_par' dir='ltr' id='par_1_121' title="bbox 2340 5698 3913 5779">
     <span class='ocr_line' id='line_1_121' title="bbox 2340 5698 3913 5779; baseline 0 -16"><span class='ocrx_word' id='word_1_968' title='bbox 2340 5698 2631 5757; x_wconf 75' lang='lat' dir='ltr'><strong>admonitio</strong></span> <span class='ocrx_word' id='word_1_969' title='bbox 2659 5702 2799 5757; x_wconf 74' lang='lat' dir='ltr'><strong>cuitu</strong></span> <span class='ocrx_word' id='word_1_970' title='bbox 2828 5714 2909 5760; x_wconf 64' lang='lat' dir='ltr'><strong>cat</strong></span> <span class='ocrx_word' id='word_1_971' title='bbox 2948 5705 2989 5761; x_wconf 72' lang='lat' dir='ltr'><strong>si</strong></span> <span class='ocrx_word' id='word_1_972' title='bbox 3031 5726 3135 5768; x_wconf 85' lang='lat' dir='ltr'><strong>non</strong></span> <span class='ocrx_word' id='word_1_973' title='bbox 3188 5719 3482 5779; x_wconf 76' lang='lat' dir='ltr'><strong>Ilit‘tlmflllc</strong></span> <span class='ocrx_word' id='word_1_974' title='bbox 3508 5708 3789 5765; x_wconf 85' lang='lat' dir='ltr'><strong>consilium</strong></span> <span class='ocrx_word' id='word_1_975' title='bbox 3828 5710 3913 5763; x_wconf 77' lang='lat' dir='ltr'><strong>do—</strong></span> 
     </span>
    </p>
   </div>
   <div class='ocr_carea' id='block_1_122' title="bbox 3928 5594 3959 5629">
    <p class='ocr_par' dir='ltr' id='par_1_122' title="bbox 3928 5594 3959 5629">
     <span class='ocr_line' id='line_1_122' title="bbox 3928 5594 3959 5629; baseline 0 -11"><span class='ocrx_word' id='word_1_976' title='bbox 3928 5594 3959 5629; x_wconf 64' lang='grc' dir='ltr'><strong>ᾳ.</strong></span> 
     </span>
    </p>
   </div>
  </div>
