4194 6302
235 323 340 376 3:29

235 436 390 481 mus,
423 417 515 473 sed
545 415 917 473 vehementius
940 421 995 468 et
1027 409 1234 473 acrius,
1268 414 1323 460 et
1347 404 1391 460 si
1421 411 1674 473 quantam
1707 401 1820 454 vul.

235 513 385 567 neris
414 510 640 579 requirit
678 507 858 573 ulcus,
890 514 1089 559 tantam
1121 502 1327 570 plagam
1361 495 1679 564 inﬂigamus.
1713 490 1827 545 Non

233 617 363 673 ergo
394 602 595 656 sufﬁcit
632 601 677 658 si
707 601 880 654 solum
909 597 1147 652 dicamus
1168 633 1182 654 ,
1217 589 1311 644 sed
1345 598 1399 642 et
1428 587 1652 640 multum
1682 583 1834 636 iucu-

233 705 348 750 tere
379 695 630 748 timorem
656 699 906 760 oportet,
940 697 996 740 ttt
1035 683 1329 755 iuventutis
1355 679 1613 735 desidiam
1655 689 1825 728 excu-

232 782 359 838 tias.
388 771 652 852 Queniam
681 782 841 851 igitur
868 777 1176 830 hortabatur
1207 762 1297 827 ine
1323 769 1561 840 quidem,
1593 766 1685 820 scd
1719 781 1823 818 non

230 881 288 927 ut
313 876 548 942 oportuit
568 871 899 933 hortabatur,
919 866 1160 921 hostibus
1179 864 1298 918 illos
1317 859 1582 930 exposuit,
1601 868 1654 912 et
1670 871 1829 910 exor-

230 976 286 1018 to
328 966 511 1035 praelia
536 964 844 1019 ceciderunt
881 962 934 1016 in
968 961 1082 1013 acie
1104 1000 1120 1025 ,
1162 971 1390 1024 cumque
1411 952 1651 1007 nuntium
1689 951 1829 1004 ferre

231 1073 342 1112 non
373 1064 587 1126 posset,
619 1053 818 1108 cadens
843 1059 897 1106 et
926 1051 1039 1118 ipse
1065 1047 1370 1103 confractus
1403 1052 1486 1099 est
1524 1051 1577 1097 et
1602 1039 1823 1095 interiit.

231 1146 398 1201 Vides
427 1148 617 1199 merito
644 1146 840 1199 dictum
868 1159 897 1195 a
924 1157 1010 1195 me
1034 1140 1215 1203 fuisse,
1240 1139 1528 1192 liberorum
1558 1148 1679 1188 esse
1706 1146 1828 1199 par-

233 1237 456 1300 ricidas,
483 1237 573 1306 qui
603 1237 935 1306 negligentes
962 1233 1157 1285 liberos
1184 1230 1381 1284 acriter
1411 1242 1516 1280 non
1544 1224 1823 1292 castigant,

231 1343 413 1397 neque
449 1327 517 1381 ab
549 1328 652 1382 illis
691 1327 924 1381 debitum
963 1325 1072 1377 Deo
1103 1321 1303 1376 cultum
1334 1316 1596 1386 eitigtmt?
1625 1314 1714 1369 Sic
1740 1312 1825 1366 ni-

231 1419 432 1472 mirum
458 1418 572 1473 Heli
600 1417 768 1472 iactus
788 1429 869 1471 est
894 1413 1174 1484 parricida.
1203 1411 1349 1466 Licet
1371 1409 1514 1462 enim
1545 1405 1682 1459 lilios
1705 1403 1826 1472 eius

190 1558 198 1567 ,
231 1509 421 1564 hostes
447 1509 739 1563 occiderint
758 1547 774 1572 ,
799 1507 889 1560 ille
921 1514 1097 1558 tamen
1124 1512 1312 1555 auctor
1337 1499 1502 1553 caedis
1523 1496 1619 1550 l'uit
1638 1535 1655 1561 ,
1682 1491 1822 1564 quod

230 1614 330 1652 sua
357 1602 498 1654 circa
531 1599 651 1651 illos
679 1595 995 1667 negligentia
1030 1595 1122 1648 Dei
1151 1591 1404 1646 auxilium
1432 1587 1500 1642 ab
1531 1587 1637 1640 illis
1661 1600 1820 1638 aver-

232 1692 401 1755 terit,
440 1701 493 1744 et
519 1689 691 1744 nudos
727 1703 790 1743 ac
831 1688 1072 1741 desertos
1102 1683 1166 1738 iis
1190 1723 1205 1746 ,
1237 1682 1324 1750 qui
1354 1693 1547 1736 necare
1585 1677 1820 1741 vellent,

228 1781 506 1850 objecerit.
553 1781 735 1846 Neque
769 1793 898 1833 vero
941 1777 1117 1830 solum
1160 1774 1301 1839 illos,
1348 1770 1443 1826 sed
1489 1777 1548 1825 et
1586 1768 1821 1837 seipsum

225 1886 353 1926 cum
382 1871 486 1924 illis
511 1869 804 1924 interemit.

303 1962 354 2016 9.
393 1960 553 2014 Pater
575 1961 844 2031 indulgens
869 1955 1126 2027 parricida
1155 1963 1248 2008 est.
1291 1982 1364 1993 —
1405 1951 1640 2020 ldipsum
1678 1961 1821 2002 nunc

225 2066 442 2122 quoque
469 2050 714 2121 plurimis
743 2048 978 2118 patribus
1005 2045 1181 2101 evenit
1211 2061 1224 2099 :
1257 2043 1380 2113 quia
1408 2041 1694 2096 verberare
1723 2053 1821 2092 no-

224 2145 463 2205 luerunt.
499 2158 598 2197 nec
623 2141 799 2196 verbis
825 2141 1107 2208 castigare,
1141 2152 1313 2206 neque
1341 2135 1658 2196 contristare
1687 2131 1822 2184 libe-

223 2251 320 2290 ros
345 2234 648 2288 inordinate
673 2241 830 2302 atque
856 2233 1035 2299 inique
1063 2229 1321 2290 viventes,
1353 2239 1724 2293 saepenumero
1753 2223 1804 2276 in

220 2327 558 2397 gravissimis
590 2326 706 2379 illos
730 2324 1039 2378 criminibus
1063 2319 1449 2389 deprehensos,
1476 2318 1527 2369 in
1556 2316 1816 2384 judicium

222 2418 498 2486 abreptos,
527 2432 556 2468 a
578 2414 915 2471 carniﬁcibus
934 2414 1108 2483 capite
1136 2410 1369 2464 truncari
1393 2409 1659 2467 viderunt.
1682 2405 1816 2459 Cum

221 2508 371 2560 enim
403 2515 460 2558 tu
487 2521 580 2560 eos
611 2519 716 2557 non
747 2505 973 2571 castiges
997 2542 1013 2563 ,
1062 2516 1180 2554 cum
1212 2510 1265 2552 tu
1314 2515 1418 2550 non
1459 2497 1696 2564 corrigas
1716 2534 1736 2559 ,
1764 2503 1820 2548 et

221 2597 503 2651 sceleratis
532 2610 596 2649 ac
623 2594 844 2664 perditis
872 2592 1175 2647 hominibus
1205 2600 1256 2644 te
1287 2591 1456 2658 ipsum
1486 2587 1782 2640 admisceas
1801 2625 1814 2648 ,

218 2694 281 2740 et
308 2687 362 2739 in
391 2686 718 2739 consortium
745 2683 995 2752 nequitia:
1025 2696 1145 2735 cum
1177 2679 1280 2733 illis
1318 2679 1504 2732 venias
1525 2717 1539 2740 ,
1581 2691 1646 2729 ex
1673 2689 1820 2728 com-

221 2777 484 2830 munibus
529 2776 734 2842 legibus
763 2775 814 2828 in
847 2789 940 2828 eos
981 2774 1183 2841 agitur,
1215 2781 1269 2823 et
1316 2771 1368 2822 in
1411 2767 1650 2822 omnium
1693 2781 1822 2819 con—-

219 2877 414 2938 spectu
445 2868 736 2935 puniuntur
769 2883 782 2918 :
813 2881 875 2920 ac
903 2864 1073 2932 major
1102 2877 1220 2916 cum
1253 2861 1558 2914 calamitate
1587 2858 1646 2910 lit
1675 2860 1818 2924 igno-

220 2959 390 3011 minia
416 2998 434 3020 ,
463 2957 588 3010 dum
621 2949 823 3023 patrem
871 2955 1016 3007 illum
1058 2952 1226 3022 digito
1270 2957 1570 3002 monstrant
1621 2961 1809 3000 ouines

220 3058 346 3116 post
392 3048 533 3099 illius
561 3047 806 3109 obitum,
845 3053 899 3098 et
936 3044 1010 3096 illi
1055 3040 1156 3096 fori
1188 3040 1387 3094 aditum
1437 3037 1815 3091 intercludant.

220 3137 432 3204 Quibus
461 3136 600 3189 enim
629 3137 798 3188 oculis
832 3134 1024 3202 poterit
1053 3138 1397 3186 occurrentes
1427 3129 1525 3181 sibi
1559 3138 1677 3192 post
1705 3138 1818 3180 tau-

220 3237 332 3281 tam
364 3224 632 3278 infamiam
663 3225 1089 3279 etcalamitatem
1123 3222 1212 3275 lilii
1244 3220 1527 3275 contueri?
1556 3219 1816 3285 Quocirca

221 3330 420 3385 precor
439 3326 492 3369 et
519 3316 742 3368 obsecro
775 3316 992 3366 multam
1021 3312 1309 3366 liberorum
1337 3325 1524 3364 curam
1545 3324 1814 3378 geramus,

219 3417 279 3462 et
319 3407 514 3475 ubique
555 3406 781 3459 salutem
812 3407 1025 3458 illorum
1066 3403 1258 3455 animze
1288 3415 1611 3470 quzeramus.
1655 3399 1818 3467 Mugi-

220 3508 338 3554 ster
369 3510 422 3552 et
451 3499 641 3552 doctor
677 3512 736 3551 es
763 3497 1025 3550 universa:
1051 3497 1248 3548 domus
1280 3504 1382 3546 tuae
1406 3533 1420 3552 ,
1449 3493 1650 3562 tibique
1683 3507 1814 3545 uxo-

221 3604 340 3644 rem
376 3595 431 3644 et
470 3590 606 3642 lilios
635 3597 889 3657 perpetuo
927 3585 1198 3639 docendos
1226 3583 1512 3639 committit
1554 3583 1710 3636 Deus.
1753 3582 1818 3635 Et

221 3697 374 3736 nunc
410 3681 625 3751 quidem
663 3682 736 3734 ait
765 3663 958 3734 Paulus
987 3679 1055 3733 de
1085 3678 1340 3732 uxoribus
1372 3695 1385 3731 :
1419 3677 1478 3732 Si
1502 3677 1623 3746 quid
1650 3687 1816 3730 autem

220 3773 399 3828 volunt
424 3773 637 3837 discere,
661 3773 800 3824 danti
824 3772 956 3824 uiros
980 3786 1099 3823 suos
1119 3771 1424 3839 interrogent
1466 3771 1539 3839 (l.
1571 3767 1688 3822 Cor.
1725 3769 1810 3821 14.

220 3865 356 3934 35);
386 3878 524 3916 nunc
549 3878 679 3918 vero
704 3862 770 3915 de
799 3863 978 3915 liberis
999 3901 1013 3924 ,
1045 3859 1273 3914 Educate
1300 3861 1418 3914 illos
1453 3861 1504 3913 in
1535 3861 1811 3928 disciplina

218 3966 268 4009 et
297 3956 613 4025 correptione
638 3956 843 4012 Domini
865 3958 1079 4028 (Epltes.
1107 3957 1161 4010 6.
1190 3957 1266 4026 4).
1297 3956 1513 4010 Statuas
1541 3970 1732 4008 aureas
1762 3957 1812 4007 itt

218 4047 429 4101 aedibus
461 4047 658 4102 habere
694 4060 745 4104 Ie
787 4052 1033 4104 existima
1081 4049 1318 4114 liberos;
1365 4049 1584 4118 singulis
1624 4049 1814 4102 diebus

218 4151 318 4192 eos
349 4129 595 4204 informa,
623 4151 677 4192 et
701 4140 985 4210 diligenter
1003 4141 1305 4205 considera,
1329 4143 1580 4209 omnique
1607 4142 1813 4194 ratione

219 4228 438 4282 illorum
467 4230 697 4283 animam
727 4246 930 4284 exorna
969 4241 1024 4285 et
1053 4233 1272 4286 institue
1307 4251 1319 4285 :
1356 4233 1562 4285 imitare
1600 4231 1810 4286 beatum

215 4320 346 4386 Job,
377 4322 466 4390 qui
497 4323 689 4377 time'us
708 4324 776 4377 ob
799 4339 859 4378 ea
887 4340 1008 4394 qua:
1033 4325 1132 4394 ipsi
1159 4335 1336 4378 mente
1359 4336 1694 4393 peccassent,
1728 4340 1814 4378 sa-

216 4413 422 4469 criﬁcia
455 4431 550 4483 pro
581 4415 710 4486 ipsis
735 4399 992 4472 offerebat
1017 4459 1033 4484 ,
1076 4434 1138 4472 ac
1171 4420 1394 4472 multum
1435 4420 1502 4474 de
1546 4419 1653 4473 illis
1696 4429 1813 4474 erat

215 4504 485 4559 sollicitus
512 4505 635 4575 (Job
688 4509 740 4562 l.
771 4509 850 4571 5).
883 4508 1092 4564 Imitare
1121 4511 1390 4564 Abraham
1426 4529 1440 4565 :
1470 4527 1596 4565 nam
1636 4521 1692 4566 et
1722 4513 1811 4567 ille

217 4598 566 4665 pecuniarum
615 4609 669 4652 et
704 4585 1108 4668 possessionum
1156 4600 1295 4653 haud
1340 4602 1609 4656 studiosus
1652 4612 1809 4669 erat,

197 4687 314 4742 sed
343 4687 643 4743 divinarum
675 4689 888 4759 legum,
923 4700 980 4744 ut
1008 4691 1215 4745 illarum
1247 4691 1677 4756 observationem
1717 4709 1812 4763 po-

215 4781 382 4834 steris
415 4781 527 4834 suis
551 4792 736 4836 exacte
766 4784 1186 4836 commendaret.
1212 4783 1380 4850 Quam
1411 4784 1526 4852 ejus
1562 4786 1809 4840 virtutem

216 4868 529 4924 testimonio
549 4886 645 4923 suo
664 4871 902 4925 declarat
923 4872 1061 4925 Deus
1078 4871 1128 4924 in
1152 4872 1265 4925 haec
1286 4875 1442 4926 verba
1469 4891 1482 4927 :
1512 4873 1636 4929 Scio
1655 4876 1807 4942 enim,

214 4961 340 5032 quia
364 4962 631 5015 constituet
659 4963 916 5017 Abraham
943 4965 1066 5033 [iliis
1093 4968 1198 5019 suis
1226 4965 1430 5035 judicia
1468 4978 1514 5020 et
1543 4969 1806 5039 justiﬁca-

215 5053 381 5107 tiones
403 5051 552 5122 (Gen.
594 5057 681 5109 18.
708 5055 820 5124 19).
841 5056 1016 5109 .David
1043 5072 1254 5126 quoque
1275 5100 1289 5122 ,
1314 5057 1440 5112 dum
1469 5069 1769 5115 moreretur
1791 5102 1806 5126 ,

215 5156 429 5210 magna:
450 5142 764 5201 hereditatis
790 5145 907 5199 loco
935 5157 1121 5200 vocato
1148 5148 1258 5202 tilio
1283 5165 1382 5203 suo
1413 5151 1716 5214 mandabat.
1747 5169 1810 5207 ac

215 5235 529 5300 frequenter
567 5235 781 5291 dicebat
810 5254 828 5289 ι
858 5237 913 5292 Si
950 5239 1190 5294 volueris
1211 5280 1226 5305 ,
1276 5242 1348 5294 lili
1369 5283 1386 5307 ,
1417 5257 1482 5296 ex
1513 5243 1685 5313 legum
1718 5246 1807 5300 Dei

219 5326 536 5396 praescripto
562 5328 746 5382 vivere
766 5370 781 5393 ,
812 5329 1014 5383 nullum
1044 5331 1374 5398 inopinatum
1404 5333 1600 5386 malum
1633 5346 1681 5388 te
1710 5352 1807 5404 op-

219 5417 434 5487 primet,
467 5420 561 5474 sed
593 5421 771 5476 omnia
799 5437 1055 5491 prospere
1087 5425 1179 5478 tibi
1210 5425 1520 5494 succedent,
1549 5443 1612 5481 ac
1646 5431 1807 5482 inulta

216 5511 506 5566 securitate
531 5514 750 5581 potieris
783 5530 802 5569 ι
828 5517 908 5569 sin
936 5527 1111 5570 autem
1141 5517 1321 5571 abillo
1345 5519 1540 5573 auxilio
1569 5521 1804 5587 excidas,

217 5597 353 5653 nihil
379 5599 470 5654 tibi
492 5617 713 5671 regnum
738 5612 791 5657 et
813 5607 973 5658 multa
997 5592 1365 5675 haec-potentia
1395 5609 1654 5678 proderit.
1681 5611 1806 5668 lianc

215 5701 272 5748 et
302 5693 421 5748 talia
448 5695 677 5765 dicebat,
700 5699 799 5753 etsi
821 5714 926 5753 non
950 5699 1064 5755 istis
1085 5702 1242 5770 plane
1269 5703 1464 5760 verbis.

1470 290 1534 347 IN
1576 288 1799 348 lLI.UD.
1841 285 2048 341 VIDUA
2091 284 2460 342 ELIGA‘I’UR.

3430 285 3537 345 330

2017 397 2102 453 10.
2140 396 2405 464 Quomodo
2436 397 2581 466 pueri
2609 395 2854 463 docendi;
2881 399 3081 468 fructus
3107 397 3248 453 bona
3271 409 3360 454 aut
3385 407 3537 458 malae

1937 488 2251 542 educationis
2308 489 2628 554 liberarunt;
2696 489 3003 561 negligentia
3062 501 3348 560 parentum.
3408 495 3536 548 Haec

1938 583 2095 636 etiam
2127 597 2226 634 nos
2256 592 2310 634 et
2339 581 2465 633 dum
2499 582 2756 647 vivimus,
2798 591 2854 636 et
2883 597 3002 636 cum
3036 585 3279 638 morituri
3305 600 3493 640 sumus
3527 633 3542 649 ,

1937 671 2123 725 liberis
2153 673 2349 726 nostris
2371 671 2634 738 dicamus,
2661 673 2845 742 eisque
2870 675 3284 742 persuadeamus
3311 693 3529 748 magnas

1935 775 2058 816 esse
2083 761 2292 816 divitias
2319 773 2373 815 et
2399 762 2646 816 stabilem
2676 765 3031 818 hereditatem
3058 807 3074 832 ,
3109 768 3530 841 thesaurumque

1936 854 2096 907 nullis
2121 854 2418 908 obnoxium
2446 855 2657 909 damnis
2683 857 2930 931 timerent
2964 859 3094 924 Dei;
3127 875 3190 916 ac
3218 861 3532 918 studeamus

1936 945 2041 1001 illis
2063 961 2166 1000 non
2198 946 2451 1016 pecunias
2475 962 2594 1016 quae
2623 958 2850 1017 pereunt
2875 950 3211 1020 relinquere,
3234 953 3329 1008 sed
3357 955 3529 1022 pieta-

1937 1045 2043 1092 tem
2066 1053 2184 1108 quae
2217 1045 2515 1107 permanet,
2547 1053 2647 1093 nec
2669 1055 2920 1109 umquam
2944 1041 3262 1097 absumitur.
3293 1043 3351 1100 Si
3380 1046 3526 1101 enim

1934 1128 2104 1198 pietas
2131 1143 2236 1181 non
2280 1126 2459 1194 adsit,
2503 1137 2730 1198 pereunt
2772 1133 3010 1199 pecuniae
3048 1148 3168 1200 qua:
3195 1144 3533 1206 suppetunt,

1934 1233 2057 1272 cum
2087 1217 2330 1286 periculo
2353 1228 2406 1273 et
2434 1218 2722 1288 ignominia
2744 1234 2951 1274 summa
2985 1240 2998 1272 ε
3032 1237 3093 1277 ea
3122 1239 3251 1278 vero
3274 1226 3321 1281 si
3345 1227 3486 1283 adsit
3511 1267 3525 1293 ,
3582 1250 3585 1251 ν

1933 1311 2094 1364 etiam
2126 1326 2187 1364 ea
2222 1325 2337 1381 quae
2365 1326 2471 1365 non
2500 1321 2790 1381 suppetunt
2811 1353 2827 1374 ,
2869 1316 3237 1384 acquiruntnr.
3281 1318 3336 1374 Si
3377 1329 3434 1376 tu
3465 1321 3530 1374 ii-

1933 1403 2061 1457 lium
2091 1415 2237 1456 ttuttn
2267 1412 2411 1458 recte
2435 1404 2748 1458 educaveris
2775 1445 2789 1469 ,
2822 1406 2891 1458 ita
2919 1422 3075 1461 suum
3105 1409 3271 1467 lilium
3305 1411 3392 1467 ille
3413 1453 3429 1474 .
3471 1421 3529 1467 et

1931 1496 2069 1548 alter
2087 1509 2239 1548 suum
2266 1510 2279 1557 ;
2303 1509 2364 1548 ac
2386 1493 2549 1548 veluti
2568 1505 2754 1549 catena
2777 1497 3019 1564 quaedam
3043 1510 3096 1552 et
3117 1500 3285 1555 series
3309 1504 3529 1571 optimae

1929 1585 2354 1639 conversationis
2377 1586 2443 1637 ad
2475 1599 2663 1639 omnes
2690 1601 2858 1656 usque
2889 1590 3186 1655 perveniet,
3221 1607 3248 1643 a
3283 1601 3333 1646 te
3364 1592 3529 1648 ducto

1930 1675 2083 1730 initio
2108 1683 2163 1728 et
2189 1674 2366 1728 radice
2385 1716 2400 1738 ,
2425 1674 2567 1728 unde
2594 1675 2689 1729 tibi
2725 1676 2794 1730 ob
2822 1688 3123 1746 susceptam
3169 1679 3396 1734 ﬁliorum
3426 1699 3527 1736 cu-

1929 1779 2042 1817 ram
2071 1756 2278 1818 fructus
2307 1774 2613 1819 nascentur.
2643 1764 2698 1818 Si
2732 1778 2982 1833 parentes
3015 1767 3209 1822 liberos
3235 1784 3362 1825 suos
3391 1770 3520 1825 dili-

1927 1867 2106 1927 genter
2134 1858 2410 1911 erudirent
2432 1897 2446 1921 ,
2490 1873 2596 1911 non
2639 1858 2841 1927 legibus
2861 1900 2875 1922 ,
2906 1875 3010 1913 non
3036 1861 3250 1927 judiciis
3277 1877 3413 1931 Opus
3440 1863 3525 1917 fo-

1929 1957 2050 2015 ret,
2079 1966 2183 2003 non
2217 1949 2391 2019 ptenis
2433 1965 2495 2004 ac
2536 1951 2838 2018 suppliciis,
2871 1961 2925 2006 et
2967 1952 3204 2007 eat-dibus
3251 1957 3473 2024 publicis
3507 1976 3520 2013 :

1927 2040 2188 2110 siquidem
2215 2024 2386 2104 βιαιο,
2418 2041 2590 2108 inquit
2614 2041 2726 2105 ille,
2761 2042 2843 2095 lea:
2867 2058 2968 2096 non
2994 2053 3064 2095 est
3092 2047 3254 2113 posita
3279 2046 3354 2118 (l.
3388 2046 3520 2101 Tim.

1930 2135 1982 2187 1.
2010 2134 2098 2203 9).
2147 2133 2411 2200 Quoniam
2441 2143 2617 2188 autem
2659 2135 2869 2188 illorqu
2902 2151 3083 2190 curant
3118 2155 3221 2191 non
3248 2141 3520 2208 gerimus,

1936 2223 2137 2278 idcirco
2162 2224 2453 2293 majoribus
2480 2225 2616 2279 'illos
2648 2226 2801 2280 malis
2838 2228 3156 2281 involvimus
3178 2272 3190 2291 ,
3220 2241 3270 2282 et
3301 2232 3517 2285 carnili-

1925 2330 2046 2368 cum
2078 2315 2194 2369 illos
2226 2317 2471 2369 manibus
2515 2315 2759 2372 dedimus
2785 2357 2800 2379 ,
2840 2326 2998 2387 atque
3031 2320 3081 2372 in
3114 2321 3363 2375 barathra
3409 2325 3519 2378 ire-

1924 2418 2152 2476 quenter
2181 2408 2521 2476 impellimus.
2551 2409 2648 2472 Qui
2669 2410 2797 2461 enim
2823 2412 3088 2479 refrigerat
3112 2412 3296 2477 ﬁliam,
3323 2414 3519 2483 inquit,

1926 2498 2182 2567 colligabit
2209 2502 2415 2551 vulnera
2446 2501 2553 2568 ejus
2583 2497 2772 2565 (Ercli.
2798 2501 2884 2555 50.
2920 2504 2994 2566 7).
3028 2502 3165 2567 Quid
3196 2513 3277 2556 est
3304 2504 3402 2569 Qui
3433 2523 3518 2558 re-

1926 2588 2176 2657 frigerat?
2206 2587 2305 2653 Qui
2335 2589 2619 2643 miseretur
2639 2630 2654 2654 ,
2689 2591 2778 2658 qui
2807 2590 3054 2644 adulatur
3075 2633 3091 2657 ,
3131 2594 3219 2661 qui
3254 2593 3524 2648 blanditur

1926 2682 2060 2730 ultra
2102 2678 2340 2731 modum.
2383 2678 2430 2731 ls
2456 2679 2600 2731 enim
2635 2681 2921 2734 severitate
2951 2695 3186 2749 curaque
3218 2683 3417 2754 indiget
3458 2700 3523 2740 ac

1927 2778 2090 2824 metu.
2125 2768 2250 2823 llaec
2286 2777 2462 2822 autem
2497 2785 2599 2823 non
2640 2787 2705 2824 eo
2736 2772 2875 2833 dico,
2913 2780 2970 2826 ut
2998 2774 3155 2827 nimis
3184 2776 3356 2842 aSperi
3387 2776 3523 2830 libe-

1925 2859 1997 2911 ris
2027 2860 2194 2912 simus
2219 2900 2232 2921 ,
2281 2859 2374 2913 sed
2406 2876 2471 2913 ne
2508 2861 2802 2929 despicatui
2835 2864 2902 2915 ab
2947 2865 3047 2918 illis
3099 2867 3411 2921 habeantur.
3463 2870 3524 2924 Si

1923 2951 2067 3004 enim
2101 2965 2234 3004 uxor
2261 2952 2430 3004 Virum
2461 2967 2615 3005 suum
2645 2962 2884 3008 metuere
2917 2954 3112 3019 debet,
3160 2959 3327 3012 multo
3355 2964 3526 3030 magis

1924 3040 2064 3115 ﬁlius
2111 3051 2334 3110 patrem.
2382 3042 2570 3112 Neque
2607 3045 2734 3096 milii
2786 3045 2933 3099 dicas
2963 3047 3167 3102 domari
3209 3035 3314 3104 nun
3365 3067 3526 3120 posse

1918 3132 2273 3201 juventutem.
2305 3131 2435 3186 Nam
2466 3135 2508 3187 si
2533 3149 2563 3187 a
2595 3136 2818 3189 tuuliere
2851 3137 3006 3190 vidua
3040 3155 3223 3194 curam
3253 3143 3522 3210 ejusmodi

1923 3226 2146 3290 requirit
2171 3225 2401 3286 Paulus,
2434 3228 2599 3280 multo
2629 3229 2795 3298 magis
2826 3244 2854 3282 a
2886 3231 3014 3285 viris
3046 3250 3058 3284 :
3090 3233 3134 3285 si
3174 3234 3285 3288 licri
3321 3236 3371 3289 id
3415 3252 3524 3291 non

1924 3327 2123 3386 posset,
2157 3333 2262 3371 non
2293 3319 2630 3387 imperasset.
2669 3321 2866 3375 Verum
2897 3323 3073 3376 onmis
3104 3323 3418 3392 improbitas
3446 3344 3514 3383 ex

1924 3411 2245 3481 negligentia
2271 3423 2453 3466 nostra
2496 3414 2669 3467 oritur
2694 3454 2706 3476 ,
2755 3425 2808 3467 et
2847 3405 2988 3484 qu‘od
3022 3433 3126 3469 non
3157 3433 3184 3467 a
3217 3417 3481 3488 principio
3502 3464 3518 3484 ,

1923 3517 2096 3572 neque
2119 3518 2148 3555 a
2176 3503 2428 3572 prima-va
2459 3512 2616 3556 astate
2641 3503 2706 3556 ad
2742 3508 2993 3571 pietatem
3027 3507 3169 3573 ipsos
3196 3508 3523 3564 informave-

1922 3593 2109 3648 rimus.
2142 3594 2246 3646 Sed
2279 3601 2334 3646 ut
2363 3593 2601 3663 profanis
2622 3594 2834 3662 quidem
2866 3595 3176 3649 i-tubuantur
3199 3598 3518 3668 disciplinis,

1920 3696 1975 3742 ct
2000 3688 2049 3740 in
2077 3696 2377 3741 castrorum
2408 3702 2659 3741 numeros
2689 3687 3007 3756 allegautur,
3040 3705 3257 3758 operam
3285 3691 3476 3748 damus
3497 3736 3514 3760 ,

1921 3789 1974 3834 et
2001 3781 2256 3849 pecunias
2284 3795 2649 3846 numeramus,
2689 3789 2741 3834 ct
2770 3781 2974 3834 amicos
3000 3781 3344 3837 obsecramus
3369 3825 3386 3850 ,
3418 3785 3524 3840 huc

1921 3872 2044 3925 illuc
2073 3871 2380 3940 frequenter
2405 3872 2760 3926 discurrimus
2795 3889 2808 3925 :
2844 3883 2899 3927 ut
2926 3883 3105 3928 autem
3137 3877 3275 3944 apud
3297 3880 3512 3944 angelo-

1920 3979 2037 4016 rum
2068 3962 2265 4032 Regem
2300 3964 2350 4016 in
2381 3963 2774 4019 existimatione
2802 3965 2910 4020 sint
2932 4007 2948 4031 ,
2979 3983 3084 4022 non
3116 3969 3402 4024 admodum
3434 3974 3516 4024 la-

1921 4056 2192 4109 boramus.
2241 4057 2416 4125 Atque
2460 4057 2526 4110 ad
2578 4061 2882 4125 spectat-nlo
2936 4060 3150 4129 quidem
3210 4063 3517 4132 frequenter

1918 4147 2210 4201 ascendere
2239 4148 2503 4213 sinimus,
2554 4149 2618 4201 ad
2662 4150 2946 4205 ecclesiam
2991 4161 3166 4206 autem
3216 4170 3511 4224 numquam

1920 4237 2103 4291 venire
2124 4237 2498 4305 compellimus
2531 4256 2542 4291 :
2578 4239 2671 4292 sed
2705 4240 2748 4294 si
2779 4243 2943 4296 semel
2969 4250 3063 4295 attt
3093 4243 3283 4297 iterum
3314 4261 3512 4314 pueru-

1918 4328 2002 4381 lus
2028 4327 2132 4382 ltue
2161 4328 2446 4395 adveniat,
2478 4340 2710 4396 temere,
2747 4332 2940 4386 frustra
2970 4343 3024 4388 et
3055 4334 3320 4390 incassum
3351 4348 3512 4406 atque

1919 4421 2082 4474 animi
2108 4436 2266 4489 causa
2309 4420 2414 4476 buc
2440 4423 2675 4477 advenit.
2723 4425 2791 4478 At
2836 4442 2939 4478 non
2985 4427 3053 4480 ita
3089 4427 3200 4481 ﬁeri
3229 4431 3463 4496 Oportuit
3497 4450 3509 4482 :

1917 4513 2010 4566 sed
2039 4513 2490 4582 quemadmodum
2522 4529 2641 4567 cum
2667 4515 2732 4569 ad
2765 4515 2977 4569 scholas
3019 4518 3276 4571 mittimus
3297 4560 3312 4584 ,
3342 4517 3512 4575 disci-

1917 4601 2182 4669 pliuarum
2212 4603 2278 4656 ah
2308 4601 2414 4656 illis
2449 4603 2708 4657 rationem
2738 4606 3028 4674 exigimus,
3065 4607 3131 4659 ita
3164 4622 3284 4661 cum
3320 4609 3384 4662 ad
3418 4626 3513 4664 ei:-

1916 4691 2132 4746 elesiam
2162 4691 2441 4758 mittimus,
2468 4693 2551 4748 vel
2579 4695 2756 4766 potius
2782 4696 3043 4752 ducimus.
3072 4696 3186 4752 Non
3218 4699 3360 4753 enim
3387 4701 3510 4757 aliis

1918 4798 2011 4837 eos
2040 4786 2408 4848 committere.
2442 4801 2471 4838 a
2505 4787 2655 4840 vobis
2685 4788 2875 4842 ductos
2903 4789 3005 4842 huc
3036 4798 3246 4856 oportet
3271 4790 3469 4862 intrare
3491 4836 3508 4858 ,

1918 4883 1973 4928 et
1998 4889 2185 4930 eorum
2215 4891 2334 4945 quae
2365 4877 2449 4930 hic
2473 4877 2794 4942 audiverint,
2823 4888 2876 4934 et
2898 4895 3018 4948 qua:
3051 4878 3358 4947 didicerint,
3392 4901 3507 4939 mc-

1918 4966 2086 5021 moria
2115 4967 2442 5036 reposcenda
2470 4980 2575 5024 est.
2611 4968 2700 5025 Sic
2729 4971 2871 5024 cnim
2905 4972 3056 5025 lieret
3087 4978 3144 5024 ut
3171 4986 3199 5023 a
3234 4973 3388 5031 nobis
3429 4976 3507 5031 fa-

1915 5059 2017 5113 cile
2044 5074 2109 5113 ac
2134 5059 2282 5113 nullo
2312 5062 2527 5130 negotio
2568 5063 2632 5116 ad
2666 5064 2941 5119 meliorem
2986 5062 3192 5133 frugem
3237 5065 3388 5122 liberi
3421 5086 3504 5125 re-

1893 5155 2254 5208 vocarentur.
2282 5153 2413 5209 Nam
2445 5156 2488 5209 si
2515 5166 2568 5210 ct
2591 5156 2736 5211 domi
2776 5167 3032 5226 perpetuo
3055 5174 3152 5212 nos
3180 5158 3248 5214 de
3272 5162 3502 5229 philoso-

1917 5245 2038 5313 phia
2085 5245 2367 5314 loquentes
2407 5247 2674 5314 audirent,
2717 5258 2772 5303 et
2811 5249 2954 5318 quod
3002 5264 3134 5318 opus
3182 5251 3322 5306 facto
3363 5265 3509 5309 esset

1914 5335 2282 5403 consulentes,
2313 5348 2365 5392 et
2391 5353 2511 5392 cum
2544 5341 2649 5392 illis
2673 5340 3088 5410 adjungereutur
3112 5357 3230 5410 qua:
3259 5343 3362 5399 hoc
3389 5346 3508 5400 loeo

1914 5427 2165 5482 dicuntur
2186 5470 2200 5491 ,
2231 5440 2285 5484 et
2310 5433 2704 5500 quamprimum
2735 5433 2957 5486 istorum
2988 5431 3256 5487 seminum
3291 5436 3509 5492 uberem

1915 5522 2070 5575 nobis
2104 5521 2333 5577 l‘ructum
2363 5525 2740 5594 producerent.
2771 5527 2837 5580 At
2869 5540 2966 5579 nos
2993 5525 3123 5579 nihil
3153 5525 3342 5582 borum
3371 5543 3510 5598 pra--

1913 5626 2136 5680 stamus,
2161 5616 2254 5671 scd
2279 5634 2340 5680 ea
2366 5634 2485 5687 quae
2517 5626 2697 5673 nostra
2731 5619 2993 5673 intersunt
3018 5619 3268 5686 maxime,
3298 5622 3516 5689 perfun—

1914 5710 2083 5763 ctorie
2113 5723 2360 5765 curamus
2393 5730 2407 5766 :
2438 5712 2580 5783 quod
2625 5713 2670 5767 si
2701 5713 2769 5768 de
2806 5712 2886 5766 his
2915 5712 3229 5768 cohortatur
3274 5714 3468 5785 aliquis
3489 5755 3507 5781 ,
