4194 6302
697 413 877 470 statim
903 411 1185 479 irridetur;
1212 421 1370 484 atque
1397 410 1523 468 hinc
1554 415 1630 477 fit,
1663 421 1721 467 ut
1746 412 1925 467 omnia
1954 423 2149 480 susque
2172 406 2271 460 de-

696 519 804 573 que
830 511 1118 567 vertantur,
1149 507 1390 574 quosque
1411 512 1661 574 parentes
1687 517 1802 559 non'
1820 503 2099 573 castigant,
2130 499 2277 571 teges

697 603 932 648 externa
958 593 1236 663 castigant.

770 685 857 738 ll.
889 685 972 738 An
1000 698 1106 738 non
1137 692 1189 740 te
1218 684 1402 755 pudet,
1439 697 1645 755 quaso,
1675 700 1775 740 nec
1800 682 2073 739 erubescis
2095 725 2110 750 ,
2152 697 2273 737 cum

698 776 863 830 filium
892 784 1037 831 tuum
1058 777 1221 847 judex
1248 779 1433 848 punit,
1458 786 1514 833 et
1548 777 2012 849 temperantiOrem
2057 773 2234 830 reddit
2255 814 2272 840 ,

695 864 836 934 quod
865 866 953 921 ille
972 869 1305 922 correctione
1336 876 1557 922 externa
1586 867 1838 938 indigeat,
1859 866 1950 936 qut
1972 873 2117 920 tanto
2139 872 2274 919 tem-

696 970 827 1026 pore
854 957 905 1011 in
930 958 1281 1013 contubernio
1320 968 1413 1013 tuo
1452 958 1625 1012 vixit?
1664 973 1770 1013 non
1806 967 1858 1013 te
1898 954 2183 1011 abscondis
2218 964 2274 1009 et

694 1045 971 1100 occultas?
996 1048 1078 1102 An
1108 1063 1236 1102 vero
1266 1056 1319 1101 tu
1348 1048 1567 1101 omnino
1590 1088 1606 1112 ,
1634 1048 1722 1102 dic
1745 1089 1759 1111 ,
1788 1062 1973 1117 quaeso
1995 1088 2011 1110 ,
2036 1056 2187 1117 pater
2206 1044 2270 1099 il-

692 1136 797 1192 lius
824 1136 989 1193 audes
1009 1138 1205 1201 vocari,
1235 1143 1321 1208 qui
1352 1139 1515 1193 lilium
1539 1139 1609 1192 ita
1637 1136 1955 1207 prodideris,
1978 1150 2152 1205 neque
2172 1148 2271 1189 ne-

692 1230 926 1285 cessario
952 1229 1101 1285 illum
1141 1230 1389 1301 prmsidio
1419 1230 1675 1285 munieris
1696 1228 1841 1295 ,sed
1868 1229 1937 1283 ab
1958 1228 2102 1283 omni
2134 1226 2271 1281 sive-

691 1322 765 1375 ris
801 1322 1140 1391 improbitate
1172 1322 1387 1377 vitiari?
1416 1322 1493 1377 Ac
1519 1322 1563 1377 si
1592 1321 1897 1392 quempiam
1936 1319 2148 1390 quidem
2185 1318 2269 1372 fu-

689 1416 912 1484 gitivum
942 1416 1125 1471 videas
1151 1417 1377 1486 puerulo
1396 1418 1575 1486 alapas
1601 1417 2001 1487 impingentem,
2031 1415 2273 1493 indigna-

693 1508 806 1571 ris,
852 1508 1097 1564 irasceris
1121 1550 1136 1574 ,
1186 1518 1240 1564 et
1281 1508 1390 1564 fera
1430 1508 1702 1564 crudelius
1745 1508 1795 1562 in
1841 1506 2030 1561 faciem
2068 1506 2271 1560 involas

686 1596 807 1668 ejus
828 1638 847 1666 ,
875 1614 905 1653 a
929 1615 1037 1669 quo
1063 1600 1358 1669 percutitur
1387 1616 1399 1653 :
1430 1614 1552 1654 cum
1584 1614 1712 1653 vero
1737 1598 2007 1652 diabolum
2034 1596 2269 1667 quotidie

697 1686 885 1744 videas
933 1689 1116 1759 alapas
1160 1690 1235 1745 illi
1266 1689 1559 1761 impingere
1585 1730 1601 1755 ,
1640 1689 1912 1743 dzemones
1949 1687 2015 1741 ad
2055 1696 2268 1757 peccata

692 1779 960 1849 pellicere,
992 1782 1215 1846 dormis,
1247 1798 1426 1853 neque
1455 1782 1768 1853 indignaris,
1804 1796 1976 1850 neque
2002 1793 2071 1836 ex
2100 1778 2266 1833 fauci-

689 1870 791 1926 bus
833 1871 1141 1927 saevissima:
1184 1872 1375 1929 bellum
1419 1872 1585 1928 filium
1628 1872 1835 1943 eripis?
1874 1870 2079 1925 Rursus
2104 1885 2132 1921 a
2158 1869 2269 1923 dte-

689 1979 849 2018 mone
874 1965 919 2018 si
949 1975 1252 2035 correptum
1278 1965 1481 2031 videas,
1510 1964 1575 2021 ad
1603 1980 1789 2020 omnes
1816 1975 2030 2018 sanctos
2056 1962 2229 2017 curris
2248 2001 2264 2024 ,

689 2065 745 2109 et
768 2070 863 2111 eos
886 2056 979 2127 qui
1007 2056 1282 2112 cacumina
1310 2057 1571 2112 montium
1597 2057 1833 2110 incolunt
1858 2055 2181 2124 interpellas,
2210 2062 2268 2106 ut

688 2145 836 2199 illum
864 2147 1126 2215 ejusmodi
1151 2146 1330 2203 furore
1351 2148 1579 2204 liberent
1602 2165 1615 2204 :
1639 2162 1760 2203 cum
1786 2156 1963 2203 autem
1992 2163 2020 2199 a
2048 2158 2267 2217 peccato

685 2251 900 2308 semper
932 2248 1159 2295 vexetur
1178 2281 1192 2306 ,
1222 2239 1363 2310 quod
1393 2240 1638 2296 daemone
1663 2241 1852 2312 quovis
1876 2239 2117 2311 asperius
2140 2246 2222 2293 est
2244 2277 2261 2304 ,

687 2328 819 2384 nihil
846 2339 1022 2386 tamen
1047 2340 1099 2387 te
1127 2332 1466 2387 commovet?

753 2420 1001 2477 Peccator
1023 2423 1333 2479 ἀστηοηὶαο
1357 2424 1605 2479 miserior.
1634 2451 1707 2465 —-
1730 2424 1799 2478 At
1821 2438 1851 2475 a
1880 2421 2123 2478 daemone
2143 2419 2271 2492 quio-

682 2513 806 2569 dem
833 2514 1011 2569 vexari
1036 2554 1053 2580 ,
1084 2513 1214 2569 nihil
1240 2530 1400 2585 grave
1428 2524 1511 2570 est
1536 2532 1549 2569 :
1580 2530 1752 2585 neque
1788 2515 1931 2571 enim
1970 2515 2074 2568 ullo
2103 2512 2261 2567 modo

687 2614 864 2676 potest
903 2606 1224 2662 daemonium
1268 2606 1321 2662 in
1367 2607 1665 2677 gehennam
1711 2606 2033 2676 pratcipitem
2072 2618 2257 2674 agerc;

682 2695 781 2752 sed
819 2697 866 2753 si
906 2696 1091 2752 attenti
1133 2698 1301 2751 simus
1328 2710 1390 2750 ac
1416 2696 1604 2766 vigiles
1634 2736 1650 2761 ,
1682 2694 1773 2749 ubi
1813 2710 1933 2749 cum
1973 2694 2259 2763 gratiarum

684 2786 893 2841 actione
920 2787 1270 2843 contumelias
1298 2785 1560 2855 ejusmodi
1594 2785 1892 2847 tulerimus,
1915 2784 2072 2839 etiam
2098 2794 2259 2836 coro-

683 2890 780 2930 nas
808 2875 961 2930 nobis
991 2875 1227 2946 insignes
1253 2884 1311 2931 et
1339 2876 1573 2931 illustres
1604 2875 1691 2928 illa
1719 2873 1940 2929 tentatio
1976 2876 2258 2939 compara-

683 2967 789 3033 bit;
819 2983 942 3023 eum
973 2982 1101 3023 vero
1129 2968 1219 3038 qui
1250 2968 1484 3037 peccatis
1520 2967 1665 3021 vivat
1689 2965 1929 3019 addictus
1952 3004 1967 3029 ,
2008 2962 2257 3031 impossi-

680 3060 788 3116 bile
812 3069 894 3115 est
919 3074 1167 3130 umquam
1193 3058 1396 3114 salvum
1426 3059 1537 3113 fieri
1564 3097 1580 3123 ,
1624 3057 1718 3112 sed
1749 3056 1904 3126 plane
1934 3069 2151 3109 necesse
2177 3061 2260 3107 est

680 3160 737 3207 ct
762 3151 847 3206 hic
873 3152 1286 3223 ignominiosum
1314 3166 1437 3206 esse
1462 3190 1478 3216 ,
1524 3158 1579 3205 et
1602 3149 1912 3204 defunctum
1941 3160 2123 3201 rursus
2154 3146 2261 3200 illic

681 3243 970 3299 immortali
1013 3244 1275 3314 supplicio
1314 3243 1509 3313 puniri.
1558 3241 1934 3296 Verumtamen
1982 3239 2103 3293 licet
2146 3236 2260 3293 hate

681 3338 947 3403 sciamus,
977 3336 1203 3390 multum
1244 3334 1457 3406 quidem
1488 3333 1647 3389 studii
1676 3333 1727 3387 in
1760 3347 1823 3387 ea
1860 3345 1979 3402 qua:
2002 3339 2126 3385 sunt
2153 3329 2257 3383 nii-

681 3441 811 3481 nera
839 3426 1166 3482 conferimus
1196 3444 1210 3480 :
1234 3434 1291 3481 at
1312 3441 1433 3481 cum
1461 3425 1527 3480 de
1556 3424 1849 3495 majoribus
1878 3424 2072 3494 agitur,
2099 3422 2253 3476 nolu-

681 3532 799 3572 mus
827 3517 1049 3572 excitari
1080 3534 1093 3571 :
1126 3516 1360 3588 dumque
1386 3526 1689 3587 correptum
1733 3532 1762 3569 a
1802 3516 2045 3570 daemone
2083 3513 2259 3569 cerni-

681 3622 801 3663 mus
824 3648 840 3673 ,
879 3608 1119 3678 legemus
1150 3626 1163 3663 :
1195 3608 1322 3662 dum
1362 3615 1539 3664 autem
1589 3618 1895 3678 peccantem
1943 3606 2213 3661 cernimus
2238 3645 2256 3671 ,

681 3716 751 3756 ne
784 3701 1107 3770 percipimus
1140 3700 1354 3771 quidem
1379 3740 1395 3765 ,
1438 3714 1559 3753 cum
1603 3699 1854 3769 plangere
1882 3707 2154 3767 oporteret
2193 3710 2258 3751 ac

680 3790 881 3845 deflere
911 3807 925 3844 :
958 3790 1039 3844 vel
1068 3792 1241 3860 potius
1267 3805 1371 3844 non
1411 3788 1611 3845 deflere
1636 3790 1805 3845 solum
1828 3828 1842 3853 ,
1885 3788 1978 3845 sed
2021 3798 2077 3845 et
2102 3788 2252 3844 cohi-

680 3884 806 3938 bere
836 3898 897 3939 ac
922 3882 1211 3947 refrenare,
1244 3882 1547 3948 consulere,
1577 3881 1871 3947 cohortari,
1898 3880 2142 3935 timorem
2169 3880 2254 3934 in-

677 3983 883 4038 cutere,
909 3973 1325 4044 reprehendere,
1358 3973 1500 4028 omni
1527 3972 1750 4028 medela:
1776 3986 1972 4041 genere
2012 3970 2255 4025 morbum

679 4066 827 4120 illum
851 4066 1087 4133 abigere,
1119 4080 1180 4120 ac
1209 4065 1423 4118 viduam
1456 4064 1609 4117 istam
1638 4063 1829 4117 imitari
1854 4104 1868 4126 ,
1895 4061 1960 4115 de
1986 4075 2089 4131 qua
2115 4060 2253 4114 Pau-

678 4158 761 4213 lus
784 4160 879 4224 ait,
910 4157 974 4212 Si
996 4158 1133 4225 ﬁlios
1157 4157 1387 4211 educavit
1411 4154 1486 4229 (ι.
1510 4154 1648 4209 Tim.
1684 4157 1733 4211 5.
1764 4154 1873 4224 10).
1904 4152 2086 4224 Neque
2112 4152 2253 4208 enim

681 4249 747 4302 ad
774 4250 914 4303 illam
942 4256 1142 4303 tantum
1170 4288 1185 4313 ,
1224 4248 1319 4304 sed
1366 4248 1433 4303 ad
1473 4262 1659 4304 omnes
1696 4261 1906 4317 quoque
1953 4261 2256 4301 sermonem

684 4342 824 4397 hunc
847 4342 1064 4413 dirigit,
1086 4357 1379 4412 omnesque
1415 4341 1756 4405 cohortatur,
1786 4341 1967 4395 dicens
1986 4381 2000 4405 ,
2031 4336 2258 4395 Educats

681 4432 816 4503 ﬁlios
842 4433 891 4486 in
917 4433 1229 4502 correptione
1255 4430 1464 4487 Domini
1492 4430 1707 4501 (Ephes.
1747 4432 1799 4485 6.
1837 4430 1914 4501 ι).
1966 4429 2097 4484 Nam
2144 4429 2257 4498 pri-

682 4540 827 4580 mum
859 4525 958 4579 hoc
978 4525 1192 4595 quidem
1219 4534 1319 4592 est,
1350 4535 1403 4582 et
1429 4525 1716 4579 maximum
1738 4523 1956 4587 bonum,
1984 4521 2125 4593 quod
2156 4521 2257 4576 uti-

682 4632 789 4686 que
826 4619 1054 4685 primum
1091 4634 1120 4671 a
1150 4618 1305 4673 vidua
1335 4618 1548 4685 exegit;
1580 4614 1774 4671 deinde
1818 4624 1938 4685 post
1966 4614 2105 4670 istud
2132 4616 2206 4669 ait
2238 4630 2253 4669 :

686 4710 748 4766 Si
777 4710 993 4781 hospitio
1019 4713 1220 4779 recepit.
1247 4711 1407 4779 Quid,
1431 4726 1632 4780 quaeso,
1662 4708 1831 4763 dicis?
1852 4710 1892 4763 A
1920 4710 2143 4763 muliere
2173 4708 2255 4762 vi-

685 4805 787 4859 dua
812 4804 1055 4873 requiris,
1088 4814 1143 4857 :tt
1171 4803 1401 4872 hospitio
1428 4802 1682 4873 recipiat?
1719 4801 1834 4857 Non
1862 4801 1977 4856 hoc
2020 4800 2251 4866 sufficit,

685 4906 746 4950 ut
772 4894 967 4950 liberos
992 4896 1223 4949 nutriat?
1244 4895 1605 4966 Nequaquam,
1636 4895 1839 4964 inquit;
1868 4894 1960 4950 sed
1988 4894 2089 4949 hoc
2118 4909 2254 4963 quo-

685 5002 788 5059 que
814 4985 1088 5054 adjiciatur
1114 5000 1331 5042 necesse
1350 4995 1453 5053 est,
1477 4995 1531 5042 et
1550 4986 1675 5041 dum
1699 4986 2006 5041 domesticis
2037 4993 2250 5055 prmest,

685 5080 847 5132 etiam
873 5078 1163 5132 alienorum
1193 5094 1372 5134 curam
1398 5088 1586 5151 gerat,
1630 5095 1693 5134 ac
1722 5081 2013 5150 peregrinis
2036 5081 2251 5133 domum

682 5171 903 5241 aperiat.
950 5170 1061 5223 Vita
1104 5169 1311 5226 functus
1336 5162 1439 5228 est
1485 5173 1742 5238 maritus;
1782 5187 1996 5226 omnem
2035 5188 2251 5240 Operam

682 5277 839 5331 quam
884 5260 1012 5315 olim
1052 5261 1103 5315 in
1149 5261 1315 5327 illum,
1354 5280 1406 5318 in
1452 5263 1763 5335 peregrinos
1808 5262 2072 5330 impende.
2116 5263 2252 5330 Quid

688 5367 815 5422 ergo
836 5392 851 5418 ,
878 5352 921 5405 si
948 5352 1263 5421 paupercula
1291 5353 1397 5420 sit,
1440 5354 1579 5409 dicet
1617 5354 1843 5424 aliquis?
1866 5354 1980 5407 Non
2029 5363 2109 5408 est
2148 5355 2253 5409 ulla

686 5441 970 5513 pauperior
993 5441 1077 5495 illa
1106 5442 1256 5497 vidua
1284 5484 1299 5509 ,
1327 5460 1443 5514 qua:
1472 5445 1683 5499 modico
1722 5445 1813 5498 illo
1842 5444 2024 5498 farinae
2051 5485 2063 5507 ,
2095 5453 2253 5512 atque

684 5535 786 5589 olei
833 5533 1042 5604 Iecytho
1069 5549 1311 5603 magnum
1342 5537 1650 5605 prophetam
1698 5536 1899 5591 lleliam
1927 5536 2135 5603 excepit
2174 5535 2249 5605 (5.

689 5625 814 5696 Reg.
850 5624 913 5680 Π
933 5625 971 5695 ).
1007 5623 1137 5680 Nam
1167 5626 1238 5679 illi
1267 5638 1416 5683 erant
1443 5627 1592 5684 liberi
1620 5644 1634 5687 :
1666 5627 1759 5683 sed
1800 5643 1973 5698 neque
1999 5627 2075 5683 rei
2104 5626 2252 5681 fami-

678 5715 827 5772 liaris
855 5726 1081 5786 egestas,
1118 5731 1216 5773 nec
1256 5718 1497 5776 violentia
1533 5718 1686 5775 famis
1708 5762 1723 5790 ,
1757 5737 1928 5793 neque
1960 5735 2108 5779 mors
2148 5722 2244 5777 im-

1474 299 1535 356 Β.
1571 296 1848 357 JOANNIS
1884 283 2355 355 CIIRYSOSTOMI
2394 292 2711 351 ARCIIIEP.
2752 296 3286 359 CONSTANTINOP.

3871 306 3976 363 332

2394 408 2625 477 mittens,
2674 429 2847 484 neque
2892 414 3181 472 liberorum
3224 433 3369 485 cura,
3425 432 3526 475 nec
3569 419 3819 489 viduitas,
3876 440 3972 481 nec

2380 500 2522 556 aliud
2548 504 2834 575 quidquam
2864 506 3109 579 hospitali
3144 510 3357 565 mulieri
3382 511 3662 569 obstaculo
3689 514 3805 570 fuit.

2452 590 2540 647 12.
2569 593 2658 649 Sic
2686 594 2880 668 ubique
2908 614 3014 653 non
3042 599 3346 655 facultatum
3378 616 3652 669 mensura,
3679 602 3775 660 sed
3803 605 3969 660 attingi

2378 680 2707 753 amictusque
2727 701 2971 743 memora
2995 692 3266 760 queritur.
3290 689 3390 757 Qui
3418 695 3787 764 magnanimus
3812 707 3898 750 est
3916 707 3971 751 ct

2380 782 2559 828 mente
2586 768 2754 841 dives,
2786 776 2911 831 licet
2938 780 3161 847 pecunia
3203 782 3273 837 sit
3294 782 3532 837 omnium
3575 787 3967 855 pauperrimus,

2376 873 2431 919 et
2456 865 2833 935 hospitalitate,
2858 876 2911 924 et
2930 869 3290 943 eleemosyna,
3306 881 3357 928 et
3378 873 3525 928 omni
3544 873 3751 944 reliquo
3770 891 3969 946 genere

2379 952 2711 1011 liberalitatis
2724 972 2911 1013 omnes
2940 960 3137 1028 poterit
3163 976 3421 1031 superare
3448 980 3463 1017 :
3493 964 3583 1033 qui
3611 978 3741 1019 vero
3769 980 3963 1033 parcus

2376 1054 2459 1102 est
2495 1063 2559 1103 ac
2586 1059 2764 1106 mente
2796 1066 3013 1120 pauper,
3042 1063 3202 1124 atque
3225 1054 3371 1109 humi
3396 1056 3581 1126 serpit,
3612 1060 3681 1113 sit
3709 1059 3835 1113 licet
3853 1075 3966 1113 om-

2376 1139 2521 1193 nium
2566 1140 3048 1209 locupletissimus,
3095 1146 3333 1200 omnium
3381 1149 3753 1218 pauperrimus
3788 1160 3873 1205 est
3914 1161 3964 1206 et

2375 1229 2785 1300 egentissimus;
2808 1231 3009 1288 idcirco
3041 1234 3162 1288 talia
3180 1246 3370 1291 cuncta
3396 1238 3657 1295 detrectat
3674 1248 3729 1296 et
3750 1239 3963 1311 refugit.

2376 1320 2442 1374 Et
2465 1319 2907 1389 quemadmodum
2934 1323 2987 1379 in
3014 1339 3247 1394 paupere
3264 1326 3467 1381 nullum
3487 1337 3661 1397 potest
3683 1340 3969 1400 paupertas

2373 1411 2439 1464 ad
2457 1410 2849 1483 eleemosynam
2873 1414 3311 1486 impedimentum
3338 1417 3550 1485 aﬂ‘erre,
3576 1429 3795 1490 propter
3821 1437 3969 1476 men-

2374 1502 2441 1556 tis
2461 1502 2827 1570 opulentiam:
2873 1504 2952 1560 sic
2985 1521 3084 1561 nec
3115 1505 3333 1562 divitem
3364 1518 3587 1578 possunt
3627 1525 3761 1581 opes
3778 1512 3968 1580 juvare

2372 1592 2438 1647 ad
2467 1594 2831 1650 liberalitatem
2859 1596 3213 1652 exercendam
3262 1614 3371 1669 prae
3399 1600 3561 1656 nimia
3602 1603 3799 1657 mentis
3834 1619 3966 1674 ege-

2371 1696 2529 1743 state.
2555 1686 2667 1743 Nec
2709 1688 2867 1760 longe
2911 1700 3070 1745 erunt
3110 1693 3353 1762 exempla
3396 1694 3623 1763 petenda
3664 1695 3965 1767 :siquidcm

2372 1778 2527 1851 vidua
2558 1778 2770 1835 modico
2797 1780 2980 1835 farina:
3008 1781 3322 1852 prophetam
3351 1783 3563 1855 excepit
3587 1802 3601 1839 :
3634 1784 3854 1841 At-baab
3872 1801 3969 1840 au-

2371 1877 2500 1934 tem,
2526 1870 2617 1940 qui
2644 1878 2725 1925 tot
2770 1870 2982 1927 divitias
3013 1873 3338 1939 possidebat,
3368 1875 3531 1930 etiam
3559 1876 3733 1932 aliena
3758 1892 3964 1932 concu-

2370 1960 2501 2031 pivit
2541 1961 2629 2033 ('5.
2657 1961 2785 2033 Reg.
2814 1978 2862 2017 c.
2892 1963 2979 2017 i7.
3006 1972 3054 2018 et
3082 1980 3131 2019 ε.
3156 1964 3218 2020 21
3256 1964 3299 2036 ).
3348 1966 3422 2021 Ita
3465 1982 3571 2021 non
3600 1968 3965 2038 pecuniarum

2368 2052 2585 2115 divitiae,
2613 2052 2707 2107 sed
2733 2054 2928 2109 mentis
2963 2054 3165 2110 divitia:
3190 2055 3496 2112 facilitatem
3524 2058 3680 2113 nobis
3703 2057 3773 2114 ad
3816 2059 3966 2115 cice-

2368 2144 2647 2214 mosynam
2678 2144 2917 2212 prmbent
2943 2161 2958 2197 :
2986 2145 3417 2216 quandoquidem
3465 2147 3555 2202 illa
3597 2148 3761 2204 etiam
3804 2148 3966 2206 vidua

2364 2232 2576 2289 duobus
2614 2233 2788 2288 obolis
2808 2235 3119 2291 innumeros
3141 2235 3335 2293 divites
3373 2239 3665 2309 superavit,
3696 2255 3800 2296 nec
3830 2256 3965 2311 pau-

2366 2334 2546 2394 pertas
2570 2324 3003 2395 impedimentum
3018 2327 3223 2398 ,objecit
3244 2327 3394 2399 (Luc.
3414 2329 3505 2386 2i.
3522 2329 3680 2401 2-4).
3715 2331 3829 2387 lmo
3850 2334 3967 2390 ba-c

2367 2415 2480 2487 ipsa
2514 2426 2799 2486 paupertas
2844 2418 3239 2491 eleemosynam
3284 2420 3541 2491 majorem
3582 2423 3791 2478 effecit:
3819 2426 3965 2494 quod

2368 2508 2552 2577 utique
2600 2508 2792 2564 Paulus
2839 2508 2924 2564 his
2950 2510 3126 2567 verbis
3164 2514 3475 2583 expressit:
3519 2514 3779 2570 Altissinto
3829 2534 3966 2586 pau-

2369 2608 2538 2669 pertas
2558 2600 2827 2653 abundavit
2846 2601 2899 2654 in
2926 2602 3129 2656 divitias
3158 2603 3500 2673 simplicitatis
3522 2621 3697 2660 eorum
3719 2606 3813 2678 (2.
3838 2606 3963 2663 Cor.

2366 2692 2421 2744 8.
2444 2687 2526 2758 2).
2546 2689 2660 2744 Non
2676 2691 2817 2745 enim
2842 2690 2942 2747 hoc
2956 2693 3399 2750 considerandum
3416 2704 3500 2751 est
3513 2696 3650 2753 duos
3666 2696 3812 2754 illam
3830 2698 3966 2756 obo-

2364 2778 2445 2834 los
2472 2794 2741 2851 erogasse,
2791 2781 2884 2836 scd
2914 2782 3055 2853 quod
3082 2800 3203 2840 cum
3254 2784 3354 2841 bos
3402 2787 3547 2844 solos
3575 2787 3823 2857 haberet,
3857 2792 3963 2847 illis

2364 2870 2583 2927 minime
2630 2875 2949 2942 pepercerit,
2981 2874 3074 2929 sed
3103 2883 3265 2931 totam
3282 2877 3634 2936 substantiam
3658 2895 3812 2937 suam
3831 2898 3964 2939 eon-

2365 2962 2566 3030 tulcrit,
2616 2964 2832 3020 laudare
2875 2965 3015 3020 illam
3045 2977 3258 3036 Oportet
3298 2984 3361 3024 ac
3408 2971 3613 3027 mirari.
3652 2970 3771 3029 Non
3802 2973 3966 3045 igitur

2362 3055 2572 3123 opibus,
2603 3054 2697 3111 scd
2742 3056 2906 3111 animi
2946 3058 3220 3115 alacritate
3250 3060 3403 3117 nobis
3444 3069 3529 3118 est
3552 3076 3709 3133 opus,
3742 3064 3960 3135 quando

2363 3146 2660 3215 excipiendi
2690 3156 2811 3202 sunt
2840 3146 3096 3218 hospites.
3125 3148 3255 3205 Nam
3283 3152 3737 3221 quemadmodum
3764 3156 3810 3210 si
3844 3155 3962 3212 hac

2363 3236 2523 3301 adsit,
2554 3236 2682 3291 nihil
2706 3252 2901 3293 nocere
2926 3248 3099 3308 potest
3130 3252 3415 3311 paupertas
3442 3260 3457 3296 :
3488 3243 3566 3298 sic
3588 3245 3633 3299 si
3656 3244 3772 3301 hare
3794 3234 3973 3314 absit,

2364 3326 2494 3382 nihil
2526 3328 2763 3397 proderit
2787 3330 3079 3401 opulentia.
3110 3332 3247 3399 Quid
3277 3333 3356 3388 ais
3380 3333 3404 3386 τ
3431 3334 3626 3390 Curam
3659 3335 3954 3394 liberorum

2362 3423 2499 3493 gerit
2524 3425 2699 3489 vidua,
2728 3436 2783 3480 et
2810 3424 3010 3480 idcirco
3034 3426 3345 3497 peregrinos
3386 3425 3567 3484 fovere
3593 3444 3703 3483 non
3733 3432 3962 3502 potest?

2365 3514 2475 3570 hno
2498 3530 2625 3570 vero
2644 3515 2781 3572 hanc
2802 3515 3045 3572 eamdem
3066 3517 3138 3573 ob
3158 3532 3375 3573 musam
3399 3516 3606 3576 facilius
3630 3521 3680 3576 id
3698 3532 3963 3591 praestate

2364 3606 2576 3677 poterit,
2605 3620 2725 3661 cum
2755 3608 2806 3661 in
2830 3608 3162 3663 consortium
3207 3606 3507 3664 oﬂictorum
3532 3610 3959 3669 exhibendorum

2365 3698 2500 3752 filios
2531 3699 2703 3768 poscit
2727 3696 3052 3765 adsciscere,
3082 3697 3171 3768 qui
3201 3697 3360 3752 simul
3384 3697 3591 3768 juvant,
3621 3703 3835 3756 etcum
3869 3704 3957 3758 illa

2362 3790 2673 3860 praeclarum
2698 3788 2830 3844 illud
2858 3804 2994 3858 opus
3016 3798 3393 3859 exsequantur.
3436 3790 3618 3861 itaque
3644 3808 3751 3848 non
3784 3795 3957 3865 impe-

2363 3880 2677 3946 dimentum,
2710 3877 2803 3934 sed
2834 3879 3087 3933 auxilium
3127 3878 3501 3948 hospitalitatis
3526 3883 3629 3937 erit
3668 3882 3960 3941 multitudo

2366 3970 2668 4036 liberorum,
2698 3980 2752 4026 et
2768 3971 3051 4027 multorum
3074 3986 3262 4026 manus
3282 3972 3432 4043 operi
3453 3972 3681 4032 admota:
3706 3992 3957 4048 magnam

2362 4062 2585 4116 all'crent
2625 4062 2926 4117 ministerio
2954 4062 3279 4118 facilitatem.
3311 4062 3432 4119 Noli
3456 4066 3596 4120 enim
3638 4067 3767 4121 mihi
3809 4084 3960 4141 sunt-7

2364 4160 2603 4221 ptuosam
2631 4167 2871 4208 mensam
2898 4168 3320 4211 commemorare
3341 4155 3414 4211 :si
3445 4157 3783 4227 peregrinum
3814 4168 3960 4217 tecto

2362 4247 2649 4315 exceperit,
2694 4245 2741 4301 si
2760 4262 2879 4316 qum
2904 4248 3257 4318 suppetebant
3282 4254 3611 4319 apposuerit,
3639 4253 3684 4307 si
3723 4255 3952 4309 multam

2364 4334 2745 4391 immanitatem
2788 4345 2843 4390 et
2894 4339 3199 4393 comitatem
3246 4339 3583 4409 exhibuerit,
3643 4343 3955 4400 mercedem

2362 4442 2576 4481 ntnnem
2619 4426 2995 4499 hospitalitatis
3034 4430 3346 4498 promeruit.
3376 4429 3510 4487 Nam
3539 4433 3583 4488 si
3611 4434 3763 4488 solus
3800 4450 3958 4505 aqua:

2361 4517 2562 4588 frigidm
2581 4519 2717 4573 calix
2738 4534 2956 4589 regnum
2977 4520 3227 4575 caelorum
3238 4521 3480 4576 conciliat
3506 4522 3721 4596 (Matth.
3736 4525 3824 4581 10-
3840 4526 3955 4595 42).

2354 4625 2459 4683 suo
2488 4619 2628 4665 tecto
2647 4611 2916 4681 excipere,
2949 4626 3148 4666 mensa
3177 4611 3491 4684 participem
3521 4614 3844 4678 adsciscere.
3890 4634 3956 4673 ac

2362 4702 2601 4773 reticere,
2627 4712 2904 4775 quantum,
2942 4718 3148 4775 quaeso,
3189 4701 3418 4761 fructum
3460 4707 3669 4776 pariet?
3707 4708 3789 4765 Ac
3806 4710 3952 4773 vide.

2360 4809 2517 4864 quam
2546 4802 2795 4850 accurate
2814 4810 2927 4849 rem
2946 4794 3140 4851 Paulus
3160 4807 3410 4867 exponat.
3432 4796 3551 4853 Non
3577 4799 3721 4854 enim
3743 4800 3955 4871 simpli-

2359 4888 2491 4943 citer
2516 4886 2620 4942 hoc
2643 4888 2762 4943 loco
2775 4886 3188 4956 hospitalitatem
3215 4876 3400 4961 exigit.
3432 4889 3527 4945 sed
3548 4906 3668 4946 eam
3688 4908 3811 4962 quae
3828 4907 3950 4948 cum

2358 4980 2521 5035 animi
2570 4978 3006 5049 promptitudine,
3056 4978 3257 5035 fervida
3304 4990 3503 5048 mente,
3547 4992 3709 5053 atque
3740 4986 3951 5039 ardenti

2356 5072 2547 5127 affectu
2573 5069 2873 5126 exhibetur.
2912 5070 3045 5124 Cum
3075 5070 3215 5125 enim
3245 5071 3489 5137 dixisset,
3523 5073 3584 5127 Si
3612 5074 3835 5143 hospitio
3874 5092 3957 5128 ex-

2357 5165 2510 5233 cepit,
2537 5162 2751 5233 adjecit,
2776 5162 2836 5218 Si
2857 5172 3145 5216 sanctorum
3172 5163 3321 5232 pedes
3344 5163 3486 5217 iacit.
3510 5162 3625 5218 Non
3654 5165 3799 5219 illam
3825 5180 3950 5220 cum

2358 5255 2494 5310 fastu
2534 5254 2812 5310 sedentem
2849 5263 3062 5323 oportet
3099 5253 3409 5324 obsequium
3446 5269 3572 5326 erga
3602 5255 3948 5327 peregrinum

2355 5347 2561 5402 ancillis
2609 5345 2952 5411 demandare,
3000 5345 3094 5402 sed
3121 5345 3450 5416 ipsamoperi
3496 5362 3712 5402 mainun
3759 5350 3953 5404 admo—

2357 5457 2502 5509 vere,
2535 5440 2870 5512 fructumque
2910 5440 3008 5496 sibi
3060 5440 3319 5509 arripere,
3370 5454 3471 5495 nec
3508 5439 3600 5494 ulli
3628 5442 3946 5511 praclarum

2357 5534 2507 5588 illum
2538 5533 2849 5588 thesaurum
2896 5533 3108 5589 cedere.
3161 5531 3265 5586 Sed
3295 5532 3384 5602 qui
3413 5531 3530 5585 fieri
3558 5533 3751 5601 poterit
3779 5534 3942 5599 istud,

2355 5623 2500 5679 dit-et
2520 5624 2713 5693 aliquis
2737 5623 2761 5676 τ
2795 5623 2839 5678 si
2869 5625 3011 5678 enim
3040 5624 3108 5677 sit
3139 5623 3330 5678 nobilis
3358 5633 3411 5678 et
3440 5622 3688 5690 illustris,
3709 5640 3773 5679 ac
3792 5628 3940 5679 eelo-

2358 5718 2487 5784 bris,
2533 5725 2587 5773 et
2602 5717 2764 5774 claris
2788 5725 2903 5774 orta
2930 5715 3243 5789 majoribus,
3266 5733 3331 5771 an
3358 5718 3469 5789 ipsa
3493 5719 3755 5791 peregrini
3779 5717 3938 5790 pelea
