4194 6302
140 424 242 486 ω

145 532 385 599 brabit!
414 540 596 585 nonne
629 526 734 582 hoc
769 533 923 595 turpe
965 524 1125 580 fuerit
1146 519 1174 578 i
1196 522 1377 593 Turpe
1420 533 1551 575 sane
1590 517 1746 574 fuerit

148 629 193 684 si
222 640 333 683 non
360 624 529 689 lavet,
551 622 625 675 mi
646 618 833 675 homo.
862 612 1217 685 Quantu'mvis
1243 612 1388 668 enim
1418 609 1747 666 nobilitatem

145 716 314 788 ipsius
359 715 413 768 in
443 712 638 768 caelum
666 707 879 774 efferas,
934 714 989 761 et
1013 703 1312 758 claritatem
1339 700 1553 771 generis
1590 707 1749 770 atque

144 803 516 876 splendorem,
569 799 811 871 ejusdem
857 795 1123 875 particeps
1166 801 1253 848 est
1291 800 1495 847 natura:
1526 804 1650 845 cum
1678 801 1749 844 eo

144 872 234 965 qui
271 893 532 959 abluitur,
555 900 610 945 et
659 902 917 945 conserva
947 872 1091 941 illius
1116 892 1219 952 est,
1244 890 1299 939 et
1322 881 1529 936 honore
1554 894 1651 950 par
1674 878 1750 934 illi

146 984 233 1039 cui
257 982 508 1039 defertur
528 980 865 1050 obsequium.

217 1073 307 1131 l5.
338 1070 655 1143 Excipiam
691 1069 880 1125 Christi
900 1066 1053 1139 pedes
1072 1064 1291 1121 baculis
1309 1081 1328 1129 ,'
1347 1063 1559 1119 bonae:
1582 1077 1753 1117 susce-

149 1167 321 1236 ptione
332 1162 718 1235 peregrinarum
737 1159 998 1215 manantia
1010 1155 1326 1227 ;mntplaun
1341 1151 1753 1222 uiduam—Cogi-

148 1264 199 1308 ta
214 1253 339 1325 quis
350 1263 475 1308 erat
489 1253 578 1308 ille
596 1253 686 1323 qui
703 1249 1087 1321 discipulorum
1101 1244 1265 1318 pedes
1278 1244 1426 1310 lavit,
1439 1259 1504 1299 ac
1516 1244 1585 1299 de
1600 1241 1753 1298 nobi-

147 1346 298 1400 litate
336 1345 506 1401 verba
541 1344 720 1399 facere
746 1340 950 1399 desine.
974 1337 1288 1395 Communis
1310 1336 1458 1391 orbis
1488 1345 1750 1390 terrarum

151 1436 437 1501 Dominus,
468 1434 581 1489 Rex
603 1416 917 1503 angelorum
932 1437 990 1485 et
1012 1428 1232 1495 Iavit,et
1259 1426 1424 1481 linteo
1449 1439 1509 1480 se
1531 1422 1754 1495 prmcin-

150 1526 376 1590 xit,nee
405 1523 788 1594 discipulorum
818 1528 1046 1580 tantum,
1070 1516 1167 1575 sed
1185 1523 1241 1572 et
1273 1515 1559 1589 proditoris
1584 1514 1754 1583 ipsius

148 1616 169 1675 ι
195 1614 397 1670 laenis.
443 1616 532 1671 l3.
581 1613 637 1669 4.
663 1628 771 1684 sqq.
793 1610 835 1683 ).
860 1610 1021 1665 Vides
1046 1616 1305 1680 quantum
1348 1608 1489 1662 inter
1509 1620 1632 1661 cum
1663 1604 1754 1675 qui

152 1706 395 1770 lavabat,
424 1714 480 1775 et
519 1719 619 1760 eos
640 1706 728 1774 qui
750 1702 1068 1758 lavabantur
1094 1705 1241 1754 esset
1262 1694 1633 1753 intervallum?
1660 1698 1755 1748 At-

149 1796 337 1853 tamiin
390 1803 504 1851 toto
534 1795 637 1849 hoc
676 1792 959 1849 intervallo
998 1805 1061 1847 se
1103 1788 1341 1855 demisit,
1394 1796 1448 1843 et
1499 1786 1755 1841 Dominus

150 1898 372 1940 servum
404 1885 558 1950 lavit,
584 1894 642 1939 ut
664 1898 822 1940 serva
843 1895 1171 1940 conservum
1192 1894 1301 1935 non
1328 1878 1633 1935 erubescat.
1668 1875 1754 1931 ld-

146 1974 298 2030 cireo
312 1975 480 2030 etiam
504 1973 816 2045 proditoris,
842 1987 911 2027 ne
940 1970 1075 2025 forte
1094 1969 1277 2024 dicere
1300 1980 1485 2038 passes
1511 1967 1672 2022 vilem
1702 1973 1757 2021 et

146 2062 425 2133 abiectum
454 2077 578 2120 esse
618 2062 791 2125 illum,
819 2060 906 2116 cui
933 2060 1110 2114 cultus
1132 2066 1278 2114 esset
1322 2058 1409 2113 ille
1454 2064 1616 2127 atque
1660 2054 1758 2111 ob-

147 2155 401 2225 sequium
428 2152 803 2209 dei’erendum.
853 2152 1005 2208 Licet
1032 2152 1175 2205 enim
1213 2156 1268 2204 et
1297 2148 1416 2203 vilis
1442 2149 1513 2203 sit
1555 2156 1608 2203 et
1655 2148 1755 2202 ab-

146 2242 346 2315 lectus,
370 2243 612 2299 nondum
633 2250 813 2297 tamen
836 2240 989 2295 Judm
1018 2238 1207 2295 similis
1226 2248 1329 2305 est,
1353 2253 1453 2292 nec
1470 2239 1523 2291 in
1550 2245 1603 2292 te
1632 2237 1754 2291 talia

146 2338 504 2404 perpetravit,
536 2333 715 2402 qualia
764 2333 821 2386 in
847 2331 1131 2386 Dominum
1157 2329 1267 2394 ille,
1295 2330 1383 2399 qui
1413 2330 1647 2397 acceptis
1667 2328 1754 2385 in-

146 2426 397 2479 numeris
424 2424 703 2479 beneliciis
731 2422 799 2477 ad
824 2422 1178 2492 proditionem
1203 2422 1368 2475 venit.
1396 2421 1645 2475 Attamen
1674 2418 1756 2472 his

145 2517 405 2570 manibus
430 2516 671 2584 praevisis
700 2515 847 2580 lavit,
879 2528 942 2569 ac
971 2512 1129 2569 nobis
1157 2513 1326 2584 legem
1369 2512 1668 2579 constituit,
1698 2518 1756 2565 ut

147 2606 280 2664 licet
344 2608 692 2663 sublimiores
746 2607 996 2663 omnibus
1066 2606 1258 2671 simus,
1311 2604 1436 2675 licet
1504 2604 1755 2659 omnibus

148 2698 421 2755 clariores
446 2707 504 2755 et
555 2699 872 2754 illustriores
925 2698 1135 2758 simus.
1191 2696 1318 2751 licet
1377 2697 1626 2751 omnibus
1654 2694 1745 2750 in-

150 2785 389 2845 ieriores
418 2789 529 2845 sint
570 2790 662 2860 qui
712 2789 854 2859 apud
900 2803 1000 2844 nos
1038 2788 1355 2843 diversaturi
1391 2797 1538 2853 sunt,
1570 2803 1638 2842 ne
1669 2786 1753 2841 id-

144 2880 298 2936 eirco
330 2879 439 2935 illis
490 2879 754 2935 inservire
794 2891 1104 2934 recusemus
1127 2919 1143 2943 ,
1209 2892 1383 2947 neque
1414 2878 1629 2931 vilitatis
1654 2892 1753 2932 nos

148 2968 381 3042 pudeat.
405 2975 477 3027 At
502 2979 585 3040 tu,
613 2970 831 3036 mulier,
874 2970 919 3025 si
945 2970 1251 3040 quempiam
1275 2968 1474 3024 videris
1503 2969 1553 3021 in
1585 2983 1752 3022 smon-

147 3064 360 3121 laribus
389 3064 486 3120 tibi
514 3062 741 3135 negotiis
763 3078 919 3135 opem
940 3061 1103 3134 ferre1|
1125 3062 1207 3117 vel
1235 3062 1289 3119 in
1310 3060 1511 3131 judicio
1536 3076 1755 3115 succus-

146 3171 295 3222 rere,
326 3156 416 3214 vel
459 3155 514 3211 in
557 3134 663 3210 alia
695 3154 946 3225 quapiam
996 3169 1057 3208 re
1099 3153 1283 3219 simili,
1329 3160 1385 3207 et
1407 3150 1664 3215 occurris,
1699 3134 1753 3206 et

144 3248 322 3303 multa
354 3262 481 3302 cum
500 3246 874 3303 benevolentia
904 3245 1151 3315 suscipis,
1185 3258 1373 3299 manus
1400 3243 1748 3309 deoscularis,

148 3337 417 3409 pecunias
463 3352 679 3409 erogas,
706 3346 764 3395 et
802 3337 1115 3394 ancillarum
1158 3352 1377 3392 munera
1410 3335 1528 3390 obis
1555 3351 1570 3390 :
1598 3334 1752 3389 Chri-

144 3438 297 3485 stum
321 3438 510 3485 autem
538 3429 896 3486 introeuntem
934 3430 979 3486 si
1002 3429 1204 3487 videas.
1235 3427 1527 3499 pigritaris,
1557 3435 1612 3480 et
1638 3426 1751 3480 cul-

144 3531 264 3577 tum
294 3537 362 3576 ac
400 3522 755 3578 ministerium
800 3522 876 3577 illi
902 3521 1159 3577 exhibere
1192 3519 1457 3575 detractas
1482 3519 1505 3572 ἴ
1533 3517 1587 3573 Si
1643 3524 1749 3573 neu

144 3622 207 3667 ut
232 3612 513 3669 Christum
560 3613 788 3684 suscipis
828 3612 1188 3683 peregrinum,
1230 3594 1297 3666 ne
1340 3610 1598 3679 suscipias
1628 3626 1640 3661 :
1666 3610 1749 3663 siu

142 3711 337 3759 autem
366 3711 426 3758 ut
454 3701 727 3760 Christum
744 3704 991 3773 suscipis,
1027 3703 1202 3757 lavare
1228 3702 1423 3758 Christi
1453 3702 1613 3774 pedes
1642 3722 1747 3761 non

142 3795 465 3851 erubescas.
501 3796 691 3852 Nonne
729 3798 899 3861 vides,
951 3810 1109 3867 quam
1138 3797 1288 3851 multi
1315 3811 1521 3867 eorum,
1553 3800 1747 3868 quiin-

138 3884 307 3954 juriis
341 3873 671 3951 afﬁciuntur,
721 3887 789 3942 ad
839 3895 1135 3944 statuarum
1181 3886 1345 3957 pedes
1396 3890 1749 3959 confugiant?

144 3976 393 4031 Tametsi
421 3979 645 4032 materia
660 3988 743 4033 est
771 3992 933 4034 sensu
959 3980 1234 4043 destituta,
1264 3988 1317 4035 et
1339 3996 1413 4035 aes
1439 3982 1631 4036 animae
1656 3998 1750 4037 ex-

144 4082 279 4139 pers
306 4086 321 4122 :
348 4069 446 4143 sed
470 4071 726 4141 quoniam
749 4072 1136 4142 imperatorum
1180 4083 1307 4130 sunt
1333 4074 1440 4131 illae
1467 4074 1747 4143 imagines,

141 4158 389 4230 aliquam
439 4175 500 4216 se
524 4175 557 4214 a
596 4159 819 4231 pedibus
848 4161 954 4216 illis
977 4176 1133 4231 opem
1176 4162 1551 4233 impetraturos
1576 4163 1747 4217 conii-

138 4249 308 4307 dunt.
362 4252 435 4306 At
476 4258 533 4306 tu
560 4268 681 4323 qua:
721 4268 826 4309 non
852 4267 1012 4310 sensu
1050 4265 1295 4310 carentes
1343 4255 1525 4323 pedes,
1577 4271 1749 4326 neque

140 4342 435 4398 materiam
458 4353 731 4413 expertem
745 4344 961 4409 anima,
974 4345 1068 4399 sed
1083 4346 1365 4415 imaginem
1381 4347 1521 4400 intus
1536 4347 1674 4416 apud
1690 4362 1749 4403 se

146 4432 358 4502 Regem
384 4444 682 4502 gestantem
729 4434 950 4489 domum
976 4443 1119 4489 tuam
1145 4437 1347 4505 ingredi
1410 4436 1609 4500 videas,
1642 4454 1746 4493 non

138 4524 413 4590 accurris,
445 4539 649 4594 qumso,
693 4542 791 4580 nec
817 4526 982 4596 pedes
1009 4526 1364 4595 amplecteris,
1411 4537 1568 4598 atque
1600 4530 1745 4583 omni

138 4614 361 4671 ratione
377 4614 512 4669 colis
535 4615 559 4669 ἲ
586 4614 718 4682 Quis
748 4618 850 4671 hoc
880 4615 1083 4671 facinus
1107 4616 1490 4686 veniadignnm
1507 4618 1748 4687 iudicet?

136 4707 264 4775 quis
308 4722 416 4765 non
470 4707 646 4777 potius
700 4709 843 4765 οιυηί
896 4706 1236 4778 plectendum
1280 4709 1583 4777 ignominia:
1622 4719 1746 4765 nota

138 4806 373 4851 censeat
402 4798 423 4848 1'
450 4796 632 4866 Cogita
687 4800 771 4853 cui
820 4794 1180 4853 communices
1208 4840 1226 4865 ,
1274 4800 1399 4854 dum
1443 4801 1648 4855 inﬂaris
1694 4811 1750 4857 et

140 4900 467 4957 arroganter
491 4888 719 4953 ciierris,
748 4897 911 4958 atque
941 4889 1201 4944 inservire
1227 4893 1507 4961 peregrino
1527 4894 1746 4949 erubes-

142 4980 242 5033 cis.
280 4977 434 5033 llaud
464 4977 689 5033 dubium
718 4980 847 5049 quin
873 4980 1088 5035 diabolo
1117 4998 1132 5035 :
1158 4980 1298 5038 illius
1337 4982 1477 5037 enim
1526 4985 1747 5039 morbus

142 5078 227 5123 est
253 5069 537 5149 superbia.
593 5067 688 5125 Sin
730 5082 907 5126 autem
934 5086 1203 5133 accurras,
1234 5074 1405 5142 cogita
1437 5086 1593 5143 quem
1628 5077 1749 5129 imi-

138 5163 280 5219 teris
354 5161 635 5217 Dominum
666 5172 837 5230 tuum,
868 5172 923 5219 et
962 5178 1097 5233 opus
1115 5162 1314 5219 Christi
1353 5166 1584 5235 perﬁcis.
1618 5165 1747 5234 Quis

133 5258 281 5321 ergo
304 5251 498 5322 pudor,
524 5267 647 5323 qua:
673 5254 977 5322 ignominia,
1004 5270 1203 5324 quaeso,
1229 5254 1343 5311 fieri
1389 5257 1585 5311 Christi
1613 5274 1742 5312 oon-

136 5344 394 5400 sortem?
425 5332 538 5399 imo
578 5360 709 5401 vero
734 5344 905 5416 pudor
936 5354 1039 5408 est,
1076 5348 1121 5401 si
1152 5348 1373 5402 istorum
1403 5365 1501 5403 nos
1527 5349 1742 5421 pudeat,

139 5442 197 5487 et
227 5434 578 5504 ignominiam
631 5436 683 5490 id
718 5436 863 5506 quod
893 5434 1136 5491 Christus
1165 5438 1370 5503 fecerit,
1399 5440 1739 5496 arbitremur.

139 5524 305 5579 Multa
339 5537 561 5595 possunt
586 5527 805 5583 domum
835 5528 1162 5583 introeuntcs
1193 5532 1495 5585 sanctorum
1532 5532 1695 5602 pedes
1727 5553 1742 5587 :

140 5618 510 5686 pavimentum
554 5618 725 5690 ipsum
766 5618 1120 5687 sanctiﬁcant,
1170 5622 1571 5699 iqnumerorum
1619 5626 1743 5682 the-

138 5721 375 5767 saurum
410 5707 673 5765 bonorum
718 5709 1009 5766 invehunt:
1042 5704 1335 5767 mutilatam
1390 5725 1631 5769 naturam
1664 5717 1743 5771 in-

140 5792 423 5865 staurant,
466 5797 915 5873 famem’pellunt,
955 5804 1151 5858 multas
1198 5819 1327 5875 opes
1360 5806 1632 5862 inducunt.
1664 5808 1737 5864 Ita

1382 401 1447 456 lN
1489 400 1714 467 ILLUD,
1756 396 1964 456 VlDU:\
1994 390 2363 455 EUGATY'R.

3336 379 3445 434 33$

1856 526 2070 587 quoque
2098 510 2260 581 pedes
2311 505 2477 561 lieliae
2514 500 2688 557 vidua:
2716 499 2936 555 domum
2972 496 3201 568 ingressi
3251 511 3452 587 novum

1853 586 2139 675 quemdam
2166 610 2219 655 et
2258 593 2629 653 admirabilem
2670 589 2932 646 ubertatis
2974 600 3202 642 annonas
3230 586 3451 640 modum

1855 695 2150 751 intulerunt
2174 689 2264 761 ('5.
2293 686 2420 758 Reg.
2442 686 2509 739 l7
2528 682 2573 757 ).
2596 681 2782 737 Viduze
2799 678 3019 736 domum
3047 678 3099 732 in
3122 690 3309 747 agrum
3328 690 3454 731 con-

1854 785 2036 849 vertit,
2072 791 2129 838 et
2170 779 2413 852 hydriam
2458 776 2513 831 in
2558 788 2762 829 aream.
2807 770 3014 826 Novum
3053 765 3321 838 quoddam
3361 780 3450 821 se-

1856 874 2051 933 mentis
2101 887 2167 928 ac
2202 869 2393 926 messis
2444 880 2611 937 genus
2641 871 2770 918 tunc
2805 859 3052 933 apparuit
3077 876 3092 913 :
3120 857 3173 913 in
3222 869 3283 911 os
3320 853 3455 925 justi

1854 982 2041 1025 semen
2059 962 2313 1034 iactabat,
2342 971 2532 1029 etqua
2560 962 2674 1011 sata
2697 952 2909 1010 fuerant
2944 951 3112 1007 multa
3141 964 3265 1006 cum
3287 948 3454 1002 uber-

1854 1067 1965 1129 tate
1986 1073 2051 1113 ex
2075 1054 2263 1128 hydria
2282 1052 2514 1117 metebat
2531 1064 2546 1101 :
2566 1045 2863 1102 seminabat
2888 1042 3135 1107 farinam,
3155 1048 3213 1096 et
3227 1037 3453 1093 farinam

1855 1148 2119 1212 metebat;
2151 1160 2257 1201 non
2287 1140 2510 1212 indiguit
2560 1138 2751 1202 bobus,
2786 1144 2841 1191 et
2880 1133 3029 1205 jugo,
3056 1140 3115 1188 et
3156 1138 3357 1196 aratro,
3396 1137 3459 1184 et

1856 1238 2029 1307 sulco,
2055 1253 2157 1294 nec
2179 1234 2357 1308 pluvia
2377 1241 2433 1288 et
2459 1246 2585 1286 aere
2611 1244 2675 1284 ac
2722 1227 2876 1292 falce,
2922 1238 3023 1279 nec
3043 1238 3168 1279 area
3195 1228 3252 1277 et
3275 1220 3457 1277 manl-

1858 1331 2016 1405 pulis,
2047 1345 2223 1401 neque
2246 1327 2440 1391 ventis,
2470 1323 2560 1394 qui
2582 1318 2763 1393 paleas
2799 1335 2830 1374 a
2848 1318 3032 1390 granis
3056 1315 3453 1377 discernerent,

1858 1404 2032 1495 neque
2072 1421 2234 1485 mola,
2286 1432 2408 1488 qua!
2462 1421 2709 1471 tereret:
2742 1408 2839 1466 sed
2878 1423 2986 1463 uno
3028 1404 3301 1476 temporis
3335 1417 3457 1459 mo-

1857 1522 2043 1570 mento
2073 1512 2126 1567 in
2159 1499 2348 1581 hydria
2398 1508 2560 1563 finem
2586 1502 2827 1559 omnium
2872 1500 3099 1556 istorum
3129 1496 3333 1553 invenit
3355 1514 3370 1551 :
3394 1508 3459 1549 ae

1856 1606 1991 1661 duos
2021 1604 2214 1666 fontes,
2243 1615 2408 1655 unum
2436 1597 2646 1663 farinae,
2670 1594 2894 1650 alterum
2925 1590 3029 1649 olei
3050 1605 3158 1645 vox
3178 1588 3458 1659 propheta

1858 1708 2126 1767 perennes
2154 1691 2356 1747 eli‘udit.

1931 1785 2018 1840 ll.
2045 1782 2193 1845 Talia
2230 1788 2355 1836 sunt
2397 1779 2537 1833 dona
2582 1785 2914 1840 sanctorum,
2976 1782 3031 1828 et
3059 1770 3355 1827 ubertatem
3404 1776 3459 1824 et

1859 1876 2165 1932 facilitatem
2188 1876 2457 1945 ingentem
2481 1875 2534 1928 in
2560 1886 2619 1927 se
2640 1870 2939 1926 continent.
2974 1865 3108 1921 Nam
3128 1879 3192 1921 ea
3218 1861 3457 1935 quidem,

1857 1983 1979 2039 qum
1996 1965 2353 2037 decerpuntur
2372 1981 2403 2019 e
2433 1972 2597 2029 terra,
2624 1968 3014 2017 consumuntur
3038 1975 3051 2011 :
3076 1963 3133 2013 at
3160 1954 3237 2011 illi
3278 1953 3458 2009 fontes

1862 2061 2036 2116 hauSti
2077 2057 2336 2132 quotidie,
2385 2074 2493 2113 non
2522 2054 3007 2115 exhauriebantur,
3038 2048 3133 2104 scd
3172 2063 3293 2102 eum
3326 2045 3456 2109 illis,

1859 2154 1951 2227 qui
1993 2152 2357 2217 evacuabant,
2401 2150 2518 2221 pari
2561 2162 2817 2204 successu
2861 2144 3131 2214 scaturigo
3170 2140 3463 2211 pugnabat.

1860 2244 2005 2301 Talia
2035 2253 2179 2311 sunt,
2209 2259 2328 2315 qum
2368 2254 2678 2297 sanctorum
2707 2238 2873 2309 pedes
2913 2234 3227 2306 largiuntur,
3249 2230 3332 2288 vel
3358 2246 3457 2299 po.

1862 2338 1968 2393 tius
1998 2338 2081 2392 his
2109 2335 2278 2391 multo
2305 2335 2453 2405 plura
2478 2350 2493 2386 :
2524 2346 2587 2387 ac
2617 2330 2718 2385 nisi
2764 2330 2918 2384 iieret
2941 2372 2944 2376 λ
2970 2325 3227 2396 prolixior
3254 2322 3446 2381 oratio.

1859 2428 2026 2483 multa
2070 2426 2335 2498 ejusmodi
2379 2424 2521 2479 dona
2552 2419 2884 2477 numerando
2927 2429 3322 2489 percenserem.
3351 2411 3458 2468 Sed

1858 2516 2309 2590 quemadmodum
2362 2516 2397 2571 ii
2433 2514 2525 2585 qui
2596 2514 2855 2567 honorem
2883 2508 2991 2564 illis
3014 2506 3285 2573 deferunt,
3330 2502 3459 2559 talia

1858 2609 1997 2666 dona
2026 2618 2427 2681 consequuntur
2458 2625 2472 2661 :
2504 2608 2574 2662 ita
2603 2606 2693 2677 qui
2715 2603 3035 2675 despiciunt,
3080 2596 3457 2669 magnum‘sibi

1858 2700 2177 2772 supplicium
2203 2708 2257 2755 et
2296 2696 2657 2753 inevitabilem
2689 2694 2867 2765 ignem
2897 2699 3199 2747 accersunt.
3224 2686 3378 2745 Unde
3404 2686 3459 2741 id

1857 2794 2070 2847 con5tat
2087 2780 2119 2843 li
2137 2788 2273 2845 Audi
2310 2786 2587 2845 Christum
2631 2786 2807 2857 ipsum
2844 2783 3114 2839 dicentem
3142 2777 3458 2850 discipulis:

1859 2883 1923 2940 In
1952 2898 2318 2956 quamnunc
2340 2882 2615 2947 civitatem,
2656 2887 2744 2933 aut
2777 2877 2984 2932 domum
3027 2874 3351 2937 intraren'tis,
3380 2871 3460 2925 in-

1858 2986 2106 3047 terrogate
2126 2966 2237 3044 quis
2254 2974 2305 3028 itt
2327 2990 2391 3029 ea
2409 2974 2597 3043 dignus
2623 2971 2710 3037 sit,
2736 2980 2782 3025 et
2809 2968 2876 3023 ibi
2893 2976 3109 3031 manete,
3140 2975 3187 3021 et
3213 2966 3461 3019 intrantes

1856 3068 2023 3135 disits,
2051 3066 2169 3122 Pax
2193 3066 2308 3120 huic
2324 3064 2497 3120 domui
2516 3062 2734 3136 (Matth.
2759 3061 2847 3117 10.
2872 3057 3166 3131 ΝΛΞ).οι
3188 3058 3332 3114 enim
3350 3072 3457 3112 non

1855 3157 2021 3224 dicas,
2048 3155 2311 3214 Pecunias
2344 3151 2611 3231 expendo,
2642 3150 2922 3209 facultates
2950 3164 3191 3216 assumo,
3217 3148 3344 3203 dum
3366 3161 3461 3218 pc-

1857 3249 2085 3319 regrinis
2113 3262 2355 3302 mensam
2386 3260 2618 3316 appono,
2651 3243 2816 3299 efficit
2844 3252 2903 3297 ut
2948 3241 3039 3297 ille
3068 3241 3205 3311 ipse,
3233 3240 3325 3311 qui
3354 3239 3457 3294 do-

1857 3354 2003 3396 mum
2047 3340 2231 3405 intrat,
2281 3338 2429 3409 prior
2460 3336 2557 3393 tibi
2606 3335 2745 3391 dona
2799 3332 3080 3404 hospitalia
3130 3346 3461 3402 muneraque

1856 3432 2133 3502 largiatur,
2174 3446 2294 3501 quae
2318 3429 2531 3485 divitias
2566 3430 2759 3483 omnes
2802 3434 3152 3496 exsuperant.
3199 3424 3456 3493 Quaenam

1855 3523 1943 3579 illa
1968 3538 2128 3594 porro
2148 3532 2273 3577 sunt
2292 3521 2315 3574 τ
2336 3520 2487 3576 PaCis
2512 3518 2837 3588 largitatem.
2860 3516 3002 3572 Nihil
3024 3514 3165 3571 enim
3183 3525 3287 3581 est,
3311 3514 3457 3585 quod

1854 3630 1974 3672 cum
2007 3612 2092 3669 illa
2125 3610 2355 3668 conferri
2388 3611 2573 3680 possit.
2602 3608 2761 3664 Vides
2790 3614 2985 3678 quanta
3012 3620 3137 3661 cum
3170 3611 3331 3673 'opum
3371 3600 3456 3655 af-

1854 3705 2070 3761 ﬂuentia
2110 3712 2328 3759 sanctus
2341 3700 2561 3756 domum
2580 3700 2814 3755 introeat
2826 3697 2849 3751 τ
2871 3695 2985 3752 Hoc
2999 3695 3218 3752 verbum
3231 3692 3453 3764 quidem

1854 3797 2054 3851 nudum
2076 3805 2180 3859 est,
2216 3796 2270 3849 at
2294 3792 2625 3847 infinitarum
2658 3790 2923 3847 bonorum
2946 3793 3035 3843 est
3055 3786 3290 3842 occasio.
3313 3783 3454 3853 Quid

1851 3888 1993 3943 enim
2017 3899 2084 3942 ea
2101 3887 2261 3941 domo
2284 3885 2448 3939 tutius
2472 3882 2692 3953 reperiri
2713 3880 2897 3951 possit,
2914 3894 3035 3950 quae
3052 3888 3187 3950 pace
3210 3876 3456 3933 fruatur?

1853 3984 2021 4039 Porro
2036 3981 2140 4037 illis
2154 3998 2183 4034 a
2200 3977 2392 4051 quibus
2410 3975 2936 4055 excipiuntur,sancti
2949 3984 3132 4044 pacem
3148 3978 3455 4040 precantur,

1853 4089 2089 4129 noncum
2102 4073 2332 4128 invicem
2346 4068 2671 4134 tantum,sed
2682 4082 2804 4121 cum
2819 4065 2975 4119 nobis
2989 4062 3298 4134 ipsis.S:epe
3310 4074 3455 4116 nam-

1849 4182 1957 4237 que
1978 4165 2059 4233 iit,
2086 4174 2141 4220 ut
2164 4178 2395 4235 pugnam
2414 4162 2467 4217 in
2484 4160 2685 4216 nostris
2696 4146 3110 4229 cogitationibus
3131 4152 3452 4215 sentiamus,

1852 4268 1907 4312 et
1930 4257 2144 4311 nomine
2170 4253 2547 4325 interpellante
2561 4251 2858 4317 turbemur,
2880 4250 3105 4320 atquein
3119 4262 3216 4302 nos
3229 4244 3447 4301 assidue

1854 4362 2031 4418 prava:
2059 4346 2377 4417 cupiditates
2403 4340 2702 4414 insurgant.
2736 4341 2800 4395 Et
2845 4340 2986 4395 hanc
3032 4339 3193 4409 igitur
3218 4351 3451 4409 pugnam

1854 4439 2074 4495 verbum
2102 4437 2233 4492 illud
2262 4446 2571 4492 sanctorum
2598 4432 2769 4501 sedat,
2800 4448 2863 4488 ac
2892 4432 3118 4488 multam
3146 4432 3291 4487 intus
3312 4440 3450 4487 tran-

1853 4532 2168 4601 quillitatem
2195 4537 2365 4583 creat.
2396 4526 2530 4582 Nam
2569 4525 2729 4581 simul
2756 4533 2922 4595 atque
2951 4525 3201 4596 loquutus
3224 4531 3309 4579 est
3338 4524 3451 4585 ille,

1852 4620 2115 4675 diabolica
2141 4627 2337 4675 cuncta
2364 4618 2639 4688 cogitatio,
2693 4630 3025 4687 pravumque
3068 4613 3354 4669 consilium
3387 4627 3455 4670 es

1852 4715 2032 4769 animo
2084 4721 2268 4767 nostro
2297 4708 2745 4778 exsulat:itaque
2798 4706 2999 4776 majora
3049 4704 3245 4774 recipis
3287 4718 3452 4775 quam

1854 4805 2119 4875 largiaris.
2153 4803 2284 4859 Etsi
2307 4802 2512 4871 quidem
2541 4816 2647 4867 vos,
2702 4799 2892 4871 inquit,
2938 4800 3238 4870 receperint,
3286 4798 3452 4851 uariat

1856 4911 2124 4967 passuper
2166 4895 2281 4949 illos
2308 4910 2325 4947 :
2356 4894 2399 4947 si
2428 4908 2544 4947 vero
2571 4908 2673 4946 non
2698 4891 2995 4962 receperint,
3028 4891 3244 4944 excutite
3279 4888 3453 4961 pulce-

1852 5005 1956 5042 rem
1982 4987 2167 5056 pedum
2196 4994 2492 5039 uestrorum.
2524 4983 2682 5038 Amen
2699 4983 2811 5036 dico
2837 4983 2996 5049 vobis,
3021 4981 3329 5035 tolerabilius
3354 4982 3451 5035 erit

1853 5088 2000 5131 term
2041 5076 2381 5130 Sodomorum
2418 5082 2461 5126 et
2489 5072 2789 5128 Gomorrhc
2814 5073 2868 5127 in
2892 5072 2976 5127 die
3015 5073 3128 5141 illa,
3178 5089 3329 5145 quam
3375 5072 3452 5125 illi

1852 5171 2039 5224 civitati
2068 5170 2086 5238 (
2114 5167 2303 5221 Matth.
2353 5166 2439 5222 l0.
2491 5166 2677 5221 15-15
2706 5167 2745 5237 ).
2780 5166 2943 5222 Vides
2971 5174 3227 5237 quantum
3270 5166 3450 5237 ignem

1851 5260 2090 5330 despecti
2135 5260 2299 5329 pedes
2329 5268 2637 5313 sanctorum
2684 5257 3028 5313 accumulent
3051 5264 3107 5314 et
3133 5259 3451 5313 attraham?

1848 5350 2139 5421 Propterea
2184 5350 2357 5421 jubet,
2385 5357 2443 5405 ut
2486 5364 2582 5405 eos
2603 5348 2862 5413 lavemus,
2902 5358 2961 5405 ut
2988 5365 3109 5405 cum
3140 5359 3238 5405 eos
3260 5356 3454 5404 nostro

1850 5445 2146 5499 ministerio
2189 5443 2579 5508 curaverimus,
2630 5444 2855 5497 multam
2888 5441 3044 5497 nobis
3096 5442 3238 5511 apud
3277 5440 3451 5499 Deum

1850 5536 2137 5593 concilient
2172 5535 2395 5606 gratiam
2426 5551 2439 5586 :
2472 5533 2740 5605 simulque
2767 5548 2867 5589 nos
2894 5533 3022 5589 illud
3060 5533 3164 5590 hac
3200 5534 3449 5591 admuni-

1851 5628 1993 5683 tione
2022 5626 2202 5688 doeet.
2224 5634 2282 5681 ut
2308 5625 2687 5698 hospitalitatis
2706 5640 2869 5695 opera
2902 5639 2997 5694 per
3023 5639 3123 5680 nos
3144 5626 3246 5697 ipsi
3270 5627 3449 5680 omnia

1849 5731 2215 5773 exerceamus.
2240 5716 2457 5771 imitare
2486 5715 2873 5780 Ahrahamum‘,
2895 5717 3000 5770 ﬁlia
3034 5716 3177 5771 illius
3206 5714 3321 5780 llas,
3349 5716 3439 5784 qui

1848 5819 2118 5869 trecentos
2141 5810 2325 5865 decem
2356 5818 2407 5864 ct
2434 5816 2555 5863 octo
2571 5809 2889 5864 vernaculos
2906 5822 3030 5864 cum
3061 5807 3304 5875 haberet,
3331 5808 3447 5877 ξμς
