4194 6302
778 346 881 403 555

777 482 894 519 eum
928 479 1092 524 uxore
1122 464 1351 524 fructum
1377 466 1755 538 hospitalitatis
1783 473 2010 541 partitus
2032 482 2133 534 est.
2165 482 2219 527 et
2247 472 2359 541 ipse

775 556 989 625 quidem
1016 557 1235 615 vitulam
1254 556 1549 624 adferebat,
1579 559 1666 613 illa
1695 576 1827 617 vero
1848 560 2071 618 farinam
2098 560 2356 630 pinsebat.

776 647 886 704 llos
912 658 968 704 tu
991 661 1206 721 quoque
1229 649 1485 705 aemulare
1516 668 1530 703 :
1559 666 1665 705 non
1710 652 1855 707 enim
1895 652 2070 707 solum
2110 652 2361 721 pecunias

774 753 1018 809 erogare,
1062 737 1156 792 sed
1204 738 1364 793 etiam
1408 740 1728 809 pauperibus
1781 742 2088 796 ministrare
2139 746 2359 795 multam

776 827 1076 885 mercedem
1124 829 1349 885 obtinet.
1381 831 1670 903 Propterea
1714 834 1872 889 etiam
1899 834 2127 903 apostoli
2156 843 2359 904 septem

777 920 897 974 illos
930 920 982 975 in
1011 920 1205 991 quibus
1246 922 1571 993 Stephanus,
1597 924 1858 995 ejusmodi
1897 926 2194 980 ministerio
2220 942 2359 996 pra:-

777 1012 1020 1069 feccrunt
1048 1014 1180 1084 (Act.
1209 1016 1289 1087 6).
1317 1016 1549 1072 Tametsi
1574 1018 1703 1073 nihil
1729 1018 1802 1072 illi
1824 1017 1892 1073 de
1920 1033 2019 1072 suo
2041 1018 2360 1088 pauperibus

773 1104 1089 1173 erogabant,
1118 1105 1213 1160 sed
1238 1106 1307 1163 ab
1332 1106 1452 1161 aliis
1471 1108 1591 1162 data
1630 1119 1775 1161 recte
1802 1107 2185 1177 dispensabant
2212 1127 2223 1161 :
2248 1125 2362 1162 ma-

773 1207 933 1261 gnam
950 1204 1127 1252 tamen
1141 1186 1369 1255 retulere
1387 1198 1706 1263 mercedem,
1724 1199 1867 1266 quod
1886 1214 1915 1253 a
1937 1202 2143 1256 ueteris
2168 1201 2359 1258 collata

775 1293 921 1339 recte
945 1285 1331 1357 diligenterque
1356 1289 1742 1357 dispensarent.

849 1374 939 1430 15.
970 1372 1291 1439 Pauperibus
1312 1378 1679 1431 inserviendum
1704 1388 1871 1433 est.â€”-
1899 1380 2029 1435 Esto
2056 1389 2110 1435 tu
2138 1396 2350 1450 quoque

779 1471 955 1517 terum
985 1471 1193 1517 tuarum
1221 1464 1389 1520 bonus
1436 1466 1775 1537 dispensator
1795 1509 1813 1536 ,
1854 1478 1912 1524 ut
1958 1469 2222 1539 duplicem
2252 1470 2358 1523 fru-

774 1561 920 1606 ctum
947 1550 1197 1620 accipias.
1227 1561 1282 1609 et
1306 1554 1447 1624 quod
1474 1571 1679 1627 croges,
1712 1568 1765 1613 et
1795 1556 1937 1628 quod
1970 1570 2113 1614 recte
2140 1559 2355 1628 dispen-

776 1654 886 1694 ses.
916 1638 1027 1695 Nec
1070 1650 1122 1696 te
1150 1641 1341 1711 pudeat
1371 1661 1529 1700 manu
1559 1656 1644 1701 tua
1684 1648 1903 1719 pauperi
1935 1649 2208 1703 inservire.
2243 1649 2356 1703 Non

776 1730 1040 1787 erubescit
1060 1730 1300 1789 Christus
1336 1751 1431 1806 per
1472 1752 1755 1808 pauperem
1794 1754 2007 1794 manum
2044 1738 2355 1807 extendere,

775 1828 937 1889 atque
970 1822 1241 1894 accipere,
1272 1822 1325 1880 tu
1358 1842 1483 1881 vero
1511 1843 1724 1883 manum
1766 1828 2055 1885 extendere
2082 1830 2355 1900 aclargiri

777 1910 1053 1979 pecuniam
1100 1913 1417 1970 erubescis?
1444 1915 1571 1983 Quis
1614 1918 1717 1973 hoc
1765 1928 2018 1974 extrema:
2082 1920 2357 1975 iementim

774 2000 980 2058 facinus
1041 2017 1164 2061 esse
1223 2020 1330 2061 non
1387 2008 1572 2063 dicat?
1612 2008 1785 2066 Unum
1840 2010 2012 2066 solum
2058 2021 2142 2068 est
2187 2012 2359 2083 pudor

772 2102 827 2147 et
899 2096 1222 2166 ignominia,
1271 2100 1504 2170 nequitia
1555 2117 1747 2173 nempe
1802 2112 1857 2159 et
1921 2103 2209 2161 crudelitas
2277 2115 2360 2161 at-

782 2200 887 2256 que
931 2185 1286 2243 inhumanitas
1336 2207 1350 2244 :
1402 2192 1626 2247 comitas
1698 2201 1911 2258 autem,
1962 2195 2304 2266 eleemosyna
2336 2236 2353 2261 ,

776 2282 830 2325 et
887 2272 1219 2344 humanitas,
1269 2293 1333 2333 ac
1384 2281 1706 2352 pauperibus
1756 2284 2059 2339 ministrare
2100 2285 2357 2341 clariores

772 2380 871 2419 nos
914 2365 1098 2423 emcit.
1139 2370 1349 2437 Quanto
1398 2372 1543 2428 enim
1584 2373 1745 2429 ditior
1790 2390 1848 2431 cs
1890 2390 1952 2431 ac
1996 2378 2310 2447 locupletior
2335 2419 2351 2444 ,

773 2464 923 2512 tanto
968 2467 1020 2513 te
1066 2462 1233 2531 magis
1276 2478 1463 2521 omnes
1519 2464 1844 2535 laudabunt,
1897 2483 2020 2523 cum
2071 2469 2140 2525 ad
2196 2486 2353 2527 men~

768 2546 919 2603 dicos
964 2559 1018 2604 et
1074 2551 1203 2607 viles
1250 2563 1300 2608 te
1344 2554 1626 2611 demiseris
1673 2573 1689 2612 :
1736 2573 1908 2629 neque
1949 2559 2124 2615 solum
2173 2560 2351 2617 homi-

771 2651 900 2702 nes,
948 2638 1042 2694 sed
1089 2643 1247 2697 etiam
1302 2644 1513 2715 angeli,
1562 2655 1616 2702 et
1666 2648 1921 2703 Dominus
1971 2650 2283 2719 angelorum
2335 2668 2351 2705 :

771 2744 871 2784 nec
923 2728 1159 2787 laudabit
1211 2733 1404 2802 solum,
1435 2736 1531 2791 sed
1566 2746 1621 2792 et
1672 2737 1864 2807 duplici
1912 2740 2132 2808 prmmio
2172 2757 2353 2796 remu-

768 2822 1061 2879 nerabitur.
1100 2825 1212 2880 Non
1252 2827 1395 2883 enim
1434 2828 1791 2900 eleemosynze
1828 2838 2030 2885 tantum
2061 2872 2076 2896 ,
2119 2830 2214 2886 sed
2255 2830 2354 2885 bu-

768 2911 1008 2968 militatis
1053 2916 1212 2970 etiam
1263 2918 1483 2972 multam
1533 2917 1627 2973 tibi
1662 2919 1960 2975 mercedem
2011 2921 2348 2991 pra'parabit.

766 3003 844 3059 Ne
888 3005 1047 3076 igitur
1086 3007 1137 3061 in
1169 3022 1429 3079 pauperes
1459 3008 1738 3065 ministerii
1768 3024 1867 3066 nos
1915 3010 2143 3081 pudeat,
2178 3026 2351 3081 neque

768 3097 1166 3163 peregrinorum
1190 3096 1367 3154 lavare.
1387 3099 1551 3169 pedes
1574 3115 1883 3156 recusemus
1906 3118 1919 3153 :
1948 3100 2351 3157 sanetiflcantur

766 3187 907 3242 enim
936 3188 1027 3243 tali
1053 3188 1305 3245 famulatu
1346 3206 1536 3245 manus
1564 3200 1801 3257 nostra;
1833 3192 1977 3262 quod
2016 3192 2061 3247 si
2092 3201 2212 3261 post
2250 3193 2352 3247 mi-

767 3277 1043 3331 nisterium
1080 3278 1211 3334 illud
1246 3280 1312 3334 ad
1353 3280 1650 3335 orationem
1701 3280 1820 3335 illas
1864 3280 2202 3349 ostenderis,
2246 3282 2351 3338 illis

766 3368 996 3436 aspectis
1037 3367 1245 3423 facilius
1291 3380 1548 3425 exoratur
1594 3369 1731 3426 Deus
1758 3410 1774 3437 ,
1807 3379 1862 3427 et
1912 3372 2174 3442 postulata
2222 3386 2351 3427 con-

764 3457 924 3513 cedit.
944 3457 1075 3513 Nam
1096 3460 1349 3528 pecunias
1367 3459 1584 3530 quidem
1610 3474 1831 3531 erogare
1851 3469 2074 3530 possunt
2094 3460 2305 3530 plurimi
2334 3479 2348 3517 :

766 3564 861 3617 per
890 3564 949 3603 se
974 3564 1102 3605 vero
1130 3551 1449 3620 pauperibus
1478 3551 1736 3608 inservire
1755 3594 1771 3618 ,
1801 3562 1856 3607 et
1882 3568 2005 3608 cum
2040 3554 2206 3610 animi
2235 3556 2347 3611 ala-

764 3640 983 3704 critate,
1013 3648 1068 3695 et
1089 3641 1311 3697 caritate
1332 3684 1347 3705 ,
1378 3657 1442 3696 ac
1472 3642 1707 3698 fraterno
1741 3658 1923 3699 amore
1954 3644 2005 3699 id
2029 3659 2209 3716 agere,
2235 3662 2349 3701 ma-

764 3744 873 3798 gno
899 3730 1099 3801 indiget
1126 3732 1326 3796 animo,
1345 3743 1400 3787 et
1419 3732 1753 3804 philosophia
1782 3735 2024 3805 praedito.
2049 3738 2221 3809 Atque
2247 3737 2351 3794 hoc

768 3821 895 3877 illud
925 3831 1025 3886 est,
1055 3823 1197 3894 quod
1226 3826 1463 3880 omnium
1493 3826 1720 3883 maxime
1739 3827 1934 3885 Paulus
1956 3830 2198 3901 requirit,
2227 3842 2349 3886 cum

767 3914 845 3969 eis
865 3954 880 3978 ,
907 3915 995 3985 qui
1027 3914 1383 3982 tribulatione,
1415 3928 1723 3988 paupertate
1760 3928 1813 3974 et
1840 3921 2193 3977 incommodis
2225 3938 2349 3992 pre-

768 4014 1006 4070 muntur,
1036 4008 1264 4076 compati
1285 4008 1454 4075 jubet,
1490 4011 1639 4080 quasi
1667 4012 1718 4066 in
1759 4011 1915 4066 malis
1938 4013 2138 4068 eisdem
2171 4030 2353 4069 verse-

769 4110 926 4150 mur:
968 4094 1176 4163 lâ€™inctis,
1209 4097 1399 4167 inquit,
1426 4108 1679 4169 tamquam
1708 4101 1863 4155 simul
1882 4103 2034 4156 vincti
2057 4105 2075 4171 (
2102 4103 2233 4158 Heb.
2264 4104 2347 4159 15.

767 4188 845 4260 5).
874 4188 1042 4255 Quam
1070 4188 1373 4245 ob-causam
1406 4205 1511 4245 non
1542 4190 1629 4247 hic
1655 4191 1827 4247 solum
1855 4195 2149 4248 orationem
2175 4197 2357 4248 termi-

770 4281 955 4345 navit,
987 4280 1080 4335 sed
1111 4290 1165 4335 et
1191 4280 1333 4335 aliud
1360 4280 1554 4350 adjecit
1586 4299 1601 4335 :
1648 4279 1712 4337 Si
1740 4282 2113 4337 ttibulatiouem
2153 4285 2353 4352 patien-

770 4370 903 4425 tibus
940 4370 1352 4435 subministravit,
1380 4371 1424 4425 si
1466 4388 1612 4426 omne
1651 4387 1777 4441 opus
1813 4362 1996 4427 bonum
2033 4356 2223 4427 sectam
2275 4381 2350 4427 est

776 4462 851 4532 (l.
882 4460 1013 4517 Tim.
1043 4462 1096 4516 5.
1126 4460 1235 4533 10).
1260 4461 1396 4529 Quid
1421 4470 1522 4527 est,
1546 4461 1609 4517 Si
1632 4478 1778 4517 omne
1800 4479 1926 4532 opus
1955 4464 2137 4517 bonum
2166 4474 2355 4519 sectam

771 4552 883 4607 est?
908 4551 982 4607 ita
1005 4560 1060 4607 ut
1084 4552 1243 4607 etiam
1274 4553 1325 4606 in
1356 4566 1626 4607 carcerem
1653 4553 1914 4617 introiret,
1944 4567 2007 4607 ac
2037 4554 2242 4609 vinctos
2271 4555 2355 4609 in-

773 4644 993 4709 viseret,
1014 4652 1067 4699 et
1090 4653 1320 4714 :egrotos
1347 4644 1602 4710 visitaret,
1635 4653 1689 4699 et
1717 4651 1987 4699 recreat-ct
2010 4644 2235 4699 afï¬‚ictos
2254 4686 2270 4711 ,
2302 4653 2357 4700 et

775 4744 1064 4790 atterentes
1095 4734 1491 4800 consolaretur,
1523 4743 1577 4789 et
1608 4749 1946 4804 quocumque
1976 4734 2133 4788 modo
2153 4742 2351 4803 posset,

776 4834 961 4882 cuncta
990 4825 1381 4895 suppeditaret,
1412 4840 1475 4880 ac
1502 4825 1632 4879 nihil
1660 4825 1879 4879 omnino
1912 4826 2234 4879 detrectaret
2266 4840 2359 4879 eo-

776 4932 914 4978 rum,
948 4930 1065 4985 qure
1090 4915 1153 4969 ad
1183 4916 1409 4969 salutem
1440 4930 1501 4969 ac
1527 4914 1773 4969 solatium
1804 4924 2105 4969 nostrorum
2136 4915 2355 4968 fratrum

777 5006 1122 5077 pertinerent.
1146 5002 1295 5072 Quod
1336 5006 1380 5059 si
1424 5020 1453 5058 a
1490 5006 1709 5059 muliere
1740 5005 1894 5058 vidua
1941 5014 2044 5057 tam
2078 5006 2239 5057 multa
2268 5019 2356 5058 re-

778 5100 951 5169 quirat
991 5096 1129 5152 bona
1162 5112 1320 5167 Opera
1342 5138 1356 5163 ,
1388 5110 1489 5166 qua
1520 5110 1618 5150 nos
1654 5097 1996 5150 excusatione
2042 5096 2248 5149 censeri
2278 5094 2360 5149 di-

774 5206 908 5261 gnos
938 5205 1147 5261 tequum
1175 5190 1295 5255 erit,
1318 5188 1541 5259 quicum
1564 5189 1665 5243 viri
1688 5190 1874 5255 simus,
1904 5204 1964 5243 ea
1993 5205 2095 5243 non
2120 5205 2357 5257 agamus,

776 5300 896 5353 qua:
923 5283 1234 5339 mulieribus
1261 5284 1454 5338 Paulus
1480 5283 1681 5353 agenda
1714 5282 2076 5352 prmscripsit?
2115 5282 2217 5335 Sed
2248 5282 2359 5336 fur-

780 5386 920 5430 tassc
948 5374 1091 5431 (licet
1122 5375 1347 5444 aliquis:
1378 5374 1493 5440 Quo
1534 5373 1744 5429 tandem
1780 5385 1935 5442 pacto
1970 5389 1999 5429 a
2041 5375 2258 5427 muliere
2286 5376 2361 5426 vi-

778 5466 880 5522 dua
915 5474 1110 5519 tantam
1136 5465 1459 5535 diligentiam
1494 5465 1730 5533 requirit,
1758 5481 1877 5521 cum
1908 5480 2035 5519 vero
2055 5465 2122 5519 de
2150 5465 2361 5535 virgini-

779 5568 889 5612 tate
928 5558 1215 5624 scriberet,
1249 5557 1378 5612 nihil
1424 5559 1526 5613 tale
1568 5558 1815 5629 loquutus
1842 5560 1966 5615 est?
1996 5560 2073 5613 Ac
2108 5560 2360 5629 majorem

776 5650 988 5721 quidem
1036 5649 1117 5703 his
1158 5649 1543 5719 philosotihiam
1592 5651 1657 5707 ab
1700 5649 1827 5722 ipsis
1856 5652 2048 5722 exegit.
2083 5651 2211 5706 Nam
2242 5670 2360 5708 eum

781 5743 906 5798 diett
936 5758 945 5794 :
978 5741 1150 5798 Divisa
1194 5752 1262 5798 cst
1307 5758 1433 5795 uxor
1475 5752 1517 5795 ct
1549 5744 1685 5813 virgo
1714 5758 1729 5797 .'
1760 5752 1830 5813 et,
1857 5744 1983 5811 Qun:
2024 5744 2236 5814 innupta
2264 5755 2357 5813 est,

1494 352 1551 409 S.
1590 352 1868 411 JOANNIS
1893 353 2370 412 CllllYSOSTOSll
2409 354 2724 415 AnClttlifâ€™.
2764 361 3303 424 CONSTANTINOP.

3956 364 4070 424 836

2468 474 2685 529 sollicita
2708 487 2782 532 est
2810 479 2873 533 de
2895 479 2957 534 iis
2976 521 2990 543 ,
3020 497 3131 553 qua
3161 490 3277 536 sunt
3309 479 3544 548 Domini,
3575 482 3822 551 quammlo
3858 482 4073 551 placa!

2468 559 2725 631 Domino;
2767 578 2818 622 et
2863 586 3044 624 rursus
3078 588 3093 626 :
3127 568 3238 625 Hoc
3276 582 3442 625 autem
3470 572 3586 626 dico
3612 580 3819 642 propter
3842 570 3897 624 id
3921 571 4073 640 quod

2467 653 2730 710 honestum
2754 667 2827 711 est
2846 701 2860 725 ,
2897 671 2944 714 et
2973 663 3114 730 quod
3142 664 3433 735 facultatem
3463 663 3683 733 prtrbeat
3710 666 3817 718 sine
3841 662 4072 731 impedi-

2466 754 2634 800 mento
2666 745 2935 802 Dominum
2961 751 3258 806 Î¿á½Î´á½³ÏƒÎ¹-Ï€Î·(Î¹á½·
3299 753 3387 825 (1.
3420 752 3541 808 Cor.
3572 753 3626 807 7.
3646 754 3733 807 Î´Î¹.
3766 753 3898 821 35):
3933 752 4074 805 nihil

2466 834 2610 888 aliud
2638 836 2734 905 per
2762 837 2877 891 luce
2905 838 3170 908 significat
3190 884 3205 905 ,
3248 841 3347 896 nisi
3376 842 3668 912 virginem,
3702 856 3819 911 qua:
3848 842 4072 895 secula-

2469 925 2617 980 ribus
2644 928 2871 996 negotiis
2898 932 3149 986 omnibus
3178 935 3422 988 nuntium
3452 933 3622 989 semel
3652 930 3946 997 remiserit,
3984 942 4073 985 to-

2470 1022 2575 1068 tam
2615 1016 2849 1073 animam
2892 1034 3209 1078 consecrare
3242 1022 3349 1077 Deo
3382 1032 3634 1092 oportere
3657 1064 3673 1088 ,
3705 1038 3875 1093 neque
3906 1022 4075 1092 quid-

2466 1118 2622 1173 quam
2645 1104 2843 1162 ltabere
2871 1124 3158 1165 commune
3184 1126 3306 1166 cum
3334 1121 3499 1178 terra,
3523 1127 3623 1167 nec
3642 1112 3935 1182 aliquando
3959 1111 4071 1175 his,

2466 1192 2750 1262 aliquando
2776 1196 2882 1250 illis
2911 1213 3123 1265 vacare,
3148 1199 3241 1255 sed
3271 1215 3392 1256 cum
3422 1203 3475 1256 iu
3503 1202 3812 1256 universum
3840 1202 3949 1255 illis
3970 1201 4074 1255 ab-

2466 1285 2816 1351 renuntiarit,
2848 1296 3015 1341 totum
3047 1289 3099 1342 in
3136 1304 3221 1345 res
3250 1291 3557 1359 spirituales
3584 1290 3784 1347 debere
3822 1292 4071 1346 studium

2463 1385 2618 1426 suum
2667 1374 2996 1445 impendere.
3027 1378 3169 1434 Sane
3214 1380 3429 1449 quidem
3466 1381 3579 1451 ipsa
3623 1397 3835 1451 quoque
3867 1383 4072 1437 decem

2466 1456 2727 1525 virginum
2756 1461 3004 1529 parabola
3028 1462 3181 1517 nobis
3209 1461 3311 1517 hoc
3334 1463 3505 1533 ipsum
3524 1464 3815 1518 declaravit
3839 1464 4069 1533 (ï¬‚aua.

2462 1545 2591 1617 25).
2626 1545 2773 1602 Hanc
2815 1550 3063 1605 nimirum
3102 1552 3171 1606 ob
3216 1568 3431 1607 causam
3480 1554 3720 1609 conclavi
3749 1556 3939 1624 sponsi
3969 1569 4071 1608 ex-

2464 1638 2627 1693 clusa:
2654 1645 2811 1706 sunt,
2844 1643 2986 1712 quod
3027 1644 3204 1698 oleum
3236 1660 3345 1699 non
3376 1644 3635 1700 haberent
3667 1664 3680 1699 :
3710 1645 3887 1700 oleum
3913 1660 4072 1720 fere

2466 1726 2597 1781 nihil
2641 1729 2787 1783 aliud
2834 1742 2947 1797 est,
2972 1748 3134 1803 quam
3180 1735 3550 1791 misericordia
3589 1746 3643 1791 et
3673 1735 4067 1807 eleemosynl.

2464 1816 2797 1889 benignitas,
2827 1832 2880 1877 et
2923 1824 3224 1880 sublevatio
3262 1841 3449 1881 eorum
3493 1827 3584 1897 qui
3617 1828 3888 1897 patiuntur
3919 1828 4068 1897 inju-

2462 1908 2632 1976 riam,
2664 1920 2719 1966 et
2762 1927 2949 1968 eorum
2991 1916 3081 1985 qui
3125 1916 3313 1973 dolore
3360 1927 3675 1988 premuntur
3710 1919 4067 1975 consolatio:

2463 2002 2615 2147 quod1
2632 2018 2752 2058 cum
2781 2005 2885 2060 illis
2905 2006 3151 2074 deesset,
3181 2007 3429 2065 abierunt
3452 2010 3557 2066 illa:
3576 2020 3738 2082 atque
3760 2024 3793 2066 Î¹
3822 2010 4069 2066 thalamo

2463 2093 2578 2146 exci
2621 2104 2801 2147 erunt.

2463 2093 2801 2149 exciderunt.

2536 2182 2621 2236 46.
2653 2182 2734 2235 Ad
2758 2184 3125 2258 elemosynam
3144 2188 3530 2244 adhortatio.â€”
3551 2189 3676 2246 llaec
3699 2190 3857 2261 igitur
3874 2190 4062 2245 omnia

2460 2284 2581 2326 cum
2606 2274 2835 2329 sciamus
2859 2286 2913 2330 et
2945 2292 3139 2333 uxores
3168 2288 3222 2334 et
3266 2280 3363 2334 viri
3387 2321 3402 2344 ,
3429 2290 3484 2335 ct
3513 2282 3745 2349 virgines
3780 2291 3837 2337 et
3867 2284 4059 2335 matri-

2460 2362 2642 2417 monio
2673 2362 2894 2433 jttnctm,
2925 2374 2981 2421 et
3024 2368 3230 2434 viduae,
3268 2370 3494 2424 multum
3541 2370 3607 2425 ad
3654 2371 4058 2442 eleeinosynam

2458 2451 2692 2508 studium
2721 2454 3064 2511 conferamus
3084 2500 3097 2523 ,
3131 2474 3304 2528 neque
3344 2459 3618 2526 dicamus,
3648 2460 3743 2516 llleâ€˜
3774 2461 4059 2531 impr-ibus

2459 2552 2542 2598 est
2565 2586 2580 2612 ,
2609 2554 2664 2599 et
2709 2546 2991 2617 indignus,
3023 2549 3113 2619 qui
3158 2549 3476 2605 beneficium
3516 2552 3770 2623 accipiat;
3806 2553 3895 2607 ille
3942 2553 4059 2606 \â€˜ilis

2459 2642 2579 2699 est,
2627 2635 2715 2691 ille
2762 2637 3023 2706 abjectus.
3054 2639 3133 2695 Ne
3175 2641 3488 2711 dignitatem
3534 2653 3745 2713 spectes
3776 2644 3896 2712 ejus
3919 2684 3940 2709 ,
3965 2645 4059 2713 qui

2458 2726 2600 2781 cultu
2629 2735 2685 2781 et
2710 2728 2949 2784 subsidio
2979 2730 3200 2801 indiget,
3224 2733 3317 2787 sed
3346 2733 3577 2805 inopiam
3606 2743 3832 2789 tantum.
3856 2734 4059 2803 Quam.

2457 2814 2539 2869 vis
2565 2816 2709 2870 enim
2739 2817 2859 2872 vilis
2895 2826 2950 2873 et
2994 2819 3234 2890 abjectus
3271 2821 3376 2885 sit,
3406 2832 3462 2876 et
3500 2823 3820 2893 despectus,
3860 2825 3934 2878 ita
3962 2825 4058 2879 tibi

2456 2907 2699 2964 Christus
2724 2910 3023 2965 mercedem
3045 2913 3291 2982 imputat,
3321 2928 3383 2968 ac
3408 2914 3453 2969 si
3481 2930 3576 2985 per
3597 2931 3720 2970 eum
3745 2915 3865 2985 ipse
3891 2917 4060 2970 bene-

2456 2996 2633 3053 ficium
2662 3000 2980 3069 accepisset.
3007 3000 3087 3057 Ne
3129 3003 3278 3059 enim
3303 3019 3489 3058 eorum
3509 3045 3524 3070 ,
3552 3005 3641 3076 qui
3669 3004 3951 3061 beneï¬‚ciis
3974 3005 4056 3059 af-

2456 3087 2731 3155 ficiuntur,
2761 3091 3035 3162 dignitatis
3079 3094 3343 3151 rationem
3374 3095 3726 3163 haberemus,
3752 3098 3879 3152 audi
3925 3099 4058 3168 quid

2456 3176 2596 3232 dicat
2624 3196 2637 3231 :
2671 3178 2986 3235 Esurientem
3012 3199 3091 3238 me
3126 3184 3322 3240 vidistis
3341 3226 3357 3253 ,
3382 3195 3431 3239 et
3455 3186 3654 3239 aluistis
3687 3186 3707 3256 (
3731 3185 3924 3240 Matth.
3960 3186 4054 3241 ÎµÎ´.

2609 3268 2808 3327 Deinde
2835 3286 2957 3327 cum
2986 3274 3062 3328 illi
3086 3274 3349 3343 dicerent,
3378 3277 3598 3342 Quando
3625 3286 3671 3332 te
3694 3279 3917 3332 vidimus
3938 3297 4056 3333 esu-

2457 3360 2688 3444 rientem,
2717 3373 2765 3416 et
2786 3364 3007 3419 aluimus
3034 3364 3199 3435 (Ilus.
3220 3366 3315 3437 57)
3336 3366 3576 3437 ladjecit
3602 3368 3787 3423 dicens
3812 3387 3826 3423 :
3861 3369 4058 3435 Quam-

2455 3449 2547 3502 diu
2577 3452 2765 3521 fecistis
2793 3453 2885 3506 uni
2906 3469 2971 3507 ea:
3004 3455 3088 3508 Itis
3107 3458 3299 3525 parsis,
3331 3458 3455 3511 mihi
3474 3459 3661 3527 fecistis
3684 3457 3705 3529 (
3728 3455 3811 3511 Ib.
3841 3475 3887 3511 Î½.
3914 3459 3989 3513 4Î¿
4010 3460 4051 3527 ).

2457 3539 2639 3611 Itaque
2666 3544 2839 3598 nullus
2868 3544 3089 3601 relictus
3115 3559 3198 3601 est
3227 3558 3535 3618 prtetextus.
3568 3549 3844 3620 Siquidem
3875 3567 3943 3605 ne
3967 3552 4051 3605 di-

2454 3646 2577 3687 cere
2603 3647 2900 3702 possemus,
2934 3635 3032 3691 Ubi
3064 3652 3205 3693 nnnc
3231 3638 3396 3694 Helia:
3418 3639 3649 3695 similem
3676 3640 4054 3696 inveniemus?

2457 3721 2546 3778 ubi
2581 3724 2811 3780 similem
2854 3725 3275 3794 Elisteo?item,
3314 3729 3387 3783 Da
3424 3730 3553 3784 mitti
3608 3731 3741 3785 tales
3776 3730 3959 3797 viros,
4000 3742 4053 3787 et

2455 3827 2664 3870 summa
2693 3830 2814 3871 cum
2853 3817 3017 3871 animi
3059 3817 3339 3873 alacritate
3377 3820 3663 3889 suscipiam
3696 3820 3846 3885 illos,
3879 3837 4057 3891 neque

2456 3907 2635 3962 lavare
2664 3906 2829 3977 pedes
2855 3908 3137 3977 recusabo,
3158 3917 3211 3964 et
3235 3911 3380 3965 omni
3411 3911 3708 3965 officiorum
3730 3926 3935 3981 genere
3959 3927 4054 3967 co-

2458 3998 2562 4052 lam
2595 4016 2609 4053 :
2643 4013 2711 4053 ne
2736 3999 2851 4055 hac
2875 3999 3195 4067 diceremus,
3221 4002 3363 4073 quod
3394 4002 3562 4057 multo
3589 4003 3760 4073 majus
3790 4013 3910 4069 cst,
3943 4005 4056 4075 ipse

2460 4088 2625 4145 Helice
2668 4100 2721 4145 et
2772 4090 2946 4145 Elisaai
2986 4100 3041 4147 et
3084 4094 3459 4162 prophetarum
3509 4095 3748 4148 omatium
3795 4095 4055 4150 Dominus

2461 4196 2556 4252 per
2582 4197 2841 4252 pauperes
2878 4183 2945 4237 ad
2990 4198 3087 4238 nos
3135 4198 3195 4238 se
3242 4185 3607 4254 ingressurum
3648 4186 3897 4254 promisit
3934 4202 4051 4240 cum

2460 4274 2595 4330 dixit
2623 4292 2636 4328 :
2673 4275 2927 4341 Quamdiu
2958 4277 3147 4347 fecistis
3186 4276 3275 4330 usti
3319 4276 3381 4330 de
3415 4277 3493 4331 Itis
3528 4276 3788 4343 minimis,
3820 4276 3952 4331 mihi
3979 4282 4055 4349 fe-

2460 4367 2624 4421 cistis.
3226 4380 3229 4383 '

2533 4456 2767 4521 Quatuor
2790 4455 2851 4509 ob
2876 4471 3057 4511 causas
3091 4454 3282 4511 Christi
3325 4456 3529 4511 notitiae
3568 4457 3823 4511 dandum.
3848 4487 3921 4498 â€”
3952 4457 4053 4513 Sed

2461 4547 2602 4619 quod
2630 4548 2827 4602 dictum
2854 4556 2969 4613 est,
3001 4563 3068 4604 ne
3101 4559 3411 4619 praetereas.
3438 4548 3574 4609 Illud
3596 4550 3741 4605 enim
3762 4590 3778 4614 ,
3804 4549 4056 4605 Esurien-

2463 4650 2561 4693 tem
2589 4657 2667 4694 me
2694 4641 2909 4705 aluistis,
2938 4650 3166 4710 quatuor
3188 4642 3405 4697 exhibet
3428 4642 3787 4713 eleemosyna:
3822 4644 4058 4699 necessi-

2464 4740 2602 4786 tates
2634 4747 2647 4785 :
2680 4731 2819 4801 quod
2847 4730 2950 4786 llde
2970 4732 3160 4801 dignus
3186 4733 3256 4786 sit
3280 4731 3325 4786 is
3342 4732 3430 4802 qui
3453 4732 3606 4802 petit,
3628 4734 3772 4802 quod
3801 4734 4059 4787 Dominus

2463 4825 2533 4879 sit
2562 4824 2607 4878 is
2635 4826 2722 4894 qui
2755 4826 2880 4894 petit
2914 4842 2926 4879 :
2960 4825 3101 4896 quod
3134 4836 3319 4896 urgeat
3348 4826 3548 4895 inopia,
3576 4824 3703 4881 dum
3731 4824 3905 4881 fames
3935 4841 4054 4894 pre-

2464 4915 2561 4971 mit
2589 4932 2602 4968 :
2632 4914 2773 4985 quod
2816 4914 2970 4970 facile
2998 4914 3070 4969 sit
3108 4914 3320 4985 largiri,
3348 4930 3471 4970 cum
3501 4914 3756 4971 alimenta
3787 4915 4052 4986 postulet,

2464 5018 2518 5062 et
2544 5008 2713 5062 Solum
2740 5022 2928 5077 panem
2949 5049 2963 5073 ,
2996 5022 3103 5061 non
3131 5006 3353 5061 delicias
3375 5014 3522 5077 petat
3550 5022 3564 5059 :
3590 5006 3734 5077 quod
3758 5022 3955 5078 magna
3982 5024 4060 5062 re-

2468 5102 2767 5157 muneratio
2794 5110 3153 5171 exspectetur,
3186 5114 3305 5154 cum
3335 5116 3428 5169 pro
3459 5100 3665 5170 exiguis
3689 5100 3806 5154 istis
3834 5099 4060 5170 promis-

2464 5209 2581 5249 sum
2615 5195 2678 5250 sit
2727 5210 2970 5263 regnum.
3000 5192 3324 5247 inhumanus
3344 5236 3358 5260 ,
3398 5192 3659 5259 crudelis,
3688 5203 3745 5249 et
3777 5193 4064 5248 immisch

2466 5301 2589 5341 cors
2613 5286 2709 5340 es?
2734 5287 3022 5349 Reverere,
3060 5285 3249 5353 inqttit,
3274 5284 3582 5355 dignitatem
3612 5284 3728 5354 ejus
3758 5285 3855 5352 qui
3884 5295 4059 5353 postu-

2467 5379 2559 5431 lat.
2595 5379 2661 5431 At
2688 5386 2931 5444 respectu
2971 5376 3244 5445 dignitatis
3290 5391 3396 5430 non
3439 5376 3722 5430 exoraris?
3748 5375 4061 5429 Calatnitate

2468 5468 2657 5523 saltem
2698 5467 2930 5522 ï¬‚ectere.
2983 5466 3085 5522 Sed
3134 5481 3304 5536 neque
3348 5466 3669 5521 calamitatis
3714 5468 3856 5520 ratio
3903 5478 3955 5520 te
4000 5468 4057 5520 ad

2469 5558 2891 5613 misericordiam
2949 5556 3221 5611 inflectit?
3273 5555 3353 5611 Ob
3418 5556 3692 5625 petitionis
3752 5557 4055 5612 facilitatem

2466 5634 2722 5706 concede.
2755 5650 2937 5718 Neque
2988 5649 3239 5721 dignitas,
3296 5664 3468 5720 neque
3506 5649 3700 5719 inopi-.e
3733 5652 4051 5703 necessitas.

2472 5759 2643 5814 neque
2699 5741 2991 5815 largitionis
3056 5741 3278 5798 facilitas
3335 5756 3678 5797 commovere
3730 5750 3784 5798 te
3835 5741 4056 5812 potest?
