4194 6302
251 338 359 393 537

1472 331 1537 390 LV
1577 330 1842 390 HELIAI
1878 331 1972 390 ετ
2010 331 2295 392 νιυυΔιι.

2149 224 2237 237 ’κς

3453 330 3563 387 558

248 452 456 509 Saltem
502 449 664 521 igitur
714 448 787 504 ob
831 460 1018 504 eorum
1064 445 1328 502 bonorum
1351 482 1366 509 .
1407 457 1528 515 quae
1586 442 1850 516 promissa
1952 449 2101 507 enim
2129 446 2303 504 solum
2330 460 2451 519 qua
2490 447 2736 519 accepit,
2764 444 3050 518 diligenter
3074 451 3313 501 asservat
3337 483 3353 509 ,
3381 441 3473 498 scd
3502 453 3559 499 et

250 550 379 596 sunt
404 581 423 610 ,
470 536 894 610 magnitudinem
944 551 1116 607 egeno
1162 533 1373 605 putabo.
1417 531 1586 594 Vides,
1622 540 1853 604 quatuor

249 644 466 695 causas,
483 645 604 700 quae
626 636 846 699 possent
866 626 946 681 vel
975 624 1204 696 lapidem
1234 626 1429 694 ipsum,
1453 633 1509 680 et
1529 637 1772 688 avarum,
1798 630 1856 678 et

251 729 601 784 exemcatum,
630 727 686 776 et
708 717 1185 773 immisericordem
1216 715 1511 783 hominem,
1532 725 1588 771 ot
1611 714 1850 771 omnium

252 810 682 881 stupidissimum
708 808 980 865 excitare?
1009 808 1179 875 Quam
1211 807 1371 879 igitur
1394 807 1605 862 veniam
1633 820 1854 877 sperare

257 909 542 975 poterunt,
573 901 664 971 qui
695 908 815 969 post
865 908 1064 953 tantam
1112 898 1537 953 cohortationem
1578 906 1634 953 et
1678 896 1855 954 consi-

253 991 386 1045 lium
431 1005 631 1063 egenos
674 989 1015 1060 despicient?
1069 988 1361 1048 Dicanket
1400 987 1544 1043 aliud
1593 996 1853 1059 pra:th

250 1082 512 1153 quiddam
540 1099 556 1135 :
584 1081 803 1136 audiant
852 1081 943 1151 qui
988 1079 1260 1152 mysteriis
1307 1088 1435 1135 sunt
1476 1079 1689 1135 initiati.
1717 1077 1852 1135 Cum

252 1174 330 1228 ali
353 1183 407 1229 te
442 1188 578 1243 opus
611 1174 798 1239 fuerit,
830 1188 900 1229 ne
924 1172 1073 1227 carni
1097 1172 1316 1245 quidem
1349 1186 1461 1227 suae
1488 1171 1656 1242 parcit
1689 1172 1803 1242 ipse
1834 1187 1849 1225 :

254 1282 382 1322 cum
414 1266 507 1322 tibi
529 1276 713 1337 potum
737 1265 853 1320 dari
878 1280 1013 1335 opus
1050 1264 1239 1331 fuerit,
1272 1278 1342 1319 ne
1366 1263 1608 1335 sanguini
1636 1262 1852 1334 quidem

252 1374 358 1419 suo
379 1358 567 1429 parcit,
597 1373 696 1414 nec
720 1357 872 1414 illum
902 1357 1144 1415 invidet:
1173 1366 1228 1412 tu
1260 1372 1389 1413 vero
1419 1373 1486 1412 ne
1514 1372 1709 1428 panem
1734 1356 1855 1427 qui-

252 1450 383 1507 dem
432 1451 711 1520 impertis,
751 1466 853 1507 nec
893 1450 1154 1507 calicem?
1177 1450 1347 1521 Quam
1386 1451 1601 1508 tandem
1642 1451 1851 1507 veniam

252 1540 557 1605 obtinebis,
590 1541 682 1611 qui
726 1549 805 1596 tot
844 1541 1001 1597 bonis
1034 1550 1143 1597 tam
1173 1542 1423 1613 pretiosis
1458 1542 1714 1613 acceptis,
1744 1550 1851 1598 tam

256 1632 457 1688 vilibus
490 1634 716 1703 parcas?
746 1632 881 1688 Vide
909 1649 978 1689 ue
1008 1633 1319 1705 frequenter
1354 1649 1475 1689 cum
1504 1634 1719 1690 Christo
1749 1635 1856 1690 lar-

250 1721 360 1793 girl
386 1722 453 1777 ad
488 1724 694 1778 lucrum
741 1727 1073 1780 recusaveris
1096 1766 1111 1789 ,
1140 1724 1206 1779 ad
1232 1725 1485 1781 damnum
1515 1726 1729 1783 diabolo
1751 1727 1856 1781 iar-

249 1813 438 1882 giaris.
467 1815 598 1869 Cum
625 1815 769 1870 enim
800 1816 1123 1885 pauperibus
1150 1830 1257 1872 non
1300 1816 1522 1883 demus,
1552 1818 1856 1887 impostorio

251 1901 359 1958 bus
401 1901 590 1958 damus
640 1920 656 1957 :
709 1905 854 1960 iures
897 1906 1210 1978 plerumque
1263 1906 1348 1963 vel
1389 1908 1618 1964 malefici
1673 1907 1855 1962 famuli

248 1991 584 2063 abripientes
608 1991 805 2048 abeunt
826 1995 954 2059 ,vel
980 1996 1141 2051 etiam
1173 1996 1370 2067 aliquis
1397 1996 1535 2051 alius
1560 2013 1739 2053 rerum
1764 2012 1854 2053 ca-

250 2096 352 2137 sus
404 2082 597 2138 aufert.
654 2081 722 2138 Et
776 2099 906 2141 vero
948 2095 1226 2157 postquam
1296 2086 1413 2142 haec
1476 2089 1854 2145 evitaverimus

249 2173 460 2239 omnia,
488 2188 637 2229 mors
672 2173 1037 2232 interveniens
1064 2176 1265 2233 dudum
1291 2177 1539 2236 abducet.
1570 2179 1647 2236 No
1695 2180 1854 2252 igitur

252 2262 445 2319 istiuasc
486 2264 771 2327 eveniant,
800 2267 947 2335 prius
972 2267 1189 2337 Christo
1218 2268 1419 2339 petenti
1448 2270 1771 2341 largiamur,
1797 2280 1854 2327 et

251 2354 320 2406 tn
343 2352 595 2408 thesauro
631 2354 791 2409 nullis
831 2356 1171 2425 praedonibus
1211 2358 1450 2415 obnoxio
1494 2375 1850 2431 reponamus,

252 2452 318 2499 ut
350 2454 407 2499 et
440 2443 510 2499 de
548 2444 791 2500 custodia
820 2455 877 2502 et
917 2446 987 2503 de
1030 2459 1290 2518 proventu
1335 2451 1688 2506 confidamus.
1736 2451 1855 2507 Non

1956 535 2273 605 majoritibi
2298 552 2491 595 rursus
2527 551 2651 593 cum
2677 538 2990 593 accessione
3014 534 3267 591 restituit.
3294 531 3375 589 Ne
3397 532 3560 604 igitur

1957 625 2200 683 imminui
2230 628 2386 687 nobis
2409 626 2692 685 facultates
2724 627 3050 684 arbitremur
3068 666 3084 693 ,
3111 641 3235 682 cum
3258 624 3555 697 eleemosy-

1957 733 2081 774 nam
2120 734 2425 791 erogamus.
2449 720 2568 776 Non
2594 720 2739 777 enim
2763 720 3097 785 minuuntur,
3126 717 3224 775 sed
3249 727 3512 790 augentur
3543 734 3559 779 ;

1957 823 2064 863 non
2108 810 2496 877 absumuntur,
2544 810 2640 866 sed
2680 809 3141 881 multiplicantur,
3171 816 3229 864 et
3269 806 3562 879 negotiatio

1955 898 2202 970 quaedam
2228 915 2317 957 res
2340 901 2442 957 ista
2479 909 2537 957 et
2562 902 2823 958 sementis
2853 910 2934 957 est
2966 918 2980 954 :
3013 899 3098 956 vel
3126 899 3305 970 potius
3329 908 3560 970 utroque

1956 988 2180 1046 istorum
2210 993 2565 1063 questuosius
2593 991 2849 1065 quiddam
2885 998 2942 1048 et
2982 992 3168 1048 tutius.
3198 989 3331 1047 Nam
3360 1005 3559 1047 merca-

1959 1090 2074 1137 tura
2097 1082 2313 1153 quidem
2350 1082 2526 1139 ventis
2552 1098 2617 1140 ac
2656 1082 2907 1140 fluctibus
2934 1082 3230 1154 multisque
3266 1081 3565 1154 naufragiis

1956 1180 2042 1227 est
2084 1172 2353 1240 obnoxia,
2385 1174 2622 1245 itemque
2662 1174 2868 1230 semina
2898 1174 3234 1231 siccitatibus
3260 1172 3433 1243 aeris,
3461 1174 3565 1228 im-

1955 1262 2172 1332 bribus,
2212 1265 2533 1339 exterisque
2562 1266 2776 1336 injuriis
2811 1277 2868 1324 et
2894 1267 3345 1339 intequalitatibus
3371 1267 3558 1345 aeris:
3651 1259 3653 1261 ’

1955 1370 2077 1426 quat
2106 1370 2234 1412 vero
2272 1356 2325 1411 in
2354 1371 2544 1413 manus
2577 1355 2777 1413 Christi
2811 1360 3166 1414 conferuntur
3195 1357 3458 1428 pecunia,
3488 1356 3561 1413 ab

1960 1445 2170 1503 insidiis
2194 1447 2446 1506 omnibus
2473 1456 2601 1505 sunt
2626 1448 2919 1505 immunes.
2942 1446 3114 1505 Nemo
3152 1462 3343 1518 rapere
3380 1455 3563 1519 potest

1956 1536 2026 1594 de
2066 1553 2228 1595 manu
2265 1539 2419 1609 ejus,
2447 1556 2570 1597 cum
2600 1540 2869 1614 acceperit
2896 1556 2961 1596 ea
3002 1555 3124 1613 quo
3151 1541 3321 1598 semel
3354 1541 3407 1598 ei
3435 1550 3565 1599 sunt

1958 1630 2148 1687 tradita
2176 1648 2191 1686 :
2221 1632 2318 1689 sed
2345 1642 2566 1689 manent
2592 1633 2933 1705 multumque
2958 1632 3115 1689 nobis
3142 1640 3201 1689 et
3235 1632 3560 1690 immensum

1957 1722 2187 1779 fructum
2215 1724 2452 1794 pariunt,
2480 1733 2539 1781 et
2568 1723 2788 1781 uberem
2815 1724 2868 1780 in
2902 1733 3145 1794 tempore
3173 1738 3407 1781 messem
3435 1739 3562 1797 pro-

1959 1810 2157 1870 ferunt.
2184 1814 2285 1881 Qui
2312 1816 2453 1870 enim
2477 1831 2630 1885 parce
2652 1815 2887 1883 seminat,
2911 1815 3107 1889 inquit,
3131 1832 3282 1887 pm
3306 1825 3356 1872 et
3376 1824 3560 1881 metet;

1958 1914 2008 1959 et
2052 1905 2142 1976 qui
2177 1907 2393 1961 seminat
2426 1908 2479 1961 in
2520 1906 2947 1964 benedictionibus
2967 1947 2984 1975 ,
3032 1907 3095 1963 de
3135 1907 3561 1964 benedictionibus

1957 1996 2112 2050 etiam
2139 2006 2286 2051 metet
2314 1997 2392 2066 (2.
2416 1995 2535 2053 Cor.
2565 1998 2619 2054 9.
2649 1997 2729 2071 ϐ).
2751 1998 2983 2070 Copiose
3004 1997 3186 2069 itaque
3203 1999 3557 2062 seminemus.

1959 2095 2021 2141 ut
2066 2087 2138 2142 ita
2182 2103 2397 2159 quoque
2442 2098 2745 2155 metamus,
2775 2098 2832 2145 et
2867 2088 2973 2145 vita
3026 2088 3269 2146 fruamur
3314 2099 3557 2147 eterna:

1959 2194 2118 2250 quam
2151 2194 2251 2234 nos
2278 2194 2469 2236 omnes
2496 2182 2699 2236 utinam
2729 2195 3123 2252 consequamur
3145 2222 3161 2249 ,
3185 2182 3357 2253 gratia
3381 2192 3437 2239 et
3460 2181 3561 2238 be-

1961 2257 2218 2341 nignitate
2246 2273 2458 2328 Domini
2490 2273 2658 2331 nostri
2682 2272 2812 2330 Jesu
2846 2271 3090 2342 Christi,
3117 2289 3241 2331 cum
3278 2289 3386 2346 quo
3415 2273 3562 2332 Patri

1960 2362 2226 2433 simulque
2269 2363 2495 2435 Spiritui
2534 2372 2724 2421 sancto
2752 2365 2957 2437 gloria,
3000 2358 3285 2435 imperium
3310 2405 3327 2434 ,
3351 2364 3561 2434 honor,

1961 2468 2103 2509 nunc
2128 2462 2184 2509 et
2202 2467 2417 2525 semper
2436 2462 2491 2511 et
2516 2454 2571 2509 in
2591 2454 2787 2510 saecula
2813 2452 3155 2510 saeculorum.
3184 2455 3379 2512 Amen.

283 2668 3535 2715 Μ

1173 2913 1274 2975 AD
1312 2912 1693 2974 HOMILIAM
1732 2910 1811 2971 IN
1855 2911 2145 2972 HELIAM
2190 2912 2286 2971 ET
2328 2907 2651 2972 VIDUAM.

280 3140 435 3187 ctera
457 3139 807 3197 summopere
839 3124 1267 3195 frequentatum,
1295 3120 1366 3179 de
1387 3120 1728 3192 eleemosyna
1757 3118 1970 3177 scilicet
2004 3129 2059 3176 et
2091 3120 2161 3177 de
2197 3121 2602 3193 hospitalitate,
2634 3136 2773 3194 quas
2804 3121 2894 3178 ille
2926 3134 3148 3191 semper
3179 3120 3323 3178 inter
3346 3118 3550 3192 praei»

283 3260 392 3315 pua
419 3242 749 3301 Christiane
770 3243 893 3299 vita
922 3241 1105 3298 ofﬁcia
1137 3239 1352 3297 habuit.

356 3354 737 3426 lnterpretatio
772 3353 968 3412 Latina
994 3364 1077 3411 est
1104 3352 1401 3411 Frontonis
1430 3348 1631 3406 Durati.

1590 3697 1701 3767 IN
1747 3695 2208 3782 HELIAM,

1270 3864 1353 3907 ET
1394 3864 1457 3907 IN
1504 3864 1775 3918 VIDUAM,
1822 3865 1902 3907 ΕΤ
1944 3865 2027 3906 ΒΕ
2072 3862 2514 3907 Ειεεωοεῑιυ.

1571 3986 1971 4043 -αω

330 4123 383 4178 1.
429 4122 777 4195 Ειεεηιοεῃηω
796 4126 1053 4197 dignitas;
1081 4126 1197 4181 dua:
1241 4127 1408 4183 nidum
1430 4128 1533 4182 duo
1562 4136 1855 4184 testamenta

254 4215 844 4284 exprimunt—Diebus
864 4219 989 4285 illis,
1020 4219 1215 4290 quibus
1236 4220 1612 4290 jejunabamus
1640 4237 1851 4288 omnes,

255 4319 383 4360 eum
405 4324 779 4377 smpenumero
801 4326 1104 4367 sermonem
1136 4312 1415 4369 instituere
1427 4313 1495 4369 de
1509 4315 1853 4386 eieemosyna

254 4402 563 4457 statuissem
597 4440 614 4464 ,
682 4402 1092 4470 superveniente
1122 4418 1345 4473 vespera
1375 4418 1493 4459 sum
1522 4404 1809 4475 impeditus
1834 4446 1851 4473 ,

254 4507 380 4561 qure
423 4492 577 4547 nobis
626 4492 844 4547 c'ursum
890 4492 1150 4549 orationis
1199 4492 1503 4565 interrupit.
1556 4495 1671 4552 Hoc
1722 4512 1852 4553 vero

255 4583 417 4639 ﬁebat
458 4582 570 4638 Deo
598 4583 827 4638 fortasse
867 4582 920 4638 in
971 4592 1208 4639 nostram
1259 4587 1542 4641 utilitatem
1574 4588 1643 4642 ita
1670 4586 1855 4657 dispo-

254 4682 438 4740 nente,
487 4684 648 4744 atque
694 4673 748 4728 in
801 4674 942 4729 hunc
971 4674 1110 4732 diem
1160 4676 1587 4733 cobet-tationem
1647 4678 1715 4733 de
1767 4679 1852 4735 his

254 4767 418 4822 rebus
442 4766 723 4821 dil'ferente
742 4783 754 4819 :
775 4782 842 4821 ne
868 4767 992 4821 dum
1013 4783 1107 4823 vos
1133 4767 1185 4823 in
1217 4768 1457 4824 Ecclesia
1484 4767 1642 4825 divisi
1664 4771 1849 4835 eratis,

252 4858 615 4926 eleemosyna:
662 4871 848 4911 mensa
882 4857 1035 4912 vobis
1087 4869 1449 4929 apponeretur
1496 4878 1510 4914 :
1560 4877 1665 4917 non
1709 4862 1853 4931 quod

253 4948 421 5005 hodie
476 4964 726 5018 magnum
776 4948 973 5019 aliquid
1004 4958 1059 5003 et
1089 4950 1295 5021 insigne
1316 4952 1601 5008 dicendum
1652 4952 1852 5007 habea-

255 5054 380 5095 tnus
408 5080 426 5107 ,
472 5040 565 5094 sed
593 5038 736 5110 quod
784 5055 975 5109 magna
1004 5041 1073 5095 sit
1098 5052 1153 5097 et
1182 5044 1376 5098 eximia
1403 5044 1574 5099 virtus
1617 5045 1853 5100 eleemo-

251 5146 427 5201 synaz.
477 5130 694 5185 Multam
722 5131 1196 5202 quippeyflduciam
1234 5136 1375 5206 apud
1406 5137 1570 5191 Deum
1612 5154 1699 5193 res
1749 5139 1851 5194 ista

249 5221 541 5287 conciliat,
588 5230 646 5275 et
697 5230 966 5292 tamquam
1015 5227 1197 5295 regina
1243 5228 1485 5296 quaedam
1538 5230 1851 5299 religionem

252 5319 495 5365 nostram
517 5324 709 5380 regens
730 5312 895 5366 multa
920 5330 1042 5368 cum
1071 5316 1359 5372 securitate
1386 5317 1631 5373 cmlestes
1649 5319 1852 5389 ingredi

252 5400 413 5454 sedes
462 5401 778 5467 consuevit,
829 5412 885 5457 et
934 5403 1078 5469 illm,
1133 5406 1330 5474 quibus
1378 5407 1633 5463 caelorum
1676 5409 1855 5478 ianuae

255 5490 564 5545 commissae
612 5500 738 5546 sunt
766 5534 781 5558 ,
830 5502 1162 5563 potestates,
1213 5497 1258 5552 si
1300 5498 1515 5568 quidem
1564 5501 1851 5556 intrantem

254 5578 492 5633 viderint
540 5582 963 5654 eleemosynam,
1012 5586 1181 5642 multo
1221 5600 1342 5641 cum
1383 5588 1588 5645 honore
1633 5591 1853 5661 reliquis

265 5669 433 5724 etiam
459 5671 744 5728 virtutibus
774 5684 991 5746 propter
1034 5676 1203 5748 ipsam
1234 5677 1377 5733 fores
1417 5678 1536 5735 illas
1562 5682 1847 5750 aperiunt:

256 5760 344 5819 sin
376 5772 554 5823 autcm
591 5766 794 5839 absque
822 5767 1164 5841 elecmosyna
1193 5769 1374 5827 venire
1420 5770 1673 5839 viderint,
1712 5772 1855 5830 fores

1972 4008 2233 4025 -ι

1962 4127 2066 4183 illis
2112 4124 2420 4182 occludunt.
2472 4124 2649 4194 Atque
2678 4122 2781 4178 hoc
2805 4138 2876 4178 ex
2899 4122 3198 4195 virginibus
3237 4122 3343 4177 illis
3388 4130 3569 4193 patet,

1960 4233 2081 4287 qua:
2110 4227 2393 4288 propterea
2434 4229 2591 4272 sacro
2634 4214 2722 4269 illo
2766 4213 3006 4270 thalamo
3046 4214 3263 4271 fuerunt
3298 4213 3565 4282 esciusm,

1963 4309 2105 4379 quod
2124 4308 2300 4363 oleum
2328 4306 2380 4361 in
2402 4305 2741 4376 lampadibus
2763 4306 2877 4361 suis
2890 4316 3152 4376 perpetuo
3172 4320 3278 4360 non
3298 4304 3561 4362 haberent

1965 4394 2311 4473 (Matth.25).
2333 4394 2413 4449 Ae
2448 4396 2581 4452 mihi
2624 4395 2916 4453 discrimen
2944 4394 3247 4451 considera.
3300 4393 3560 4452 Eleemo-

1959 4506 2091 4563 syna
2123 4488 2336 4560 quidem
2362 4487 2567 4558 absque
2605 4487 2913 4558 virginitate
2956 4502 3088 4543 suos
3112 4487 3359 4542 alumnos
3390 4486 3565 4542 intro-

1958 4581 2109 4636 duxit
2138 4580 2190 4634 in
2226 4579 2417 4635 cadum
2466 4595 2480 4632 :
2527 4586 2584 4634 at
2628 4576 2909 4648 virginitas
2952 4577 3156 4649 absque
3208 4578 3565 4651 eleemosyna

1959 4674 2179 4729 minime
2228 4672 2423 4743 potuit.
2466 4668 2693 4738 Quando
2748 4670 2912 4741 igitur
2956 4676 3101 4726 tanta
3149 4670 3230 4725 rei
3284 4669 3448 4741 hujus
3475 4679 3565 4726 est

1960 4765 2151 4831 virtus,
2178 4763 2323 4818 omni
2354 4761 2533 4818 studio
2563 4760 2836 4816 institutos
2877 4760 2946 4816 de
2986 4775 3049 4815 ea
3098 4774 3382 4817 sermones
3406 4762 3559 4817 exei-

1960 4857 2186 4927 piamus.
2215 4855 2503 4911 Enimvero
2525 4851 2906 4923 compendiosa
2950 4852 3109 4908 fuerit
3152 4852 3445 4909 admodum
3489 4852 3560 4909 ad

1959 4947 2097 5003 hanc
2110 4964 2221 5004 rem
2238 4947 2560 5013 cohortatio,
2584 4946 2631 5001 si
2652 4960 2748 5001 vos
2757 4944 2825 5000 ad
2842 4944 3055 5001 viduam
3078 4944 3397 5017 Sarephthis
3411 4945 3558 5002 Sido-

1960 5042 2043 5096 nis
2087 5040 2411 5095 habitantem
2466 5038 2811 5094 abducamus.
2841 5036 2975 5093 Nam
3006 5036 3098 5110 qui
3135 5038 3393 5109 operibus
3421 5038 3555 5109 ipsis

1960 5136 2254 5199 instruunt,
2282 5134 2451 5189 multo
2476 5133 2749 5203 digniores
2778 5132 2884 5188 fide
2923 5132 3165 5203 magistri
3194 5132 3329 5187 fiunt
3351 5175 3367 5200 ,
3396 5148 3558 5203 quam

1960 5228 2051 5298 qui
2098 5226 2275 5282 verbis
2326 5225 2458 5282 solis
2506 5225 2790 5281 consilium
2845 5223 2976 5279 dant
3029 5242 3042 5276 :
3093 5224 3344 5294 quocirca
3401 5223 3557 5278 vidua

1959 5333 2171 5388 quoque
2210 5316 2367 5373 nobis
2408 5316 2485 5371 rei
2537 5316 2696 5384 hujus
2737 5315 2937 5385 optima
2983 5314 3087 5371 erit
3140 5316 3419 5386 magistra.
3468 5314 3556 5370 Si-

1960 5409 2175 5480 quidem
2205 5424 2306 5464 nos
2349 5408 2527 5464 verbis
2564 5409 2781 5478 quidem
2834 5406 3184 5463 adhortamur
3212 5425 3227 5463 :
3256 5417 3311 5461 at
3348 5409 3435 5463 illa
3465 5423 3564 5463 vos

1958 5502 2212 5571 operibus
2238 5500 2437 5557 docere
2466 5500 2665 5571 poterit
2692 5542 2707 5563 ,
2747 5514 2871 5555 cum
2902 5498 3109 5555 eisdem
3135 5499 3415 5569 praeditam
3445 5514 3560 5554 nio-

1957 5593 2142 5657 ribns,
2190 5591 2391 5646 sociam
2438 5591 2633 5647 habent
2676 5591 2777 5646 sibi
2808 5591 3133 5659 copulatam.
3187 5590 3316 5646 Dum
3360 5590 3566 5662 quippe

1960 5691 2083 5738 sunt
2118 5684 2201 5736 ba:
2231 5681 2427 5747 viduae,
2461 5697 2565 5737 una
2595 5682 2647 5737 in
2690 5681 2840 5737 Novo
2870 5680 3237 5749 Testamento,
3288 5696 3409 5751 qua:
3446 5677 3561 5733 duo

1963 5776 2165 5833 minuta
2194 5774 2337 5831 misit
2367 5773 2517 5845 (Luc.
2549 5773 2663 5845 2|),
2710 5772 2877 5829 altera
2928 5774 2982 5831 in
3011 5772 3222 5842 Veteri,
3269 5787 3388 5844 qum
3424 5781 3555 5847 pro-
