4194 6302
357 367 448 424 5i!
1606 369 1671 425 IN
1710 368 1939 426 IIELIAI

2046 368 2100 425 η’
2143 374 2181 430 ν
2195 360 2430 427 ιυυΑι

355 498 472 539 ctus
505 484 789 551 exstinxit,
832 484 928 543 sed
956 486 1139 543 videre
1164 495 1283 542 erat
1310 485 1362 540 in
1392 496 1545 553 portu
1576 483 1909 555 naufragium
1933 525 1949 551 ,

358 576 593 647 iniquam
624 576 678 632 in
709 588 989 635 senectute
1011 577 1379 649 cupiditatem.
1425 578 1494 632 At
1518 592 1626 633 non
1654 576 1763 633 huc
1787 592 1955 648 usque

358 676 562 723 tantum
590 684 873 741 progressa
902 680 987 727 est
1014 671 1226 727 illorum
1253 670 1585 741 improbitas,
1627 670 1804 727 sedet
1830 686 1953 725 cum

358 760 499 816 ﬁlias
548 776 678 818 suas
739 762 1058 819 traditurum
1106 779 1167 820 se
1216 762 1316 819 Lot
1357 763 1720 833 polliceretur,
1767 775 1836 818 ne
1878 762 1956 817 sic

353 850 572 919 quidem
616 862 978 916 recesserunt,
1038 855 1133 909 sed
1171 856 1431 925 urgebant
1476 854 1714 909 dicentes
1754 869 1859 908 non
1896 869 1955 909 se

355 940 505 1011 prius
548 958 708 1012 quam
738 943 883 998 viros
910 945 1243 1015 accepissent
1270 959 1607 1009 recessuros;
1640 960 1805 1015 seque
1832 960 1956 1013 gra-

354 1034 574 1090 vissima
601 1035 840 1090 illaturos
883 1037 1023 1092 mala
1058 1037 1400 1092 minabantur
1439 1037 1511 1103 ei,
1556 1036 1648 1108 qui
1681 1048 1740 1091 ut
1767 1036 1953 1108 hospi-

355 1125 501 1181 tibus
527 1126 784 1183 honorem
810 1128 1065 1191 deterret.
1094 1131 1228 1185 ﬁlias
1248 1146 1376 1187 suas
1404 1147 1463 1187 se
1491 1132 1813 1200 promiserat
1839 1139 1955 1186 tra-

354 1215 612 1273 diturum.
648 1218 812 1276 Vides
841 1231 899 1277 ut
924 1222 1071 1278 omni
1111 1238 1175 1278 ex
1222 1232 1372 1293 parte
1412 1222 1811 1279 Sodomitarum
1856 1236 1951 1277 ne-

353 1308 577 1376 quitiam
609 1309 1017 1379 demonstrarit,
1066 1329 1130 1369 ac
1156 1313 1351 1370 deinde
1381 1330 1593 1384 pmnam
1621 1315 1725 1369 illis
1758 1313 1954 1368 intule-

354 1400 469 1455 rit'!
525 1401 603 1459 Ne
658 1404 803 1459 enim
866 1415 1049 1475 postea
1106 1423 1226 1462 cum
1278 1423 1374 1463 eos
1418 1408 1640 1462 affectos
1686 1407 1953 1478 supplicio

353 1489 586 1558 videris,
654 1505 873 1564 propter
930 1498 1250 1554 calamitatis
1293 1498 1710 1568 magnitudinem
1770 1499 1952 1553 animo

351 1578 635 1650 frangaris,
677 1600 850 1655 neque
886 1603 1008 1642 cum
1048 1589 1154 1643 illis
1184 1589 1349 1644 Deum
1396 1604 1639 1653 accuses,
1688 1588 1782 1644 sed
1833 1589 1952 1644 illos

334 1684 475 1733 cum
522 1671 632 1726 Deo
673 1674 1036 1743 condenmes,
1100 1689 1256 1735 antea
1304 1680 1671 1736 demonstrata
1734 1680 1950 1735 illorum

349 1761 693 1831 improbitate
721 1782 935 1824 clunem
982 1787 1105 1841 erga
1136 1771 1255 1828 illos
1284 1774 1667 1829 misericordia:
1710 1772 1950 1828 occasio-

351 1870 477 1910 nem
518 1860 828 1927 pratripuit,
860 1870 918 1915 et
948 1876 1045 1916 nos
1084 1863 1153 1917 ab
1181 1862 1330 1918 omni
1374 1862 1843 1919 commiseratione
1895 1863 1949 1917 in

332 1948 477 2005 illos
522 1954 783 2009 avocavit.
831 1954 985 2022 Quod
1024 1965 1079 2011 et
1127 1970 1267 2010 nunc
1303 1970 1427 2026 erga
1468 1954 1783 2026 prophetam
1816 1968 1952 2023 pra:-

333 2038 509 2101 .stitit.
553 2040 631 2095 Ne
674 2044 813 2100 fame
860 2043 1139 2100 confectos
1182 2047 1395 2099 intuens
1443 2044 1658 2101 intimos
1698 2044 1948 2111 deletes,

347 2129 741 2187 immanitatem
790 2134 1002 2190 illorum
1045 2152 1100 2191 ei
1141 2135 1511 2192 crudelitatem
1560 2136 1837 2203 ostendit,
1894 2142 1952 2192 et

345 2235 509 2287 quam
545 2238 669 2277 raro
704 2224 932 2282 comiter
962 2228 1273 2298 peregrinos
1302 2229 1631 2299 exciperent.
1657 2229 1773 2284 Non
1804 2229 1948 2286 enim

344 2312 524 2368 solum
554 2316 871 2385 prophetam
902 2326 1011 2374 non
1039 2331 1422 2391 susceperunt,
1478 2321 1576 2379 sed
1604 2332 1662 2379 et
1691 2339 1752 2379 se
1780 2324 1950 2379 inter-

344 2400 588 2461 fecturos
620 2410 963 2465 minabantur
990 2427 1003 2464 :
1035 2410 1087 2466 id
1128 2413 1274 2483 quod
1305 2428 1369 2468 ex
1402 2398 1499 2469 D-ei
1531 2413 1707 2470 verbis
1737 2415 1947 2485 colligi-

345 2502 457 2549 tur.
487 2493 605 2552 Non
647 2498 791 2553 enim
831 2501 905 2554 ait
951 2510 1178 2567 tantum,
1229 2502 1445 2568 Recede,
1494 2505 1587 2562 sed
1613 2506 1795 2570 etiam,
1840 2506 1945 2560 Ab-

343 2583 593 2640 scoaden
641 2586 732 2658 (3.
776 2586 905 2660 Reg.
940 2592 1028 2646 l7.
1057 2590 1154 2664 5).
1197 2593 1314 2649 Non
1362 2594 1561 2651 sufiicit
1604 2596 1673 2652 ad
1717 2597 1945 2653 salutem

343 2671 488 2744 fuga,
540 2677 635 2732 sed
663 2687 719 2733 et
750 2691 964 2751 oportet
988 2693 1045 2739 ut
1076 2695 1127 2741 te
1152 2686 1435 2759 diligenter
1459 2689 1699 2745 occultos
1731 2708 1745 2743 :
1779 2705 1948 2759 popu-

342 2760 431 2817 lus
472 2765 669 2837 quippe
712 2766 966 2829 Judaicus
992 2782 1111 2841 est,
1145 2777 1372 2847 populus
1411 2778 1726 2850 sanguinem
1758 2780 1945 2836 sitiens

340 2853 766 2925 prophetarum,
806 2868 863 2916 et
906 2861 960 2916 in
1007 2865 1208 2921 sanctis
1253 2867 1511 2922 necandis
1555 2870 1879 2925 exercitatus
1924 2887 1941 2928 :

340 2957 562 3015 semper
585 2962 776 3004 manus
797 2966 926 3008 suas
952 2956 1264 3026 prophetico
1292 2957 1552 3029 sanguine
1571 2969 1940 3017 cruentarum.

342 3032 566 3092 Etcum
597 3038 747 3095 illum
790 3042 1003 3113 quidem
1048 3048 1327 3103 emittebat
1372 3064 1436 3103 ex
1482 3047 1687 3112 Judtea,
1727 3048 1869 3104 Vade
1896 3061 1943 3106 et

339 3127 668 3199 abscondere,
706 3134 879 3205 inquit
906 3155 920 3190 :
948 3152 1069 3192 cum
1099 3150 1278 3194 autem
1306 3140 1371 3194 ad
1408 3140 1620 3196 viduam
1649 3142 1894 3199 mittebat
1925 3162 1939 3200 :

342 3216 491 3290 Ego,
540 3221 747 3293 inquit,
795 3226 875 3281 illi
920 3229 1175 3285 mandabo
1221 3229 1399 3304 (Ibid.
1428 3249 1477 3287 υ.
1506 3232 1587 3303 9).
1635 3234 1827 3301 Vides,
1884 3245 1943 3293 ut

341 3308 469 3367 inde
502 3313 720 3382 quidem
748 3315 1039 3387 fugientem
1065 3322 1252 3390 jubeat
1292 3323 1422 3379 illud
1461 3340 1582 3379 cum
1616 3327 1780 3381 multa
1816 3342 1941 3383 cau-

341 3400 487 3455 tione
523 3414 808 3472 prmstare;
840 3407 943 3465 huc
966 3418 1143 3466 autem
1171 3412 1564 3485 confugientem
1595 3431 1787 3486 magna
1816 3432 1939 3473 cum

339 3489 533 3546 ﬂducia
568 3497 845 3567 praecipiat
872 3510 928 3556 et
953 3504 1242 3559 securitate
1266 3504 1583 3563 discedere?

410 3583 467 3639 5.
509 3584 613 3639 Cur
640 3588 705 3641 ab
731 3591 848 3646 aliis
879 3594 1095 3664 ejeettts,
1119 3612 1152 3648 α
1176 3595 1331 3651 viduo
1372 3608 1633 3668 susceptus
1664 3601 1937 3670 prop/tela;

339 3688 434 3728 cur
464 3673 671 3731 Heliam
696 3678 837 3737 Deus
878 3685 1033 3756 afﬂigi
1056 3687 1245 3742 siverit.
1280 3718 1349 3729 —-
1374 3688 1557 3761 Neque
1585 3691 1760 3747 solum
1793 3692 1893 3750 hoc
1914 3736 1933 3764 ,

339 3768 434 3823 sed
463 3778 517 3823 et
540 3771 683 3826 aliud
710 3790 808 3845 per
836 3775 976 3833 hunc
1007 3780 1280 3849 prepbeta:
1309 3782 1596 3839 adventum
1624 3785 1691 3840 ad
1723 3786 1935 3843 viduam

341 3859 575 3926 providit
608 3878 671 3918 ac
700 3863 986 3935 disposuit.
1020 3868 1098 3924 Ne
1122 3871 1263 3926 enim
1292 3883 1473 3941 postea
1505 3890 1627 3929 cum
1661 3876 1932 3933 Christum

340 3950 581 4005 nonnulli
610 3964 894 4011 cernerent
923 3967 1043 4027 post
1092 3960 1253 4015 multa
1284 3970 1339 4017 et
1379 3963 1639 4021 immensa
1678 3967 1933 4026 beneﬁcia

338 4040 391 4093 in
434 4038 672 4098 Judmam
714 4046 944 4115 collata,
998 4061 1117 4119 post
1164 4052 1474 4111 innumeros
1518 4069 1759 4115 mortuos
1796 4079 1935 4133 quos

338 4132 723 4204 suscitaverat,
780 4149 900 4209 post
939 4156 1146 4209 caecos,
1188 4148 1341 4217 queis
1363 4148 1533 4203 visum
1586 4132 1931 4225 restituerat,

337 4235 460 4319 post
484 4226 743 4298 leprosos,
777 4248 912 4303 quos
944 4236 1313 4305 mundaverat,
1342 4255 1464 4311 p05t
1484 4243 1776 4309 daemones,
1796 4264 1933 4319 quos

336 4316 603 4383 eiecerat,
634 4329 754 4388 post
781 4322 1146 4380 admirabilem
1173 4329 1567 4403 salutaremque
1610 4316 1931 4409 doctrinam,

335 4408 405 4460 ab
433 4407 555 4473 illis,
588 4426 725 4479 quos
764 4414 1077 4472 devinxerat
1104 4419 1395 4482 beneiiciis.
1428 4440 1549 4481 esse
1581 4441 1851 4499 vexatum,
1875 4407 1932 4489 et

335 4512 367 4552 a
396 4500 685 4567 gentilibus
716 4502 921 4562 honore
950 4508 1221 4577 allectum,
1253 4515 1341 4583 qui
1374 4514 1505 4570 nihil
1542 4519 1802 4584 viderant,
1834 4539 1933 4581 nec

333 4589 683 4659 audiverant,
716 4597 1069 4663 mirarentur,
1101 4602 1429 4671 dubitarent,
1459 4618 1512 4664 et
1556 4626 1668 4665 rem
1699 4628 1818 4669 esse
1848 4614 1932 4669 in-

331 4681 643 4743 credibilem
664 4686 1067 4749 existimarent:
1089 4698 1236 4765 prius
1255 4715 1319 4755 ac
1346 4701 1512 4755 multo
1538 4713 1661 4758 ante
1690 4716 1930 4776 tempore

333 4788 430 4843 per
458 4790 647 4834 servos
674 4795 822 4849 suos,
850 4792 906 4838 et
934 4800 1093 4855 quam
1137 4789 1364 4859 improbi
1406 4792 1604 4848 fuerint
1635 4796 1801 4851 Judaei
1829 4814 1927 4855 nos

328 4862 507 4930 docet,
530 4880 584 4923 et
604 4884 768 4941 quam
799 4890 983 4931 comes
1008 4887 1062 4933 et
1090 4878 1306 4935 humani
1341 4884 1532 4939 fuerint
1572 4890 1800 4956 gentiles
1830 4907 1928 4945 nos

332 4961 681 5058 Instruit-Sic
708 4967 958 5022 nimirum
990 4979 1043 5025 et
1070 4969 1268 5043 Ioseph
1301 4974 1397 5035 illi,
1431 4978 1619 5046 quibus
1650 4981 1761 5048 ipse
1789 4983 1927 5037 ciba-

330 5053 409 5105 ria
460 5053 863 5111 ministraturus
915 5060 1243 5128 advenerat,
1276 5066 1437 5120 etiam
1495 5084 1687 5125 necare
1746 5076 1922 5128 conati

328 5140 455 5200 sunt
489 5162 503 5198 :
533 5144 692 5200 homo
711 5158 890 5203 autem
916 5149 1171 5208 barbarus
1202 5156 1253 5209 in
1286 5173 1552 5213 summum
1583 5161 1730 5216 illum
1755 5162 1927 5219 bono-

327 5247 444 5290 rem
492 5240 688 5291 evexit.
740 5240 855 5294 Non
914 5242 1068 5297 aliter
1124 5244 1399 5317 bloysem,
1454 5267 1611 5320 quem
1665 5254 1923 5311 beneficio

324 5324 499 5381 allecti
530 5330 783 5397 expulere
807 5332 977 5388 Judmi
999 5377 1013 5397 ,
1047 5334 1207 5391 homo
1250 5339 1505 5395 barbarus
1534 5344 1724 5401 Jothor
1766 5364 1923 5403 cxce-

326 5415 439 5485 pit,
466 5427 523 5472 et
562 5421 781 5475 multam
830 5423 881 5476 in
932 5440 1052 5479 eum
1098 5429 1401 5485 comitatem
1434 5444 1486 5487 et
1535 5434 1921 5494 humanitatem

326 5506 590 5565 exhibuit.
629 5513 718 5567 Sic
749 5514 1001 5573 Davidem
1029 5517 1152 5573 Sani
1194 5532 1310 5589 post
1349 5536 1678 5594 amputatum
1707 5529 1919 5585 Goliath

329 5610 490 5669 caput
517 5602 696 5672 eiecit,
719 5616 839 5675 post
868 5610 1015 5665 mille
1039 5612 1271 5680 pericula
1297 5632 1415 5684 qum
1438 5619 1505 5671 ab
1529 5618 1643 5687 ejus
1666 5621 1920 5677 civitatis-

324 5709 427 5761 que
444 5694 745 5751 cemcibus
766 5713 907 5769 saepe
927 5702 1229 5770 depulerat:
1255 5707 1472 5762 Auchus
1490 5721 1666 5765 autem
1693 5730 1779 5768 rex
1808 5714 1919 5769 har-

327 5788 574 5846 barorum
620 5794 846 5863 excepit,
881 5806 931 5850 ct
978 5797 1028 5852 in
1062 5814 1306 5871 magnum
1332 5800 1589 5858 honorem
1621 5807 1813 5864 erexit.
1841 5808 1912 5863 ita

3553 362 3665 422 διε

2061 498 2206 539 nunc
2232 482 2394 540 etiam
2424 483 2629 540 Heliam
2656 483 2911 553 expulere
2934 480 3134 548 Judaei,
3156 478 3253 536 sed
3282 476 3439 537 vidua
3468 497 3660 541 susce-

2060 575 2163 644 pit.
2190 574 2417 643 Quando
2443 575 2605 647 igitur
2631 574 2906 631 Christum
2936 575 3005 630 ab
3035 574 3141 631 illis
3161 574 3438 645 repulsum
3463 572 3662 631 videris

2059 674 2343 737 exceptum
2373 681 2404 722 a
2427 666 2700 738 gentibus,
2722 666 3110 722 animadversis
3148 676 3306 721 antea
3339 662 3555 737 figuris,
3588 679 3660 719 ne

2059 759 2376 828 prodentem
2423 774 2485 815 se
2527 760 2607 815 rei
2654 761 2936 816 veritatem
2990 758 3223 814 mireris.
3272 756 3479 812 Audisti
3528 770 3663 828 ergo

2057 851 2331 908 Christum
2391 852 2552 910 hodie
2597 854 2901 913 dicentem.
2933 860 2989 908 et
3033 853 3135 909 hoc
3188 854 3365 924 ipsum
3416 848 3663 907 subindi-

2058 954 2293 998 cantem.
2324 945 2459 999 Cum
2490 946 2635 1000 enim
2656 944 2871 1001 Judmos
2904 944 3243 1015 indignantes
3269 943 3661 1012 alloqueretur,

2056 1034 2291 1101 dicebat,
2324 1035 2503 1091 Multa
2524 1037 2691 1091 uidete
2713 1047 2857 1091 eram
2874 1038 2928 1090 iu
2949 1036 3124 1090 diebus
3145 1032 3313 1088 Helia:
3330 1075 3345 1097 ,
3370 1042 3419 1087 et
3448 1030 3517 1085 sd
3543 1031 3661 1085 ttul-

2058 1127 2161 1182 la'm
2190 1131 2376 1183 missus
2404 1138 2477 1181 est
2511 1126 2725 1193 Helias,
2769 1127 2867 1183 uisi
2910 1130 2981 1181 ad
3031 1126 3259 1192 eid-ant,
3290 1139 3404 1195 qua
3447 1134 3557 1179 erat
3606 1124 3662 1177 in

2060 1218 2367 1286 Sarephtltis
2396 1219 2607 1274 Sidonis
2636 1218 2786 1291 (Luc.
2821 1220 2876 1276 ι.
2903 1217 3019 1291 9.5).
3052 1217 3157 1273 Sed
3188 1225 3398 1289 quaeret
3434 1216 3665 1272 fortasse

2057 1310 2343 1379 quispiam,
2377 1326 2536 1380 quam
2567 1310 2637 1365 ob
2656 1325 2873 1365 causam
2907 1320 3031 1365 eum
3071 1308 3162 1377 qui
3200 1317 3405 1363 tantum
3434 1324 3535 1380 pro
3563 1304 3663 1362 Dei

2056 1403 2225 1473 gloria
2254 1403 2427 1457 zelum
2463 1417 2572 1473 pra:
2602 1418 2663 1458 se
2691 1403 2924 1469 tulerat,
2948 1401 3134 1457 vexari
3166 1400 3308 1456 Deus
3351 1398 3663 1471 permiserit

2057 1502 2111 1549 et
2162 1494 2365 1565 afﬂigi,
2394 1510 2517 1549 cum
2562 1510 2687 1549 eum
2734 1495 2800 1548 ad
2833 1503 3131 1549 torrentem
3179 1507 3322 1547 nunc
3378 1491 3658 1555 mitteret,

2058 1604 2200 1643 nunc
2225 1589 2291 1643 ad
2321 1588 2555 1654 viduam,
2582 1604 2724 1645 nunc
2758 1589 2919 1644 alium
2950 1588 3001 1641 in
3035 1586 3234 1652 locum,
3263 1594 3537 1657 tamquam
3564 1598 3660 1638 cx-

2057 1682 2229 1735 sulcm
2292 1680 2577 1752 quemdam
2633 1681 2818 1736 volens
2886 1680 3059 1733 locum
3111 1694 3179 1734 ex
3237 1677 3356 1731 loco
3426 1684 3657 1730 mutare.

2060 1770 2319 1826 Vexatnm
2368 1771 2511 1827 enim
2555 1780 2609 1827 et
2665 1772 2919 1825 aﬂlictutu
2962 1769 3128 1825 fuisse
3170 1767 3296 1824 audi
3346 1782 3454 1837 quo
3501 1774 3660 1836 pacto

2057 1864 2255 1921 Paulus
2280 1865 2442 1920 etiam
2466 1873 2691 1921 testetur
2716 1879 2731 1923 ;
2763 1862 3082 1917 Circuierunt
3109 1861 3163 1915 in
3185 1860 3403 1924 metatis,
3422 1859 3475 1912 in
3503 1858 3659 1928 pelli-

2057 1958 2150 2010 bus
2180 1955 2424 2027 caprinis,
2449 1965 2669 2027 egentes,
2703 1953 2998 2025 augustiati,
3029 1951 3201 2023 amicti
3229 1948 3385 2022 (Heb.
3420 1949 3505 2004 11.
3534 1947 3656 2018 37).

2055 2044 2164 2102 Cur
2210 2047 2371 2117 igitur
2414 2046 2565 2101 illum
2608 2047 2733 2102 sivit
2759 2045 2924 2116 affligi
2949 2042 2974 2097 2
3002 2043 3133 2098 Nam
3160 2040 3444 2113 siquidem
3489 2041 3561 2096 ob
3586 2053 3653 2095 ea

2056 2146 2274 2208 peccata
2306 2152 2426 2208 qua:
2449 2137 2503 2192 in
2532 2136 2707 2207 ipsum
2736 2134 3085 2199 admiserant,
3115 2132 3211 2187 has
3239 2146 3271 2187 a
3306 2130 3508 2187 Juda:is
3534 2144 3657 2201 pm-

2055 2246 2153 2286 nas
2198 2230 2496 2301 exegisset,
2542 2229 2735 2285 merito
2783 2226 3013 2283 dixisset
3061 2240 3187 2282 eum
3228 2224 3513 2280 vexatione
3554 2216 3693 2278 ista'

2054 2320 2351 2391 perieulum
2378 2318 2684 2375 aﬂlictionis
2706 2318 2923 2384 fecisse,
2952 2328 3008 2372 ut
3032 2317 3213 2371 mitior
3240 2316 3393 2372 ﬂeret
3429 2322 3487 2370 et
3514 2329 3653 2369 non-

2053 2412 2186 2467 nihil
2215 2412 2284 2467 de
2310 2410 2629 2467 crudelitate
2655 2411 2953 2466 remitteret
2983 2428 2995 2463 :
3030 2410 3077 2463 si
3106 2418 3287 2463 autem
3335 2422 3442 2463 non
3501 2404 3647 2477 quod

2052 2502 2319 2558 malorum
2366 2518 2575 2557 memor
2620 2512 2799 2568 esset,
2827 2516 2949 2573 quae
2993 2500 3063 2555 ab
3094 2500 3198 2555 illis
3218 2513 3411 2572 passus
3442 2498 3654 2566 fuerat,

2050 2596 2147 2653 sal
2189 2596 2332 2668 quod
2366 2606 2583 2667 propter
2610 2611 2798 2651 eorum
2827 2595 3092 2651 adversus
3122 2592 3407 2648 Dominum
3446 2590 3654 2661 impro-

2052 2687 2273 2743 bitatem
2297 2697 2352 2743 et
2379 2688 2719 2743 insolentiam
2747 2684 3181 2752 contabesceret,
3201 2684 3341 2740 hanc
3366 2682 3473 2739 illis
3509 2681 3654 2737 cala-

2052 2778 2294 2833 mitatem
2326 2776 2617 2835 invehebat
2648 2796 2662 2834 :
2692 2793 2797 2849 qua
2822 2777 2891 2834 de
2915 2792 3080 2833 causa
3127 2776 3181 2832 in
3225 2775 3556 2833 consortium
3596 2783 3656 2830 et

2048 2870 2163 2939 ipse
2191 2869 2456 2924 malorum
2494 2878 2717 2925 vocatur
2734 2910 2751 2936 ,
2782 2884 2884 2925 nec
2909 2868 3094 2924 multis
3119 2867 3331 2924 deliciis
3356 2882 3419 2923 ac
3444 2866 3655 2923 securi-

2049 2966 2157 3012 tate
2188 2957 2526 3028 perfruitur?
2555 2958 2689 3026 Quia
2716 2958 2970 3015 nimirum
2998 2958 3046 3015 si
3070 2957 3199 3015 dutn
3226 2958 3318 3014 alii
3345 2958 3654 3014 calamitate

2047 3060 2444 3119 premerentur,
2469 3058 2526 3105 et
2564 3049 2705 3105 fame
2733 3050 3005 3119 perirent,
3035 3050 3153 3121 ipse
3177 3049 3390 3106 deliciis
3434 3059 3490 3106 et
3532 3049 3651 3119 opi-

2046 3155 2174 3211 para
2204 3155 2391 3195 mensa
2418 3143 2712 3207 frueretur,
2741 3142 2871 3196 illud
2898 3142 3127 3197 fortasse
3156 3142 3354 3196 factum
3380 3140 3651 3212 quispiam

2044 3228 2350 3285 crudelitati
2403 3229 2698 3286 tribuisset.
2739 3230 2882 3286 Nihil
2912 3232 3057 3286 enim
3108 3232 3303 3287 mirum
3349 3230 3540 3287 fuisset
3565 3232 3651 3287 vi-

2044 3335 2189 3387 sum,
2217 3320 2514 3387 hominem,
2542 3320 2627 3375 cui
2655 3322 2859 3377 aﬂatim
2890 3332 3086 3378 cuncta
3114 3332 3486 3395 suppeterent,
3514 3324 3651 3378 alio-

2043 3427 2164 3467 rum
2212 3412 2369 3467 malis
2415 3411 2698 3467 obiectari.
2723 3412 2931 3469 Idcirco
2980 3413 3300 3485 participem
3350 3428 3477 3470 eum
3525 3428 3651 3471 esse

2044 3504 2363 3559 calamitatis
2395 3503 2641 3574 permisit
2668 3504 2831 3571 Deus,
2856 3514 2912 3560 et
2936 3505 3170 3576 experiri
3196 3506 3335 3560 mala
3358 3521 3479 3577 qua:
3502 3506 3647 3563 acci-

2041 3596 2243 3652 debant
2266 3635 2282 3661 ,
2309 3610 2373 3651 ac
2396 3596 2593 3651 famem
2624 3597 2772 3667 pati,
2798 3606 2855 3651 ut
2891 3597 3065 3652 discas
3111 3613 3217 3669 non
3258 3597 3455 3655 famem
3498 3597 3644 3671 apud

2042 3687 2217 3756 illum,
2248 3690 2344 3744 sed
2374 3688 2548 3743 selum
2578 3687 2766 3744 fuisse.
2794 3688 2977 3759 Neque
3001 3688 3145 3743 enim
3176 3688 3255 3743 sic
3283 3688 3336 3744 in
3367 3691 3645 3760 angustias

2040 3780 2311 3849 redactus,
2340 3791 2579 3854 egestate
2618 3795 2836 3852 pressus
2854 3823 2871 3849 ,
2903 3791 3156 3851 vexatus,
3184 3791 3241 3839 et
3267 3783 3499 3840 afﬂictus
3549 3782 3644 3839 ad-

2041 3874 2162 3929 duci
2194 3875 2474 3944 potuisset,
2508 3883 2567 3929 ut
2594 3876 2769 3930 minas
2802 3874 3166 3941 rescinderet,
3201 3874 3303 3930 nisi
3333 3890 3442 3945 prae
3474 3874 3645 3932 nimio

2040 3966 2161 4023 zelo
2188 3968 2397 4021 beatam
2428 3967 2571 4021 illam
2602 3981 2787 4023 vocem
2816 3967 3105 4023 emisisset.
3142 3966 3405 4034 Quocirca
3443 3966 3645 4037 jucun-

2038 4058 2160 4113 dius
2183 4057 2259 4113 illi
2286 4057 2475 4113 fuisset
2504 4057 2695 4129 afﬂigi,
2724 4067 2886 4129 atque
2908 4059 3196 4130 castigatos
3222 4058 3345 4113 illos
3373 4073 3599 4115 cernere
3621 4097 3643 4126 ,

2039 4166 2198 4220 quam
2227 4150 2434 4220 urgenti
2457 4151 2784 4206 necessitate
2808 4151 3065 4206 liberatos
3102 4150 3170 4207 ad
3194 4151 3427 4222 priorem
3456 4164 3643 4206 rever-

2038 4257 2130 4298 sos
2150 4242 2476 4312 impietatem
2494 4241 2704 4297 videre.

2109 4332 2162 4387 6.
2206 4333 2365 4388 Tales
2394 4334 2538 4388 enim
2581 4343 2707 4389 sunt
2734 4332 2934 4404 ubique
2964 4333 3157 4390 anima:
3196 4342 3505 4390 sanctorum
3537 4351 3552 4389 :
3582 4345 3644 4394 ut

2035 4426 2217 4480 caateri
2247 4426 2560 4496 resipiscam
2582 4465 2596 4491 ,
2628 4427 2973 4482 securitatem
3002 4443 3154 4483 suam
3195 4428 3435 4498 periculo
3461 4445 3641 4499 espoo

2036 4529 2189 4574 nunt.
2209 4518 2288 4575 Ne
2313 4521 2433 4589 quis
2470 4520 2675 4575 diceret
2702 4535 2823 4575 eum
2872 4535 2982 4591 pra:
3018 4521 3180 4575 nimia
3214 4522 3535 4577 crudelitate
3563 4523 3641 4576 fa-

2037 4626 2178 4664 tnem
2202 4611 2436 4673 auxisse,
2463 4610 2773 4681 participem
2804 4627 2927 4667 cum
2960 4611 3076 4667 ﬁeri
3104 4612 3259 4667 famis
3286 4615 3551 4683 permisit,
3582 4624 3641 4671 ut

2038 4701 2429 4772 philosOphiam
2482 4701 2759 4772 propheta:
2810 4718 3126 4774 cognoscas.
3182 4704 3452 4760 Praeterea
3510 4722 3640 4762 vero

2035 4810 2155 4847 cum
2183 4794 2357 4848 soleat
2388 4795 2702 4863 plerumque
2754 4794 3135 4849 miraculorum
3166 4806 3356 4851 natura
3383 4814 3513 4864 eos,
3543 4799 3637 4869 qui

2035 4887 2292 4941 miracula
2327 4898 2560 4956 patrant,
2578 4887 2793 4953 eilerre,
2815 4899 2977 4957 atque
3003 4905 3190 4944 eorum
3217 4900 3555 4961 spectatores
3584 4893 3638 4948 in

2032 4994 2151 5034 cam
2201 4988 2437 5035 mentem
2480 4980 2777 5049 impellere,
2810 4988 2867 5033 ut
2912 4981 3107 5052 aliquid
3167 4983 3219 5036 in
3272 4983 3351 5037 eis
3402 4982 3636 5039 humana

2035 5082 2223 5125 natura
2254 5072 2534 5126 sublimius
2560 5087 2682 5127 esse
2709 5072 3041 5127 arbitrentur
3072 5090 3085 5125 :
3124 5074 3206 5129 his
3231 5077 3395 5129 etiam
3428 5075 3639 5133 duobus

2032 5165 2328 5219 remedium
2358 5161 2624 5227 adhibuit,
2652 5176 2706 5220 et
2731 5175 2941 5220 natura:
2969 5166 3335 5224 infirmitatem
3377 5171 3635 5225 immuta-

2031 5258 2124 5311 vit.
2188 5256 2313 5312 [hec
2360 5269 2540 5313 autem
2576 5259 2657 5315 ita
2687 5275 2746 5314 se
2780 5261 2999 5327 habere,
3032 5263 3183 5316 facile
3206 5260 3368 5319 fuerit
3394 5280 3458 5321 cx
3484 5266 3634 5324 Pauli

2030 5350 2251 5404 vocibus
2277 5350 2596 5421 intelligere.
2626 5350 2758 5405 Nam
2793 5354 3047 5408 miracula
3076 5355 3293 5424 quidem
3314 5358 3511 5414 eﬂ'erre
3540 5375 3631 5413 so-

2029 5442 2161 5509 lere,
2195 5443 2318 5497 audi
2343 5460 2450 5515 quo
2478 5456 2633 5515 pacto
2664 5455 2887 5501 testctur
2918 5466 2931 5501 :
2962 5448 3026 5503 Et
3058 5466 3121 5503 ue
3164 5452 3463 5521 magnitudo
3490 5470 3630 5507 reve-

2028 5534 2277 5588 latiouum
2316 5537 2528 5591 extollat
2580 5555 2677 5602 me,
2702 5539 2851 5592 datus
2898 5552 2968 5595 cst
3013 5544 3139 5595 milii
3188 5545 3421 5599 stimulus
3463 5547 3633 5599 carnis

2028 5643 2170 5691 mcw,
2198 5629 2413 5699 angelus
2444 5629 2672 5697 Satattw,
2702 5641 2752 5685 ut
2780 5650 2858 5685 me
2883 5636 3165 5704 colaplu'zet
3196 5638 3273 5704 (9..
3298 5636 3416 5691 Cor.
3440 5639 3524 5691 Η.
3548 5638 3625 5706 7).

2028 5717 2257 5773 Efticcre
2285 5736 2444 5791 porro
2477 5723 2750 5789 miracula,
2783 5736 2837 5778 ut
2868 5728 2956 5795 qui
2988 5745 3047 5781 ea
3075 5739 3302 5783 cernunt
3322 5770 3336 5793 ,
3368 5730 3627 5798 majorem

2030 5814 2331 5878 concipiunt
2360 5816 2665 5884 opinionem
2696 5816 2759 5873 de
2789 5818 2918 5884 illis,
2941 5838 2968 5875 ω
3002 5821 3193 5889 quibus
3218 5822 3479 5893 eduntur,
3524 5826 3625 5882 hoc
