4194 6302
624 356 728 411 343

618 468 781 522 etiam
811 468 933 525 inde
960 480 1187 525 constat.
1219 471 1348 526 Cum
1372 476 1512 529 enim
1552 492 1767 534 suarum
1818 482 2201 539 revelationum

623 561 836 615 fecisset
866 563 1209 629 mentionem,
1248 564 1425 629 addit,
1477 566 1616 622 Nam
1652 572 1697 623 si
1736 572 1937 626 voluero
1971 574 2203 643 gloriari,

621 667 721 704 non
738 667 822 704 ero
843 653 1081 720 insipiens
1105 670 1124 706 :
1148 655 1402 708 veritatem
1424 659 1553 711 enint
1570 660 1735 713 dicant
1774 661 1848 733 (2.
1880 662 1996 717 Cor.
2020 664 2104 718 12.
2124 665 2201 736 6).

620 740 727 795 Cur
750 758 853 795 non
890 742 1049 813 igitur
1076 744 1358 813 gloriaris?
1390 746 1556 802 Parca
1593 760 1757 804 autem
1780 792 1794 818 ,
1821 770 1884 806 ne
1906 756 2017 823 quis
2045 756 2097 808 in
2126 773 2205 811 me

622 831 883 894 existimet,
903 848 1059 899 supra
1075 833 1129 885 id
1141 835 1275 903 quod
1291 836 1420 889 videt
1434 854 1531 904 me,
1550 848 1637 892 aut
1653 840 1846 910 aliquid
1862 844 2003 896 audit
2023 860 2086 897 ea:
2101 861 2198 898 me.

616 919 698 977 Ne
717 922 873 991 igitur
894 922 999 977 tale
1015 924 1283 994 quidpiam
1316 930 1587 998 propheta:
1608 930 1872 988 accideret
1890 934 2038 1001 (licet
2057 936 2202 989 enim

620 1010 799 1067 Helias
824 1022 988 1081 esset,
1012 1014 1174 1070 homo
1224 1026 1400 1072 tamen
1445 1021 1605 1089 erat),
1635 1021 1921 1078 immiscuit
1946 1024 2202 1080 miraculo

618 1110 821 1155 natura:
846 1102 1135 1160 deiectum.
1163 1106 1447 1176 Propterea
1476 1111 1564 1179 qui
1592 1112 1722 1165 etclo
1741 1112 2041 1182 imperavit,
2076 1116 2199 1170 fami

616 1204 720 1245 non
740 1190 1018 1261 imperavit
1035 1213 1047 1249 :
1062 1196 1154 1266 qui
1173 1206 1327 1253 terrae
1344 1212 1549 1269 partum
1563 1202 2024 1271 cohibuit,ventris
2041 1209 2203 1276 repri-

618 1297 765 1338 mere
786 1286 1157 1342 necessitatem
1181 1304 1285 1345 non
1309 1292 1494 1360 potuit,
1512 1292 1603 1346 sed
1632 1296 1855 1350 muliere
1878 1297 2035 1351 vidua
2064 1299 2197 1353 indi-

615 1377 748 1444 guit,
768 1385 823 1431 ut
846 1376 1080 1434 divinam
1102 1382 1322 1450 gratiam
1352 1398 1629 1453 agnoscas,
1655 1397 1708 1440 et
1732 1387 2014 1442 humanam
2042 1390 2199 1445 simul

616 1466 999 1525 inﬁrmitatem.
1022 1471 1136 1526 Non
1166 1472 1233 1527 ad
1257 1474 1358 1529 hoc
1382 1486 1582 1529 tantum
1606 1476 1803 1533 factum
1830 1480 1955 1533 illud
1982 1480 2195 1547 profuit,

615 1558 710 1613 sed
735 1558 800 1612 ad
827 1561 968 1615 aliud
995 1562 1264 1632 quidpiam
1293 1564 1457 1619 nihilo
1485 1567 1659 1620 minus
1688 1568 1807 1621 isto.
1830 1569 2107 1634 Quodnam
2130 1570 2196 1622 il-

615 1648 706 1704 lud
728 1651 986 1706 tandem?
1018 1653 1085 1709 Ut
1112 1670 1231 1709 cum
1264 1666 1316 1710 te
1346 1657 1605 1726 quispiam
1631 1660 1696 1713 ad
1722 1661 1993 1729 propheta:
2023 1662 2196 1718 zelum

614 1739 772 1795 fuerit
808 1741 1140 1811 adhortatus,
1168 1763 1275 1801 non
1304 1748 1538 1802 animum
1568 1750 1905 1819 deSpondeas
1929 1793 1942 1815 ,
1970 1769 2069 1809 nec
2097 1754 2195 1810 de-

615 1847 817 1901 speres,
849 1837 989 1905 qnod
1014 1838 1278 1893 hominem
1306 1856 1425 1896 esse
1442 1843 1657 1898 alterius
1677 1854 1879 1899 natura:
1896 1846 2193 1913 arbitreris,

614 1924 837 1993 ideoque
870 1936 1065 1982 tantam
1088 1930 1225 1999 apud
1248 1932 1409 1986 Deum
1448 1934 1691 1989 ﬁduciam
1743 1938 2011 1992 habuisse.
2041 1938 2194 2006 Quod

611 2014 826 2081 quidem
872 2017 1040 2072 innuit
1061 2020 1323 2089 quispiam
1359 2038 1479 2076 cum
1505 2024 1635 2079 dixit
1667 2044 1679 2079 :
1718 2026 1893 2082 Helias
1918 2030 2067 2083 homo
2090 2040 2197 2084 erat

613 2106 793 2159 similis
818 2110 958 2162 trabis
987 2113 1239 2179 possibilia
1271 2112 1405 2183 (Jac.
1438 2118 1490 2171 5.
1529 2119 1615 2187 17)
1647 2136 1657 2169 :
1689 2121 1838 2189 quasi
1863 2121 2069 2176 diceret
2090 2141 2101 2175 :
2122 2122 2198 2177 Ne

613 2198 939 2263 impossibile
968 2202 1243 2257 arbitreris
1272 2220 1393 2259 esse
1415 2248 1427 2270 ,
1460 2207 1525 2260 ad
1570 2209 1706 2263 idetn
1749 2224 1867 2263 cum
1902 2211 1991 2264 illo
2024 2212 2195 2280 philo-

610 2287 812 2354 sophia:
861 2287 1126 2359 fastigium
1184 2297 1464 2361 pervenire
1500 2315 1512 2352 :
1545 2314 1664 2352 nam
1713 2308 1768 2353 et
1819 2299 2057 2368 ejusdem
2109 2304 2196 2358 ille

614 2377 878 2446 particeps
926 2378 1021 2433 fuit
1070 2392 1291 2436 nanme.
1347 2384 1719 2442 Verumtamen
1771 2389 2083 2445 admirabile
2132 2407 2196 2446 ac

610 2467 841 2519 divinum
891 2469 1015 2523 illud
1056 2472 1170 2538 ejus
1216 2475 1543 2543 propositum
1603 2482 1771 2532 multo
1814 2481 2024 2535 ueteris
2073 2497 2193 2537 cum

610 2556 973 2612 sublimiorem
1002 2563 1253 2616 ostendit.

682 2646 732 2699 7.
774 2647 875 2703 Sed
901 2650 1010 2717 jam
1045 2661 1251 2720 tempus
1276 2665 1353 2708 εει
1378 2696 1392 2718 ,
1427 2667 1481 2709 ιιι
1533 2658 1597 2711 ad
1631 2659 1840 2713 viduam
1890 2661 2191 2717 redeamus.

622 2734 793 2802 Venit,
830 2739 995 2809 inquit
1021 2784 1033 2803 ,
1070 2744 1120 2794 in
1154 2742 1442 2812 Sareplttha
1468 2748 1673 2801 Sidonis
1696 2791 1709 2813 ,
1734 2761 1778 2804 et
1804 2753 1986 2804 invenit
2016 2754 2198 2807 mulie-

610 2842 711 2876 rem
735 2828 935 2881 uiduam
960 2832 1275 2901 colligentem
1318 2834 1455 2904 ligna
1483 2837 1556 2905 (5.
1588 2836 1717 2908 Reg.
1756 2841 1836 2894 17.
1867 2842 1974 2910 10).
2029 2842 2192 2911 Digna

607 2916 897 2972 domestica
930 2932 1241 2989 paupertate
1288 2924 1539 2979 hactenus
1578 2939 1702 2982 sunt
1730 2930 2004 2983 vestibula.
2055 2932 2190 2997 Quid

613 3006 816 3074 igitur?
848 3025 971 3062 num
1022 3020 1166 3065 retro
1201 3027 1493 3068 conversus
1517 3024 1636 3081 est,
1670 3034 1788 3071 cum
1823 3021 1943 3074 talia
1977 3021 2191 3077 vidisset

610 3096 984 3165 hospitalitatis
1014 3103 1275 3157 exordia?
1319 3104 1694 3176 Nequaquam;
1724 3111 1923 3180 quippe
1949 3114 2037 3181 qui
2068 3128 2191 3167 scn-

611 3187 824 3239 tentiam
853 3189 1084 3245 divinam
1116 3193 1354 3248 audierat
1390 3214 1402 3247 :
1433 3196 1525 3249 sed
1556 3196 1804 3253 clamavit
1835 3211 1954 3268 post
1976 3218 2114 3264 eam,
2138 3211 2193 3256 et

608 3278 741 3331 dixit
776 3298 788 3332 :
821 3280 977 3334 Sume
1008 3300 1120 3336 vero
1149 3286 1271 3337 mihi
1312 3303 1512 3355 aquam,
1542 3299 1586 3340 et
1612 3290 1737 3356 irit,
1770 3301 1821 3343 ut
1850 3303 2062 3345 sumeret
2084 3292 2190 3364 (Ib.

610 3384 660 3420 v.
688 3369 797 3436 ll).
823 3370 957 3427 Vere
983 3388 1235 3442 generosa
1263 3385 1316 3429 et
1343 3378 1554 3446 sapiens
1580 3379 1789 3444 mulier,
1812 3396 1876 3435 ac
1905 3382 2003 3435 nisi
2035 3384 2191 3451 paulo

611 3458 853 3513 videatur
881 3464 1131 3516 audacius
1162 3464 1265 3517 hoc
1288 3464 1486 3520 dictum
1512 3509 1527 3534 ,
1561 3469 1671 3538 ipsa
1717 3471 1874 3524 etiam
1914 3474 2187 3542 prophetae

613 3551 1046 3618 magnanimitate
1072 3554 1226 3624 digna
1260 3572 1275 3608 :
1308 3556 1415 3612 imo
1449 3559 1596 3613 nullo
1641 3570 1792 3629 pacto
1825 3562 1983 3617 debet
2010 3564 2186 3619 audax

609 3640 734 3693 illud
761 3642 960 3697 dictum
1005 3644 1208 3701 videri:
1239 3648 1339 3701 nisi
1378 3650 1522 3704 enim
1558 3651 1715 3721 digna
1761 3653 1971 3721 fuisset,
1990 3672 2190 3726 nequa-

607 3748 763 3798 quam
792 3732 969 3788 habita
996 3736 1152 3807 digna
1191 3739 1373 3794 fuisset
1398 3784 1415 3809 ,
1444 3760 1563 3812 qua:
1600 3757 1842 3801 sanctum
1872 3749 2015 3802 illum
2046 3750 2187 3804 exci-

607 3833 774 3891 peret.
807 3825 1259 3891 Quemadmodum
1292 3844 1345 3888 et
1370 3834 1436 3888 ad
1461 3836 1748 3907 discipulos
1770 3840 1902 3894 dixit
1921 3840 2184 3910 Christus,

607 3912 671 3966 In
714 3932 1073 3986 quamcumque
1120 3922 1366 3976 civitatem
1407 3935 1496 3979 aut
1546 3916 1807 3982 castellum
1859 3933 2183 3999 intraveritis,

604 4005 934 4075 interrogate,
967 4012 1077 4078 quis
1107 4012 1157 4064 in
1184 4030 1241 4067 ea
1271 4016 1451 4085 (lignus
1480 4018 1577 4084 sit,
1597 4029 1641 4071 et
1663 4020 1728 4073 ibi
1759 4032 1952 4076 manete
1972 4023 2183 4093 (Matth.

607 4095 692 4147 10.
723 4097 844 4165 ll):
877 4100 944 4151 itu
981 4100 1117 4155 Deus
1148 4101 1231 4156 hic
1267 4121 1477 4173 quoque
1502 4122 1749 4175 quoniam
1794 4127 1901 4179 prae
1941 4113 2186 4169 onmibus

602 4184 813 4253 dignam
886 4201 1107 4243 noverat
1158 4192 1293 4245 hanc
1348 4195 1666 4258 mulierem.
1699 4215 1816 4267 qua:
1874 4204 2184 4270 prophetam

600 4279 933 4347 susciperet,
969 4294 1249 4350 propterea
1279 4285 1487 4338 castoris
1518 4288 1765 4341 omnibus
1803 4289 2016 4345 omissis
2059 4291 2186 4347 illuc

600 4386 722 4421 cum
748 4371 909 4423 misit.
940 4375 1008 4424 At
1037 4372 1178 4425 enim
1220 4388 1283 4426 es
1332 4374 1491 4429 rebus
1521 4376 1650 4444 ipsis
1696 4379 2027 4434 nobilitatem
2070 4381 2185 4449 ejus

601 4460 891 4516 videamus.
918 4462 1076 4517 Sume
1114 4466 1237 4517 milii
1258 4504 1273 4531 ,
1309 4467 1513 4535 inquit,
1544 4485 1725 4537 aquam
1755 4472 1807 4524 in
1833 4488 1965 4526 vase.
1996 4472 2183 4542 Magna

599 4566 728 4604 sane
776 4553 1013 4608 mulieris
1057 4555 1379 4610 humanitas.
1421 4558 1573 4623 Quod
1611 4562 1753 4615 enim
1802 4563 2177 4631 responderit.

602 4640 743 4708 quod
792 4642 842 4695 in
886 4644 1211 4715 colloquium
1240 4648 1356 4716 ejus
1399 4650 1621 4716 venerit,
1646 4651 1787 4722 quod
1818 4652 1969 4707 illum
2010 4655 2182 4710 corri-

598 4734 751 4801 piens
804 4744 965 4789 totatn
1012 4740 1279 4794 civitatem
1317 4740 1380 4793 ad
1427 4744 1748 4810 puniendum
1795 4762 2007 4801 sacrum
2051 4748 2181 4803 illud

596 4832 756 4891 caput
783 4839 885 4879 non
933 4830 1238 4895 vocaverit,
1270 4846 1445 4886 nonne
1484 4842 1702 4903 stupore
1740 4844 1795 4889 et
1828 4838 2183 4894 admiratione

598 4915 814 4985 dignum
875 4917 1127 4973 videtur?
1167 4920 1439 4990 Siquidem
1493 4928 1684 4982 merito
1735 4927 1891 4983 famis
1938 4930 2182 4985 adactam

598 5008 917 5063 necessitate
961 5010 1326 5066 mulierculam
1380 5029 1447 5069 eo
1495 5031 1657 5085 usque
1686 5018 1850 5073 fuisse
1907 5020 2181 5076 iracundia

596 5108 919 5153 commotam
947 5143 961 5169 ,
991 5118 1055 5158 ex
1088 5103 1187 5160 hoc
1215 5105 1439 5161 Judaico
1466 5111 1708 5179 exemplo
1736 5127 2020 5181 cognosce.

668 5189 887 5246 Elisazus
916 5195 1107 5265 duplex
1130 5196 1398 5252 Helias.—
1422 5199 1719 5270 Discipulus
1746 5204 1908 5259 Helia:
1935 5206 2178 5275 Elis-.ens,

598 5282 797 5350 duplex
827 5282 1006 5341 Helias
1032 5286 1318 5359 (duplicem
1347 5294 1489 5346 enim
1514 5296 1820 5364 magistrum
1844 5298 1897 5352 in
1918 5298 2179 5369 discipulo

602 5372 795 5427 licebat
824 5376 1064 5450 intueri),
1096 5378 1289 5435 famem
1313 5393 1494 5453 postea
1520 5387 1853 5455 prephetavit
1877 5406 1891 5455 ;
1917 5406 2019 5444 non
2064 5392 2179 5460 ipse

596 5468 817 5523 immisit
862 5471 999 5527 sicut
1030 5474 1239 5541 Helias,
1268 5477 1361 5532 sed
1409 5488 1685 5534 venturam
1733 5483 1998 5550 pra-dixit.
2039 5484 2176 5551 Quid

596 5574 725 5627 ergo
752 5575 863 5624 rex,
896 5564 983 5631 qui
1014 5566 1343 5634 temporibus
1370 5568 1473 5623 illis
1499 5571 1794 5639 regnabat?
1830 5571 2048 5628 lndutus
2095 5585 2179 5631 est

594 5667 752 5706 sacco
774 5696 787 5716 ,
819 5655 988 5724 inquit
1020 5675 1031 5710 :
1082 5658 1342 5729 siquidem
1378 5661 1673 5718 humiliavit
1704 5681 1824 5720 eum
1855 5668 2128 5724 calamitas
2161 5686 2171 5720 :

594 5742 672 5797 sic
716 5753 891 5801 tamen
935 5747 1238 5803 humiliatus
1289 5768 1408 5808 cum
1461 5752 1836 5815 lamentantem
1893 5759 2169 5817 mulierem

1361 366 1416 415 δ.
1460 361 1736 422 JOANNIS
1773 366 2246 427 CHRYSOSTOMI
2283 371 2608 433 ARCIIIEP.
2644 378 3178 444 CONSTANTINOP.

3796 412 3861 465 51
3872 414 3909 472 6.

2317 490 2572 549 audiisset
2609 507 2825 567 propter
2862 517 2925 557 ea
2967 518 3089 573 qua:
3136 506 3294 563 famis
3336 523 3498 568 causa
3550 515 3901 589 acciderunt,

2317 589 2459 637 tanta
2492 592 2601 639 tum
2633 590 2830 645 exarsit
2858 593 3128 650 iracundia
3154 638 3167 661 ,
3201 607 3260 654 ut
3284 601 3567 661 confestim
3586 606 3902 666 exclamarit

2311 688 2376 729 ac
2404 674 2633 731 dixerit:
2664 678 2795 734 llrrc
2832 684 2989 750 faciat
3029 688 3153 742 mihi
3175 689 3314 745 Deus
3351 703 3399 746 et
3440 694 3550 749 lucc
3583 697 3828 767 adjiciat,
3859 716 3903 753 si

2310 764 2636 861 stabit
2876 776 2975 844 filii
3001 777 3205 847 Saphat
3246 799 3398 853 super
3430 786 3600 855 ipsum
3643 764 3796 843 ltodie
3823 793 3900 861 (4.

2310 850 2438 922 Reg.
2464 854 2517 909 6.
2548 857 2661 937 δι).
2694 859 2941 919 Vidistin’
2962 868 3104 938 regis
3144 850 3513 929 iracundiam?
3542 876 3677 935 Vide
3709 850 3904 937 mulie-

2309 947 2382 1000 ris
2402 948 2717 1017 sapientiam
2750 971 2765 1007 :
2795 954 2910 1012 ham
2936 962 3079 1015 enim
3118 963 3334 1021 invento
3357 982 3424 1022 eo
3448 969 3539 1038 qui
3571 984 3678 1024 non
3702 970 3900 1029 famem

2306 1040 2647 1110 praedixerat,
2669 1046 2764 1102 sed
2786 1048 3079 1118 invexerat,
3096 1070 3220 1110 cum
3243 1068 3409 1128 prope
3433 1061 3703 1117 civitatem
3730 1075 3899 1130 esset,

2308 1144 2414 1186 non
2453 1132 2723 1205 indignata
2753 1150 2831 1195 est
2852 1182 2867 1207 ,
2900 1159 3007 1197 non
3057 1147 3375 1217 excanduit,
3406 1166 3515 1206 non
3556 1162 3787 1210 exteros
3832 1155 3902 1211 ad

2306 1225 2624 1293 supplicium
2675 1235 2996 1291 sumendum
3048 1240 3300 1309 vocavit,
3351 1243 3447 1299 sed
3500 1245 3901 1304 modestissimo

2307 1315 2501 1381 paruit.

2376 1404 2430 1460 8.
2470 1406 2632 1501 Scitis
2653 1421 2831 1467 autem
2857 1431 2963 1485 quo
2992 1428 3168 1488 pacto,
3200 1422 3244 1478 si
3274 1426 3493 1495 quando
3522 1429 3738 1499 negotio
3763 1444 3899 1501 quo-

2305 1496 2446 1565 piam
2473 1500 2641 1555 simus
2671 1509 2937 1577 occupati,
2970 1523 3039 1567 ne
3068 1512 3363 1572 familiares
3391 1496 3615 1589 quidem
3648 1496 3900 1591 saepenu-

2305 1604 2454 1643 mero
2482 1592 2733 1651 lubenter
2774 1601 3098 1669 aspiciamus
3122 1647 3139 1673 ,
3165 1608 3261 1661 sed
3291 1617 3346 1662 et
3384 1609 3641 1666 adversus
3672 1627 3769 1666 eos
3811 1612 3895 1667 in-

2302 1680 2585 1751 dignemur
2618 1703 2631 1739 :
2662 1703 2785 1743 cum
2814 1706 2941 1747 vero
2972 1703 3114 1749 tanta
3144 1698 3304 1752 etiam
3343 1699 3562 1757 afﬂictio
3593 1703 3857 1774 ingruerit
3876 1743 3895 1769 ,

2302 1774 2389 1827 vel
2448 1776 2619 1845 ipsum
2674 1781 2835 1835 etiam
2889 1784 3067 1840 lumen
3120 1788 3425 1844 molestiam
3480 1791 3636 1848 nobis
3683 1794 3898 1849 videtur

2302 1866 2557 1924 exhibere
2590 1888 2601 1921 :
2633 1872 2684 1925 id
2706 1875 2849 1944 quod
2879 1892 3063 1931 rursus
3094 1894 3163 1933 ex
3192 1879 3417 1937 Judaieo
3445 1893 3591 1953 patet
3619 1886 3891 1956 exemplo.

2300 1956 2440 2012 Sane
2491 1962 2706 2030 quidem
2764 1982 2887 2021 cum
2938 1970 3168 2025 venisset
3222 1971 3465 2043 Moyses,
3512 1985 3567 2029 et
3611 1976 3895 2031 innumera

2300 2047 2499 2105 Judmis
2517 2057 2886 2112 annuntiasset
2909 2059 3046 2114 bona
3068 2101 3086 2126 ,
3133 2061 3502 2119 liberationem
3528 2079 3557 2117 a
3587 2064 3893 2135 tyrannide,

2302 2140 2625 2211 libertatem,
2656 2157 2709 2201 et
2739 2148 2793 2203 in
2817 2152 3092 2221 antiquam
3136 2155 3360 2223 patriam
3387 2155 3619 2212 reditum
3645 2175 3660 2211 :
3701 2156 3896 2211 Viden-

2301 2244 2373 2288 tes
2406 2252 2517 2288 eum
2537 2277 2553 2303 ,
2584 2238 2785 2309 inquit,
2818 2258 2917 2294 non
2952 2244 3224 2299 audierunt
3253 2262 3368 2299 eum
3408 2263 3518 2317 pra:
3540 2249 3894 2317 pusillanimi-

2300 2334 2421 2392 tate,
2449 2335 2497 2380 et
2536 2329 2769 2397 operibus
2791 2333 2934 2387 duris
2962 2334 3156 2406 (Exod.
3187 2338 3238 2392 6.
3270 2338 3349 2407 9).
3380 2338 3458 2393 illi
3502 2350 3608 2393 tam
3657 2341 3894 2397 {austum

2298 2418 2543 2472 nuntium
2571 2418 2833 2477 ferentem
2862 2439 2983 2479 cum
3016 2426 3291 2493 vidissent,
3319 2428 3552 2485 aversati
3581 2438 3709 2485 sunt
3733 2449 3748 2486 :
3778 2430 3895 2487 lucc

2298 2512 2600 2567 venientem
2650 2516 2968 2585 prophetam
2994 2534 3113 2573 cum
3157 2521 3407 2587 vidisset,
3456 2537 3565 2577 non
3604 2532 3664 2578 ut
3692 2522 3893 2579 famem

2298 2600 2624 2671 depelleret,
2650 2606 2744 2661 sed
2778 2618 2834 2661 ut
2864 2608 3011 2664 illam
3041 2621 3291 2679 gravaret
3310 2652 3324 2677 ,
3355 2612 3488 2667 nihil
3513 2614 3564 2668 ei
3607 2614 3715 2669 tale
3751 2614 3895 2670 acci-

2299 2694 2394 2748 dit.
2427 2698 2492 2750 Et
2516 2698 2589 2751 illi
2635 2700 2849 2769 quidem
2890 2702 3027 2758 adeo
3069 2703 3317 2759 difﬁciles
3362 2720 3427 2760 ac
3478 2706 3678 2761 morosi
3735 2716 3894 2762 erant

2300 2799 2515 2858 propter
2542 2805 2767 2859 operum
2802 2793 3040 2850 laborem
3070 2811 3083 2847 :
3120 2796 3235 2851 haec
3279 2805 3457 2851 autem
3505 2812 3609 2851 non
3662 2798 3851 2854 laboro
3872 2839 3891 2865 ,

2296 2880 2390 2933 sed
2443 2881 2580 2935 fame
2622 2884 2973 2941 vehementer
3014 2886 3212 2941 afﬂicta
3244 2888 3516 2959 (magnum
3564 2890 3766 2961 quippe
3807 2901 3894 2946 est

2297 2972 2438 3025 inter
2482 2972 2717 3029 laborem
2754 2976 3055 3048 famemque
3096 2980 3433 3050 discrimen),
3458 2997 3564 3037 non
3611 2983 3776 3037 modo
3812 2982 3893 3037 vi-

2297 3080 2413 3117 rum
2457 3082 2561 3119 non
2610 3079 2853 3123 aversata
2886 3082 2988 3138 est,
3017 3073 3109 3127 sed
3140 3075 3301 3128 etiam
3345 3085 3509 3130 totam
3549 3091 3702 3130 suam
3752 3092 3890 3147 pau-

2295 3170 2557 3229 pertatem
2588 3163 2871 3230 exhausit,
2904 3174 2960 3219 ut
3006 3181 3129 3221 eum
3182 3168 3518 3238 susciperet,
3546 3169 3635 3239 qui
3690 3168 3889 3224 famem

2297 3249 2398 3303 illis
2422 3251 2717 3305 incluserat.
2743 3252 2805 3305 Et
2832 3255 2917 3308 ivit
2947 3266 2997 3308 ut
3024 3268 3241 3311 sumeret
3261 3275 3466 3327 aquam,
3492 3260 3681 3329 inquit,
3707 3270 3754 3313 et
3774 3262 3890 3313 cla-

2296 3343 2448 3393 mavit
2474 3345 2737 3411 prop/tela,
2772 3354 2816 3398 et
2847 3346 3006 3414 dixit,
3041 3348 3342 3403 Sumenti/ti
3364 3351 3471 3417 iam
3498 3352 3647 3405 etiam
3678 3369 3887 3421 partes»,

2295 3445 2342 3486 et
2370 3438 2628 3490 comedam
2655 3439 2731 3508 (5.
2763 3438 2891 3508 Reg.
2920 3442 3007 3494 17.
3041 3441 3151 3511 11).
3184 3442 3323 3509 Quid
3367 3443 3527 3515 igitur
3551 3446 3780 3499 mulier?
3808 3444 3891 3501 Ne

2296 3527 2398 3583 hoc
2444 3530 2660 3598 quidem
2702 3546 2843 3602 δἐι-ε
2865 3531 3002 3598 fert,
3048 3534 3141 3588 sed
3172 3533 3298 3603 quid
3322 3535 3436 3589 ait?
3471 3534 3602 3589 Vivit
3633 3536 3892 3591 Dominus

2293 3618 2433 3673 Deus
2459 3631 2594 3686 tuus,
2622 3622 2664 3674 si
2691 3632 2763 3676 est
2791 3623 2915 3676 mihi
2936 3625 3081 3692 panis
3106 3627 3479 3692 subcineritius,
3511 3628 3608 3680 nisi
3633 3638 3887 3698 quantum

2293 3714 2515 3783 pugillus
2538 3715 2723 3785 [urina
2747 3714 2853 3783 (Ib.
2875 3732 2922 3769 υ.
2955 3716 3063 3787 12).
3092 3718 3262 3786 Quam
3314 3719 3386 3774 ob
3428 3734 3643 3775 causam
3695 3720 3887 3790 juratl

2294 3805 2492 3860 l’anem
2534 3808 2685 3877 petiit
2736 3808 3038 3879 propheta,
3082 3820 3339 3867 eceteram
3390 3813 3483 3867 illa
3528 3828 3723 3884 panem
3773 3828 3884 3869 non

2292 3895 2539 3953 habebat.
2570 3898 2765 3954 Timuit
2796 3914 2961 3971 ergo,
3001 3917 3069 3957 ne
3111 3902 3249 3957 forte
3276 3902 3403 3958 dum
3444 3903 3533 3958 illa
3581 3914 3883 3975 coqueret,

2293 3999 2543 4055 torreret,
2568 4003 2911 4062 prmpararet,
2930 3994 3123 4051 deinde
3149 3996 3402 4061 tardaret,
3425 4012 3578 4053 more
3599 3997 3886 4068 impatiens

2294 4086 2555 4155 propheta
2595 4087 2931 4155 discederet,
2966 4098 3023 4144 et
3078 4091 3258 4159 praeda
3286 4090 3669 4162 hospitalitatis
3722 4093 3879 4149 aufu-

2290 4191 2460 4248 geret.
2494 4180 2784 4250 Propterea
2818 4181 3127 4252 juramento
3164 4185 3316 4240 illum
3364 4186 3761 4257 praeoccupavit
3796 4185 3885 4242 di-

2289 4289 2438 4339 cens,
2467 4289 2573 4328 non
2601 4275 2701 4329 sibi
2734 4274 2956 4329 farinam
2978 4276 3170 4333 deesse
3191 4319 3207 4344 ,
3233 4292 3423 4333 verum
3474 4277 3882 4334 subcineritium

2291 4382 2477 4435 panem
2509 4366 2609 4419 sibi
2642 4381 2745 4419 non
2773 4382 2893 4421 esse
2914 4408 2929 4433 ,
2953 4366 3177 4422 farinam
3204 4382 3345 4423 esse.
3368 4366 3553 4440 Neque
3573 4368 3883 4438 iuramento

2288 4458 2462 4511 solum
2486 4457 2644 4511 tidem
2675 4458 2840 4525 facit,
2873 4458 2968 4514 sed
2990 4469 3045 4514 et
3071 4459 3186 4530 ipsa
3215 4475 3394 4516 rerum
3437 4475 3559 4531 qua:
3600 4460 3734 4517 ﬁunt
3779 4460 3881 4517 de-

2288 4550 2699 4605 monstratione.
2734 4551 2866 4604 Ecce
2891 4553 3055 4617 enim,
3082 4552 3273 4622 inquit,
3295 4552 3482 4623 colligo
3509 4553 3611 4607 duo
3644 4552 3808 4624 ligna,
3836 4563 3885 4608 et

2287 4645 2565 4715 ingrediar,
2599 4654 2648 4699 et
2691 4646 2875 4715 faciam
2902 4644 2993 4697 illa
3014 4644 3136 4712 filiis
3165 4644 3289 4699 meis
3309 4684 3324 4711 ,
3354 4654 3402 4699 et
3445 4645 3765 4699 contech
3782 4684 3801 4714 ,
3833 4654 3882 4701 ct

2287 4738 2577 4790 moriemur.

2362 4828 2575 4883 Nullam
2626 4829 2862 4900 relinquit
2905 4831 3278 4885 excusationem
3314 4829 3550 4885 divitibus
3604 4831 3779 4886 vidua.
3810 4858 3879 4871 —

2287 4920 2519 4973 Audiam
2562 4920 2648 4989 qui
2706 4920 3014 4990 magniﬁcas
3049 4920 3194 4977 ardes
3243 4931 3582 4986 construunt,
3622 4930 3678 4976 et
3727 4936 3878 4977 sum-

2289 5021 2475 5080 ptuosa
2501 5012 2697 5082 pnedia
2744 5022 3071 5080 mercantur,
3097 5027 3161 5067 ac
3201 5011 3522 5067 famulorum
3559 5027 3753 5083 greges
3781 5027 3879 5084 per

2286 5105 2457 5159 lorum
2492 5103 2775 5158 traducunt
2806 5121 2818 5156 :
2850 5105 2937 5158 vel
2965 5104 3142 5173 potius
3169 5114 3225 5159 et
3250 5104 3546 5175 locupletes
3583 5112 3640 5159 et
3674 5118 3881 5174 paupe-

2289 5212 2375 5250 res
2417 5196 2637 5249 audiant
2684 5210 2912 5250 omnes:
2947 5195 3075 5251 nulli
3122 5196 3266 5249 enim
3315 5202 3439 5265 post
3461 5193 3675 5248 viduam
3716 5194 3875 5249 istam

2285 5290 2556 5344 excusatio
2593 5289 2947 5360 relinquetur.
2978 5289 3107 5344 Tam
3138 5288 3321 5343 multis
3346 5289 3434 5343 illa
3478 5288 3874 5359 impedimentis

2285 5384 2529 5437 intricata
2571 5393 2723 5451 erat,
2775 5383 2869 5437 sed
2918 5383 3004 5437 illa
3050 5393 3229 5438 tamen
3287 5384 3571 5453 interrupit
3618 5392 3672 5438 et
3726 5393 3874 5438 tran-

2284 5477 2509 5533 scendit.
2541 5478 2676 5532 Audi
2704 5492 2853 5532 vero.
2900 5478 3211 5549 Alienigena
3248 5485 3364 5532 erat
3396 5497 3409 5532 :
3439 5493 3600 5532 unum
3646 5485 3731 5532 est
3772 5476 3875 5530 hoc

2285 5573 2749 5643 impedimentum.
2775 5570 2992 5626 Sidonia
3020 5587 3035 5637 ;
3072 5570 3367 5625 secundum
3406 5567 3869 5639 impedimentum.

2285 5668 2397 5721 Non
2428 5667 2566 5721 cnim
2598 5681 2691 5734 par
2734 5674 2816 5722 est
2840 5664 3075 5719 conditio
3100 5706 3115 5731 ,
3147 5664 3190 5718 si
3230 5661 3522 5733 alienigena
3564 5662 3641 5717 sis
3684 5660 3871 5731 quovis

2284 5770 2455 5832 pacto,
2483 5767 2535 5814 ct
2560 5759 2603 5813 si
2630 5775 2694 5814 ex
2718 5756 2917 5815 Sidone
2937 5756 3197 5814 oriundus
3218 5753 3609 5827 improhissima
3629 5756 3873 5816 civitate:
