4194 6302
220 381 327 443 MS

220 502 493 564 tamquam
538 489 685 560 enim
730 503 955 548 summae
997 485 1355 560 improbitatis
1399 484 1705 555 exemplum
1760 483 1814 539 in

222 580 694 655 Evangeliisillam
718 583 909 640 urbem
933 580 988 635 in
1030 578 1264 633 medium
1312 575 1556 631 Christus
1596 575 1819 630 adduxit

219 669 440 743 (lant.
466 669 557 726 ll.
586 670 679 725 2|.
706 668 824 740 22).
858 670 986 724 Erat
1014 668 1175 739 igitur
1198 675 1251 723 et
1280 667 1578 737 alienigena
1600 708 1615 732 ,
1653 674 1708 721 et
1736 665 1819 721 Si-

218 760 423 822 donia.
454 769 511 817 et
538 761 755 828 mulier,
782 773 945 815 sexus
970 758 1235 823 inﬁmus,
1268 768 1325 813 et
1369 759 1515 812 omni
1566 772 1631 813 ex
1666 766 1821 829 parte

221 848 469 905 subsidio
515 849 785 921 indigens.
817 850 1125 904 Accedebat
1163 848 1394 905 viduitas
1432 859 1680 918 quartum
1724 848 1822 904 im-

223 939 597 1012 pedimentum
624 957 639 997 :
662 940 910 1012 quintum
949 940 1053 994 illis
1082 940 1332 995 omnibus
1362 940 1534 1007 majus
1558 981 1574 1006 ,
1597 939 1820 993 alendo-

222 1045 347 1085 rum
374 1045 504 1087 cura
553 1031 865 1086 liberorum.
918 1029 1156 1085 Audiam
1183 1029 1390 1094 vidum,
1420 1042 1484 1083 ac
1533 1028 1823 1082 liberorum

225 1120 489 1186 nutrices,
522 1136 627 1175 ucn
672 1119 837 1176 fuisse
862 1120 1109 1176 idoneam
1131 1126 1187 1174 et
1212 1119 1507 1189 legitimam
1552 1118 1699 1173 illam
1730 1132 1827 1174 ex-

229 1213 594 1280 cusationem,
628 1212 917 1283 quominus
941 1211 1242 1279 impertiret
1281 1210 1715 1282 eleemosynam,
1742 1209 1825 1265 vel

228 1302 475 1373 hospites
500 1304 776 1373 exciperet
809 1311 899 1358 :et
929 1302 1160 1373 pugillus
1207 1300 1393 1355 farinae
1442 1300 1682 1371 reliquus
1712 1309 1828 1355 erat

228 1394 465 1458 lautum.
495 1410 558 1449 ac
589 1405 709 1465 post
740 1395 888 1449 illum
938 1408 1085 1448 mors
1128 1392 1561 1462 exspectabatur.
1592 1391 1728 1447 Nam
1770 1401 1828 1446 tu

230 1484 454 1556 quidem
482 1486 608 1544 licet
636 1500 825 1542 omnes
851 1486 1105 1555 pecunias
1133 1483 1437 1554 profuderis
1456 1526 1471 1550 ,
1505 1484 1625 1539 licet
1658 1483 1829 1538 facul—

233 1576 441 1632 tatibus
466 1577 697 1647 teipsum
730 1576 1070 1647 spoliaveris,
1103 1584 1257 1645 potes
1300 1576 1368 1630 ad
1410 1576 1636 1630 aliorum
1686 1573 1830 1629 fores

234 1680 495 1738 pergere,
525 1676 685 1737 atque
730 1667 855 1724 inde
908 1667 1159 1721 solatium
1212 1666 1455 1721 obtinere
1491 1685 1502 1718 :
1539 1676 1648 1721 tum
1703 1681 1831 1721 vero

236 1774 414 1828 nequ
463 1758 770 1815 mendicare
818 1760 1032 1825 licebat,
1062 1760 1135 1813 ita
1189 1767 1373 1828 portus
1426 1772 1613 1812 omnes
1662 1757 1833 1812 fames

236 1850 604 1906 obstruxerat.
629 1850 775 1907 Nihil
804 1860 982 1905 vimen
1012 1851 1201 1906 horum
1230 1850 1522 1922 prohibuit.
1567 1852 1749 1908 Dicam
1780 1862 1836 1907 et

239 1943 531 2012 septimum
607 1943 1048 2014 impedimentum
1074 1984 1091 2010 ,
1133 1944 1308 2012 ipsum
1357 1943 1606 1998 nimirum
1630 1985 1644 2008 ,
1673 1958 1833 2013 quem

239 2031 437 2087 mulier
456 2032 690 2102 hospitio
719 2033 819 2087 fuit
841 2043 1150 2104 exceptura.
1171 2032 1304 2088 Nam
1338 2049 1510 2102 neque
1535 2034 1832 2101 familiaris,

241 2137 419 2192 neque
449 2133 606 2179 notus
636 2134 752 2179 erat
774 2166 789 2191 ,
823 2126 916 2180 sed
948 2128 1265 2196 peregrinus
1291 2135 1344 2182 et
1370 2128 1598 2195 alienus,
1630 2138 1687 2183 et
1718 2128 1836 2199 ipso

241 2217 520 2286 religionis
549 2218 616 2271 ab
647 2218 733 2272 illa
765 2230 919 2288 septo
948 2229 1257 2288 separatus.
1272 2218 1458 2289 Neque
1478 2235 1607 2275 vero
1629 2222 1835 2276 tantum

243 2309 583 2378 peregrinus,
612 2319 666 2363 et
696 2318 911 2365 cxterus
936 2351 952 2376 ,
984 2310 1077 2365 sed
1110 2311 1199 2365 ille
1224 2310 1340 2381 ipse
1360 2321 1497 2379 erat,
1521 2312 1609 2383 qui
1640 2313 1836 2369 famem

244 2398 559 2457 induxerat.

320 2490 373 2545 9.
403 2490 542 2547 Nihil
570 2502 745 2547 tamen
789 2492 979 2547 horum
1006 2491 1257 2547 feminam
1288 2494 1503 2560 avertit,
1528 2496 1619 2550 sed
1653 2492 1732 2551 ori
1761 2497 1840 2551 ci-

246 2581 376 2635 bum
400 2582 723 2652 porrigebat,
755 2583 897 2654 quod
944 2599 1131 2639 omnes
1164 2586 1233 2637 illi
1262 2585 1411 2640 cibos
1440 2587 1877 2658 absumpserat;

244 2682 301 2727 et
330 2672 483 2728 famis
505 2684 776 2729 auctorem
818 2674 978 2737 famis
1022 2675 1261 2751 reliquiis
1302 2670 1590 2733 nutriebat.
1618 2678 1842 2750 Propter

248 2773 323 2831 te,
355 2765 545 2838 inquit,
578 2765 857 2821 facultates
896 2780 1085 2821 omnes
1130 2781 1265 2822 mem
1308 2767 1374 2822 ad
1420 2768 1558 2823 hunc
1586 2770 1841 2839 pugillum

247 2854 482 2911 redactae
507 2864 669 2910 sunt:
697 2857 791 2911 sed
822 2871 922 2911 nec
963 2858 1048 2910 isti
1079 2858 1274 2928 pugillo
1299 2848 1384 2912 tua
1419 2873 1577 2914 causa
1604 2875 1840 2930 parcam,

248 2961 439 3000 verum
464 2953 520 3001 et
546 2962 630 3001 me
653 2956 707 3001 et
749 2946 947 3002 liberos
986 2962 1135 3026 meos
1164 2950 1413 3019 objiciam
1456 2952 1635 3015 morti,
1668 2962 1726 3006 ut
1764 2962 1841 3019 tu,

248 3036 441 3107 inquit,
475 3036 633 3107 hujus
656 3047 844 3093 auctor
872 3039 1207 3094 necessitatis
1228 3054 1297 3095 ne
1326 3041 1603 3096 minimum
1627 3041 1843 3111 quidem

249 3129 588 3183 necessitatis
617 3143 833 3183 sensum
861 3131 1063 3199 capias.
1096 3131 1193 3186 Cui
1231 3131 1401 3201 potuit
1433 3147 1685 3201 umquam
1729 3149 1846 3188 ma-

246 3223 338 3292 jus
363 3214 738 3292 hospitalitatis
770 3224 1003 3278 studium
1034 3226 1087 3277 in
1124 3235 1356 3279 mentem
1381 3225 1599 3281 venire?
1628 3226 1844 3280 Nullum

250 3314 411 3385 plane
433 3314 613 3370 licebit
639 3317 893 3386 reperire.
938 3316 1081 3370 Vidit
1126 3318 1500 3387 peregrinum,
1550 3328 1603 3372 et
1644 3331 1848 3374 natura:

249 3403 534 3459 confestim
560 3404 720 3460 oblita
747 3418 847 3471 est,
871 3406 1084 3462 dolores
1112 3418 1291 3475 partus
1331 3408 1611 3477 ignoravit,
1645 3418 1697 3463 et
1723 3424 1848 3466 ocu-

250 3495 321 3553 lis
339 3497 407 3551 ad
433 3496 661 3551 ﬁliorum
691 3496 899 3553 turbam
922 3500 1196 3553 conversis
1216 3500 1395 3553 animo
1418 3499 1579 3553 fracta
1609 3516 1713 3554 non
1744 3509 1845 3555 est.

251 3590 335 3644 Ac
369 3603 456 3643 me
497 3587 713 3659 quidem
764 3590 877 3643 scio
923 3587 1234 3657 frequenter
1261 3588 1494 3644 audiiSse
1539 3589 1733 3643 multos
1761 3594 1848 3659 qui

252 3680 496 3737 dicerent
526 3699 539 3734 :
570 3681 663 3736 llle
701 3696 819 3734 cum
849 3695 1135 3751 pauperem
1174 3680 1562 3749 conspexisset,
1595 3683 1849 3749 tunicam,

253 3785 360 3841 qua
392 3771 505 3826 sola
542 3778 659 3826 erat
709 3762 942 3835 indutus,
973 3786 1176 3825 exuens
1217 3772 1413 3824 nudum
1448 3772 1687 3838 vestivit;
1738 3774 1853 3841 ipse

258 3875 391 3916 vero
416 3900 435 3927 ,
484 3874 604 3915 eum
639 3869 873 3914 mutuam
916 3861 983 3914 ab
1028 3860 1200 3915 altero
1245 3871 1448 3915 vestem
1483 3863 1804 3930 sumpsisset
1834 3904 1849 3927 ,

256 3952 453 4008 deinde
479 3951 723 4006 disceSsit
753 3970 766 4005 :
799 3962 851 4005 et
874 3950 973 4005 hoc
994 3966 1244 4021 magnum
1266 3951 1391 4019 quid
1423 3964 1476 4007 et
1508 3953 1751 4008 mirabile
1775 3955 1851 4007 vi-

258 4060 380 4100 sum
402 4055 505 4099 est.
538 4044 809 4114 Siquidem
845 4060 968 4098 vere
1012 4059 1262 4114 magnum
1289 4054 1407 4099 est:
1438 4045 1577 4100 istud
1614 4062 1742 4100 vero
1770 4049 1850 4101 vi-

260 4136 378 4191 dua:
406 4135 601 4191 factum
642 4134 799 4204 hujus
827 4136 995 4191 multo
1022 4136 1113 4189 illo
1142 4136 1330 4205 majus.
1365 4136 1496 4190 Nam
1526 4136 1612 4191 ille
1642 4137 1854 4206 quidem

260 4245 385 4287 cum
416 4246 475 4284 se
503 4230 776 4293 nudasset,
810 4244 871 4283 ac
903 4229 1103 4284 nudum
1140 4229 1457 4297 aperuisset.
1485 4231 1655 4299 potuit
1694 4230 1760 4285 ab
1780 4231 1856 4286 al-

262 4330 380 4375 tero
405 4330 606 4375 vestem
632 4322 874 4388 accipere
906 4338 918 4372 :
943 4319 1057 4373 haec
1084 4324 1211 4374 vero
1241 4334 1359 4373 cum
1391 4321 1573 4375 farina:
1600 4320 1855 4391 pugillum

264 4411 616 4481 prodegisset,
661 4412 884 4466 alterum
930 4412 1183 4480 pugiilum
1219 4413 1463 4482 accipere
1507 4412 1727 4467 minime
1767 4428 1860 4482 po-

266 4502 404 4565 tuit;
433 4514 609 4571 neque
655 4502 907 4555 nuditatis
939 4511 1141 4554 tantum
1190 4501 1263 4554 illi
1304 4502 1593 4571 periculum
1621 4502 1856 4558 subcun-

264 4596 394 4649 ilum
422 4604 557 4660 erat,
599 4594 691 4650 sed
725 4608 905 4664 postea
952 4609 1097 4650 mors
1136 4596 1301 4665 ipsius
1331 4612 1391 4651 ac
1433 4596 1721 4651 liberorum
1745 4608 1861 4652 erat

265 4687 642 4756 exspectanda.
701 4686 834 4740 Cum
880 4686 1036 4756 igitur
1090 4701 1261 4755 neque
1313 4695 1639 4756 paupertate,
1689 4704 1862 4755 neque

266 4779 578 4834 alendorum
624 4793 749 4831 cura
803 4777 1052 4841 filiorum,
1086 4793 1256 4845 neque
1301 4779 1447 4847 gravi
1491 4779 1646 4843 fame,
1691 4796 1863 4852 neque

274 4881 418 4925 tanta
442 4880 696 4941 egestate,
730 4884 901 4941 neque
930 4872 1115 4924 mortis
1142 4871 1537 4939 exspectatione
1564 4870 1723 4926 fuerit
1764 4872 1863 4926 im-

272 4963 471 5033 pedita,
498 4977 616 5031 qua‘.
645 4960 797 5014 nobis
824 4959 1023 5029 reliqua
1056 4960 1153 5013 erit
1185 4960 1456 5013 excusatio
1486 4961 1857 5030 locupletibus,

267 5067 390 5123 qua:
416 5050 779 5122 pauperibus?
814 5049 943 5103 Vivit
970 5048 1218 5104 Dominus
1248 5048 1386 5105 Deus
1414 5061 1549 5118 tuus,
1579 5054 1622 5106 si
1641 5062 1711 5109 est
1740 5054 1865 5108 mihi

262 5142 422 5212 panis
471 5142 855 5205 subcincritius,
898 5143 995 5197 nisi
1033 5154 1279 5211 quantum
1324 5142 1545 5215 pugillus
1589 5146 1773 5215 [crime
1812 5147 1866 5200 in

265 5237 474 5308 hydria,
505 5245 553 5291 et
579 5252 761 5304 parum
785 5236 881 5289 olei
907 5236 958 5288 in
992 5236 1184 5306 (ecytho
1214 5252 1233 5289 :
1255 5248 1302 5291 et
1331 5254 1441 5292 ecce
1470 5240 1652 5308 colligo
1678 5240 1779 5294 duo
1805 5240 1867 5295 li-

269 5346 394 5401 gna,
418 5338 463 5383 et
486 5329 765 5400 ingrediar,
785 5339 833 5383 et
851 5330 1036 5401 faciam
1053 5330 1141 5382 illa
1161 5330 1283 5397 ﬁliis
1304 5332 1441 5396 meis,
1468 5341 1513 5383 et
1528 5332 1866 5398 comedemus,

274 5430 321 5474 et
347 5420 635 5473 moriemur.
670 5419 819 5475 Hanc
843 5421 1204 5492 unusquisque
1240 5422 1621 5489 miserandam,
1659 5425 1744 5489 vel
1774 5441 1871 5496 pu-

277 5513 383 5568 tius
409 5512 771 5583 unusquiSque
799 5512 1007 5567 beatam
1034 5513 1172 5567 illam
1195 5526 1378 5569 vocem
1400 5530 1463 5569 ac
1492 5515 1623 5569 uelo
1652 5515 1866 5587 dignam

275 5604 468 5657 domus
492 5618 603 5657 sua:
643 5603 928 5673 parietibus
974 5605 1226 5661 inscribat
1248 5646 1260 5669 ,
1295 5608 1346 5660 iu
1389 5608 1653 5674 cubiculo,
1684 5611 1735 5665 in
1764 5627 1870 5683 quo

280 5693 590 5757 dormimus,
625 5696 675 5749 in
715 5695 978 5762 conclavi,
1027 5698 1077 5751 in
1106 5712 1211 5767 quo
1254 5700 1593 5769 prandemus.
1628 5702 1774 5758 lianc
1814 5705 1868 5760 in

277 5785 501 5853 adibus,
535 5786 671 5843 hanc
714 5788 765 5843 in
808 5787 945 5857 foro,
992 5790 1129 5845 hanc
1173 5792 1227 5847 in
1277 5793 1568 5850 amicorqu
1616 5797 1864 5865 ctetibus,

1473 371 1539 429 IN
1578 366 1835 425 llELMM
1878 366 1965 424 ET
2007 366 2293 428 γιουΑδι.

3416 367 3523 424 316

1941 486 2077 542 hanc
2099 482 2226 540 dum
2256 482 2323 538 ad
2362 481 2603 553 iudicum
2634 480 2863 538 tribunal
2888 470 3081 551 pergit,
3112 478 3250 534 hanc
3287 476 3412 534 dum
3438 484 3524 536 ln-

1925 574 2186 645 greditur,
2215 573 2354 629 hanc
2378 572 2509 637 dum
2549 571 2822 644 egreditur
2863 586 3047 626 vocem
3087 570 3315 640 quisque
3353 570 3524 624 medio

1930 672 2073 719 tetur
2099 681 2113 717 :
2141 673 2193 720 et
2210 671 2518 719 constanter
2535 662 2767 729 affirmo,
2789 662 3131 732 quantumvis
3158 674 3349 715 saxeus
3371 658 3527 715 fuerit

1929 756 2067 833 quis,
2098 765 2153 811 et
2193 744 2421 822 ferreus,
2464 763 2521 810 et
2558 755 2797 817 adamas,
2827 753 3047 809 minime
3073 767 3323 822 umquam
3357 750 3524 805 addu-

1931 856 2076 901 ctum
2108 846 2173 901 iri
2209 854 2264 901 ut
2292 845 2637 902 accedentem
2680 860 2968 916 pauperem
3001 844 3185 899 vacuis
3226 842 3471 897 manibus
3497 857 3527 896 a

1933 951 1993 993 se
2015 937 2267 1001 dimittat,
2290 937 2335 991 si
2358 952 2542 993 vocem
2566 936 2703 991 hanc
2724 934 3080 1006 inscripserit,
3104 936 3149 988 si
3171 934 3383 989 viduam
3404 940 3531 987 ante

1933 1032 2118 1087 oculos
2147 1032 2371 1102 positam
2402 1029 2666 1085 habuerit.
3156 1100 3165 1105 ἒ

2008 1119 2131 1176 Non
2174 1122 2435 1191 prapheue
2476 1122 2639 1177 solum
2678 1120 2963 1191 excipiendi
2988 1106 3231 1175 suntf—
3255 1117 3361 1173 Sed
3388 1117 3529 1173 dicet

1936 1211 2164 1267 fortasse
2186 1212 2471 1282 quispiam:
2490 1211 2751 1265 Adducito
2764 1211 2892 1266 mihi
2911 1210 3247 1280 prophetam,
3269 1219 3323 1263 et
3342 1207 3530 1264 eadem
3570 1274 3573 1275 ν

1936 1321 2059 1361 cum
2086 1306 2455 1360 benevolentia
2487 1305 2634 1359 illum
2664 1304 2970 1373 suscipiam.
3014 1303 3126 1357 lloc
3152 1301 3277 1357 mihi
3310 1299 3535 1371 promit-

1938 1408 2012 1461 te.
2043 1408 2153 1451 tum
2179 1413 2277 1467 ego
2303 1398 2397 1451 tibi
2424 1395 2736 1466 prophetam
2767 1394 3047 1449 adducam.
3082 1392 3220 1461 Quid
3258 1393 3375 1447 dico
3407 1407 3534 1461 pro-

1940 1487 2197 1559 phetam?
2239 1489 2413 1557 Ipsum
2466 1488 2557 1543 tibi
2595 1487 2870 1558 prophetae
2916 1485 3199 1541 Dominum
3249 1484 3535 1550 adducam,

1940 1596 2279 1635 communem
2324 1579 2489 1634 Deum
2532 1594 2594 1633 ac
2647 1578 2926 1633 Dominum
2974 1585 3211 1631 nostrum
3242 1575 3535 1633 Christum.

1940 1672 2059 1741 Ipse
2107 1672 2249 1727 enim
2298 1670 2448 1735 dicit,
2498 1669 2817 1724 Esurientem
2864 1686 2941 1722 me
2987 1668 3201 1730 vidistis,
3254 1676 3301 1719 et
3341 1666 3540 1719 aiuislis

1912 1764 2156 1836 ,(Mnuli.
2182 1764 2272 1818 25.
2306 1764 2419 1833 55).
2460 1761 2613 1829 Quod
2650 1761 2694 1816 si
2740 1762 2829 1832 qui
2875 1760 3011 1814 forte
3046 1761 3162 1813 voci
3192 1757 3347 1812 fidem
3383 1753 3539 1811 dero-

1941 1865 2092 1926 gant,
2122 1863 2177 1910 et
2206 1853 2589 1908 humanitatem
2620 1868 2725 1907 non
2751 1862 2961 1918 curant,
2992 1866 3117 1905 cum
3144 1848 3405 1919 supplicio
3434 1861 3543 1917 pai-

1944 1950 2133 2017 nisquc
2159 1946 2395 2016 eaStigati
2416 1943 2516 1999 hoc
2538 1944 2762 2000 discent.
2787 1943 3081 2012 Tamquam
3103 1943 3245 1996 enim
3267 1939 3537 1994 Christum

1946 2039 2121 2108 ipsum
2151 2052 2255 2093 non
2284 2048 2583 2100 curassent,
2616 2037 2695 2091 sic
2720 2034 2787 2090 ad
2810 2033 3199 2089 intolerandum
3222 2031 3541 2102 supplicium

1945 2132 2294 2185 abducentur.
2320 2130 2407 2184 Sic
2430 2130 2589 2201 igitur
2619 2138 2673 2184 et
2701 2130 2789 2199 qui
2823 2142 3083 2198 pauperes
3110 2120 3355 2188 aluerint,
3391 2110 3543 2192 quasi

1946 2221 2218 2278 Christum
2245 2216 2416 2292 ipsum
2445 2220 2700 2283 curarint,
2745 2220 2797 2274 in
2829 2234 3050 2290 regnum
3081 2217 3333 2272 caelorum
3374 2216 3543 2268 intro-

1947 2315 2233 2369 ducuntur.

2021 2406 2108 2462 10.
2142 2404 2391 2462 Fortasse
2421 2404 2572 2475 plura
2599 2404 2738 2458 dicta
2770 2410 2914 2465 sunt,
2946 2416 3104 2471 quam
3133 2399 3387 2469 oportuit.
3423 2396 3536 2451 Uti-

1947 2516 2071 2555 nam
2098 2508 2275 2553 autem
2316 2498 2429 2551 dies
2473 2511 2662 2550 omnes
2708 2496 2758 2549 in
2791 2506 3068 2549 sermones
3094 2491 3162 2546 de
3199 2492 3546 2560 eleemosyna

1950 2594 2135 2649 liceret
2162 2590 2498 2659 impenderet
2522 2586 2673 2657 Quod
2706 2587 2751 2641 si
2779 2586 2927 2640 vobis
2952 2585 3066 2639 haec
3089 2582 3336 2637 sufficere
3362 2580 3548 2635 viden-

1951 2695 2057 2749 tur,
2084 2698 2181 2754 age
2206 2680 2509 2736 summatim
2533 2679 2709 2733 omnia
2744 2677 2830 2733 illa
2858 2685 3185 2746 repetamus.
3217 2673 3331 2727 Dixi
3355 2684 3455 2741 qua
3481 2668 3549 2724 de

1950 2790 2109 2831 causa
2136 2774 2393 2843 prepheta
2418 2771 2482 2826 ad
2511 2770 2723 2825 viduam
2744 2770 3066 2833 mitteretur,
3095 2781 3161 2820 ue
3185 2773 3548 2836 paupertatem

1952 2864 2235 2935 despicias,
2269 2881 2337 2919 ne
2364 2862 2577 2919 divitias
2599 2862 2729 2916 tanti
2756 2859 2942 2924 facias,
2975 2874 3041 2913 ne
3072 2857 3394 2926 locupletem
3420 2854 3552 2909 bea-

1953 2966 2065 3011 tum
2094 2956 2393 3020 arbitreris,
2424 2970 2493 3010 ne
2540 2953 2810 3009 infelicem
2855 2967 2918 3005 ac
2956 2948 3301 3004 miseratione
3331 2947 3550 3017 dignum

1952 3062 2075 3102 eum
2123 3049 2213 3119 qui
2261 3053 2499 3115 egestate
2542 3044 2824 3115 premitur,
2866 3052 2921 3095 ut
2956 3038 3229 3097 Judaieam
3262 3036 3552 3106 nequitiam

1953 3154 2265 3210 cognoscas.
2298 3139 2395 3194 llic
2420 3136 2561 3193 enim
2597 3137 2687 3192 Dei
2716 3150 2832 3189 mos
2855 3141 2958 3198 est,
2982 3147 3102 3190 cum
3132 3128 3447 3210 supplicium
3466 3135 3557 3181 est

1955 3230 2215 3294 illaturus,
2274 3237 2330 3282 ut
2370 3229 2531 3282 rebus
2572 3227 2700 3297 ipsis
2744 3240 2804 3281 se
2849 3231 3039 3294 purget
3072 3239 3086 3275 :
3120 3236 3190 3277 ne
3217 3235 3337 3275 cum
3369 3229 3555 3290 postca

1955 3334 2293 3373 communem
2324 3319 2561 3371 omnium
2597 3315 2929 3372 Salvatorem
2962 3312 3223 3381 reiectum
3250 3310 3318 3364 ab
3346 3309 3447 3363 illis
3474 3307 3558 3362 vi-

1956 3410 2125 3476 deris,
2172 3419 2225 3465 et
2263 3425 2290 3461 a
2332 3409 2581 3479 gentibus
2622 3414 2952 3484 susceptum,
2998 3401 3210 3457 mireris
3238 3409 3292 3455 et
3320 3399 3557 3465 dubites,

1957 3517 2077 3556 cum
2124 3490 2291 3555 multo
2335 3498 2459 3557 ante
2504 3502 2739 3568 ipsorum
2787 3494 3181 3566 improbitatem
3219 3490 3558 3564 cognoveris,

1958 3608 2156 3662 eosque
2195 3591 2331 3646 bene
2361 3589 2435 3663 de
2473 3606 2533 3646 se
2558 3590 2781 3645 meritos
2827 3584 3024 3643 vexare
3061 3586 3403 3640 consuevisse
3441 3602 3454 3637 :
3491 3599 3561 3637 ne

1958 3682 2288 3738 crudelitatis
2317 3696 2435 3735 esse
2460 3670 2737 3735 arbitreris
2756 3678 3056 3733 orationem
3076 3676 3372 3747 prophetae,
3397 3682 3559 3742 atque

1963 3766 2364 3845 productionem
2394 3786 2585 3843 ptume,
2616 3768 2709 3825 sed
2742 3770 2840 3823 zeli
2868 3768 3031 3823 divini
3052 3782 3115 3822 ac
3137 3764 3513 3823 sollicitudinis
3545 3783 3561 3820 :

1961 3878 2017 3922 ut
2047 3868 2135 3921 de!
2178 3883 2215 3899 ο
2247 3870 2298 3921 in
2342 3864 2589 3920 maximis
2635 3874 2780 3919 recte
2818 3860 2970 3917 factis
3007 3860 3171 3914 etiam
3216 3856 3571 3929 castigatione

1962 3972 2205 4021 naturam
2234 3968 2468 4015 nostram
2501 3956 2741 4027 indigere
2770 3974 2782 4009 :
2825 3970 2892 4010 ne
2920 3970 3039 4007 cum
3068 3954 3133 4007 ad
3162 3952 3409 4007 eumdem
3440 3965 3564 4005 cum

1966 4067 2159 4123 prepm.
2178 4078 2223 4103 ..ι
2256 4050 2426 4104 zelum
2452 4056 2504 4102 te
2530 4048 2897 4111 adliortamur,
2926 4044 3044 4099 ﬁeri
3069 4059 3174 4098 non
3199 4057 3354 4113 posse
3384 4050 3563 4112 putes,

1966 4152 2022 4198 ut
2051 4145 2196 4197 ilium
2228 4141 2472 4198 imiteris.
2506 4139 2621 4194 Dixi
2647 4139 2715 4193 de
2755 4136 2935 4203 vidua,
2966 4151 3071 4207 quo
3114 4144 3271 4205 pacto
3309 4134 3364 4187 in
3390 4142 3567 4201 tantas

1966 4218 2237 4304 angustias
2282 4232 2514 4295 redacta,
2555 4229 2694 4285 fame
2720 4236 2963 4299 cogente,
2997 4242 3063 4283 ne
3094 4225 3315 4280 verbum
3347 4223 3566 4296 quidem

1967 4340 2215 4395 asperum
2247 4324 2505 4377 adversus
2547 4320 2861 4391 prophetam
2892 4318 3091 4383 emisit,
3135 4315 3345 4371 tametsi
3387 4328 3581 4387 rerum.

1968 4417 2125 4472 statui
2154 4424 2573 4471 consentaneum
2596 4420 2731 4475 erat,
2764 4420 2925 4480 atque
2967 4409 3070 4463 hoc
3097 4424 3161 4462 es
3190 4403 3436 4476 superbia
3466 4404 3565 4460 Ju-

1968 4508 2208 4563 dteornm
2241 4504 2447 4560 ostendi
2478 4522 2490 4556 :
2521 4503 2653 4557 nihil
2683 4515 2859 4556 tamen
2900 4500 3091 4555 horum
3122 4500 3198 4554 illi
3230 4498 3445 4562 accidit,
3471 4496 3567 4552 sed

1969 4616 2089 4655 cum
2121 4600 2285 4653 multa
2311 4598 2457 4652 illum
2486 4596 2736 4650 comitate
2763 4605 2920 4663 atque
2948 4593 3277 4648 humanitate
3310 4590 3567 4657 suscepit,

1972 4701 2243 4759 totamque
2273 4704 2422 4741 suam
2451 4695 2741 4757 egestatem
2776 4686 2828 4737 in
2859 4683 2977 4754 ejus
3004 4684 3263 4737 honorem
3288 4679 3569 4751 impendit,

1969 4798 2091 4837 cum
2118 4780 2334 4837 Sidonia
2365 4786 2509 4833 esset
2538 4788 2587 4832 et
2629 4776 2949 4845 alienigena,
2983 4789 3163 4851 neque
3184 4771 3475 4843 prophetas
3500 4770 3570 4825 de

1972 4874 2311 4940 elcemosyna
2338 4868 2775 4939 phiIOSOphantes
2803 4867 3080 4933 audiisset,
3104 4879 3279 4936 neque
3302 4861 3572 4918 Christum

1973 4967 2259 5028 dicentem.
2290 4962 2607 5018 Esurientem
2648 4978 2726 5014 me
2755 4961 2966 5027 vidistis,
3010 4968 3055 5013 et
3084 4958 3302 5012 aluistis.
3329 4958 3571 5024 Quanam

1974 5059 2135 5129 igitur
2167 5056 2315 5112 venia
2344 5055 2485 5125 digni
2511 5054 2875 5119 censebimur,
2918 5053 2965 5107 si
2996 5060 3075 5106 tot
3102 5050 3299 5106 auditis
3325 5050 3571 5105 cohorta-

1976 5151 2228 5214 tionibus,
2256 5150 2301 5205 si
2341 5156 2461 5217 post
2494 5156 2763 5202 tantorum
2805 5145 3065 5215 promissa
3113 5142 3487 5215 pranuiorum.
3525 5141 3575 5196 si

1978 5242 2249 5315 proposito
2276 5256 2444 5311 regno
2471 5240 2749 5305 cmlorum,
2776 5254 2880 5293 non
2910 5237 2977 5292 ad
3003 5237 3251 5293 eumdem
3273 5250 3393 5291 eum
3419 5235 3573 5289 vidua

1976 5338 2243 5392 comitatis
2270 5344 2324 5390 et
2354 5333 2701 5389 humanitatis
2727 5332 2950 5401 gradum
3000 5328 3407 5401 perveniamus?
3442 5325 3576 5381 Nam

1978 5430 2064 5485 illa
2095 5429 2307 5499 quidem
2329 5427 2545 5483 Sidonia
2571 5426 2671 5483 fuit
2690 5434 2746 5480 et
2766 5424 3083 5494 alienigena,
3106 5431 3162 5479 et
3184 5421 3375 5476 mulier
3397 5418 3576 5484 vidua,

1977 5531 2032 5577 et
2060 5522 2346 5580 multorum
2381 5518 2456 5573 illi
2482 5528 2599 5573 erat
2622 5532 2751 5573 cura
2773 5514 3083 5579 liberorum,
3110 5511 3469 5585 periculosam
3500 5509 3549 5563 fa

1978 5631 2118 5669 mem
2151 5612 2365 5668 videbat
2387 5620 2439 5666 et
2471 5621 2700 5669 mortem
2750 5609 3118 5665 Immineutem
3139 5648 3155 5673 ,
3202 5616 3256 5663 et
3305 5604 3576 5661 hominem

1980 5705 2216 5775 ignotum
2250 5711 2369 5758 erat
2402 5712 2684 5772 exceptura
2721 5702 2917 5770 quique
2959 5698 3153 5759 famem
3198 5699 3493 5760 invexerat,
3527 5708 3582 5755 et

1982 5813 2049 5855 ne
2079 5796 2157 5853 sic
2185 5796 2399 5867 quidem
2417 5794 2615 5867 pugillo
2647 5793 2887 5865 pepercit
2915 5808 2928 5846 :
2956 5800 3011 5847 at
3033 5805 3132 5847 nos
3160 5790 3247 5867 qui
3271 5799 3323 5845 et
3349 5787 3574 5859 prophe-
