4194 6302
680 324 787 379 5η

678 440 767 491 tiae
797 437 1083 508 participes
1123 438 1337 507 fuimus,
1368 448 1423 494 et
1447 440 1641 495 divinis
1663 440 1861 495 exculti
1900 438 2262 511 dogmatibus,

675 527 769 596 qui
806 527 875 583 de
910 528 1071 583 rebus
1116 527 1305 583 futuris
1345 544 1627 598 possumus
1666 530 2048 600 philosophari,
2091 547 2265 600 neque

679 616 874 672 famem
902 618 1142 673 videmus
1169 620 1475 684 instantem,
1508 632 1562 675 et
1589 622 1677 690 qui
1709 621 1876 675 multo
1903 621 2072 689 plura,
2100 636 2261 689 quam

678 707 871 761 mulier
910 706 1261 775 possidemus,
1305 725 1593 777 quamuam
1634 710 1923 779 poterimus
1959 710 2263 764 excusatio-

679 811 801 850 nem
830 795 1138 857 obtendere,
1169 798 1258 869 qui
1302 797 1639 854 facultatibus
1669 799 1953 869 parcimus.
1982 810 2033 853 et
2066 810 2262 853 nostra!

677 884 864 941 salutis
891 887 1093 956 prodigi
1120 890 1343 944 sumus?
1370 888 1437 945 Ut
1470 890 1625 959 igitur
1650 890 1828 959 gravia
1872 890 1959 943 illa
1999 899 2260 945 tormenta

707 1103 2145 1133 W_‘._-_——_
2148 1113 2435 1123 —————.——

2025 1127 2246 1137 _———.
2256 1128 2435 1137 —_._

1668 1124 2018 1137 .—___.__._

1414 325 1470 384 s
1511 288 1789 382 tenvius
1825 321 2299 379 ettavsosrout
2339 320 2659 380 ARCHIEP.
2698 319 3237 382 consummes.

3868 316 3989 374 848

2367 442 2617 505 vitemus,
2664 454 2879 495 omnem
2923 435 3346 493 misericordiam
3390 436 3446 491 in
3482 450 3679 507 egenos
3704 434 3992 491 exhibea-

2368 547 2509 599 mus,
2542 541 2599 587 ut
2622 540 2673 587 et
2697 546 2796 586 nos
2824 531 3038 600 assequi
3079 530 3217 585 bona
3254 530 3428 584 futura
3460 543 3761 584 mereamur
3792 526 3989 598 gratia

2366 632 2421 678 et
2448 622 2775 693 benignitate
2807 621 3015 675 Domini
3054 621 3223 674 nostri
3266 621 3395 674 Jesu
3430 619 3661 684 Christi,
3699 633 3835 673 cum
3872 629 3993 685 quo

2366 716 2533 784 gloria
2561 714 2722 778 Patri,
2758 728 2862 767 una
2891 727 3012 767 cum
3039 711 3241 782 Spiritu
3266 721 3454 767 sancto
3482 708 3535 765 in
3566 709 3761 766 simula
3793 722 3993 763 smal—

2368 805 2563 859 lorutn.
2604 806 2797 858 Amen.

2133 1364 2485 1425 MONITUM

765 1562 913 1620 lianc
940 1564 1359 1634 pulcherrimam
1396 1570 1711 1622 concionem
1746 1567 1935 1621 habuit
1958 1566 2386 1638 Chrysostomus
2427 1567 2753 1633 Antiochia,
2796 1574 2857 1622 ut
2902 1567 3152 1637 arguitur
3200 1581 3268 1621 ex
3314 1564 3383 1620 iis
3428 1577 3549 1635 quae
3578 1565 3679 1619 sub
3706 1564 3955 1619 initium

690 1677 965 1740 dicuntur,
1000 1693 1189 1747 nempe
1214 1677 1278 1731 ad
1307 1680 1447 1733 hunc
1476 1690 1771 1750 martyrum
1796 1679 1977 1733 locum
2008 1678 2269 1749 populum
2294 1680 2610 1734 ventitasse.
2654 1677 2817 1733 Extra
2842 1677 3033 1733 urbem
3065 1691 3261 1747 nempe
3284 1684 3403 1730 erat
3425 1675 3675 1740 ecclesia,
3701 1684 3955 1745 prepter
4034 1722 4035 1725 η

691 1798 990 1859 martyrum
1018 1786 1275 1858 reliquias
1307 1788 1664 1859 frequentata,
1692 1805 1799 1860 quo
1832 1790 2130 1860 pergebant
2155 1791 2339 1860 populi
2372 1790 2591 1861 pietatis
2620 1790 2825 1860 gratia,
2856 1799 2911 1846 et
2954 1790 3047 1846 ubi
3086 1787 3383 1845 conciones
3411 1786 3719 1858 frequenter
3762 1785 3959 1840 habe-

3800 2036 3962 2047 ,-_——-

1608 2140 1747 2209 DE
1790 2135 2454 2207 FUTUBORUM
2499 2134 3010 2222 DELICIIS,

1778 2307 1857 2348 er
1900 2304 2315 2348 unassumer
2361 2286 2799 2368 nummum).

1947 2446 2235 2463 ﬂ

736 2552 783 2606 1.
832 2550 1155 2606 Auditon'btts
1200 2550 1263 2605 de
1308 2550 1569 2604 alacritate
1613 2550 1940 2620 gratulatur;
1978 2565 2091 2619 qua:
2126 2517 2243 2604 veru
2292 2572 2301 2579 ·

660 2642 761 2695 sint
803 2642 1018 2735 insignia
1061 2643 1380 2713 magistratus
1418 2628 2037 2711 exponit—Vehemens
2083 2650 2246 2693 a‘slus

662 2741 767 2797 est,
798 2731 852 2786 et
880 2733 1134 2785 molestus
1158 2731 1352 2795 ardor;
1394 2740 1625 2785 attamen
1656 2731 1983 2785 alacritatem
2014 2739 2245 2784 vestram

666 2839 773 2877 non
813 2824 1127 2887 debilitavit,
1170 2837 1269 2877 nec
1306 2822 1550 2879 audiendi
1588 2821 1930 2891 cupiditatem
1969 2822 2242 2891 repressit.

662 2911 811 2967 Talis
836 2921 919 2968 est
951 2913 1163 2967 auditor
1199 2912 1409 2968 fervens
1438 2923 1492 2968 et
1520 2922 1785 2977 attentus;
1828 2912 2072 2968 audiendi
2098 2911 2244 2967 desi-

660 3005 813 3061 deria
831 3006 1206 3060 corroboratus
1240 3006 1416 3060 omnia
1464 3005 1721 3074 patienter
1764 3004 1901 3060 ferre
1945 3013 2139 3074 potest.
2185 3013 2245 3059 ut

662 3092 1003 3163 cupiditatem
1040 3092 1176 3148 hanc
1212 3096 1519 3164 praeclaram
1551 3103 1603 3148 et
1651 3093 1986 3162 Spiritualem
2014 3094 2243 3163 expleat,

662 3196 713 3237 et
762 3200 858 3239 nec
887 3184 1191 3254 a'frigore,
1237 3201 1335 3240 nec
1380 3187 1445 3241 ab
1484 3196 1638 3251 testu,
1692 3203 1796 3240 non
1835 3202 1863 3239 a
1911 3188 2245 3255 negotiorum

664 3274 839 3340 turba,
873 3290 976 3329 non
1006 3290 1036 3329 a
1067 3276 1404 3330 multitudine
1430 3293 1695 3341 curarum,
1730 3292 1833 3331 non
1852 3277 1920 3331 ab
1945 3277 2063 3335 aliis
2089 3279 2249 3333 rebus

665 3363 787 3417 ullis
814 3363 1076 3433 ejusmodi
1105 3375 1278 3435 potest
1308 3368 1636 3437 supplantari
1671 3386 1685 3422 :
1712 3369 2161 3438 quemadmodum
2193 3380 2247 3425 et

663 3453 910 3521 supinum
936 3469 1000 3510 ac
1033 3456 1271 3512 desidem
1302 3473 1407 3512 non
1442 3459 1579 3513 acris
1626 3460 1761 3513 bona
1802 3462 2105 3530 temperies,
2139 3477 2244 3517 non

662 3545 829 3598 otium
864 3554 918 3601 et
957 3549 1236 3614 securitas,
1264 3564 1368 3604 non
1410 3550 1634 3605 facilitas
1670 3561 1764 3606 aut
1805 3552 2047 3622 voluptas
2076 3564 2249 3623 potest

664 3636 919 3702 excitare,
964 3638 1056 3692 sed
1092 3649 1369 3709 correptus
1409 3656 1599 3695 somno
1632 3642 1861 3711 quodam
1906 3644 2103 3699 residet
2135 3646 2243 3698 cri-

666 3726 809 3781 mine
852 3742 915 3782 ac
953 3728 1342 3797 vituperatiooe
1377 3730 1705 3800 dignissimo.
1754 3733 1858 3788 Vos
1905 3744 2079 3789 autem
2113 3737 2245 3791 talos

665 3831 773 3869 non
803 3818 933 3872 estis
958 3836 971 3869 :
1001 3819 1096 3872 sed
1125 3820 1186 3873 iis
1218 3819 1307 3890 qui
1339 3834 1573 3876 nostram
1603 3822 1840 3877 incolunt
1865 3824 2050 3878 urbem
2081 3826 2245 3881 multo

664 3906 912 3960 meliores
951 3909 1101 3963 estis.
1142 3908 1413 3979 Siquidem
1452 3925 1545 3965 vos
1580 3913 1727 3967 urbis
1763 3922 1923 3983 caput
1960 3930 2023 3969 ac
2064 3925 2246 3971 vertex

659 3995 793 4048 estis
821 3994 953 4049 adeo
978 3997 1143 4051 erecti
1173 4013 1235 4053 ac
1278 3999 1495 4068 vigiles,
1532 4010 1585 4056 et
1608 4003 1699 4071 qui
1729 4016 1791 4056 ea
1827 4018 1946 4073 quae
1972 4005 2243 4073 dicuntur,

661 4090 916 4148 νυτμυιυο
937 4086 1179 4153 persequi
1210 4085 1445 4142 studiose
1466 4088 1666 4143 soletis.
1686 4088 1799 4145 lloc
1818 4090 1946 4147 mihi
1970 4092 2237 4149 theatrum

661 4183 846 4238 regum
874 4173 1007 4226 aulis
1039 4182 1123 4228 est
1156 4179 1446 4245 augustius.
1480 4177 1610 4233 Nam
1641 4180 1748 4234 illic
1774 4180 1988 4249 quidem
2023 4198 2083 4238 ea
2117 4200 2237 4254 qtae

659 4261 983 4326 tribuuntur,
1009 4278 1113 4319 una
1153 4281 1278 4321 eum
1311 4266 1411 4322 hac
1440 4268 1543 4323 vita
1583 4268 1858 4334 liniuntur,
1886 4280 1936 4325 et
1982 4275 2237 4329 tumultus

663 4353 815 4422 plena
844 4363 967 4409 sunt
992 4368 1056 4408 ae
1097 4354 1265 4410 turbis
1292 4358 1587 4413 redundant
1616 4376 1629 4414 :
1659 4360 1744 4415 hic
1770 4376 1896 4415 vero
1938 4362 2069 4417 nihil
2099 4366 2239 4430 tale;

659 4444 755 4499 sed
776 4454 829 4499 et
847 4446 1106 4502 securitas
1127 4450 1318 4513 omnis,
1344 4460 1397 4504 et
1422 4449 1592 4504 honor
1617 4466 1647 4505 a
1674 4451 1839 4505 turbis
1866 4452 2113 4508 immunis
2134 4465 2239 4522 est,

660 4544 716 4590 et
737 4538 1070 4607 magistratus
1090 4540 1178 4611 qui
1208 4556 1492 4612 numquam
1521 4542 1793 4605 finiuntur,
1817 4559 1915 4599 nec
1936 4546 2045 4614 ipsa
2069 4558 2240 4602 morte

660 4625 1135 4699 interrumpuntur,
1155 4632 1251 4686 sed
1273 4640 1381 4686 tum
1408 4634 1662 4702 temporis
1694 4634 1911 4690 tutiores
1934 4635 2080 4691 linnt.
2106 4637 2241 4693 Nolo

659 4718 802 4772 enim
834 4720 962 4774 mihi
983 4735 1372 4777 commemores
1396 4739 1516 4779 cum
1539 4724 1627 4795 qui
1659 4725 1841 4779 sedeat
1877 4726 1928 4780 in
1950 4742 2129 4794 curru,
2160 4745 2241 4783 su-

660 4808 875 4877 percilia
904 4811 1128 4877 attollat,
1159 4813 1427 4882 multoque
1456 4815 1523 4869 sit
1543 4815 1794 4869 satellitio
1809 4816 2034 4882 cinctus,
2064 4835 2237 4886 neque

661 4897 929 4967 cingulum
959 4909 1013 4954 et
1040 4916 1222 4957 vocem
1251 4904 1542 4972 przeeonis:
1574 4905 1699 4959 nolo
1722 4906 1848 4959 mihi
1872 4909 2235 4977 magistratum

660 4985 784 5041 inde
812 4988 1056 5058 designes
1086 5010 1099 5045 :
1130 4993 1223 5047 sed
1269 4993 1337 5047 ab
1373 4995 1532 5049 animi
1570 5004 1730 5061 statu,
1755 4998 1798 5052 si
1825 4998 2102 5054 affectibus
2140 5002 2237 5057 im—

661 5087 831 5146 peret,
864 5078 906 5132 si
944 5081 1064 5134 vitia
1106 5082 1329 5151 subigat,
1360 5085 1624 5149 videlicet,
1674 5088 1718 5140 si
1760 5088 2059 5145 divitiarum
2099 5093 2240 5161 cupi-

660 5169 809 5223 ditati
839 5170 1162 5238 dominetur,
1203 5175 1246 5228 si
1282 5190 1561 5245 corporum
1605 5177 1974 5246 inexplebilem
1999 5198 2237 5238 amorem

659 5259 947 5329 subegerit,
966 5261 1011 5315 si
1040 5278 1143 5315 non
1169 5262 1363 5319 invidia
1389 5266 1643 5330 tabescat,
1659 5266 1703 5323 si
1728 5283 1831 5325 non
1860 5268 2030 5326 inanis
2056 5272 2237 5337 gloria:

660 5348 1057 5415 perturbatione
1098 5352 1440 5417 distrahatur,
1487 5356 1531 5409 si
1572 5367 1861 5425 egestatem
1902 5374 2007 5413 non
2039 5369 2238 5421 metuat

659 5448 707 5488 et
740 5447 944 5505 tremat,
977 5443 1021 5497 si
1051 5458 1153 5496 non
1198 5445 1249 5497 in
1288 5445 1520 5500 deterius
1561 5451 1929 5515 mutationem,
1965 5452 2007 5504 si
2036 5450 2137 5506 hoc
2168 5453 2236 5505 ti-

658 5542 807 5581 more
837 5543 941 5583 non
968 5533 1316 5588 exanimetur.
1347 5534 1530 5590 Talem
1563 5536 1694 5595 mihi
1737 5539 2099 5607 magistratum
2144 5557 2233 5595 os-

659 5618 814 5673 tende
859 5619 1003 5675 :hoc
1045 5623 1186 5677 enim
1228 5635 1309 5680 est
1346 5641 1531 5697 gerere
1575 5628 1962 5698 magistratum.
2005 5632 2155 5700 Quod
2189 5635 2233 5691 si

717 5733 789 5793 01)
823 5733 999 5787 collata
1020 5748 1131 5792 cum
1152 5745 1259 5791 Mss.
1284 5747 1400 5805 Reg.
1427 5740 1564 5802 1974,
1594 5746 1645 5792 et
1668 5739 1799 5793 Colb.
1826 5741 1967 5794 3058.

2248 2426 2391 2481 QEO

2396 2447 2701 2461 ~—

2359 2546 2665 2601 hominibus
2689 2543 2903 2614 quidem
2943 2544 3189 2614 imperet,
3221 2540 3314 2596 sed
3342 2539 3619 2596 atl'ectibus
3644 2538 3811 2593 animi
3832 2554 3967 2593 scr-

2354 2638 2481 2699 viat,
2525 2635 2667 2689 hunc
2715 2648 2814 2704 ego
2856 2633 3082 2688 dixerim
3131 2632 3251 2701 plus
3278 2647 3436 2702 quam
3468 2645 3655 2685 omnes
3697 2630 3968 2685 homines

2352 2744 2473 2783 esse
2501 2727 2742 2782 servituti
2782 2725 3092 2779 obnoxium.
3142 2721 3209 2777 Et
3249 2720 3697 2792 quemadmodum
3725 2720 3819 2790 qui
3869 2719 3968 2775 fe-

2352 2817 2490 2873 brim
2518 2816 2714 2872 habeat
2746 2816 3039 2870 visceribus
3064 2828 3125 2867 ac
3157 2813 3309 2867 venis
3356 2812 3498 2867 intus
3543 2811 3829 2873 inclusam,
3867 2821 3966 2863 ta-

2354 2909 2509 2964 metsi
2537 2908 2668 2963 nihil
2692 2908 2795 2962 tale
2824 2907 3030 2976 species
3058 2906 3298 2975 corporis
3317 2913 3535 2959 externa
3561 2916 3671 2973 pra:
3700 2917 3759 2955 se
3788 2900 3966 2964 ferat,

2356 3001 2576 3056 omnino
2597 2999 2746 3055 febre
2775 2998 3007 3053 maxime
3031 3003 3338 3065 correptum
3366 3003 3610 3049 asserent
3640 2991 3854 3054 medici,
3885 2991 3965 3043 li-

2352 3102 2439 3147 cet
2464 3092 2709 3161 ignorent
2750 3089 2979 3159 imperiti
3027 3105 3041 3141 :
3081 3086 3161 3142 sic
3187 3096 3241 3141 et
3264 3102 3365 3155 ego
3388 3085 3533 3139 illum
3574 3084 3657 3138 cui
3692 3098 3848 3138 serva
3882 3082 3969 3136 sit

2353 3187 2529 3239 anima
2558 3194 2611 3238 et
2643 3182 2805 3236 animi
2847 3180 3123 3235 all'ectibus
3168 3178 3489 3246 mancipata,
3521 3176 3644 3231 licet
3675 3174 3810 3229 nihil
3841 3174 3967 3228 tale

2356 3256 2525 3329 facies
2541 3282 2781 3336 externa,
2806 3271 2899 3325 sed
2925 3270 3250 3325 contrarium
3282 3284 3390 3336 prae
3416 3284 3475 3322 se
3511 3265 3665 3330 ferat,
3702 3266 3967 3319 servituti

2356 3365 2647 3421 obnoxium
2690 3378 2797 3433 prae
2836 3360 3045 3416 caeteris
3084 3359 3331 3420 dixerint,
3361 3365 3542 3427 utpote
3570 3357 3661 3425 qui
3692 3355 3965 3408 vitiorum

2356 3454 2545 3509 lebrim
2574 3462 2902 3522 grassantem
2946 3454 3085 3504 intus
3117 3449 3329 3515 habeat,
3360 3462 3425 3502 ac
3463 3446 3797 3516 tyrannidem
3825 3460 3967 3514 pas-

2354 3546 2564 3601 sionum
2597 3545 2693 3614 ipsi
2724 3544 2915 3597 animm
2959 3540 3280 3596 insidentem
3312 3557 3324 3593 :
3370 3540 3734 3609 magistratum
3760 3545 3964 3591 autem

2352 3650 2559 3704 gerere,
2592 3644 2646 3689 et
2665 3633 2891 3689 liberum
2918 3646 3039 3687 esse
3067 3645 3131 3685 ae
3155 3630 3367 3700 regibus
3403 3628 3532 3698 ipsis
3556 3626 3958 3697 augustiorem,

2353 3728 2595 3797 quamvis
2622 3726 2811 3796 pannis
2852 3723 3066 3778 indutus
3099 3723 3189 3788 sit,
3233 3720 3476 3791 quamvis
3516 3719 3569 3773 in
3603 3732 3821 3773 canere
3848 3716 3962 3771 isa-

2353 3818 2504 3883 bitet,
2531 3817 2771 3887 quamvis
2800 3824 2987 3869 catena
3013 3815 3082 3868 sit
3105 3812 3487 3878 circumdatus,
3518 3824 3640 3864 eum
3666 3808 3754 3878 qui
3783 3808 3958 3875 hujus

2356 3910 2647 3980 tyrannidis
2672 3912 2854 3977 jngum
2892 3906 3207 3967 excusserit,
3232 3914 3287 3957 et
3322 3918 3494 3972 neque
3522 3901 3698 3970 pravis
3730 3901 3957 3969 cupidi-

2358 3999 2553 4053 tatibus
2583 4005 2844 4060 teneatur,
2872 4011 2973 4051 nec
3007 3994 3240 4048 absurdo
3277 3993 3601 4063 paupertatis
3632 4001 3686 4045 et
3712 3992 3959 4061 ignomi-

2356 4088 2479 4155 nim,
2504 4104 2676 4158 neque
2700 4104 2885 4143 eorum
2915 4103 3034 4158 qu:e
3074 4088 3127 4140 in
3153 4086 3256 4139 hac
3284 4088 3387 4139 vita
3419 4085 3642 4139 molesta
3668 4083 3954 4147 videntur,

2356 4181 2545 4232 timore
2572 4186 2851 4245 correptus
2878 4174 3273 4232 contremiscat.
3648 4178 3650 4180 '

2422 4268 2478 4322 9..
2512 4266 2784 4338 Ejusmodi
2815 4266 3151 4336 magistratus
3177 4280 3282 4319 non
3310 4264 3533 4334 pecunia
3566 4264 3783 4320 venales
3810 4277 3952 4334 pro.

2348 4368 2511 4425 stant,
2542 4374 2715 4429 neque
2752 4356 3049 4412 invidorum
3090 4365 3270 4426 patent
3312 4356 3651 4411 incursibus:
3679 4356 3824 4411 hunc
3848 4372 3953 4412 ac-

2347 4450 2608 4505 cusatoris
2639 4449 2816 4518 lingua
2852 4462 2957 4502 non
3004 4448 3189 4511 novit,
3235 4460 3334 4500 nec
3373 4445 3562 4500 oculus
3590 4446 3896 4502 invidorum
3927 4489 3947 4514 ,

2348 4558 2520 4613 neque
2552 4541 2921 4596 insidiatorum
2952 4538 3235 4603 machinis,
3267 4537 3362 4593 sed
3394 4548 3660 4608 tamquam
3688 4538 3739 4591 in
3772 4538 3947 4591 invio.

2349 4634 2494 4689 labili
2517 4632 2747 4704 quodam
2780 4629 3131 4701 philosophia:
3156 4630 3430 4684 domicilio
3458 4628 3698 4684 residens
3728 4644 3957 4698 penna-

2350 4737 2441 4782 net
2485 4739 2698 4795 semper
2740 4724 3006 4793 invictus,
3054 4736 3229 4791 neque
3257 4731 3463 4775 tantum
3493 4720 3706 4776 caeteris
3754 4735 3947 4775 rerum

2349 4820 2693 4874 adversarum
2724 4816 2958 4879 casibus,
2988 4815 3082 4870 sed
3108 4830 3207 4870 nec
3229 4814 3327 4885 ipsi
3357 4814 3515 4869 morti
3543 4813 3706 4868 cedit.

2421 4910 2709 4979 Martyrum
2738 4916 2953 4975 potestas
2977 4916 3201 4974 quanta;
3230 4905 3520 4975 spirituales
3548 4904 3737 4957 divitia
3762 4902 3949 4957 distri-

2347 5002 2550 5056 butione
2591 5008 2859 5064 crescunt;
2900 5014 2989 5051 cur
3028 4998 3247 5051 caducas
3274 5012 3380 5051 esse
3404 5012 3483 5050 res
3509 4996 3626 5049 vita
3650 4995 3807 5064 hujus
3851 5011 3945 5048 eo-

2348 5097 2496 5149 luert't
2526 5092 2664 5147 Deus
2687 5110 2705 5159 ;
2731 5091 2960 5162 angelica
2989 5102 3061 5145 est
3090 5090 3190 5144 vita
3217 5090 3519 5161 evangelica.
3546 5118 3617 5129 —
3635 5088 3947 5144 OSIeuduut

2348 5189 2447 5242 hoc
2469 5196 2755 5257 martyres,
2779 5200 3002 5255 quorum
3025 5196 3252 5252 corpora
3274 5182 3490 5251 quidem
3510 5180 3765 5235 dissoluta
3791 5194 3941 5239 sunt.

2346 5286 2399 5331 et
2426 5277 2478 5331 in
2510 5276 2781 5345 pulverem
2810 5275 3148 5342 cineremque
3180 5272 3396 5327 redacta
3428 5289 3441 5324 :
3471 5272 3815 5341 magistratus
3841 5289 3943 5325 an-

2349 5380 2455 5424 tem
2491 5383 2554 5423 ac
2582 5367 2912 5437 principatus
2940 5364 3178 5437 quotidie
3207 5366 3367 5429 vivit,
3415 5373 3470 5418 et
3497 5375 3750 5432 cperatur
3769 5403 3786 5428 ,
3811 5364 3941 5420 dum

2345 5462 2618 5516 dwmones
2642 5460 2833 5529 abigit,
2874 5468 2930 5514 et
2958 5459 3174 5513 morbos
3200 5458 3250 5510 in
3284 5456 3460 5528 fugam
3489 5458 3783 5520 convertit,
3810 5457 3938 5512 dum

2348 5552 2584 5621 integras
2612 5549 2769 5604 urbes
2789 5549 3014 5616 excitat,
3055 5559 3107 5603 et
3137 5549 3359 5619 populos
3389 5550 3441 5601 in
3474 5546 3617 5602 hunc
3638 5548 3815 5603 locmn
3844 5549 3938 5602 de-

2344 5643 2508 5699 ducit.
2543 5642 2710 5697 Tauta
2740 5643 3078 5712 magistratus
3103 5651 3152 5696 et
3200 5640 3407 5709 imperii
3441 5640 3595 5695 istius
3624 5650 3706 5694 est
3734 5643 3897 5695 virtus
3916 5682 3933 5699 .

2350 5751 2453 5794 non
2481 5751 2719 5792 vivorum
2749 5744 2948 5791 tantum
2988 5736 3305 5805 principum,
3349 5732 3444 5790 scd
3476 5735 3637 5789 etiam
3670 5734 3776 5789 vita
3810 5733 3930 5788 fun-
