4194 6302
218 561 461 617 currum,
485 557 545 604 ut
567 547 888 604 necessitate
908 544 1219 616 compulsus
1235 543 1533 613 nemo,sed
1553 552 1746 614 sponte
1759 555 1824 599 ac

219 642 442 714 proprio
465 639 671 694 inducti
693 638 883 693 all'ectu
910 637 1015 692 huc
1040 652 1230 693 omnes
1262 644 1567 702 accurrunt,
1597 649 1699 690 nec
1719 633 1824 689 ulla

220 731 486 800 temporis
531 729 916 800 longinquitate
958 727 1246 782 minuatur.
1277 725 1482 781 Videtis
1526 739 1687 796 quam
1717 739 1827 779 non

217 824 341 878 sine
370 835 532 877 causa
561 821 829 876 theatrum
851 818 993 874 istud
1012 833 1198 889 regum
1224 817 1363 873 aulis
1387 815 1667 888 augustius
1694 829 1816 871 esse

217 912 497 968 dixerim!
526 910 658 966 Nam
679 926 798 981 quae
823 909 930 965 illic
955 919 1112 975 sunt,
1153 909 1294 966 foliis
1323 908 1517 964 similia
1544 916 1668 962 sunt
1696 921 1828 962 exa-

228 1004 568 1060 rescentibus
587 1044 603 1069 ,
634 1015 688 1059 et
710 1002 911 1058 umbris
937 1001 1384 1074 prmtereuntibus
1413 1017 1429 1055 :
1459 1015 1522 1056 ea
1558 1015 1686 1055 vero
1706 1015 1827 1068 qua:

223 1095 316 1151 hic
345 1095 652 1158 traduntur,
701 1093 1038 1149 adatnantem
1081 1093 1382 1181 imitantur,
1415 1091 1499 1145 vel
1532 1090 1710 1160 potius
1735 1089 1826 1144 illo

219 1185 462 1240 lirmiora
482 1194 628 1250 sunt,
655 1194 841 1255 utpote
860 1198 980 1255 quae
1001 1183 1320 1238 immortalia
1342 1183 1471 1247 sint,
1495 1190 1551 1236 et
1576 1181 1820 1246 immota,

228 1291 332 1331 nec
355 1274 448 1329 ulli
477 1274 669 1330 cedant
699 1289 949 1344 umquam
979 1272 1282 1337 mutationi,
1305 1282 1360 1328 et
1381 1274 1449 1326 ad
1470 1285 1597 1327 suos
1617 1278 1825 1326 amato-

219 1380 314 1421 res
341 1365 606 1436 intrepide
626 1365 905 1437 accedant,
937 1380 1129 1435 pugtne
1156 1379 1221 1419 ac
1250 1363 1611 1420 contentionis
1636 1377 1826 1431 exper-

223 1458 318 1522 tia,
350 1468 509 1526 atque
529 1497 544 1524 ,
572 1456 639 1511 ab
663 1455 858 1510 invidia
876 1496 892 1520 ,
917 1453 1132 1525 judiciis
1151 1496 1167 1522 ,
1197 1464 1251 1510 et
1271 1454 1510 1520 insidiis,
1539 1468 1603 1509 ac
1621 1454 1828 1508 calum-

223 1547 332 1601 niis
376 1547 483 1600 sint
527 1547 804 1602 immania.
850 1545 1126 1617 Siquidem
1168 1547 1445 1602 smcularia
1491 1545 1690 1600 multos
1730 1561 1824 1614 pa-

223 1639 433 1694 tiuntur
471 1638 720 1704 invidos,
771 1638 1064 1708 spiritualia
1118 1653 1286 1706 vero,
1343 1647 1545 1710 quanto
1584 1638 1825 1709 pluribus

219 1729 615 1783 communicata
651 1729 881 1794 fuerint,
926 1744 993 1784 eo
1039 1729 1300 1799 majorem
1343 1743 1495 1784 suam
1528 1728 1822 1784 ubertatem

221 1819 534 1875 ostendunt.
576 1822 751 1890 Atque
799 1820 850 1876 id
870 1838 937 1876 ex
972 1821 1072 1877 hac
1101 1822 1216 1892 ipsa
1257 1823 1499 1877 oratione
1527 1821 1824 1893 intelligere

223 1911 469 1980 mtestis.
496 1910 664 1976 Quam
687 1912 830 1966 ellllll
863 1912 917 1966 in
953 1928 1142 1968 omnes
1164 1913 1463 1968 orationem
1490 1913 1708 1968 ellundo
1731 1954 1746 1978 ,
1778 1916 1821 1969 si

221 2000 442 2069 quidem
469 2000 614 2055 deuti
653 1987 791 2071 apud
831 2019 919 2057 me
962 2003 1266 2070 detineam,
1317 2005 1602 2074 pauperior
1650 2004 1774 2060 liam
1807 2025 1820 2060 :

221 2090 307 2143 sin
331 2099 510 2145 autem
539 2090 594 2168 in
617 2108 805 2147 omnes
826 2091 1120 2159 ell‘mrdam,
1153 2104 1422 2164 tamquam
1449 2095 1493 2149 si
1522 2095 1573 2149 in
1598 2111 1823 2150 vacuum

222 2180 493 2250 quoddam
524 2197 707 2236 arvum
745 2198 927 2238 semen
953 2185 1150 2251 jactem
1173 2226 1188 2251 ,
1223 2185 1502 2240 facultates
1548 2201 1696 2240 meas
1721 2201 1820 2239 aus

219 2288 345 2341 gen,
378 2273 591 2328 divitias
619 2290 766 2329 meas
789 2276 1056 2346 amplifice
1077 2318 1091 2342 ,
1122 2277 1496 2347 locupletiores
1526 2277 1693 2332 reddo
1727 2295 1822 2333 vos

219 2381 410 2419 omnes
436 2382 451 2430 ;
489 2380 586 2418 nec
613 2365 811 2421 ideirco
838 2375 1013 2424 tamen
1041 2369 1326 2438 pauperior
1350 2370 1538 2433 evado,
1565 2369 1660 2423 sed
1691 2385 1820 2439 opu-

222 2455 420 2509 lentior
447 2455 617 2526 multo
647 2472 661 2510 ι
693 2456 834 2526 quod
865 2459 915 2510 in
939 2459 1179 2526 pecuniis
1207 2474 1312 2513 non
1340 2458 1498 2526 licet,
1530 2459 1638 2512 imo
1663 2459 1820 2528 plane

216 2548 549 2603 contrarium
590 2549 789 2602 evenit.
831 2549 964 2605 Nam
1011 2551 1055 2604 si
1107 2550 1440 2605 reconditum
1487 2566 1675 2604 aurum
1726 2551 1819 2604 hav-

215 2643 374 2703 beam
400 2683 414 2706 ,
447 2650 502 2696 ct
532 2643 585 2694 iu
613 2658 798 2696 onmes
824 2643 953 2716 illud
986 2645 1140 2698 velim
1168 2645 1492 2700 distribuere
1516 2687 1530 2709 ,
1567 2661 1672 2700 non
1703 2662 1818 2699 am-

225 2733 364 2801 plius
389 2743 565 2786 tantas
595 2733 870 2802 possidere
907 2719 1094 2805 potero
1127 2734 1375 2802 divitias,
1410 2753 1530 2791 cum
1557 2737 1654 2790 hac
1678 2737 1816 2792 divi-

217 2827 373 2878 sione
399 2824 594 2879 fuerint
622 2825 936 2881 iunuinutaz.

292 2918 344 2971 5.
399 2917 531 2970 Cum
577 2918 737 2987 igitur
774 2921 1133 2989 spiritualium
1179 2939 1359 2979 rerum
1402 2933 1546 2979 tanta
1577 2925 1646 2979 sit
1674 2942 1812 2997 pra:-

215 3007 438 3071 stantia,
472 3016 614 3062 tanta
645 3009 889 3077 facilitas,
925 3021 1107 3082 utpote
1127 3030 1246 3085 qua:
1275 3014 1482 3069 cunctis
1515 3015 1816 3070 volentibus

215 3101 384 3170 gratis
410 3101 717 3167 obveniant,
753 3102 848 3158 has
879 3106 1217 3174 potissimum
1243 3107 1577 3172 adamemus,
1611 3118 1664 3161 et
1694 3124 1810 3161 um-

220 3193 347 3244 bras
393 3193 729 3258 omittamus,
770 3209 869 3249 nec
900 3195 1194 3266 przccipitia
1236 3207 1293 3251 et
1335 3198 1586 3268 scapulas
1634 3214 1815 3267 perse-

214 3299 463 3352 quamur.
497 3283 723 3338 Utcnim
757 3285 898 3340 hunc
923 3303 1162 3343 amorem
1197 3288 1334 3343 Deus
1353 3297 1603 3358 augeret,
1649 3290 1808 3343 etiam

217 3385 348 3428 ante
391 3376 592 3428 obitutn
627 3376 876 3442 hominis,
924 3393 952 3430 a
995 3395 1104 3450 quo
1131 3378 1492 3448 possidentur,
1526 3379 1623 3433 ista
1653 3381 1813 3434 morti

217 3465 452 3520 υὺιιυιιὶςι
479 3482 596 3521 esse
631 3469 900 3538 prarcepit.
934 3469 1089 3524 Verbi
1134 3472 1299 3540 gratia
1327 3489 1341 3526 ;
1377 3487 1481 3526 non
1515 3476 1817 3530 cuminlcr-

213 3559 341 3614 ierit
399 3559 472 3625 is,
513 3559 601 3627 qui
636 3559 749 3615 inec
779 3562 1047 3629 possidet,
1085 3573 1138 3616 et
1165 3564 1265 3618 ista
1298 3564 1563 3620 intereunt
1585 3605 1597 3626 ,
1638 3566 1730 3619 sed
1760 3573 1814 3618 et

216 3651 335 3719 ipso
366 3650 538 3704 adhuc
571 3652 780 3705 vivente
809 3665 1146 3708 marcescunt
1173 3664 1226 3709 et
1253 3670 1498 3724 perettn.,
1544 3665 1596 3709 ut
1623 3671 1810 3711 eorum

214 3741 418 3796 caduca
442 3742 680 3796 conditio
718 3758 929 3798 summo
955 3746 1166 3799 illorum
1187 3762 1370 3801 amore
1398 3745 1680 3816 ﬂagrantes
1705 3789 1719 3812 ,
1760 3759 1814 3802 et

217 3833 405 3885 insana
431 3833 721 3901 cupiditate
751 3834 960 3899 ductos,
990 3835 1056 3888 ab
1088 3837 1172 3890 illa
1203 3853 1341 3891 s:eva
1376 3838 1522 3892 rabie
1554 3853 1766 3893 revocet
1797 3859 1808 3894 ε

213 3937 512 3991 eorumque
539 3933 781 3976 naturam
801 3924 1106 3989 admoneat,
1135 3936 1186 3981 et
1209 3929 1534 3996 experientia
1560 3932 1809 4000 magistra

215 4011 427 4078 doceat,
461 4027 522 4067 ea
549 4013 734 4082 quavis
763 4015 947 4070 umbra
980 4017 1326 4073 imbecilliora
1353 4035 1492 4084 esse,
1526 4032 1684 4091 atque
1712 4023 1810 4078 hac

212 4104 422 4158 ratione
443 4104 786 4174 cupiditatem
811 4107 953 4161 illam
979 4111 1300 4180 exstinguat.
1333 4112 1574 4182 Exempli
1601 4129 1760 4169 causa
1793 4134 1804 4167 :

214 4196 413 4250 divitia:
446 4211 548 4251 non
579 4197 752 4252 solum
776 4214 899 4254 cum
929 4200 1107 4255 interit
1133 4203 1305 4267 dives,
1333 4217 1577 4274 pereunt,
1602 4207 1693 4261 sed
1720 4209 1807 4264 illo

211 4288 391 4362 potius
413 4289 620 4344 vivente
646 4292 946 4347 discedunt.
974 4293 1234 4350 Juveutus
1257 4313 1623 4366 possessorem
1650 4317 1805 4358 suurn

211 4394 320 4434 non
365 4381 678 4436 morientem
723 4383 933 4448 solum,
983 4385 1077 4439 sed
1117 4387 1409 4454 Spirantem
1436 4391 1609 4444 adhuc
1642 4394 1804 4449 retin-

208 4486 382 4543 quens
413 4473 682 4525 evanescit
708 4491 723 4536 ;
761 4489 878 4540 qua:
906 4474 956 4531 in
985 4479 1158 4529 :etatis
1183 4479 1376 4532 tltlttlltc
1406 4480 1488 4534 via
1523 4483 1722 4547 linitur,
1753 4496 1807 4538 et

205 4563 472 4617 senectuti
509 4565 682 4618 locum
714 4565 875 4620 cedit.
918 4567 1260 4623 Puleln-itudo
1290 4570 1447 4627 simul
1493 4580 1548 4627 ct
1595 4572 1763 4628 forma
1787 4617 1802 4640 ,

207 4653 424 4708 vivente
453 4654 628 4709 adhuc
669 4656 927 4722 muliere,
980 4657 1177 4713 desinit
1223 4671 1279 4714 et
1317 4661 1368 4714 in
1410 4662 1803 4720 deformitatem

205 4746 402 4799 transit
428 4765 442 4802 :
467 4745 634 4815 gloria
658 4787 674 4810 ,
707 4749 1036 4817 principatus
1068 4767 1254 4805 rursus
1281 4755 1392 4822 pat'i
1427 4756 1632 4810 ratione
1662 4775 1674 4808 :
1706 4757 1803 4811 ho-

205 4852 403 4901 nores,
449 4839 820 4910 magistratus,
866 4839 1042 4893 diurni
1067 4851 1192 4898 sunt
1220 4853 1274 4897 et
1298 4844 1364 4897 ad
1390 4845 1552 4900 breve
1595 4855 1805 4918 tempus

203 4928 426 4992 durant,
459 4934 512 4982 ct
539 4929 772 4997 amplius
801 4946 958 4999 quam
990 4933 1234 4988 homines
1264 4935 1386 5004 ipsi,
1420 4938 1508 5007 qui
1539 4953 1632 4992 eos
1662 4942 1800 4994 obfi-

204 5029 338 5077 ncnt
356 5063 372 5086 ,
422 5021 676 5075 mortales
702 5032 829 5075 sunt
855 5037 868 5073 :
895 5033 949 5075 et
977 5023 1432 5091 quemadmodum
1461 5029 1803 5096 quotidiauos

203 5127 492 5182 corporum
523 5112 706 5166 videre
738 5113 862 5167 licet
906 5113 1148 5169 interitus
1168 5157 1182 5179 ,
1214 5117 1298 5178 ,ila
1349 5134 1561 5186 quoque
1598 5136 1799 5177 rerum.

203 5206 377 5260 Porro
403 5203 456 5258 id
487 5203 697 5268 accidit,
751 5215 807 5257 ut
855 5207 1142 5270 praesentia
1185 5218 1590 5264 contemnentes
1617 5213 1798 5266 adlue-

202 5309 420 5351 reantus
455 5293 648 5349 futuris
672 5335 685 5360 ,
737 5303 790 5350 et
816 5309 1002 5351 eorum
1032 5299 1200 5352 simus
1230 5303 1631 5369 exspectatione
1676 5321 1789 5358 sus-

203 5385 416 5458 pensi,,
449 5399 512 5439 ac
555 5383 682 5440 dum
727 5387 778 5440 in
827 5387 985 5442 terris
1021 5390 1388 5456 ambulamus,
1435 5393 1702 5450 desiderio
1748 5400 1799 5453 in

205 5475 338 5527 mulo
370 5489 667 5530 versemur.
722 5476 934 5531 Etenim
975 5478 1082 5536 duo
1126 5482 1318 5536 saecula
1361 5486 1601 5542 condidit
1634 5489 1794 5557 Deus,

205 5578 446 5635 prmsctts
471 5605 487 5629 ,
521 5575 574 5620 et
606 5565 878 5634 futurum;
912 5586 1073 5625 unum
1099 5572 1326 5640 visibilc,
1360 5576 1584 5630 alterum
1617 5579 1801 5634 invisi-

204 5655 313 5710 bile
344 5675 355 5711 :
391 5673 552 5711 unum
586 5659 725 5726 quod
757 5661 856 5715 sub
878 5679 1067 5717 sensus
1098 5663 1258 5730 cadit,
1291 5666 1516 5722 alterum
1548 5671 1688 5734 quod
1718 5682 1799 5728 est

201 5747 474 5820 spirituale
507 5767 518 5802 :
557 5766 718 5803 unum
769 5755 908 5822 quod
958 5758 1222 5825 corporali
1265 5761 1442 5826 quiete
1487 5762 1794 5831 perfruitur,

199 5840 431 5895 alterum
477 5839 617 5910 quod
651 5842 964 5912 incorporea
1001 5861 1013 5900 :
1045 5861 1207 5902 unum
1237 5846 1291 5906 iu
1323 5849 1683 5928 experientia,
1713 5869 1789 5914 at-

1397 429 1487 487 DE
1527 427 1838 489 ιῖυτυιιᾱι
1877 427 2062 487 "TE
2104 427 2417 486 DEUCIIS.

3425 434 3533 493 350

1940 551 2112 597 terum
2135 542 2189 597 in
2218 541 2363 598 lide:
2395 555 2559 598 unum
2596 542 2650 598 in
2676 542 2947 610 manibus,
2977 542 3209 600 alterum
3233 543 3288 600 in
3315 559 3453 620 spe;
3482 556 3538 603 et

1936 648 2100 687 unum
2123 647 2244 688 esse
2269 631 2502 691 stadium
2547 632 2742 704 jussit,
2787 633 3021 691 alterum
3052 633 3298 692 bravium
3330 651 3350 692 :
3377 647 3538 708 atque

1937 723 2059 778 huic
2085 722 2304 795 quidem
2334 724 2630 780 certamina
2652 766 2668 793 ,
2699 725 2913 782 labores
2935 740 3001 782 ac
3024 725 3252 788 sudores
3273 728 3533 792 attribuit,

1936 813 2010 870 illi
2042 829 2171 870 vero
2193 829 2456 884 coronas,
2492 815 2713 886 praemia
2760 827 2818 873 et
2859 817 3280 876 retributiones:
3306 817 3409 874 hoc
3440 835 3538 890 pe-

1935 903 2113 974 lagus,
2146 904 2276 960 illud
2307 915 2518 976 portum
2547 907 2727 963 effecit
2749 945 2766 975 ,
2792 915 2847 963 et
2881 907 2984 964 hoc
3012 908 3175 964 breve
3202 909 3443 980 quidem,
3474 911 3539 966 il-

1933 995 2025 1049 lud
2057 1011 2184 1051 vero
2214 999 2504 1053 senectutis
2543 1013 2738 1068 expers
2757 1038 2775 1065 ,
2821 1009 2877 1056 et
2911 1001 3236 1058 immortale.
3265 1004 3533 1071 Quoniam

1934 1084 2095 1154 igitur
2127 1086 2372 1142 homines
2392 1087 2546 1142 multi
2575 1089 2946 1159 spiritualibus
2968 1091 3076 1147 illis
3103 1107 3168 1148 ea
3209 1109 3330 1164 qua
3363 1097 3536 1152 sensi-

1935 1170 2062 1229 bilia
2087 1185 2214 1230 sunt
2240 1176 2596 1246 praaferebant
2621 1219 2637 1245 ,
2689 1179 2773 1235 his
2796 1180 3054 1238 caducam
3083 1184 3447 1241 conditionem
3475 1202 3540 1242 ae

1934 1266 2315 1335 temporariam
2363 1269 2647 1335 attribuit,
2691 1279 2750 1326 ut
2799 1271 2902 1326 hoc
2939 1282 3098 1344 pacto
3125 1289 3156 1329 a
3183 1277 3541 1346 prasentibus
3582 1278 3584 1281 ’

1931 1355 2195 1411 abductos
2223 1398 2240 1424 ,
2303 1359 2655 1415 vehementer
2709 1361 2885 1417 ameri
2941 1363 3244 1422 futurorum
3299 1367 3537 1426 addicat.

1935 1446 2138 1502 Deinde
2160 1449 2412 1518 quoniam
2443 1451 2731 1508 invisibilia
2758 1463 2918 1509 erant
2963 1454 3052 1510 illa
3094 1466 3150 1513 et
3195 1459 3493 1528 spiritualia
3521 1501 3538 1527 ,

1937 1538 1990 1592 in
2021 1539 2125 1593 lide
2155 1551 2315 1611 atque
2339 1542 2392 1596 in
2415 1557 2509 1612 spe
2535 1545 2706 1614 pesita
2730 1584 2746 1610 ,
2783 1545 2903 1602 vide
2931 1546 3061 1618 quid
3087 1557 3230 1619 agat.
3266 1549 3402 1608 Cum
3435 1552 3540 1608 huc

1931 1628 2259 1699 advenisset,
2291 1645 2619 1708 aquostram
2646 1651 2865 1692 carnem
2891 1641 3274 1710 assumpsisset
3301 1684 3317 1710 ,
3349 1653 3405 1699 et
3433 1645 3537 1700 mi-

1932 1722 2155 1777 rabilem
2188 1724 2331 1779 illam
2354 1724 2814 1796 dispensationem
2847 1728 3164 1799 perfecisset
3186 1772 3201 1798 ,
3231 1732 3407 1789 futura
3439 1751 3527 1806 po-

1934 1812 2011 1865 nit
2033 1811 2103 1867 ob
2128 1814 2334 1880 oculos,
2368 1825 2422 1871 et
2450 1816 2550 1874 hae
2585 1816 2794 1873 ratione
2817 1821 3114 1876 crassiores
3139 1833 3348 1879 mentes
3376 1840 3536 1882 secu-

1932 1915 2018 1954 ras
2057 1902 2249 1958 reddit.
2291 1903 2424 1958 Nam
2473 1908 2729 1976 quoniam
2777 1911 3244 1969 conversationem
3292 1930 3357 1970 ac
3413 1917 3535 1972 vitm

1931 1994 2189 2050 rationem
2222 1997 2518 2068 angelicam
2545 1999 2777 2056 efferens
2804 2003 3092 2074 veniebat,
3143 2023 3208 2065 ac
3235 2018 3433 2066 terram
3479 2015 3532 2068 iu

1928 2085 2118 2140 cmlum
2165 2087 2556 2158 convertebat,
2600 2106 2773 2162 eaque
2818 2095 3146 2162 mandabat,
3184 2116 3302 2170 quae
3331 2101 3532 2159 sintin

1931 2173 2219 2232 redderent
2263 2178 2594 2251 incorporeis
2625 2182 2914 2239 virtutibus
2952 2201 3048 2242 eos
3084 2190 3177 2257 qui
3209 2206 3271 2244 ea
3306 2192 3512 2260 perlice-

1929 2275 2048 2320 rent
2074 2308 2089 2332 ,
2135 2268 2382 2326 homines
2407 2273 2666 2328 reddebat
2687 2275 2904 2345 angelos
2923 2318 2939 2342 ,
2968 2277 3035 2332 ad
3059 2295 3211 2349 spem
3237 2270 3505 2340 ea-lestiut.

1929 2373 2105 2415 rerum
2130 2364 2372 2430 vocabat,
2400 2364 2637 2436 longiora
2664 2369 2959 2425 certamina
2987 2373 3343 2444 proponebat,
3369 2376 3530 2433 altius

1927 2451 2141 2507 erolare
2181 2454 2403 2524 jubebat
2424 2499 2438 2522 ,
2472 2468 2526 2513 ct
2563 2459 2636 2514 ad
2667 2460 2780 2530 ipsa
2812 2462 3020 2534 fastigia
3048 2467 3302 2522 caelorum
3337 2485 3527 2527 ascen-

1926 2540 2054 2597 dere
2078 2583 2094 2610 ,
2143 2545 2402 2601 adversus
2428 2549 2705 2606 dzemones
2743 2567 2971 2623 pugnam
2998 2555 3131 2614 inire
3151 2598 3166 2624 ,
3198 2573 3386 2619 contra
3413 2564 3529 2618 uni-

1927 2650 2110 2691 versas
2138 2637 2334 2694 diaboli
2362 2643 2544 2712 copias
2573 2645 2744 2700 aciem
2774 2661 2869 2702 eos
2901 2647 3191 2718 instruere,
3219 2653 3308 2722 qui
3335 2670 3531 2726 corpus

1930 2723 2234 2794 habebant,
2275 2739 2330 2784 et
2357 2746 2479 2786 cum
2501 2749 2666 2791 carne
2693 2739 2927 2806 copulati
2960 2749 3116 2795 erant
3139 2783 3153 2808 ,
3205 2723 3532 2803 ntortilicare

1923 2831 2148 2887 corpora
2169 2862 2183 2888 ,
2214 2837 2279 2876 ac
2311 2825 2773 2891 perturbationum
2810 2832 3094 2886 tumultum
3136 2834 3386 2906 ablegare
3411 2879 3428 2906 ,
3475 2851 3530 2895 et
3574 2853 3576 2855 '

1923 2923 2148 2979 corpore
2176 2921 2464 2984 utcumque
2499 2932 2623 2972 esse
2659 2919 3023 2975 circumdatos
3047 2962 3062 2990 ,
3110 2936 3367 2982 extorum
3405 2942 3528 2984 cum

1927 3000 2256 3070 ineorporeis
2284 3006 2566 3064 virtutibus
2593 3011 2839 3066 cer.atim
2867 3015 3213 3071 contendere.

2000 3091 2053 3146 4.
2087 3092 2212 3149 Ηιιιο
2249 3096 2332 3150 ubi
2367 3102 2622 3169 pra-cepit
2645 3143 2660 3166 ,
2698 3103 2816 3156 vide
2863 3105 2990 3174 quid
3018 3118 3178 3176 agat;
3221 3125 3329 3178 quo
3370 3123 3528 3182 pacto

1924 3181 2076 3238 facile
2105 3196 2378 3243 certamen
2419 3191 2627 3246 reddat.
2677 3195 2965 3262 Quinimo,
3018 3198 3066 3253 si
3098 3199 3328 3269 videtur,
3372 3181 3525 3275 prius

1922 3276 2298 3332 mandatorqu
2326 3281 2710 3339 sublimitatem
2755 3301 3088 3356 exponamus
3108 3335 3122 3357 ,
3155 3304 3210 3347 et
3233 3309 3342 3365 quo
3372 3307 3529 3368 pacto

1920 3365 1973 3419 in
2005 3367 2168 3421 altum
2201 3384 2300 3425 nos
2325 3372 2559 3428 voluerit
2604 3377 2842 3445 evolare,
2875 3395 2996 3434 cum
3030 3397 3096 3436 ex
3137 3365 3526 3460 humana—pro-

1925 3458 2208 3524 pemodum
2257 3471 2444 3517 natura
2476 3467 2744 3536 emigrare
2771 3510 2784 3532 ,
2832 3479 2994 3542 atque
3021 3473 3076 3527 in
3114 3477 3304 3532 caelum
3335 3458 3524 3537 omnes

1922 3551 2196 3604 transferri
2241 3553 2480 3621 jusserit.
2538 3558 2675 3614 Cum
2737 3561 2878 3616 enim
2940 3566 3154 3623 oculum
3220 3584 3317 3638 pro
3367 3573 3526 3628 oculo

1924 3640 2071 3694 reddi
2104 3642 2186 3695 lex
2218 3645 2549 3714 praeciperet,
2583 3650 2695 3719 ipse
2718 3651 2856 3706 dixit
2881 3694 2896 3718 ,
2923 3654 2985 3709 Si
3009 3658 3120 3726 quis
3147 3667 3193 3714 te
3220 3668 3523 3729 percusserit

1919 3731 1971 3784 iu
1998 3733 2258 3788 dexteram
2286 3739 2570 3807 maxillam,
2593 3741 2791 3798 obverte
2811 3745 2885 3798 illi
2917 3755 2963 3799 et
2992 3748 3206 3804 alterum
3232 3752 3520 3821 (Matt/n5.

1920 3822 2037 3894 50).
2063 3823 2179 3880 Non
2206 3826 2364 3896 dixit,
2395 3841 2601 3887 tantum
2630 3834 2708 3888 fer
2737 3835 3001 3904 patienter
3025 3856 3086 3894 ac
3113 3841 3309 3899 leuiter
3331 3858 3524 3903 contu-

1919 3918 2128 3971 meliam
2158 3959 2173 3983 ,
2209 3920 2303 3974 sed
2352 3922 2577 3977 ulterius
2617 3925 2952 3996 philoSOphia
2985 3931 3355 4008 modestiaque
3400 3954 3523 4010 pro-

1915 4007 2180 4074 gredere,
2231 4021 2392 4080 atque
2436 4013 2504 4068 ad
2551 4015 2756 4086 majora
2804 4019 3055 4088 patienda
3100 4007 3318 4090 paratus
3363 4007 3519 4097 esto,

1916 4116 2074 4167 quam
2123 4100 2211 4156 ille
2259 4104 2435 4160 facere
2478 4108 2700 4176 cupiat:
2732 4120 2785 4163 et
2819 4112 3088 4179 patientia:
3131 4123 3235 4172 tua:
3277 4119 3521 4178 ubertate

1918 4194 2264 4262 petulantiam
2292 4198 2412 4265 ejus
2452 4208 2506 4253 et
2542 4200 2882 4256 insolentiam
2913 4205 3064 4260 vince
3087 4247 3105 4273 ,
3157 4218 3214 4262 ut
3252 4226 3517 4272 summam

1916 4294 2059 4337 tuam
2109 4288 2371 4341 reveritus
2410 4290 2729 4346 modestiam
2772 4294 3011 4349 recedat.
3065 4298 3131 4351 Et
3173 4316 3357 4356 rursus
3405 4305 3517 4370 ait,

1919 4377 2074 4430 Urute
2114 4395 2206 4446 pro
2244 4380 2669 4438 calumniantibus
2713 4401 2798 4438 vos
2831 4401 2849 4439 .'
2878 4399 3022 4442 orate
3058 4407 3150 4458 pro
3181 4393 3402 4450 iut'ttu'ris
3429 4414 3517 4453 ve-

1915 4471 2030 4523 stris
2062 4487 2080 4522 :
2110 4469 2390 4541 bettefacitc
2415 4473 2498 4541 iis,
2543 4478 2632 4544 qui
2679 4476 2893 4530 oderunt
2937 4497 3020 4534 vos
3046 4483 3062 4548 (
3088 4482 3274 4538 Matth.
3305 4489 3361 4543 5.
3387 4490 3455 4545 ιι
3471 4492 3516 4560 ).

1913 4561 2208 4616 Consilium
2251 4563 2323 4618 de
2371 4565 2676 4635 virginitate
2721 4582 2909 4624 rursus
2957 4573 3304 4633 itrtrodueetts
3339 4581 3516 4638 dixit:

1917 4653 2019 4718 Qui
2050 4663 2210 4722 potest
2251 4671 2433 4726 capere
2460 4659 2632 4728 capiat
2674 4657 2905 4728 (Matth.
2942 4662 3025 4717 l9.
3062 4666 3181 4735 ιε).
3215 4669 3348 4726 Nam
3379 4690 3517 4743 quor

1913 4746 2054 4797 niam
2086 4761 2117 4798 e
2145 4746 2393 4815 paradiso
2435 4747 2522 4804 illa
2569 4751 2841 4818 cvolavit',
2877 4764 2932 4808 et
2968 4767 3088 4829 post
3130 4767 3510 4835 transgressio-

1915 4852 2036 4892 nem
2062 4840 2303 4907 recessit,
2332 4839 2398 4895 de
2425 4842 2563 4897 celo
2587 4842 2923 4900 descendens
2955 4849 3120 4919 ipsam
3136 4868 3321 4911 rursus
3351 4859 3513 4914 redu-

1913 4930 2021 4994 xit,
2051 4942 2104 4985 et
2151 4941 2418 5003 tamquam
2451 4936 2690 4991 exsulem
2724 4937 2776 4993 in
2805 4940 3081 5010 antiquam
3109 4954 3334 5014 patriam
3361 4965 3512 5009 suam

1914 5023 2163 5090 restituit,
2197 5035 2251 5080 et
2274 5043 2301 5079 a
2328 5027 2578 5084 diuturna
2609 5031 2935 5101 relegatione
2964 5036 3208 5095 liberavit
3237 5057 3254 5096 ε
3283 5046 3513 5113 primum

1910 5117 2201 5173 adveniens
2227 5121 2479 5176 nimirum
2507 5139 2571 5178 ex
2601 5125 2806 5195 virgine
2830 5138 2985 5184 natus
3013 5140 3132 5198 est,
3160 5144 3216 5190 et
3243 5136 3387 5207 leges
3415 5156 3514 5195 ητις

1912 5221 2044 5264 tura:
2081 5213 2340 5277 mutavit,
2390 5229 2512 5269 cum
2539 5217 2608 5272 ab
2656 5218 2773 5287 ipso
2803 5221 3026 5279 exordio
3071 5226 3195 5280 vita:
3223 5243 3333 5284 sua:
3366 5231 3511 5290 illam

1911 5304 2116 5359 honore
2135 5305 2396 5374 effecerit,
2427 5318 2480 5363 et
2502 5310 2762 5381 virginem
2786 5327 3011 5370 matrem
3035 5318 3344 5376 reddiderit.
3375 5323 3511 5384 Cum

1910 5393 2070 5464 igitur
2111 5397 2335 5453 veniens
2381 5399 2504 5452 talia
2531 5402 2910 5472 praecepisset,
2941 5414 2997 5459 et
3021 5407 3086 5461 ad
3111 5418 3312 5466 tantam
3340 5416 3511 5470 subli-

1909 5485 2147 5540 mitatem
2172 5493 2640 5547 conversationem
2668 5493 2946 5550 hominum
2975 5499 3264 5568 evexisset,
3292 5512 3512 5574 praemia

1907 5593 2119 5649 quoque
2162 5581 2434 5638 laboribus
2475 5582 2633 5654 digna
2663 5589 2977 5655 proposuit,
3009 5590 3117 5646 imo
3149 5609 3276 5651 vero
3305 5600 3507 5668 majora

1907 5673 2076 5728 multo
2125 5684 2178 5729 et
2221 5677 2553 5733 sublimiora.
2597 5677 2979 5738 Verumtamen
3037 5686 3318 5743 invisibilia
3357 5708 3536 5749 erant

1905 5767 2020 5819 inec
2046 5782 2260 5838 quoque
2288 5778 2446 5838 atque
2477 5770 2527 5824 in
2556 5785 2671 5839 spe,
2708 5772 2812 5827 lide
2838 5787 2887 5828 et
2911 5780 3312 5846 exspectatione
3334 5786 3507 5854 posita

1909 5860 2235 5919 futm'orum.
2284 5863 2465 5935 itaque
2500 5877 2621 5920 cum
2650 5860 2919 5923 laboriosa
2951 5871 3199 5932 mandata
3228 5886 3408 5936 essent
3439 5895 3501 5937 ac
