4194 6302
728 389 822 445 55!

728 495 996 563 Bubllmia,
1042 498 1260 567 praemia
1285 512 1412 552 vero
1438 506 1495 552 et
1527 495 1707 552 bravia
1748 495 1800 549 in
1842 493 1945 549 ﬁde
1971 534 1985 559 ,
2026 491 2152 545 "vide
2178 488 2304 558 quid

724 587 919 657 iaciat,
966 604 1074 660 quo
1113 598 1267 660 pacto
1304 589 1477 643 levem
1508 602 1733 658 agonem
1758 627 1775 653 ,
1823 598 1930 656 quo
1959 592 2111 653 pacto
2136 580 2307 634 facilia

727 679 920 749 reddat
938 681 1247 735 certamina.
1276 679 1396 747 Quo
1418 679 1629 734 tandem
1645 678 1849 748 pacto?
1874 674 2087 731 Duabus
2106 672 2308 726 scilicet

729 770 830 824 viis
855 788 867 823 :
900 786 1022 837 una,
1046 770 1187 839 quod
1217 772 1404 826 eadem
1434 772 1929 843 ipseexsequatur;
1955 768 2142 848 altega,
2165 762 2308 834 quod

727 861 947 927 pra-mia
976 861 1225 915 ostendat
1246 871 1303 917 et
1327 862 1428 916 sub
1454 873 1730 932 aspectum
1759 860 2005 931 proterat.
2030 856 2162 911 Nam
2188 870 2308 926 qua

727 951 795 1003 ab
821 950 914 1005 illo
941 950 1083 1005 dicta
1103 961 1247 1019 sunt,
1269 954 1511 1023 qundam
1541 954 1845 1008 mandatum
1869 958 2042 1016 erant,
2064 948 2307 1020 quadam

728 1042 965 1109 praemia.
993 1042 1298 1098 Mandatum
1329 1045 1566 1114 quidem,
1598 1044 1753 1099 Omte
1776 1059 1869 1113 pro
1886 1039 2307 1096 calumniantibus

723 1148 809 1185 eos
829 1142 876 1186 et
896 1134 1300 1203 persequentibus
1317 1135 1531 1206 (Matth.
1555 1137 1610 1190 5.
1633 1132 1725 1203 Μ)
1752 1151 1766 1188 :
1790 1134 2066 1203 pramium
2088 1139 2263 1185 autem
2290 1146 2305 1183 :

728 1219 798 1275 Ut
820 1223 931 1276 sitis
955 1225 1051 1291 ﬁlii
1078 1222 1254 1279 Patris
1280 1226 1429 1278 uestri
1446 1266 1463 1291 ,
1485 1226 1643 1295 quiin
1661 1225 1798 1278 nalis
1813 1234 1895 1278 est
1925 1221 2086 1294 (Ibid.
2114 1238 2164 1274 υ.
2190 1219 2305 1289 45).

729 1310 958 1379 Rursus,
1004 1313 1149 1367 Beati
1184 1330 1298 1368 cunt
1333 1314 1683 1369 maledixeriut
1708 1314 1845 1368 vobis
1868 1355 1882 1378 ,
1926 1324 1974 1367 et
2018 1311 2308 1383 persequuti

726 1417 812 1454 uos
840 1404 1057 1472 fuerint,
1084 1413 1128 1456 et
1150 1404 1370 1457 dixerint
1394 1419 1541 1457 omne
1578 1405 1768 1469 malunt
1802 1405 2003 1459 verbum
2042 1403 2308 1455 adserunt

722 1507 810 1543 ros
852 1493 1159 1547 mentientes.
1190 1492 1417 1546 Gaudete
1462 1504 1511 1546 et
1548 1493 1816 1557 multum,
1847 1494 2084 1564 quoniam
2118 1507 2308 1545 merces

721 1592 884 1634 vestra
908 1583 1111 1650 copiosa
1135 1593 1208 1637 est
1226 1584 1277 1636 in
1298 1583 1437 1637 cretis
1460 1581 1567 1655 (Ib.
1596 1599 1643 1637 ν.
1668 1585 1757 1638 Η.
1789 1584 1907 1653 Η).
1952 1582 2117 1637 Vides
2143 1596 2308 1636 unum

726 1670 1032 1724 mandatum
1060 1686 1181 1726 esse
1204 1712 1221 1738 ,
1265 1672 1489 1727 alterum
1522 1674 1841 1743 premium?
1866 1672 2113 1738 Rursus,
2146 1669 2207 1725 Si
2228 1669 2309 1723 stis

724 1764 977 1830 ποτινίσεται
1008 1777 1115 1816 esse
1132 1802 1146 1827 ,
1182 1763 1340 1815 vende
1365 1777 1479 1831 qua:
1502 1762 1675 1827 habes,
1713 1773 1761 1817 et
1785 1765 1859 1816 da
1885 1760 2187 1831 pauperibus
2213 1776 2233 1812 :
2260 1768 2307 1817 et

723 1851 854 1915 ueni,
883 1866 1085 1921 sequere
1113 1866 1211 1917 me,
1235 1861 1278 1905 et
1304 1852 1506 1907 habebis
1532 1854 1823 1907 thesaurum
1850 1852 1911 1907 ,in
1940 1851 2063 1905 calo
2089 1848 2302 1919 (Matth.

725 1941 813 1995 l9.
846 1941 960 2013 il).
990 1941 1149 1996 Vides
1178 1941 1322 1997 aliud
1357 1943 1704 2011 mandatum,
1741 1952 1798 2000 et
1821 1941 2134 2013 praemium?
2159 1940 2307 1995 Alte-

726 2049 843 2088 rum
874 2036 1017 2088 enim
1035 2034 1161 2101 ipsis
1190 2035 1465 2104 praecepit,
1495 2036 1726 2090 alterum
1755 2035 1884 2104 ipsis
1911 2034 2136 2105 paravit,
2163 2030 2306 2102 quod

723 2140 933 2179 merces
955 2137 1070 2178 erat
1088 2138 1151 2177 ac
1178 2125 1475 2179 retributio.
1501 2126 1567 2180 Et
1586 2141 1771 2181 rursus
1794 2144 1807 2181 :
1838 2125 2154 2193 Quicumque
2174 2122 2302 2177 reli-

724 2218 885 2285 querit
932 2199 1106 2268 domos
1128 2254 1145 2282 ,
1192 2224 1238 2268 et
1262 2218 1447 2285 fratres
1484 2225 1532 2271 et
1560 2232 1754 2270 sorores
1798 2231 1819 2271 :
1867 2215 1971 2270 hoc
1996 2214 2306 2269 mandatum

724 2314 849 2359 est:
890 2303 1194 2373 Centuplum
1230 2305 1473 2375 accipiet,
1519 2314 1565 2358 et
1594 2305 1760 2360 vitam
1785 2314 2027 2360 clerum
2074 2303 2306 2373 posside-

723 2397 792 2449 bit
821 2394 923 2467 (Ib.
957 2412 1005 2449 υ.
1031 2394 1125 2461 29)
1152 2413 1165 2447 :
1199 2395 1301 2450 hoc
1331 2396 1605 2465 pnumium
1634 2403 1717 2450 est
1738 2434 1756 2461 ,
1786 2406 1842 2451 et
1868 2409 2089 2450 corona.

792 2490 846 2543 5.
870 2487 1128 2553 Quoniam
1154 2489 1312 2556 igitur
1336 2502 1526 2558 magna
1548 2498 1701 2543 erant
1729 2495 1991 2556 pra-cepta
2015 2526 2031 2553 ,
2072 2496 2125 2540 et
2165 2500 2303 2554 prte-

723 2580 828 2633 mia
871 2594 975 2633 non
1015 2579 1371 2649 apparebant,
1404 2579 1527 2634 vide
1566 2579 1692 2650 quid
1718 2586 1839 2649 agat
1867 2596 1881 2631 :
1915 2580 2027 2647 ipse
2055 2579 2306 2645 oleribus

723 2671 812 2724 illa
840 2678 1093 2735 ostentat,
1116 2678 1172 2724 et
1199 2670 1251 2724 in
1276 2678 1548 2739 aspectum
1574 2685 1803 2725 coronas
1824 2668 2047 2739 profert.
2075 2668 2301 2724 Utenim

722 2762 812 2828 qui
841 2762 1059 2815 minime
1090 2763 1265 2815 tritam
1306 2762 1444 2816 viam
1484 2762 1701 2831 jubetur
1739 2762 2017 2827 insistere,
2062 2760 2104 2813 si
2145 2772 2302 2826 quem

721 2850 914 2906 viderit
940 2865 1034 2921 per
1061 2865 1178 2905 eam
1207 2851 1352 2921 prius
1374 2851 1726 2916 incedentem,
1756 2851 1960 2906 facilius
1983 2865 2100 2905 eam
2123 2862 2306 2918 aggre-

722 2941 885 3003 ditur,
922 2953 977 2996 et
1014 2942 1269 3010 majorem
1310 2943 1490 2996 animo
1530 2944 1763 3011 concipit
1802 2942 2129 2996 alacritatem
2163 2957 2175 2992 :
2230 2940 2300 2991 ita

719 3047 931 3102 quoque
954 3032 1014 3087 llt
1040 3034 1093 3086 in
1118 3032 1380 3087 mandatis
1412 3050 1427 3088 :
1455 3033 1545 3102 qui
1574 3032 1752 3087 vident
1780 3047 1874 3088 eos
1895 3072 1916 3097 ι
1958 3031 2048 3102 qui
2076 3042 2301 3099 praeces-

719 3123 908 3187 serint,
936 3122 1089 3176 facile
1116 3131 1427 3192 sequuntur.
1458 3123 1525 3178 Ut
1564 3123 1724 3193 igitur
1749 3133 1934 3177 natura
1962 3130 2140 3175 nostra
2170 3118 2299 3173 faci-

720 3213 822 3266 lius
853 3220 1121 3281 sequatur,
1153 3227 1366 3267 carnem
1393 3222 1447 3268 et
1476 3222 1718 3267 naturam
1740 3222 1978 3267 nostram
2000 3223 2300 3273 assumens,

720 3300 792 3355 ita
821 3316 916 3369 per
944 3300 1085 3354 illam
1115 3301 1352 3365 incessit,
1385 3310 1436 3355 et
1468 3301 1717 3371 operibus
1746 3300 1991 3354 mandata
2012 3298 2299 3366 expressit.

718 3389 992 3459 Siquidem
1036 3389 1163 3444 illud
1188 3429 1203 3453 ,
1252 3391 1313 3444 Si
1353 3391 1463 3459 quis
1512 3400 1559 3444 te
1599 3391 1901 3462 percusserit
1945 3391 2000 3443 in
2047 3390 2302 3443 dexteram

723 3481 985 3534 maxillam
1004 3521 1020 3545 ,
1050 3481 1246 3535 abverte
1269 3480 1347 3534 illi
1371 3490 1416 3533 et
1444 3482 1655 3533 alteram
1680 3479 1700 3552 (
1724 3481 1911 3535 Matth.
1940 3480 1993 3535 5.
2020 3478 2121 3548 59)
2144 3520 2161 3545 ,
2187 3479 2301 3547 ipse

721 3570 988 3639 praestitit,
1012 3568 1221 3637 quando
1242 3569 1445 3637 alapam
1469 3569 1539 3622 illi
1566 3572 1832 3639 pontilicis
1854 3584 2040 3625 servus
2057 3569 2295 3638 impegit.

717 3659 833 3715 Non
866 3660 1008 3715 enim
1054 3660 1223 3727 ipsum
1268 3660 1406 3714 ultus
1441 3670 1523 3714 est
1550 3701 1565 3725 ,
1615 3661 1708 3714 sed
1734 3668 1936 3714 tantam
1984 3660 2298 3714 modestiam

718 3766 829 3819 pra:
857 3764 916 3804 se
945 3750 1083 3810 tulit.
1116 3759 1169 3804 ut
1198 3750 1403 3803 diceret
1430 3766 1445 3803 :
1475 3750 1535 3803 Si
1564 3750 1695 3805 male
1716 3750 1950 3816 loquutus
1974 3766 2084 3804 sum
2107 3792 2121 3815 ,
2157 3750 2299 3802 tosti-

715 3840 942 3893 monium
972 3837 1174 3908 perhibe
1212 3838 1275 3891 de
1302 3839 1435 3891 mulo
1466 3854 1484 3892 .'
1514 3840 1558 3892 si
1586 3850 1751 3893 autem
1780 3841 1933 3917 bene,
1954 3842 2073 3908 quid
2096 3857 2172 3893 me
2193 3857 2295 3894 ca:-

716 3932 796 3985 dis
824 3929 999 4001 (Joan.
1032 3929 1118 3985 18.
1152 3928 1243 4000 25)
1273 3930 1296 3982 ?
1328 3930 1482 3985 Vides
1512 3932 1845 3986 tremendam
1872 3925 2188 3987 leuitatem?
2216 3934 2295 3986 vi-

715 4021 811 4075 des
841 4020 1190 4077 humilitatem
1232 4019 1594 4090 stupendam?
1637 4021 2058 4089 Percutiebatur,
2114 4037 2219 4076 non
2267 4037 2297 4075 a

714 4110 883 4165 libero
910 4110 1181 4180 quopiam,
1214 4110 1307 4165 sed
1333 4124 1363 4163 a
1392 4124 1567 4175 servo,
1596 4125 1626 4164 a
1657 4112 1953 4167 verberone
1972 4151 1987 4177 ,
2019 4121 2073 4165 et
2101 4127 2297 4165 verna-

713 4203 833 4255 culo
855 4240 872 4266 ,
919 4208 974 4253 et
1000 4208 1143 4255 tanta
1183 4214 1304 4253 cum
1356 4200 1617 4255 modestia
1654 4191 2057 4270 respoudet.lta
2087 4219 2298 4273 quoque

714 4290 871 4344 Pater
917 4288 1033 4358 ejus
1070 4287 1281 4343 diccbat
1316 4289 1546 4345 ludatis:
1598 4289 1801 4359 Populo
1841 4309 2011 4361 meus,
2046 4296 2167 4364 quid
2200 4296 2301 4364 feci

714 4376 821 4443 tibi,
850 4388 939 4430 aut
961 4378 1083 4444 quid
1106 4379 1395 4433 contristari
1431 4389 1512 4448 te,
1544 4391 1629 4434 aut
1651 4382 1773 4450 quid
1799 4385 2039 4439 molestus
2065 4386 2142 4455 fui
2168 4386 2298 4443 tibi?

712 4466 960 4534 responde
983 4468 1107 4520 mihi
1129 4467 1311 4538 (Mich.
1338 4468 1389 4524 6.
1414 4472 1491 4539 5).
1531 4470 1986 4540 Quemadmodum
2009 4478 2122 4545 ipse
2141 4477 2295 4532 dicit:

712 4555 1073 4611 Testimonium
1100 4560 1303 4627 perhibe
1328 4562 1550 4617 demalo
1568 4607 1583 4629 ,
1635 4566 1713 4621 sic
1748 4577 1801 4621 et
1834 4568 1988 4623 Pater
2015 4570 2131 4638 ejus
2150 4611 2163 4634 ,
2192 4569 2291 4624 Re-

711 4648 905 4714 sponde
948 4650 1070 4701 mihi
1100 4665 1120 4701 :
1146 4661 1200 4704 et
1236 4652 1681 4720 quemadmodum
1724 4658 1799 4710 ait
1846 4657 1997 4728 ipse,
2052 4659 2187 4726 Quid
2216 4679 2294 4715 me

713 4738 906 4791 credis?
934 4740 1011 4792 sic
1038 4741 1198 4794 etiam
1230 4742 1405 4808 Pater,
1440 4744 1577 4811 Quid
1596 4749 1883 4803 contristant'
1910 4760 1974 4817 te,
2005 4761 2090 4805 aut
2119 4754 2172 4805 in
2194 4770 2293 4822 quo

714 4828 950 4882 molestus
994 4830 1069 4899 fui
1114 4832 1245 4884 tibi?
1275 4833 1641 4903 Paupertatem
1672 4853 1858 4894 rursus
1897 4840 2133 4909 docens,
2175 4843 2295 4897 \‘ide

710 4932 815 4986 quo
858 4932 1009 4987 pacto
1048 4921 1191 4977 illam
1230 4937 1392 4992 Opere
1433 4927 1681 4983 exhibeat
1725 4929 1947 4989 dicens:
1992 4933 2173 5003 Vulpes
2215 4937 2294 5004 fo-

711 5024 825 5064 tteas
853 5012 1065 5077 habent,
1111 5026 1157 5067 et
1203 5018 1427 5072 volucres
1452 5019 1563 5073 ειειί
1593 5022 1738 5075 nidos
1756 5065 1771 5089 ,
1815 5022 1865 5076 F
1866 5025 1982 5078 ilius
2006 5036 2173 5081 autem
2201 5028 2294 5080 ho-

710 5102 860 5154 minis
892 5118 989 5154 non
1019 5103 1161 5157 habet
1186 5106 1269 5160 ubi
1290 5119 1440 5176 caput
1464 5126 1611 5165 suum
1638 5116 1843 5168 reclinet
1867 5116 2076 5188 (Matth.
2102 5119 2154 5172 8.
2171 5115 2289 5188 20).

712 5188 874 5243 Vides
908 5201 1199 5247 extremam
1249 5203 1655 5268 paupertatem?
1697 5204 1812 5257 Non
1853 5221 2089 5261 mensam
2123 5208 2286 5264 habe-

714 5279 821 5347 bat,
854 5298 959 5335 non
993 5282 1293 5347 lucernam,
1345 5304 1448 5342 non
1476 5290 1723 5357 domum,
1770 5310 1872 5347 non
1922 5299 2140 5363 sellam,
2182 5316 2287 5354 non

715 5372 855 5426 aliud
884 5374 1168 5443 quidquam
1186 5378 1465 5447 ejusmodi.
1500 5382 1732 5437 Docebat
1764 5394 1820 5438 ut
1849 5387 1985 5440 inale
2016 5389 2288 5443 audientes

710 5466 971 5532 pzttiettler
1000 5466 1217 5533 ferrent,
1254 5470 1304 5525 id
1329 5486 1453 5527 vero
1480 5474 1569 5528 ille
1601 5492 1762 5545 opere
1783 5479 2040 5534 exhibuit.
2066 5481 2289 5547 Quando

709 5555 851 5607 enim
878 5554 1197 5611 dannonium
1244 5559 1521 5615 habentem
1546 5604 1561 5629 ,
1602 5575 1653 5618 et
1682 5566 2072 5624 Samaritanum
2116 5572 2286 5641 ipsum

706 5645 1046 5713 appellabant
1065 5689 1079 5712 ,
1110 5664 1228 5702 cum
1260 5650 1379 5707 illos
1406 5668 1591 5708 rursus
1616 5672 1807 5712 nccare
1836 5672 2045 5727 posset,
2076 5672 2127 5716 et
2153 5678 2283 5717 con-

708 5732 921 5785 tumelia
964 5744 1173 5800 pmuam
1202 5734 1268 5789 ah
1293 5735 1397 5791 illis
1422 5736 1633 5808 exigere
1655 5780 1671 5805 ,
1720 5742 1853 5797 nihil
1882 5744 1983 5800 tale
2024 5744 2273 5809 faciebat,

1433 388 1490 443 8.
1528 384 1801 444 JOANNIS
1834 378 2307 439 CllRYSOSTOMl
2345 376 2661 434 ARCHIEP.
2700 366 3234 433 CONSTANTINUP.

3888 374 3999 432 332

2420 487 2529 541 imo
2554 488 2714 542 etiam
2743 487 2881 544 bene
2899 487 2969 543 de
2991 487 3095 543 illis
3123 486 3427 542 merebatur
3444 527 3461 551 ,
3493 493 3550 540 et
3575 498 3644 542 ex
3670 485 3777 543 illis
3807 486 4011 543 dumo-

2416 592 2515 631 nes
2577 578 2906 647 expcllebat.
2945 577 3184 647 Cumque
3241 577 3504 644 dixisset,
3554 577 3712 632 Orate
3738 583 4009 648 precatu—

2414 668 2723 722 nuiiantibus
2750 685 2837 723 vos
2864 670 2884 741 (
2907 668 3092 724 Matth.
3118 671 3172 725 5.
3195 670 3322 740 44),
3365 670 3419 725 in
3440 685 3654 726 crucem
3682 685 3807 726 cum
3823 687 4014 727 ascen-

2414 757 2599 821 disset,
2629 758 2681 812 id
2702 758 2845 813 fecit.
2870 760 3154 830 Postquam
3179 760 3322 815 enim
3348 774 3475 815 eum
3509 762 3927 828 erucilixerunt,
3959 774 4018 820 et

2414 846 2581 903 clavis
2606 845 2910 913 amxerunt,
2944 850 3182 919 pendens
3207 851 3417 905 dicebat
3439 891 3454 916 ,
3488 850 3697 904 Dimitte
3716 853 3835 906 illis
3864 868 3884 906 :
3912 870 4017 908 non

2412 939 2549 993 enim
2586 938 2749 993 sciunt
2826 940 2958 1012 quid
2979 941 3180 1013 faciunt
3208 940 3357 1014 (Luc.
3385 940 3477 997 23.
3510 939 3623 1013 3i).
3673 941 3800 996 llaec
3842 942 3913 995 ab
3949 957 4020 998 co

2414 1029 2748 1098 dicebantur,
2781 1048 2886 1086 non
2911 1032 3055 1102 quod
3097 1033 3213 1101 ipse
3230 1033 3506 1088 dimittere
3537 1018 3757 1089 minime
3784 1043 3975 1103 posset
4001 1076 4016 1100 ,

2414 1121 2507 1175 sed
2537 1131 2596 1176 ut
2622 1138 2720 1177 nos
2745 1136 2901 1178 orare
2929 1138 3025 1192 pro
3053 1123 3280 1177 inimicis
3306 1124 3543 1178 doceret.
3574 1123 3707 1179 Nam
3738 1125 3864 1195 quia
3901 1141 4015 1178 non

2414 1225 2664 1266 sermone
2677 1220 2910 1279 tantum,
2937 1213 3032 1267 sed
3061 1228 3225 1283 opere
3245 1228 3457 1285 quoque
3483 1214 3783 1268 dot-trinam
3814 1231 3929 1285 prte
3959 1232 4023 1269 se

2414 1301 2638 1369 ferebat,
2670 1312 2952 1372 propterea
2979 1318 3166 1374 preces
3192 1305 3354 1359 etiam
3381 1305 3638 1375 atljunxit.
3668 1304 3855 1360 Nullus
3909 1307 4020 1375 igi-

2413 1400 2502 1445 tur
2520 1405 2588 1445 ex
2615 1390 2902 1458 haereticis,
2923 1395 3000 1447 ob
3030 1393 3248 1448 nimiam
3278 1394 3397 1463 ejus
3420 1395 3823 1460 humanitatem,
3857 1396 4021 1450 inﬁr-

2413 1484 2650 1536 mitatem
2689 1481 2806 1538 haec
2832 1483 2994 1539 verba
3025 1485 3231 1555 judicet
3269 1485 3526 1540 iudiare.
3578 1488 3691 1557 Ipse
3730 1489 3875 1542 enim
3931 1500 4024 1545 est

2412 1574 2501 1643 qui
2542 1574 2706 1630 dicit:
2736 1576 2809 1631 Ut
2836 1588 3003 1632 autem
3029 1582 3242 1648 sciatis,
3288 1582 3409 1649 quia
3451 1580 3619 1635 Filius
3659 1582 3880 1637 hominis
3918 1584 4023 1637 ha-

2401 1664 2490 1717 bet
2514 1676 2808 1735 potestatem
2828 1669 2881 1721 in
2911 1679 3044 1723 terra
3067 1670 3350 1725 dimittendi
3377 1683 3584 1742 peccata
3613 1672 3819 1743 (Matth.
3840 1674 3904 1728 9.
3934 1674 4020 1743 6).

2410 1756 2516 1811 Sed
2541 1758 2790 1827 quoniam
2813 1759 3008 1817 docere
3044 1762 3254 1817 volebat
3281 1762 3362 1836 (is
3387 1772 3565 1819 autem
3589 1765 3677 1834 qui
3704 1764 3863 1819 docet
3902 1781 4023 1821 nou

2410 1845 2587 1899 verbis
2617 1856 2819 1902 tantum
2851 1849 2963 1903 suis
2982 1890 2999 1916 ,
3048 1850 3144 1906 sed
3168 1851 3330 1906 etiam
3360 1850 3516 1906 factis
3540 1852 3829 1907 doctrinam
3877 1869 4025 1924 pro-

2412 1934 2517 1990 fert
2542 1936 2596 1990 in
2616 1936 2901 2010 medium),
2933 1940 3031 1993 hac
3051 1939 3123 1995 de
3146 1954 3308 1995 causa
3331 1956 3518 2011 preces
3538 1943 3697 1997 etiam
3717 1943 3980 2012 adjunxit
4005 1962 4022 1998 :

2412 2041 2535 2081 nam
2585 2027 2784 2097 alioqui
2826 2030 3209 2101 discipulorum
3252 2034 3413 2087 etiam
3457 2033 3622 2103 pedes
3669 2035 3834 2099 lavit,
3900 2051 4023 2091 non

2410 2116 2553 2188 quod
2580 2118 2802 2174 inferior
2817 2130 3002 2177 esset:
3035 2138 3221 2177 verum
3242 2138 3364 2178 cum
3398 2123 3540 2179 Deus
3563 2132 3706 2178 esset
3728 2139 3790 2179 ac
3817 2125 4024 2180 Domi-

2412 2222 2547 2276 nus,
2577 2209 2643 2263 ad
2673 2218 2873 2264 tantam
2900 2227 2960 2266 se
2984 2212 3341 2267 humilitatem
3372 2212 3606 2269 demisit.

2473 2297 2535 2352 6.
2576 2298 2979 2356 Resurrectianis
3012 2302 3207 2371 [utut-te
3244 2310 3580 2371 argumenta;
3620 2303 4023 2375 transﬁwa

2407 2390 2598 2445 Christi
2617 2393 2996 2462 futurtegloria:
3014 2395 3200 2465 imago.
3217 2423 3288 2434 -—
3330 2393 3479 2449 Hauc
3504 2394 3667 2460 etiam
3688 2395 3757 2449 ob
3779 2410 4019 2452 causam

2408 2482 2667 2538 dicebat;
2712 2481 2918 2539 Discite.
2955 2502 2988 2537 a
3024 2502 3138 2551 me,
3178 2486 3298 2554 quia
3336 2485 3470 2539 mitis
3504 2501 3618 2538 sunt
3647 2524 3665 2553 ,
3695 2494 3739 2539 et
3789 2486 4021 2541 huudtis

2408 2574 2558 2627 corde
2603 2573 2851 2646 (Matth.
2917 2577 3004 2631 ll.
3060 2576 3201 2646 29).
3269 2578 3386 2631 Alio
3434 2578 3597 2631 modo
3650 2592 3830 2632 rursus
3891 2578 4018 2647 ipsa

2410 2665 2587 2718 brevia
2616 2668 2937 2737 praemiaque
2965 2668 3017 2720 in
3047 2669 3281 2722 medium
3304 2666 3481 2722 all'erri
3508 2708 3521 2732 ,
3548 2682 3611 2721 ac
3638 2667 3824 2736 subjici
3860 2648 4017 2724 οισιιῖ

2410 2754 2474 2809 lis
2495 2753 2638 2808 audi.
2659 2754 2931 2810 Pollicitus
2950 2767 3067 2811 erat
3085 2772 3370 2826 corporum
3398 2760 3870 2823 resurrectionem,
3897 2762 4015 2815 im-

2409 2844 2807 2911 mortalitatem,
2838 2860 3121 2901 oecursum
3154 2848 3206 2901 in
3228 2863 3373 2913 aera,
3402 2857 3613 2917 raptum
3635 2850 3687 2904 iu
3713 2851 3962 2905 nubibus
3993 2872 4013 2914 ;

2409 2933 2523 2987 haec
2571 2936 2731 2989 rebus
2777 2936 2904 3005 ipsis
2942 2938 3195 2992 ostendit.
3230 2938 3346 3005 Quo
3375 2939 3591 2993 tandem
3619 2940 3775 2995 modo
3802 2941 3823 2994 ‘i
3852 2944 4018 2998 Mur-

2407 3032 2529 3078 tuus
2559 3040 2680 3079 cum
2716 3036 2879 3092 esset,
2904 3032 3203 3082 resurrexit
3245 3046 3263 3087 :
3293 3038 3620 3099 quapropter
3666 3041 3717 3085 et
3756 3035 4016 3100 quadra-

2404 3116 2548 3185 ginta
2574 3116 2764 3171 diebus
2787 3132 2908 3172 cum
2950 3119 3081 3188 ipsis
3116 3131 3356 3175 versatus
3382 3130 3485 3186 est,
3509 3131 3564 3175 ut
3584 3124 3841 3177 certiores
3881 3126 4021 3180 illus

2408 3205 2675 3273 redderet,
2717 3216 2770 3262 et
2795 3209 2970 3277 qualia
3010 3223 3239 3279 corpora
3269 3221 3451 3265 nostra
3483 3221 3604 3281 post
3644 3218 4023 3271 resnrrectio-

2410 3309 2532 3348 nem
2556 3294 2730 3349 futura
2752 3298 2876 3361 sint,
2906 3298 3236 3353 ostenderet.
3269 3298 3476 3355 Rursus
3503 3303 3595 3371 qui
3641 3317 3737 3371 per
3768 3303 4018 3361 Paulum

2407 3385 2539 3438 dixit
2570 3407 2582 3441 :
2617 3384 2682 3440 In
2731 3386 2945 3442 nubibus
2993 3390 3250 3457 rapientur
3284 3391 3480 3444 obuiam
3531 3391 3611 3444 illi
3645 3394 3697 3444 in
3745 3408 3870 3445 aera
3924 3398 4017 3462 (ι.

2406 3475 2585 3532 Thess.
2618 3478 2671 3531 4.
2706 3479 2815 3549 l7),
2851 3480 2954 3536 hoc
2983 3481 3146 3535 eiam
3176 3496 3339 3550 opere
3360 3483 3761 3536 demonstravit.
3808 3482 4017 3555 Siqui-

2403 3568 2525 3623 dem
2572 3580 2692 3639 post
2728 3574 3191 3638 resurrectionem,
3225 3589 3345 3627 cum
3390 3585 3536 3629 esset
3582 3576 3632 3628 in
3688 3574 3852 3630 celos
3912 3593 4019 3633 as-

2404 3675 2697 3725 censurus,_
2738 3664 3091 3732 prtesentibus
3142 3666 3289 3734 ipsis,
3332 3665 3569 3719 Eleuatus
3593 3677 3685 3731 est,
3726 3669 3933 3738 inquit,
3966 3684 4021 3728 et

2404 3753 2557 3809 nubes
2585 3757 2803 3823 sust-epit
2831 3773 2942 3810 eum
2970 3760 3031 3810 ab
3076 3759 3235 3811 oculis
3257 3774 3427 3812 eorum
3458 3759 3594 3831 (Act.
3620 3760 3672 3813 1.
3691 3758 3745 3830 9)
3762 3778 3778 3827 ;
3795 3770 3851 3815 et
3874 3778 4019 3820 cum

2405 3845 2624 3901 intentis
2652 3848 2822 3902 oculis
2869 3859 3072 3916 essent,
3100 3850 3227 3903 dum
3271 3849 3443 3903 abiret
3486 3849 3595 3903 ille.
3620 3848 3708 3905 Sic
3737 3851 4017 3912 nimirum

2402 3947 2456 3991 et
2484 3952 2677 4007 corpus
2724 3950 2965 3994 nostrqu
2993 3941 3448 3996 consubstantiale
3479 3942 3691 4011 corpori
3737 3943 3840 3997 erit
3901 3948 4013 4015 illi,

2404 4034 2589 4096 utpote
2617 4029 2755 4095 quod
2779 4044 2844 4083 ex
2875 4030 3071 4084 eadem
3108 4032 3177 4084 sit
3205 4046 3377 4085 massa
3414 4048 3427 4083 :
3459 4032 3595 4085 sicut
3619 4032 3761 4086 enim
3805 4048 4012 4105 caput,

2406 4116 2473 4168 ita
2515 4128 2569 4170 et
2597 4133 2832 4187 corpus;
2878 4122 3016 4175 sicut
3056 4120 3370 4189 principium
3399 4162 3413 4184 ,
3458 4120 3530 4174 ita
3562 4133 3612 4176 et
3644 4120 3785 4176 ﬁnis.
3817 4124 4017 4193 Atque

2406 4203 2507 4258 hoc
2540 4206 2871 4261 manifestius
2913 4209 3154 4263 indicans
3181 4207 3376 4262 Paulus
3411 4208 3617 4266 dicebat
3656 4224 3671 4262 :
3698 4209 3796 4277 Qui
3818 4217 4013 4281 refor-

2402 4294 2557 4347 mabit
2580 4310 2769 4365 corpus
2809 4297 3109 4351 humilitatis
3133 4306 3319 4351 nostra
3348 4336 3364 4363 ,
3393 4308 3445 4351 ut
3469 4302 3728 4369 confertae
3748 4300 3840 4369 ﬁat
3874 4318 4008 4357 cor-

2402 4385 2515 4455 pari
2552 4385 2796 4439 claritatis
2821 4402 2928 4439 suae
2958 4384 3179 4458 (Philip.
3213 4387 3265 4440 ὅ.
3295 4387 3409 4457 2i).
3441 4386 3497 4443 Si
3525 4388 3687 4457 igitur
3712 4388 4016 4451 conformo

2402 4477 2494 4540 sit,
2523 4477 2766 4532 eamdem
2800 4478 2960 4533 etiam
2987 4484 3125 4533 viam
3152 4478 3399 4535 conﬁciet
3422 4520 3435 4543 ,
3464 4491 3518 4533 et
3549 4480 3599 4533 in
3625 4481 3857 4533 nubibus
3896 4499 4011 4555 pa-

2400 4568 2534 4623 riter
2558 4568 2869 4623 elevabitur.
2894 4569 3019 4626 Hatc
3051 4580 3107 4624 tu
3136 4586 3346 4640 quoque
3377 4572 3427 4626 in
3455 4573 3849 4627 resurrectione
3878 4590 4002 4632 ox-

2399 4668 2600 4728 specta.
2641 4660 2772 4715 Nam
2801 4662 3148 4730 quoniam‘ad
3190 4662 3316 4715 illud
3346 4678 3512 4731 usque
3547 4672 3758 4731 tempus
3782 4663 4005 4722 obticu-

2400 4766 2515 4804 rum
2550 4750 2723 4805 fuerat
2747 4751 3085 4806 audientibus
3121 4752 3340 4809 verbum
3372 4755 3518 4821 regni
3547 4754 3816 4817 ezelorum,
3850 4770 4003 4825 pro.

2398 4848 2576 4909 ptcrca
2628 4857 2747 4895 cum
2775 4842 3105 4897 ascendisset
3140 4843 3191 4898 in
3225 4854 3480 4906 montem,
3508 4857 3688 4897 coram
3709 4843 4010 4914 discipuli:

2399 4930 2509 4984 suis
2540 4931 2942 5000 transfiguratus
2977 4942 3057 4986 est
3084 4930 3297 5002 (Matth.
3331 4932 3441 5001 17).
3470 4933 3657 5003 eisque
3685 4934 4007 4993 futurorum

2398 5021 2616 5089 gloriam
2647 5024 3093 5090 pramtonstravit,
3122 5034 3175 5078 et
3196 5024 3421 5079 obscure
3445 5035 3712 5095 tamquam
3751 5027 3802 5080 in
3843 5030 4004 5084 arni-

2398 5123 2593 5180 guute,
2617 5116 2773 5181 quale
2802 5130 2997 5183 corpus
3015 5125 3252 5169 nostrum
3282 5115 3513 5169 futurum
3538 5128 3699 5181 esset,
3718 5122 4010 5179 ostendit.

2402 5204 2593 5258 Verum
2619 5219 2739 5259 cum
2762 5207 2995 5260 vestibus
3022 5216 3129 5259 tum
3146 5204 3359 5276 quidem
3392 5207 3634 5275 apparuit
3663 5224 3675 5261 :
3705 5217 3890 5261 atnon
3923 5213 4003 5268 ita

2400 5297 2449 5350 in
2483 5298 2893 5353 resurrectione.
2919 5297 3100 5366 Neque
3128 5298 3271 5352 enim
3300 5299 3533 5351 vestibus
3563 5296 3758 5367 indiget
3782 5313 4003 5370 corpus

2397 5398 2659 5452 nostrum,
2692 5404 2862 5459 neque
2894 5399 3055 5453 tecto,
3094 5402 3264 5458 neque
3292 5391 3775 5453 concameratione,
3806 5406 4003 5460 neque

2395 5481 2496 5533 alia
2525 5480 2628 5534 ulla
2650 5495 2707 5535 re
2727 5481 2905 5535 simili.
2930 5480 3059 5534 Nam
3083 5481 3126 5534 si
3148 5491 3269 5534 ante
3292 5481 3767 5550 transgressionem
3787 5481 3999 5548 Adam,

2394 5586 2512 5625 cum
2542 5579 2685 5625 esset
2715 5570 2906 5635 nudus,
2951 5586 3057 5625 non
3084 5570 3454 5636 erubescebat,
3484 5569 3649 5639 gloria
3678 5572 3998 5627 circumda-

2395 5672 2480 5715 tus
2510 5679 2523 5714 :
2567 5661 2732 5715 multo
2766 5661 2934 5732 magis
2977 5676 3200 5731 corpora
3234 5670 3410 5714 nostra
3432 5702 3448 5727 ,
3475 5675 3593 5729 quae
3620 5660 3685 5713 ad
3714 5670 3995 5721 ιιι-πείθω

2394 5752 2587 5809 tiorem
2610 5746 2995 5824 melioremQuc
3028 5751 3387 5809 conditionem
3416 5754 3797 5820 tranterentur,
3823 5757 3995 5812 nullo
