4194 6302
697 463 889 534 linguis
918 460 1295 532 prophetarum
1334 464 1416 510 est
1432 453 1808 523 compositum.
1839 452 2010 520 Quam
2046 454 2115 509 ob
2137 469 2265 509 cau-

694 572 810 611 sam
837 562 1150 624 perpetuum
1170 558 1271 612 est,
1297 557 1349 603 et
1378 560 1551 616 neque
1567 554 1864 614 temporum
1889 546 2267 617 longinquitate

692 647 1018 709 debilitatur,
1048 657 1219 712 neque
1249 639 1553 693 morborum
1585 637 1781 692 virtute
1808 649 2109 707 superatur.
2133 638 2264 693 Nam

697 736 1020 790 medicorum
1049 730 1263 795 quidem
1294 727 1680 785 medicamenta
1717 736 1940 795 utroque
1966 725 2174 780 defectu
2204 741 2268 782 ac

699 826 823 879 vitio
841 823 1081 877 laborant
1103 838 1121 877 :
1146 821 1269 875 dum
1289 817 1519 873 recentia
1540 827 1685 884 sunt,
1712 818 1816 872 vim
1834 832 1981 871 suam
2001 816 2263 886 produnt:

690 930 812 967 eum
852 927 982 967 vero
1028 912 1247 965 multtun
1272 910 1527 978 temporis
1553 918 1636 963 est
1661 909 1919 977 elapsum,
1949 908 1999 960 in
2045 908 2261 961 modum

689 1020 973 1075 corporum
1018 1013 1291 1058 senectute
1329 1000 1693 1056 confectorum
1745 998 2089 1053 imbecilliora
2139 999 2262 1053 red-

688 1100 930 1153 duntur:
960 1097 1085 1167 quin
1127 1097 1287 1150 etiam
1329 1108 1569 1165 persazpe
1612 1091 1919 1146 morborum
1948 1090 2263 1148 difllcultate

687 1190 991 1249 vincuntur,
1018 1186 1212 1255 quippe
1238 1199 1359 1252 qua:
1382 1183 1607 1236 humana
1632 1180 1740 1235 sint
1761 1197 1780 1234 :
1806 1188 1861 1234 at
1888 1180 2126 1234 divinum
2156 1195 2263 1235 me-

686 1278 1044 1332 dicamentum
1095 1276 1200 1329 tale
1227 1289 1331 1330 non
1361 1282 1463 1337 est,
1496 1272 1589 1327 sed
1618 1272 1786 1326 multo
1815 1281 2053 1341 tempore
2093 1273 2259 1326 inter-

686 1367 828 1433 jecto
853 1379 1001 1419 suam
1029 1378 1242 1418 omnem
1265 1363 1367 1415 vim
1390 1361 1602 1416 retinet.
1645 1361 1786 1415 Sane
1810 1376 1874 1415 ex
1902 1376 1968 1415 eo
1997 1370 2258 1431 tempore,

689 1456 795 1525 quo
826 1455 951 1509 vixit
999 1454 1207 1524 Moyses
1248 1434 1459 1522 (abillo
1501 1451 1643 1505 enim
1674 1451 1885 1504 initium
1915 1459 1998 1505 est
2022 1450 2258 1519 Scriptu—

687 1546 909 1615 rarum),
942 1553 1049 1598 tam
1079 1544 1274 1597 multos
1307 1542 1551 1595 homines
1573 1541 1798 1604 sanavit,
1833 1548 1886 1594 et
1910 1554 2057 1594 suam
2089 1541 2259 1593 virtu-

687 1645 793 1687 tem
824 1649 928 1687 non
975 1633 1152 1686 amisit
1186 1647 1202 1686 :
1230 1631 1323 1686 sed
1355 1646 1527 1700 neque
1552 1629 1620 1683 ab
1646 1630 1748 1683 ulla
1775 1644 2021 1699 umquam
2046 1631 2261 1698 mgritu-

684 1726 811 1779 dine
835 1732 1137 1792 superatum
1179 1730 1281 1776 est.
1307 1720 1419 1775 llnc
1452 1719 1896 1774 medicamentum
1940 1734 2044 1772 non
2073 1735 2259 1773 nume-

685 1829 799 1871 rata
845 1815 1067 1886 pecunia
1110 1814 1234 1867 licet
1261 1813 1525 1881 accipere,
1557 1811 1649 1867 sed
1670 1811 1758 1880 qui
1782 1810 2044 1865 sinceram
2072 1812 2257 1865 volun-

685 1915 845 1960 tatem
874 1913 929 1958 et
948 1903 1191 1957 affectum
1236 1901 1478 1966 exhibet,
1512 1909 1677 1954 totum
1708 1901 1831 1954 illud
1858 1914 2041 1955 secum
2065 1916 2255 1969 repor-

682 2007 774 2050 tat.
793 1993 993 2049 Idcirco
1019 1992 1209 2046 divites
1235 1990 1392 2044 simul
1421 2001 1476 2045 et
1498 2003 1763 2059 pauperes
1793 1989 1991 2059 pariter
2021 1989 2118 2045 hac
2144 2006 2257 2044 me-

680 2086 854 2139 dicina
882 2082 1146 2138 fruuntur.
1192 2079 1323 2134 Nam
1369 2079 1456 2133 ubi
1486 2078 1696 2148 quidem
1727 2080 1978 2147 pecunias
2022 2079 2255 2148 impendi

688 2188 906 2228 necesse
939 2181 1041 2236 est,
1078 2172 1166 2241 qui
1205 2168 1445 2237 locuples
1473 2177 1573 2231 est,
1598 2169 1841 2223 utilitatis
1866 2169 1924 2222 fit
1953 2170 2213 2238 particeps
2238 2186 2253 2223 :

684 2278 881 2333 pauper
906 2271 1082 2316 autem
1124 2275 1267 2329 saepe
1293 2259 1425 2313 lucri
1453 2273 1645 2328 expers
1679 2258 1941 2314 discedit:
1973 2274 2093 2314 cum
2125 2262 2253 2315 tanti

682 2357 881 2411 reditus
904 2356 976 2409 illi
1005 2370 1107 2408 non
1130 2359 1434 2422 suppetant,
1459 2359 1519 2405 ut
1541 2349 1605 2402 ad
1629 2350 2083 2405 medicamentum
2119 2365 2253 2406 cen-

684 2445 961 2502 ticiendutn
986 2442 1272 2497 sufficiant.
1302 2441 1399 2494 llic
1414 2456 1541 2495 vero
1570 2438 1819 2508 quoniam
1850 2440 2127 2507 pecuniam
2151 2455 2248 2491 nu-

681 2551 889 2592 merare
915 2550 1017 2589 non
1044 2532 1387 2604 permittitur,
1418 2529 1511 2585 sed
1551 2529 1683 2583 fides
1704 2538 1760 2583 et
1786 2529 2029 2583 voluntas
2054 2538 2135 2584 est
2155 2544 2249 2583 ea-

680 2626 931 2693 hibenda,
960 2626 1049 2695 qui
1074 2638 1363 2679 numerare
1398 2630 1575 2691 potest
1612 2621 1710 2674 ista
1741 2629 1794 2673 et
1824 2635 1946 2674 cum
1977 2621 2254 2675 alacritate

678 2716 1005 2785 persolvere,
1029 2712 1115 2767 hic
1142 2712 1474 2782 potissimum
1505 2711 1729 2789 percipit
1753 2710 2031 2763 utilitatem
2057 2724 2072 2762 :
2095 2725 2253 2779 quan-

675 2806 958 2875 doquidem
985 2803 1099 2858 hmo
1144 2812 1267 2857 sunt
1292 2818 1409 2870 qua:
1454 2816 1554 2869 pro
1591 2799 1837 2854 mercede
1880 2799 2153 2854 medicina:
2180 2799 2253 2852 is-

676 2897 780 2950 tius
806 2896 1109 2965 exiguntur.
1142 2892 1206 2946 Et
1236 2892 1389 2945 dives
1412 2898 1464 2942 et
1494 2904 1692 2957 pauper
1715 2890 1911 2957 pariter
1947 2887 2084 2941 hanc
2106 2888 2251 2941 utili-

676 2995 839 3039 tatem
868 2982 1182 3053 participant
1231 2998 1245 3035 :
1294 2982 1399 3035 itno
1428 2996 1553 3033 vero
1594 2993 1699 3032 non
1728 2979 1923 3046 pariter
1960 2978 2244 3032 utilitatem

674 3077 1009 3146 participant,
1061 3074 1155 3129 sed
1207 3072 1394 3141 majori
1432 3080 1679 3142 percepta
1740 3084 1939 3139 panper
1988 3070 2247 3123 ab~cedit.

673 3166 807 3234 Quid
853 3166 922 3220 ita
943 3166 967 3219 l
991 3164 1143 3231 Quod
1192 3162 1441 3217 nimirum
1477 3161 1627 3215 dives
1656 3160 1815 3214 variis
1846 3169 2249 3228 pmoccupatus

676 3257 1123 3313 sollicitudinibus
1143 3295 1159 3319 ,
1191 3254 1441 3323 superbia
1471 3262 1683 3307 tumens
1708 3292 1723 3316 ,
1749 3259 1805 3306 et
1824 3252 2013 3319 opibus
2036 3251 2249 3306 inﬂatus

673 3363 735 3403 ac
766 3347 927 3413 fastu,
950 3346 1170 3402 desidia:
1208 3340 1414 3399 deditus
1440 3358 1503 3397 ac
1531 3341 1884 3411 negligentize,
1918 3354 2021 3393 non
2062 3340 2252 3394 adnuo.

668 3438 796 3492 dum
817 3446 1037 3498 attente,
1067 3449 1237 3504 neque
1258 3448 1448 3501 magno
1467 3448 1586 3486 cum
1614 3431 1794 3484 studio
1820 3429 2139 3485 medicinam
2154 3446 2251 3485 au-

668 3527 885 3584 ditionis
912 3526 1202 3596 Scriptum
1240 3524 1461 3592 recipiat
1498 3540 1517 3578 :
1548 3538 1748 3593 pauper
1771 3531 1948 3577 autem
1985 3536 2015 3576 a
2040 3522 2247 3578 deliciis

668 3630 723 3674 et
752 3619 1002 3688 ingluvie,
1028 3632 1091 3673 ac
1121 3616 1436 3687 negligentia
1466 3616 1737 3681 immunis,
1768 3614 2097 3685 multamque
2122 3615 2245 3671 inde

669 3710 862 3764 anima:
891 3723 1000 3762 sua:
1027 3707 1315 3762 concilians
1344 3705 1754 3776 philosophiam,
1775 3704 1901 3759 dum
1925 3714 2093 3760 totum
2114 3715 2249 3761 tem-

669 3814 770 3872 pus
800 3801 851 3856 in
896 3814 1062 3869 opere
1090 3813 1339 3852 manuum
1380 3810 1445 3851 ac
1475 3796 1723 3865 legitimis
1752 3795 2026 3852 laboribus
2044 3811 2243 3852 consu-

666 3893 785 3956 mit,
814 3889 1064 3944 attentior
1089 3903 1152 3943 ac
1176 3887 1444 3943 robustior
1462 3886 1671 3952 evadat,
1700 3901 1764 3941 ac
1790 3884 1978 3956 majori
2008 3904 2129 3943 cum
2155 3888 2239 3944 di-

663 3982 875 4053 ligentia
918 3996 1035 4049 qua:
1070 3981 1317 4033 dicuntur
1364 3978 1620 4047 percipiat
1648 3993 1665 4032 :
1692 3992 1799 4046 quo
1829 3977 1908 4044 fit,
1950 3987 2007 4031 ttt
2056 3979 2244 4049 majori

664 4072 837 4142 pretio
865 4071 1153 4139 persoluto,
1174 4068 1359 4138 majori
1384 4068 1634 4138 decerpta
1662 4068 1887 4123 utilitate
1908 4069 2165 4124 discedat.

737 4162 791 4215 Ξ.
838 4162 961 4217 llaec
990 4176 1019 4213 a
1051 4175 1136 4214 me
1165 4175 1270 4214 non
1311 4174 1376 4213 eo
1411 4158 1666 4213 dicuntur
1691 4158 1946 4223 consilio,
1974 4170 2031 4212 ut
2055 4159 2248 4214 divites

666 4268 1030 4322 quoscumque
1052 4253 1369 4321 vituperem,
1396 4266 1494 4304 nec
1522 4259 1578 4303 ut
1606 4263 1865 4319 pauperes
1886 4265 2248 4322 quoscumque

665 4346 874 4400 laudem
907 4362 921 4397 :
956 4360 1075 4397 nam
1112 4360 1281 4414 neque
1305 4342 1503 4397 divitia:
1533 4342 1728 4396 malum
1759 4351 1903 4404 sunt,
1931 4343 2024 4397 sed
2051 4343 2247 4399 divitiis

671 4435 809 4489 male
841 4435 912 4488 ttti
946 4453 960 4487 :
994 4449 1165 4503 neque
1193 4441 1473 4503 paupertas
1517 4432 1755 4496 bonum,
1798 4430 1891 4487 sed
1938 4442 2247 4502 paupertate

663 4527 799 4580 liene
856 4526 949 4578 ttti.
1000 4522 1370 4592 Turqucbatur
1422 4521 1571 4575 dives
1611 4522 1699 4576 ille
1734 4521 1821 4590 qui
1865 4530 2023 4577 a-tate
2059 4521 2245 4578 Lazari

670 4618 912 4680 vixerat,
968 4631 1071 4671 non
1102 4615 1223 4684 quia
1275 4614 1423 4669 dives
1452 4612 1663 4680 fuerat,
1705 4612 1799 4667 sed
1847 4614 1966 4683 quia
2014 4615 2245 4670 crudelis

667 4709 837 4762 fuerat
870 4716 924 4763 et.
963 4706 1301 4761 inhumanus.
1334 4705 1668 4759 Laudabatur
1698 4720 1897 4774 pauper
1926 4706 2014 4759 ille
2044 4706 2097 4759 in
2127 4706 2244 4761 sinu

665 4801 928 4864 Abrahae,
975 4815 1078 4853 non
1108 4800 1228 4868 quia
1260 4812 1461 4868 pauper
1503 4798 1669 4852 fuerat
1691 4838 1707 4863 ,
1733 4797 1823 4851 sed
1865 4797 1985 4866 quia
2018 4813 2244 4868 pauper-

667 4903 829 4947 tatem
875 4907 996 4946 cum
1042 4893 1328 4962 gratiarum
1356 4891 1565 4945 actione
1601 4890 1939 4944 toleraverat.
1971 4890 2076 4946 lles
2103 4892 2242 4947 enim

662 4986 780 5038 alia:
810 4984 1103 5053 (attendite
1147 4984 1427 5052 diligenter
1450 4984 1513 5037 ad
1542 4998 1604 5037 ea
1631 4998 1749 5052 quae
1789 4982 2015 5037 dicimus
2044 5001 2057 5037 :
2088 4993 2243 5055 pote-

667 5086 790 5129 runt
829 5077 972 5131 enim
1024 5076 1374 5130 sufficientem
1404 5074 1792 5150 pltilOSOphjam
1824 5076 2245 5148 modestiamque

664 5168 816 5221 vobis
833 5162 1081 5221 inserere
1100 5209 1114 5230 ,
1144 5182 1207 5220 ac
1233 5168 1475 5223 vitiosam
1502 5182 1714 5221 omnem
1754 5168 2125 5237 cogitationem
2151 5185 2245 5225 ex-

665 5258 898 5322 pellere,
933 5266 1090 5327 atque
1128 5258 1339 5312 eflicere
1368 5267 1426 5311 ut
1455 5267 1657 5313 rectum
1694 5257 1767 5311 de
1804 5259 1964 5313 rebus
1986 5260 2241 5330 judicium

666 5347 882 5419 foratis)
908 5369 921 5415 ;
951 5366 1034 5406 res
1056 5353 1212 5423 igitur
1236 5353 1354 5407 alia:
1376 5362 1501 5407 sunt
1522 5364 1709 5409 natura
1739 5354 1914 5421 bonae,
1945 5356 2060 5409 alia:
2086 5357 2243 5426 plane

660 5442 977 5508 centuriae;
1019 5445 1136 5498 alia:
1165 5460 1283 5515 qua:
1310 5459 1408 5500 nec
1434 5446 1589 5500 bona:
1633 5455 1758 5498 sunt
1796 5460 1893 5501 nec
1934 5448 2116 5512 make,
2148 5449 2241 5502 sed

663 5532 891 5587 medium
922 5535 1203 5605 quemdam
1231 5536 1403 5591 locum
1423 5546 1622 5591 tenent.
1659 5536 1862 5591 Bonum
1885 5546 1967 5591 est
1991 5538 2241 5609 quiddam

665 5636 851 5682 natura
883 5643 977 5682 sua
1004 5627 1175 5698 pietas
1200 5670 1216 5692 ,
1259 5630 1456 5683 malum
1503 5628 1747 5697 impietas
1778 5647 1788 5681 :
1819 5630 2013 5683 bonum
2041 5632 2239 5697 virtus,

659 5718 859 5776 malum
888 5720 1198 5793 improbitas
1233 5738 1243 5774 :
1283 5734 1439 5789 porro
1485 5720 1681 5774 divitia:
1726 5737 1785 5773 ac
1820 5735 2096 5793 paupertas
2146 5741 2239 5794 per

1400 342 1457 399 3.
1496 339 1772 399 JOANNIS
1806 340 2277 404 CHRYSOSTOMI
2302 340 2619 401 ARCHIEP.
2649 342 3182 403 CONSTANTINOP.

3858 359 3963 426 358

2381 470 2443 510 se
2484 472 2657 527 neque
2705 457 2807 515 hoc
2852 469 3011 524 sunt,
3066 476 3239 532 neque
3266 462 3394 521 illud
3430 484 3443 520 :
3475 466 3572 523 sed
3615 484 3717 539 pro
3759 475 3963 533 ratione

2380 550 2637 616 propositi
2683 564 2748 605 ac
2793 551 3079 626 voluntatis
3106 568 3296 610 eorum
3322 558 3410 625 qui
3442 558 3663 615 utuntur
3700 562 3810 619 illis
3830 606 3848 628 ,
3874 577 3964 620 aut

2377 638 2479 693 hoc
2517 648 2607 693 aut
2652 640 2783 694 illud
2824 640 2973 695 fiunt.
3005 642 3135 697 Nam
3163 645 3208 699 si
3235 646 3299 699 ad
3326 646 3712 706 humanitatem
3744 656 3961 722 quidem

2374 728 2572 783 divitiis
2595 739 2766 794 utare,
2790 731 2884 785 tibi
2910 748 2998 787 res
3020 733 3086 789 ad
3106 737 3443 793 occasionem
3469 739 3590 795 boni
3620 744 3962 801 tradacetur:

2372 819 2455 872 sin
2485 829 2662 874 autem
2690 820 2755 873 ad
2782 821 3013 889 rapinas,
3045 825 3320 878 avaritiam
3351 837 3407 882 et
3436 828 3680 898 iujuriam
3701 872 3716 897 ,
3748 836 3804 888 in
3828 849 3961 889 con-

2377 911 2596 965 trarium
2642 912 2807 981 ipsius
2857 928 3009 967 usum
3045 928 3330 973 convertes
3374 935 3391 975 :
3436 932 3807 979 verumtamen
3856 941 3961 979 nun

2374 1010 2499 1053 sunt
2526 1000 2579 1054 in
2605 1016 2764 1056 causa
2801 1002 3003 1058 divitia:
3022 1043 3039 1069 ,
3066 1004 3161 1059 sed
3189 1006 3234 1061 is
3259 1009 3348 1076 qui
3378 1010 3444 1064 ad
3473 1012 3719 1080 injuriatn
3760 1014 3961 1071 divitiis

2372 1103 2455 1147 cst
2495 1108 2641 1148 usus.
2697 1093 2768 1148 Ita
2810 1111 3022 1166 quoque
3058 1095 3126 1151 de
3171 1108 3483 1169 paupertate
3507 1103 3613 1157 dici
3644 1114 3820 1173 petest
3847 1121 3864 1157 :
3892 1106 3959 1158 si-

2371 1181 2587 1250 quidem
2618 1182 2759 1237 illam
2788 1185 3052 1252 patienter
3081 1187 3269 1241 tuleris
3296 1189 3521 1245 Domino
3546 1194 3747 1263 gratias
3773 1210 3959 1266 agens.

2371 1288 2458 1328 res
2485 1274 2579 1328 tibi
2602 1276 2813 1329 occasio
2831 1274 2921 1330 fiet
2942 1291 3007 1330 ac
3032 1280 3252 1333 materia
3280 1295 3599 1338 coronarum
3632 1302 3646 1337 :
3669 1286 3752 1340 sin
3778 1298 3961 1342 autem

2372 1362 2569 1417 idcirco
2595 1361 2940 1432 blasphemus
2970 1364 3132 1421 fueris
3160 1368 3212 1421 in
3234 1369 3564 1440 Creatorem,
3585 1376 3810 1446 ejusque
3834 1394 3963 1447 pro-

2370 1453 2664 1507 videntiam
2710 1458 3046 1510 accusat-eris
3068 1497 3085 1524 ,
3114 1473 3227 1512 rem
3265 1460 3330 1513 ad
3361 1463 3559 1517 malum
3590 1481 3743 1521 usum
3773 1484 3959 1523 rursus

2368 1544 2667 1598 traduxisti.
2698 1544 2802 1601 Sed
2829 1546 3277 1615 quemadmodum
3302 1552 3407 1606 illic
3427 1556 3662 1608 avaritim
3691 1558 3961 1614 fraudisve

2366 1632 2564 1688 divitia:
2588 1648 2747 1689 causa
2780 1652 2884 1689 non
2913 1647 3037 1691 sunt
3060 1678 3073 1700 ,
3103 1639 3197 1693 sed
3231 1641 3274 1693 is
3298 1643 3387 1709 qui
3430 1644 3569 1699 male
3615 1645 3818 1703 divitiis
3858 1651 3960 1703 uti-

2367 1732 2454 1779 tur
2486 1743 2501 1780 :
2528 1714 2606 1780 sic
2635 1726 2794 1781 etiam
2825 1728 3168 1797 blasphemiae
3196 1732 3404 1803 culpam
3431 1750 3536 1789 non
3565 1736 3874 1806 rejiciemus
3905 1742 3959 1794 in

2368 1824 2769 1883 paupertatem,
2820 1817 2913 1871 sed
2963 1819 3013 1871 in
3056 1834 3178 1874 eum
3207 1823 3295 1890 qui
3328 1839 3443 1878 rem
3493 1826 3770 1883 moderate
3817 1828 3959 1884 ferre

2367 1908 2555 1961 noluit.
2585 1906 2795 1979 Ubique
2830 1895 3059 1980 namque
3087 1927 3208 1966 cum
3238 1912 3374 1979 laus,
3404 1925 3515 1969 tum
3538 1917 3866 1987 vitupcrinm
3891 1936 3955 1975 ett

2364 1998 2626 2051 Sententia
2665 2006 2720 2052 et
2762 1997 3045 2055 voluntate
3066 2011 3247 2056 nostra
3280 2005 3494 2071 pendet.
3525 2006 3685 2063 Bonae
3724 2020 3854 2064 sunt
3879 2012 3955 2064 dio

2358 2086 2539 2163 villae,
2571 2087 2664 2141 sed
2695 2102 2801 2141 non
2830 2088 3173 2160 simpliciter,
3206 2107 3391 2147 verum
3421 2094 3527 2159 illi,
3562 2097 3646 2150 cui
3676 2111 3957 2166 peccatum

2365 2189 2468 2228 non
2495 2183 2578 2230 est
2609 2193 2624 2231 :
2652 2187 2707 2230 et
2725 2192 2910 2232 rursus
2935 2179 3072 2233 mala
3107 2192 3189 2234 est
3214 2192 3535 2252 paupertas,
3569 2187 3663 2241 sed
3694 2204 3802 2243 non
3829 2190 3958 2245 sim-

2362 2266 2589 2333 pliciter,
2619 2282 2802 2323 verum
2829 2270 2880 2323 in
2907 2284 3003 2324 ore
3029 2272 3195 2341 impii,
3223 2275 3473 2343 quoniam
3494 2293 3636 2347 agre
3661 2278 3792 2347 fert,
3821 2299 3958 2353 quo-

2361 2357 2502 2409 niam
2535 2357 2887 2428 blasphemat,
2918 2364 3167 2430 quoniam
3192 2363 3500 2423 Creatorem
3519 2382 3759 2425 accusat.

2428 2447 2483 2501 5.
2502 2446 2555 2500 Ν
2558 2465 2611 2502 ec
2642 2449 2830 2505 divitiae
2848 2468 2935 2505 nec
2960 2464 3230 2523 paupertas
3250 2455 3773 2528 vituperanda—Ne
3799 2466 3958 2535 igitur

2356 2539 2570 2597 divitias
2615 2557 2930 2599 accusemus
2956 2582 2971 2608 ,
3016 2561 3191 2615 neque
3239 2562 3603 2619 paupertatem
3632 2555 3958 2626 simpliciter

2360 2630 2723 2700 vituperemus
2741 2676 2757 2701 ,
2782 2635 2875 2689 sed
2903 2650 2997 2689 eos
3024 2638 3112 2705 qui
3143 2638 3228 2693 bis
3253 2643 3416 2697 rebus
3444 2656 3588 2699 recte
3615 2647 3689 2700 uti
3720 2650 3911 2703 nolunt
3941 2668 3955 2705 :

2363 2736 2451 2777 res
2479 2725 2623 2778 enim
2654 2725 2781 2793 ipsa:
2807 2734 2932 2779 sunt
2959 2726 3012 2781 in
3041 2728 3218 2783 medio
3245 2732 3454 2800 positae.
3487 2733 3592 2789 Sed
3621 2737 3769 2806 quod
3809 2739 3958 2795 dice-

2356 2816 2478 2870 bam
2521 2817 2758 2886 (bonum
2782 2820 2925 2873 enim
2953 2830 3038 2876 est
3061 2831 3121 2877 ut
3146 2823 3211 2877 ad
3244 2826 3391 2893 prius
3420 2826 3545 2882 illud
3574 2842 3954 2899 argumentum

2355 2910 2762 2980 revertamur),
2793 2920 2848 2965 et
2877 2911 3033 2967 dives
3060 2922 3115 2968 et
3144 2930 3344 2985 pauper
3370 2918 3561 2974 eadem
3594 2936 3715 2975 cum
3762 2924 3954 2979 fiducia

2353 3005 2407 3051 ct
2437 2996 2679 3054 libertate
2708 3000 2788 3055 his
2817 3003 3014 3056 nostris
3058 3004 3465 3063 medicamentis
3514 3008 3764 3066 fruuntur
3800 3032 3813 3066 :
3846 3029 3955 3067 sa:—

2357 3101 2651 3156 penumero
2678 3091 2838 3145 etiam
2868 3094 3059 3162 majori
3086 3110 3207 3150 cum
3234 3098 3412 3153 studio
3439 3114 3659 3171 pauper.
3688 3102 3808 3159 Non
3838 3108 3955 3161 haec

2353 3176 2865 3235 medicamentorum
2907 3184 3132 3239 istorum
3180 3188 3442 3258 prmcipua
3494 3190 3610 3246 laus
3643 3202 3758 3261 est,
3806 3198 3954 3265 quod

2354 3268 2565 3324 animas
2610 3279 2842 3338 sanent,
2899 3273 3044 3343 quod
3097 3280 3351 3346 temporis
3401 3280 3787 3352 longinquitate
3843 3302 3958 3340 non

2352 3369 2769 3430 corrumpantur
2788 3403 2803 3426 ,
2848 3364 2989 3434 quod
3020 3380 3049 3419 a
3076 3367 3277 3422 morbis
3305 3385 3410 3424 non
3440 3373 3722 3430 vincantur
3746 3418 3762 3439 ,
3807 3378 3952 3447 quod

2351 3465 2537 3506 eorum
2579 3454 2780 3509 utilitas
2804 3457 2974 3525 gratis
3000 3462 3270 3529 proposita
3301 3463 3391 3527 sit,
3422 3464 3565 3533 quod
3587 3482 3651 3521 ex
3680 3484 3837 3537 :cquo
3864 3470 3948 3524 di-

2354 3541 2551 3599 vitibus
2589 3553 2645 3599 et
2683 3547 3005 3615 pauperibus
3046 3557 3221 3618 pateat
3254 3552 3521 3608 medicina
3554 3555 3690 3611 :sed
3719 3567 3776 3611 et
3804 3559 3949 3614 aliud

2350 3634 2619 3705 quidpiam
2663 3637 2833 3693 nihilo
2859 3640 3037 3695 minus
3080 3641 3166 3698 his
3204 3643 3358 3700 bonis
3402 3645 3618 3703 habent.
3661 3648 3947 3717 Quodnam

2351 3723 2480 3778 illud
2509 3725 2722 3781 tandem
2761 3729 2879 3782 est?
2902 3728 3053 3796 Quod
3083 3746 3177 3786 eos
3203 3733 3295 3802 qui
3321 3734 3386 3788 ad
3417 3735 3555 3791 hanc
3586 3739 3781 3794 medici
3821 3743 3947 3795 olli-

2354 3815 2534 3868 cinam
2566 3818 2785 3871 veniunt
2823 3834 2930 3873 non
2956 3819 3312 3891 divulgamus.
3339 3823 3472 3879 Nam
3504 3826 3579 3881 illi
3608 3829 3827 3899 quidem
3856 3834 3945 3902 qui

2349 3905 2416 3958 ad
2448 3905 2697 3975 profanas
2723 3907 3052 3964 medicorum
3087 3910 3333 3967 officinas
3356 3914 3556 3971 abeunt
3580 3958 3596 3982 ,
3624 3919 3825 3976 multos
3855 3922 3948 3975 ha-

2349 3995 2477 4050 bent
2527 3998 2803 4054 vulnerum
2848 4010 3181 4069 spectatores
3208 4019 3225 4058 :
3251 4018 3316 4058 ac
3358 4006 3461 4059 nisi
3509 4008 3659 4076 prius
3704 4012 3947 4069 medicus

2350 4090 2499 4144 ulcus
2524 4090 2770 4162 detegat,
2804 4092 3255 4149 medicamentum
3283 4113 3387 4151 nun
3416 4097 3633 4155 adhibet
3660 4117 3677 4155 :
3704 4100 3797 4158 hic
3820 4120 3948 4161 vero

2351 4195 2458 4235 non
2486 4182 2555 4235 ita
2583 4184 2681 4249 fit,
2728 4183 2820 4237 sed
2863 4199 2982 4238 cum
3026 4185 3335 4243 innumeros
3365 4189 3643 4247 videamus
3672 4207 3941 4265 aegrotos,

2351 4276 2566 4327 occulte
2596 4274 2712 4329 illos
2740 4290 3010 4330 curamus.
3046 4276 3231 4347 Neque
3258 4282 3398 4335 enim
3431 4282 3483 4336 in
3514 4285 3749 4340 medium
3780 4287 3954 4341 addu—

2350 4362 2452 4415 ctis
2479 4364 2869 4431 peccatoribus,
2898 4378 3083 4418 eorum
3107 4366 3298 4422 deinde
3328 4381 3543 4439 peccata
3570 4372 3943 4446 divulgamns:

2350 4450 2445 4505 sed
2465 4452 2736 4508 communi
2756 4453 3002 4508 omnibus
3022 4455 3260 4511 doctrina
3285 4461 3574 4529 proposita,
3599 4467 3954 4521 conscientia:

2350 4542 2702 4612 relinquimus
2727 4544 3052 4610 auditorum,
3085 4554 3141 4599 ut
3170 4550 3579 4605 convenientem
3610 4568 3711 4607 suo
3739 4558 3951 4611 vulneri

2351 4648 2415 4687 ex
2445 4634 2509 4689 iis
2530 4650 2647 4703 qua:
2673 4635 2809 4689 dicta
2838 4646 2960 4690 sunt
2986 4638 3201 4695 eliciant
3227 4641 3569 4697 medicinam.
3592 4644 3779 4701 Prodit
3805 4649 3947 4704 enim

2354 4724 2423 4778 ab
2449 4726 2677 4780 oratoris
2705 4726 2880 4797 lingua
2907 4728 3165 4784 doctrina:
3187 4746 3367 4788 sermo
3388 4737 3476 4805 qui
3498 4737 3947 4808 vituperationem

2350 4814 2465 4869 vitii
2493 4818 2754 4881 continet,
2785 4818 2993 4873 laudem
3019 4821 3251 4887 virtutis,
3282 4827 3757 4897 reprehensionem
3788 4832 3951 4890 luxu-

2350 4903 2443 4958 ria:
2464 4944 2479 4969 ,
2524 4907 3045 4963 commendationem
3084 4913 3379 4982 castitatis,
3410 4921 3811 4976 accusationem
3856 4940 3948 4979 su-

2350 4996 2569 5065 perbiaa,
2600 5000 2921 5066 praeconium
2953 5002 3251 5071 modestim,
3285 5014 3553 5078 tamquam
3574 5014 3780 5068 varium
3812 5019 3948 5071 mul-

2349 5090 2617 5159 tiplexque
2668 5091 3013 5161 pharmacum
3040 5110 3105 5149 ex
3131 5097 3380 5153 omnibus
3418 5103 3697 5171 speciebus
3727 5123 3945 5179 compm

2350 5180 2510 5234 situm
2540 5197 2553 5235 :
2585 5193 2749 5251 porro
2776 5185 3101 5239 conveniens
3138 5186 3239 5241 sibi
3267 5198 3320 5242 ct
3344 5190 3472 5244 utile
3501 5202 3555 5245 nt
3584 5198 3836 5264 accipiat,
3870 5210 3949 5252 est

2353 5272 2771 5343 uniuscujusque
2836 5274 3163 5330 auditorum.
3233 5279 3479 5337 Procedit
3541 5285 3701 5355 igitur
3765 5302 3948 5360 aperte

2352 5375 2574 5427 sermo,
2615 5372 2668 5417 et
2712 5364 2971 5435 cujusque
3014 5369 3358 5425 conscientia:
3399 5373 3633 5429 insidens
3658 5418 3675 5442 ,
3720 5378 3948 5436 latenter

2351 5467 2499 5505 suam
2540 5454 2756 5509 exhibet
2800 5455 3120 5511 medicinam
3144 5502 3156 5523 ,
3208 5469 3262 5514 et
3295 5463 3447 5532 prius
3487 5481 3644 5534 quam
3686 5472 3947 5539 atgrituzlo

2351 5542 2670 5613 publicetur,
2700 5558 2843 5615 smpe
2872 5546 3104 5603 restituit
3129 5551 3433 5607 sanitatem.

2430 5634 2484 5687 ἁ.
2529 5633 2653 5688 lleri
2677 5636 2891 5705 quidem
2933 5648 3079 5693 certe
3104 5641 3346 5697 audiistis
3372 5659 3480 5713 quo
3509 5656 3664 5713 pacto
3696 5650 3939 5702 virtutem

2356 5726 2615 5781 orationis
2665 5725 2963 5793 laudarim,
3001 5743 3107 5799 quo
3150 5743 3304 5800 pacto
3344 5748 3437 5789 eos
3483 5737 3569 5805 qui
3619 5740 3941 5814 negligenter
