4194 6302
265 355 369 410 5'17

257 471 510 535 oralnut,
542 462 908 537 vituperarim,
941 475 1039 517 nec
1070 460 1232 515 ullum
1261 468 1439 514 tamen
1462 472 1645 515 eorum
1673 455 1847 527 palam

262 561 469 617 notavi.
497 560 773 628 Quotquot
805 556 963 625 igitur
1000 551 1196 606 conscii
1238 550 1452 605 fuerunt
1484 564 1595 602 sum
1624 548 1852 618 diligen-

256 657 389 719 tiae,
436 650 646 707 laudem
697 646 954 701 orationis
978 651 1323 715 exceperunt,
1371 651 1423 695 et
1459 638 1703 695 landibtts
1732 638 1850 691 dili-

258 744 536 815 gentiores
575 750 697 797 sunt
730 740 852 793 facti
881 738 1010 807 :qui
1043 751 1170 789 vero
1196 750 1307 789 sua:
1333 732 1533 787 conscii
1580 731 1852 801 negligen-

260 838 349 889 tia:
379 837 590 889 fuerunt
616 872 632 899 ,
679 843 865 885 rursus
894 826 1366 897 reprehensionem
1411 830 1774 892 exceperunt,
1803 829 1858 873 et

261 928 525 983 desidiam
553 931 925 980 excusserunt.
960 919 1337 974 Verumtamen
1366 932 1537 989 neque
1575 915 1625 969 hi
1655 914 1810 970 nobis
1834 953 1851 979 ,

263 1034 442 1089 neque
488 1017 562 1071 illi
602 1020 727 1070 sunt
770 1014 912 1077 noti.
957 1020 1117 1080 atque
1161 1010 1275 1064 haec
1314 1008 1607 1078 ignorantia
1639 1005 1854 1077 prodest

260 1112 523 1178 utrisque.
576 1100 694 1173 Quo
750 1112 906 1173 pacto
955 1101 1005 1155 id
1055 1101 1166 1162 flat,
1212 1114 1498 1169 exponam.
1527 1097 1626 1164 Qui
1671 1094 1857 1150 Iaudes

256 1200 523 1255 orationis
567 1196 769 1251 audivit
792 1236 809 1261 ,
854 1202 909 1249 et
951 1208 1063 1247 sua:
1086 1182 1373 1262 diligentiae
1396 1194 1646 1247 conscius
1665 1200 1745 1244 est
1763 1227 1782 1253 ,
1808 1186 1853 1240 si

260 1290 466 1346 multos
490 1288 713 1343 haberet
736 1284 951 1341 laudum
983 1292 1146 1338 testes
1169 1324 1184 1349 ,
1216 1283 1271 1337 in
1297 1282 1603 1353 superbiam
1650 1279 1859 1335 labere-

260 1394 352 1437 tur
379 1398 394 1437 :
417 1382 527 1450 jam
558 1394 689 1433 vero
711 1377 922 1431 laudem
947 1375 1085 1429 clam
1112 1373 1387 1443 excipiens
1413 1372 1482 1427 ab
1500 1371 1645 1425 omni
1671 1380 1857 1426 osten-

261 1477 467 1542 tatione
492 1480 573 1526 est
602 1469 874 1525 immunis.
904 1467 1110 1521 Rursus
1154 1465 1200 1519 is
1243 1465 1333 1535 qui
1359 1463 1459 1518 sibi
1488 1463 1738 1519 conscius
1774 1472 1859 1520 est

263 1564 626 1638 tu-gligeutia',
658 1563 785 1616 dum
816 1558 1262 1630 vitttpcralittttent
1306 1556 1482 1619 audit,
1518 1556 1617 1611 hac
1645 1557 1858 1626 vitupe-

262 1656 475 1711 mtiouc
505 1652 564 1708 fit
597 1652 809 1716 melior,
841 1666 964 1705 eum
989 1649 1256 1703 neminem
1284 1662 1397 1702 suae
1424 1646 1859 1717 reprehensimiis

264 1748 465 1803 habeat
503 1754 865 1815 spectatorem
900 1758 914 1795 :
944 1740 1047 1797 huc
1088 1755 1216 1796 vero
1260 1754 1365 1795 non
1414 1738 1756 1795 mediocriter
1783 1738 1858 1794 illi

265 1839 506 1911 prodest.
540 1837 673 1894 Nam
704 1851 825 1892 cum
848 1834 991 1905 vulgi
1019 1831 1404 1889 existimationi
1434 1833 1600 1888 simus
1623 1830 1857 1897 addicti,

259 1931 524 2002 quamdiu
571 1928 787 1999 quidem
834 1927 1002 1981 latere
1047 1939 1147 1980 nos
1173 1932 1425 1995 putamus
1449 1963 1465 1988 ,
1494 1923 1585 1992 qui
1616 1922 1741 1976 mali
1769 1937 1862 1977 su-

259 2037 418 2088 mus,
452 2019 566 2076 fieri
589 2019 840 2075 meliores
875 2016 1155 2071 studemus
1185 2031 1201 2069 :
1229 2023 1509 2085 postquam
1538 2022 1714 2067 autem
1740 2029 1861 2066 om-

260 2112 425 2167 nibus
450 2111 813 2173 iunotuimus,
858 2117 914 2163 et
956 2105 1207 2162 solatium
1251 2105 1381 2159 illud
1412 2121 1478 2159 ex
1504 2105 1861 2159 occultatione

261 2201 616 2272 perdidimus,
642 2214 712 2256 eo
734 2199 903 2267 magis
925 2195 1263 2267 impudentes
1289 2211 1352 2250 ac
1378 2195 1706 2266 negligentes
1733 2210 1861 2249 eva-

260 2296 466 2350 dimus.
509 2293 573 2347 Et
617 2289 1067 2362 quemadmodum
1114 2302 1233 2357 qua:
1283 2286 1603 2357 detegantur
1648 2288 1860 2352 ulcera,

260 2397 583 2453 semperque
602 2380 794 2451 frigido
807 2380 916 2434 aeri
937 2386 1299 2447 exponuntur,
1317 2377 1591 2431 ocerb30ra
1612 2375 1738 2431 fiunt
1758 2394 1771 2429 :
1792 2378 1862 2430 ita

259 2490 479 2544 quoque
524 2473 705 2528 anima
749 2470 953 2541 peccati
1000 2483 1090 2523 rea
1113 2510 1129 2535 ,
1157 2468 1201 2523 si
1228 2483 1409 2523 coram
1451 2468 1634 2524 multis
1655 2506 1672 2534 ,
1704 2469 1775 2521 ob
1800 2484 1862 2523 ea

259 2582 385 2635 qua:
412 2564 657 2633 deliquit,
689 2558 1143 2631 reprehendatur,
1177 2557 1537 2627 impudentior
1560 2556 1753 2613 evadit.
1786 2556 1865 2611 Ne

259 2656 423 2723 igitur
447 2652 548 2708 hoc
570 2651 839 2707 accideret
865 2692 880 2717 ,
912 2650 1049 2704 clam
1094 2663 1191 2703 vos
1225 2663 1405 2702 sermo
1434 2642 1658 2704 curavit.
1692 2649 1866 2716 Atque

258 2722 320 2798 ut
368 2741 677 2812 intelligatis
706 2739 1014 2796 ~admodum
1054 2737 1238 2793 utilem
1281 2737 1418 2791 hanc
1446 2722 1707 2791 occultam
1744 2752 1867 2791 esse

260 2832 514 2890 medendi
562 2833 822 2887 rationem
849 2872 864 2897 ,
909 2828 1090 2884 audite
1132 2827 1258 2899 quid
1306 2828 1548 2884 Christus
1590 2827 1769 2881 dicat:
1804 2827 1865 2882 Si

259 2925 540 2995 peccath
567 2924 620 2977 in
646 2933 692 2976 te
713 2925 873 2994 frater
902 2931 1017 2974 tuus
1035 2960 1051 2985 ,
1072 2920 1279 2987 corripe
1307 2935 1419 2972 eum
1450 2933 1469 2971 ε
1494 2927 1544 2973 et
1576 2933 1681 2971 non
1708 2910 1865 2981 dixit,

260 3015 405 3069 inter
428 3023 483 3069 te
506 3022 561 3068 et
585 3012 855 3067 civitatem
880 3052 897 3077 ,
929 3026 1101 3079 neque
1123 3009 1264 3063 inter
1294 3016 1344 3063 te
1369 3017 1421 3062 et
1448 3007 1700 3077 populum
1727 3045 1743 3074 ,
1772 3007 1868 3061 sed

257 3104 409 3160 Inter
454 3115 504 3157 te
543 3114 592 3158 et
637 3104 807 3171 ipsum
860 3102 1026 3156 solum
1068 3099 1292 3171 (Matth.
1325 3099 1413 3153 18.
1454 3099 1516 3153 15
1540 3099 1578 3167 ).
1616 3097 1697 3154 Sit
1747 3099 1866 3155 sine

266 3195 500 3249 testibus
536 3194 829 3257 accusatio,
872 3191 1075 3260 inquit,
1108 3201 1170 3245 ut
1194 3190 1404 3244 facilior
1447 3192 1516 3245 sit
1560 3192 1785 3245 mutatio
1811 3192 1865 3245 in

259 3286 483 3339 melius.
514 3284 760 3354 Magnum
799 3297 930 3353 etgo
958 3283 1155 3336 bonum
1182 3291 1304 3345 est,
1334 3281 1379 3334 si
1404 3298 1510 3335 non
1540 3282 1748 3350 publice
1776 3284 1868 3337 fiat

259 3378 589 3433 cohortatio.
646 3376 856 3430 Sufficit
893 3373 1219 3429 conscientia
1248 3374 1481 3427 :sullicit
1528 3371 1867 3443 incorruptus

259 3471 354 3526 ille
384 3469 564 3539 iudex.
615 3469 733 3526 Non
783 3468 854 3522 ita
904 3476 959 3521 tu
1006 3474 1339 3536 peccatorum
1372 3467 1763 3537 reprehendis,
1809 3476 1862 3522 ut

260 3562 437 3630 ipsius
477 3558 804 3614 conscientia
834 3557 1064 3631 (quippe
1099 3556 1241 3627 quod
1290 3557 1532 3625 asperior
1562 3556 1652 3611 ille
1676 3558 1745 3611 sit
1770 3571 1865 3611 ac-

257 3650 519 3723 cnsalor)
547 3693 562 3716 ,
596 3666 772 3720 neque
800 3649 992 3704 delicta
1036 3648 1153 3718 ejus
1200 3648 1509 3703 accuratius
1554 3649 1713 3703 nosti.
1744 3642 1865 3702 Noli

256 3762 392 3815 ergo
423 3746 616 3799 vulnus
659 3741 971 3797 vulneribus
999 3740 1196 3795 addere
1216 3781 1232 3805 ,
1264 3740 1391 3794 dum
1435 3748 1708 3793 auctorem
1737 3753 1865 3807 pec-

257 3836 365 3889 cati
394 3834 661 3905 divulgas,
693 3833 789 3887 sed
816 3831 1041 3887 semotis
1069 3832 1287 3893 arbitris
1316 3831 1739 3885 admonitionem
1769 3830 1866 3885 ad—

262 3925 467 3978 hibeto.
502 3924 616 3977 lloc
661 3923 821 3993 igitur
864 3936 1007 3976 nunc
1050 3935 1263 3990 quoque
1301 3935 1401 3974 nos
1439 3919 1646 3989 agimus
1669 3959 1685 3985 ,
1722 3917 1864 3989 quod

258 4015 459 4071 Paulus
500 4016 608 4085 egit
633 4055 648 4079 ,
681 4015 808 4068 dum
840 4013 958 4067 sine
989 4013 1215 4067 testibus
1241 4011 1379 4081 apud
1410 4012 1719 4066 Corinthios
1748 4012 1866 4080 ejus

260 4107 355 4175 qui
398 4116 647 4177 peccarat
679 4105 907 4159 instituit
949 4104 1367 4160 accusationem.
1403 4103 1538 4157 Audi
1584 4118 1716 4157 vero
1758 4117 1866 4173 quo

261 4208 438 4267 pacto.
475 4195 772 4265 PrOptcrea,
799 4198 1001 4264 fratres,
1025 4193 1387 4263 trausﬁguravi
1414 4193 1521 4246 haec
1541 4193 1592 4245 in
1617 4193 1862 4261 meipstmt

259 4298 309 4341 ct
343 4286 525 4357 Apollo
551 4286 613 4358 (1
646 4286 765 4341 Cor.
796 4286 846 4339 4.
877 4286 970 4354 6).
1001 4284 1159 4353 Atqui
1188 4300 1294 4337 non
1318 4284 1449 4353 ipse,
1482 4299 1653 4355 neque
1674 4284 1867 4353 Apollo

260 4387 452 4443 erant,
499 4377 591 4447 qui
640 4378 893 4446 pupulum
920 4375 1221 4440 sciderant,
1256 4384 1309 4429 et
1336 4376 1633 4431 Ecclesiam
1666 4376 1866 4431 divise-

260 4480 387 4526 rant
427 4469 867 4524 :aecnsatiouem
915 4478 1091 4522 tamen
1135 4468 1461 4535 occultavit,
1496 4476 1550 4522 et
1595 4478 1865 4539 tamquam

262 4560 424 4616 larvis
462 4559 780 4631 quibusdam
826 4574 927 4613 suo
981 4568 1037 4613 et
1074 4558 1270 4625 Apollo
1313 4559 1617 4614 nominibus
1650 4574 1864 4613 reorum

258 4652 439 4707 vultus
460 4652 741 4722 obtegens,
768 4648 1076 4705 facultatem
1102 4649 1207 4703 illis
1230 4649 1414 4703 tribuit
1432 4665 1497 4704 ex
1520 4650 1607 4703 illa
1631 4649 1865 4719 nequitia

261 4741 597 4811 cmergendi.
628 4742 692 4794 Et
723 4755 906 4795 rursus
938 4757 952 4793 :
986 4738 1067 4793 Ne
1087 4744 1218 4810 forte
1245 4756 1361 4793 cum
1389 4755 1568 4794 venero
1588 4782 1603 4805 ,
1633 4741 1862 4795 Itumilict

263 4850 347 4888 me
377 4832 540 4900 Deus,
574 4842 621 4887 et
642 4833 840 4902 lugeam
863 4834 1047 4886 multos
1072 4848 1135 4886 ea:
1171 4832 1234 4885 iis
1254 4873 1270 4898 ,
1296 4832 1383 4901 qui
1416 4842 1533 4887 ante
1570 4844 1862 4901 peccaram,

257 4938 306 4978 ct
344 4942 445 4980 non
474 4936 681 4997 egerunt
710 4924 1056 4995 paenitentiam
1098 4941 1252 4992 super
1277 4923 1599 4977 immtmditia
1620 4935 1666 4977 et
1692 4930 1864 4993 tmpu-

259 5017 457 5080 dicitia,
479 5032 631 5085 quant
652 5023 911 5086 gesserunt
932 5013 1020 5084 (3.
1049 5014 1167 5068 Cor.
1186 5013 1271 5068 12.
1289 5012 1405 5085 21).
1435 5014 1470 5067 \’
1480 5014 1563 5068 ide
1582 5029 1690 5082 quo
1711 5025 1866 5081 pacto

260 5108 542 5164 indefinite
570 5106 714 5161 dicat
739 5120 837 5162 eos
865 5105 954 5176 qui
987 5113 1277 5175 pecearunt
1299 5147 1313 5169 ,
1346 5120 1414 5159 ne
1452 5104 1496 5158 si
1529 5104 1863 5158 manifestam

259 5198 658 5254 accusationem
680 5197 1006 5260 institueret,
1032 5194 1414 5264 impudentiam
1438 5202 1657 5264 augeret
1679 5207 1862 5247 eorum

259 5290 459 5343 anima:
488 5289 577 5357 qni
605 5296 913 5357 peccaram.
948 5284 1130 5355 Itaque
1156 5286 1294 5341 sicut
1321 5301 1418 5339 nos
1445 5294 1589 5338 tanta
1619 5284 1865 5337 cautione

261 5379 715 5447 reprehensiones
746 5378 972 5432 facimus
992 5418 1005 5442 ,
1037 5378 1117 5430 sic
1140 5416 1154 5441 ,
1184 5376 1448 5430 admoneo
1468 5417 1481 5441 ,
1510 5385 1565 5431 et
1595 5389 1691 5427 vos
1718 5376 1863 5430 omni

257 5486 382 5524 etnn
416 5470 593 5524 studio
618 5469 1046 5523 emendationem
1064 5467 1379 5534 adnnttatis,
1408 5481 1471 5523 ac
1492 5467 1774 5539 diligenter
1801 5467 1863 5521 iis

258 5576 379 5631 qua:
408 5562 678 5624 dicuntur,
708 5558 1011 5613 attendatis.

338 5651 390 5704 5.
437 5650 570 5704 Tum
613 5652 868 5719 prwcipue
904 5664 993 5701 nos
1025 5656 1167 5701 vexat
1211 5649 1410 5702 dwmon
1437 5688 1451 5713 ,
1480 5665 1593 5701 cum
1617 5663 1863 5711 oramus;

262 5742 517 5815 quomodo
562 5741 779 5795 dantoni
827 5738 1269 5793 rcsistcndum.—
1305 5739 1664 5795 Disseruimus
1717 5740 1857 5807 apud

1236 340 1548 400 PEQCATA
1598 334 1933 395 FRATREM
1974 340 2105 396 NON
2149 342 2592 433 ιςνιτιλοιξιῃ.

3454 358 3563 417 358

1971 470 2067 511 vos
2108 459 2361 514 hesterno
2403 462 2490 517 die
2537 464 2605 519 de
2645 466 2906 521 orationis
2949 467 3164 524 virtute.
3212 470 3426 528 Ostendi
3453 492 3562 545 quo

1973 560 2128 619 pacto
2161 561 2271 607 tum
2302 565 2561 625 temporis
2588 557 2835 614 diabolus
2859 601 2874 624 ,
2926 570 2983 615 ut
3027 563 3299 617 maleficus
3324 575 3407 619 est
3428 605 3445 632 ,
3477 570 3560 623 in-

1969 641 2134 696 sidias
2179 652 2371 699 struat.
2399 644 2531 700 Cum
2570 650 2717 703 enim
2757 651 3047 705 tnaximum
3089 655 3243 708 nobis
3269 656 3469 710 lucrum
3497 676 3561 713 ex

1969 736 2213 792 oratione
2265 748 2453 793 cernat
2502 741 2796 808 obvenire,
2847 754 2973 800 tunc
3021 747 3253 801 maxime
3308 749 3566 818 impetum

1970 828 2096 883 facit
2125 846 2139 882 :
2171 838 2229 884 nt
2248 832 2592 888 excusatione
2631 850 2729 889 nos
2769 835 2973 905 privet,
3019 845 3077 892 ut
3113 840 3294 893 vacuis
3320 841 3566 895 manibus

1970 934 2069 974 nos
2112 919 2330 975 domum
2379 923 2636 977 remittat.
2668 925 2736 980 Et
2762 928 3215 997 quemadmodqu
3266 931 3404 999 apud
3456 949 3569 984 tua-

1970 1011 2227 1079 gistratus
2250 1053 2264 1075 ,
2295 1013 2340 1067 si
2372 1012 2511 1068 forte
2539 1016 2800 1071 satellites
2820 1058 2834 1083 ,
2865 1028 2920 1074 et
2944 1019 3032 1088 qui
3060 1020 3399 1090 magistratus
3429 1022 3570 1077 latus

1969 1102 2210 1171 stipant,
2249 1119 2344 1159 eos
2363 1106 2452 1176 qui
2482 1106 2656 1177 ipsum
2682 1111 3044 1181 conveniunt,
3076 1112 3204 1168 odio
3234 1128 3569 1184 prosequan-

1970 1202 2076 1259 tur,
2106 1195 2269 1265 virgis
2297 1198 2481 1267 procul
2507 1208 2705 1255 arcent
2724 1200 2867 1269 illos,
2897 1213 3057 1273 atque
3082 1206 3343 1262 acet-dere
3367 1218 3568 1273 vetant,
3614 1259 3616 1261 .

1968 1296 2024 1342 et
2050 1288 2333 1355 conqueri,
2363 1288 2588 1360 ejusque
2613 1292 2960 1350 clementiam
2984 1297 3216 1367 experiri
3249 1315 3264 1352 :
3294 1300 3374 1355 sic
3408 1300 3569 1354 uimi-

1970 1395 2087 1435 ruut
2123 1390 2180 1435 et
2206 1379 2454 1435 diabolus
2479 1396 2600 1437 cmn
2626 1384 2947 1442 accedentes
2970 1386 3036 1441 ad
3055 1386 3293 1458 judicent
3323 1389 3573 1449 homines

1972 1471 2187 1539 viderit,
2211 1473 2393 1542 procul
2424 1486 2569 1530 arcet
2598 1492 2704 1531 non
2734 1478 2899 1548 virga.
2932 1480 3026 1535 sed
3049 1482 3387 1553 negligentia.
3415 1484 3574 1540 Novit

1968 1566 2186 1634 quippe,
2214 1566 2379 1636 probe
2404 1568 2571 1635 ποι-11,
2600 1570 2645 1624 si
2670 1572 2873 1640 providi
2902 1572 3195 1645 vigilesque
3217 1578 3569 1643 aeaesseriut,

1968 1667 2018 1708 et
2051 1666 2264 1725 peccata
2295 1672 2390 1713 sua
2412 1658 2643 1715 wnfessi
2673 1663 2889 1730 fuerint,
2912 1664 3197 1737 animaque
3216 1666 3446 1723 ferventi
3474 1670 3572 1726 de-

1970 1747 2263 1815 fleverint,
2313 1750 2537 1805 multam
2585 1751 2707 1808 illos
2761 1755 2970 1810 veniam
3026 1758 3573 1828 impetraturoszbe-

1972 1842 2166 1912 nignus
2192 1844 2334 1898 enim
2357 1854 2441 1900 est
2467 1846 2607 1900 Deus
2640 1865 2653 1901 :
2678 1858 2837 1919 atque
2864 1850 3065 1907 idcirco
3090 1866 3424 1925 przcoccupat
3454 1858 3573 1914 illos

1970 1943 2025 1988 et
2054 1934 2123 1987 ab
2150 1933 2385 2005 alloquio
2415 1936 2646 2006 repellit,
2679 1949 2733 1993 ut
2764 1939 2893 1994 nihil
2920 1956 3108 1998 eorum
3130 1959 3250 2014 qua:
3278 1947 3570 2016 postulant,

1971 2038 2389 2106 consequantur.
2421 2028 2525 2083 Sed
2557 2030 2753 2085 milites
2782 2032 2999 2101 quidem
3029 2036 3436 2107 magistratuum
3460 2042 3575 2095 vio-

1976 2118 2149 2171 lenter
2180 2118 2300 2172 illos
2327 2132 2688 2189 summovent,
2716 2125 2804 2193 qui
2827 2140 2921 2179 eos
2938 2129 3266 2183 conveniunt
3294 2148 3306 2183 :
3334 2130 3421 2187 hic
3446 2147 3575 2188 vero

1976 2227 2080 2265 non
2110 2210 2214 2265 vim
2246 2210 2495 2294 allerens,
2530 2214 2622 2268 sed
2649 2230 2747 2270 nos
2772 2216 3082 2286 decipiens,
3115 2231 3169 2276 et
3206 2223 3272 2276 ad
3302 2225 3577 2295 negligen-

1976 2306 2103 2357 tiam
2148 2304 2451 2373 impellens.
2482 2303 2824 2376 Quapropter
2855 2324 2953 2363 nec
2984 2311 3138 2364 venia
3165 2313 3309 2382 digni
3340 2306 3527 2371 sumus
3557 2356 3575 2384 ,

1975 2414 2095 2452 etnn
2121 2412 2218 2451 nos
2246 2397 2392 2467 ipsos
2417 2397 2573 2454 bonis
2598 2409 2791 2469 sponte
2822 2402 3112 2471 privemus.
3143 2405 3255 2460 Lux
3278 2416 3361 2462 est
3382 2412 3577 2467 mentis

1977 2498 2026 2544 et
2058 2490 2254 2544 auinue
2295 2502 2417 2545 cum
2463 2490 2642 2545 studio
2670 2491 2785 2546 fusa
2816 2495 2986 2548 oratio
3007 2535 3023 2561 ,
3064 2496 3151 2553 lux
3181 2497 3498 2557 inexstineta
3524 2512 3579 2558 et

1979 2582 2249 2650 petenuis.
2282 2581 2571 2652 Propterea
2618 2576 2931 2640 innumeras
2959 2589 3157 2643 nostris
3187 2592 3456 2648 tuentibus
3485 2609 3580 2650 eo-

1976 2676 2293 2743 gitationum
2321 2675 2512 2731 sordes
2541 2675 2739 2746 injicit,
2785 2688 2840 2733 et
2878 2695 2999 2748 qua:
3049 2688 3340 2752 numquam
3370 2687 3580 2756 cogita-

1978 2769 2151 2821 vituus
2178 2809 2192 2830 ,
2249 2766 2366 2823 lucc
2404 2769 2629 2824 collecta
2679 2779 2921 2841 tempore
2956 2773 3215 2828 orationis
3261 2775 3312 2829 iu
3342 2777 3577 2833 animam

1978 2867 2217 2913 nostram
2267 2858 2517 2915 infundit.
2555 2860 2618 2915 Et
2647 2861 3102 2930 quemadmodum
3151 2867 3296 2920 venti
3337 2884 3581 2940 sa-peutt-

1978 2965 2130 3004 mero
2155 2965 2223 3004 ex
2250 2950 2477 3005 adverso
2498 2951 2809 3021 ingruentes
2827 2968 3115 3009 accensum
3145 2956 3321 3026 ignem
3347 2958 3582 3015 luccrnre

1976 3040 2106 3095 ﬂatu
2131 3040 2503 3096 diventilatum
2524 3041 2868 3113 exstinguunt
2898 3046 3012 3099 :sic
3033 3056 3086 3100 et
3109 3046 3352 3101 diabolus
3374 3063 3494 3103 cum
3525 3049 3581 3105 in

1979 3130 2136 3187 nobis
2156 3146 2437 3187 accensam
2461 3132 2718 3187 orationis
2747 3132 3015 3189 ﬂammam
3041 3136 3252 3203 viderit,
3287 3139 3581 3195 innumeris

1978 3238 2077 3277 nos
2103 3220 2553 3278 sollicitudinibus
2576 3222 2701 3278 hinc
2722 3224 2845 3279 inde
2870 3224 3117 3294 perflatus
3147 3244 3251 3281 tton
3282 3229 3424 3297 prius
3450 3230 3583 3284 sinit

1976 3315 2255 3386 quiescere
2275 3355 2290 3381 ,
2326 3330 2485 3385 quam
2516 3315 2691 3371 lucem
2719 3318 3058 3373 exstinxerit.
3092 3318 3198 3373 Sed
3227 3320 3370 3389 quod
3402 3321 3475 3374 illi
3505 3323 3583 3381 fa-

1976 3408 2161 3473 ciunt,
2191 3407 2283 3477 qui
2310 3406 2564 3461 lucernas
2605 3408 2724 3463 illas
2757 3410 3092 3476 accendunt,
3137 3427 3234 3465 nos
3262 3427 3480 3481 quoque
3506 3415 3584 3467 fa-

1975 3502 2204 3555 ciamus.
2254 3500 2396 3569 Quid
2440 3500 2514 3555 iili
2561 3517 2691 3556 vero
2739 3503 2977 3558 faciunt?
3024 3505 3160 3559 Cum
3204 3506 3579 3562 vehementem

1978 3592 2234 3662 ingruere
2265 3600 2485 3647 ventum
2515 3593 2698 3647 vident
2717 3632 2732 3658 ,
2766 3594 3017 3662 imposito
3042 3593 3210 3663 digito
3242 3595 3475 3650 lucerna:
3502 3596 3581 3650 fo-

1976 3682 2170 3738 ramini
2209 3680 2423 3752 spiritui
2452 3681 2658 3738 aditum
2685 3682 3069 3738 intcrcludunt.
3098 3683 3365 3751 Quamdiu
3411 3685 3581 3756 siqni-

1974 3773 2099 3828 dem
2139 3774 2381 3828 exterius
2420 3772 2679 3843 impetum
2704 3758 2897 3841 faciet,
2938 3776 3193 3830 resistere
3232 3778 3529 3831 valebimus
3562 3797 3578 3835 :

1977 3864 2067 3919 ubi
2099 3879 2228 3919 vero
2256 3864 2452 3919 mentis
2477 3864 2553 3919 illi
2583 3864 2726 3920 fores
2746 3865 3122 3936 aperuerimus
3142 3904 3157 3933 ,
3206 3877 3259 3921 et
3302 3868 3579 3923 inimicum

1978 3954 2121 4010 intus
2148 3955 2549 4022 admiserimus,
2582 3963 2693 4009 tum
2739 3972 2846 4011 non
2883 3957 3111 4026 amplius
3134 3998 3149 4018 .
3185 3973 3253 4011 ne
3298 3958 3577 4015 minimum

1976 4049 2192 4119 quidem
2224 4048 2478 4103 resistere
2506 4064 2829 4117 possumus:
2858 4050 2951 4105 sed
2977 4048 3237 4105 memoria
3263 4061 3443 4107 nostra
3475 4068 3578 4106 un-

1976 4140 2139 4208 dique
2183 4139 2452 4194 exstincta
2498 4151 2557 4193 ut
2596 4139 2814 4194 lucerna
2845 4142 3115 4211 futuigans
3141 4182 3154 4205 ,
3199 4141 3376 4197 inania
3416 4144 3580 4199 verba

1975 4231 2103 4285 sinit
2131 4244 2190 4284 os
2219 4234 2461 4285 nostrum
2482 4230 2782 4287 effundere.
2814 4232 3007 4286 Verum
3042 4243 3099 4286 ut
3128 4234 3199 4286 illi
3230 4236 3462 4289 lucerna:
3492 4234 3577 4288 fo-

1976 4323 2168 4377 ramini
2216 4321 2440 4392 digitum
2485 4323 2805 4393 ituponunt,
2846 4323 2917 4377 ita
2963 4339 3063 4378 nos
3107 4326 3367 4379 rationem
3408 4329 3577 4383 tuenti

1976 4417 2353 4485 pt-wliciamns,
2386 4416 2623 4486 maligno
2652 4416 2861 4485 Spiritui
2892 4417 3091 4471 aditum
3121 4419 3541 4474 intercludamus
3562 4463 3580 4490 ,

1976 4529 2045 4569 ne
2095 4512 2357 4566 orationis
2407 4521 2607 4564 nostra:
2660 4508 2840 4563 lumen
2887 4511 3211 4580 exstinguat.
3262 4510 3578 4567 Meministis

1977 4605 2136 4674 hujus
2178 4602 2411 4672 exempli
2453 4602 2753 4671 utriusque,
2786 4610 2842 4656 et
2868 4602 3095 4655 militum
3123 4618 3187 4657 ac
3211 4606 3575 4679 magistratus,

1974 4706 2029 4751 et
2059 4697 2289 4751 lucerna:
2315 4694 2339 4748 ?
2387 4694 2677 4765 PrOpterea
2723 4707 2955 4763 namque
3008 4692 3161 4747 Vobis
3190 4694 3301 4749 lucc
3329 4694 3578 4764 exempla

1976 4788 2267 4842 recitamus
2287 4826 2301 4853 ,
2333 4786 2385 4840 in
2416 4785 2611 4855 quibus
2641 4800 2947 4850 versamur,
3002 4783 3054 4837 in
3104 4786 3299 4856 quibus
3341 4802 3532 4840 sumus
3560 4826 3577 4850 ,

1980 4893 2037 4935 ut
2064 4880 2224 4935 etiam
2250 4893 2372 4934 cum
2407 4878 2529 4931 hinc
2560 4876 2962 4938 recesset-imus,
2992 4891 3054 4929 ac
3084 4875 3231 4931 domi
3265 4877 3524 4932 fuerimus
3563 4915 3582 4944 ,

1976 4988 2072 5043 per
2096 4988 2190 5027 eas
2215 4987 2303 5027 res
2329 4986 2463 5041 quas
2494 4970 2753 5023 habemus
2784 4985 2892 5038 prie
2922 4968 3168 5023 manibus
3192 5010 3208 5036 ,
3237 4986 3423 5025 eorum
3453 4986 3576 5042 qua-

1975 5064 2115 5120 dicta
2143 5071 2270 5116 sunt
2291 5062 2445 5116 nobis
2466 5061 2723 5116 memoria
2754 5061 3058 5115 refricetur.

2047 5156 2102 5210 6.
2145 5155 2395 5225 Magnum
2446 5156 2599 5207 telum
2645 5154 2887 5224 precatio.
2930 5151 3132 5205 Orbitas
3165 5150 3435 5207 liberorum
3466 5168 3569 5207 non

1974 5259 2047 5303 est
2086 5265 2233 5319 ptem:
2276 5246 2501 5317 peccati;
2532 5262 2685 5314 quant
2728 5262 2938 5298 causam
2984 5244 3198 5308 habeat;
3242 5252 3416 5312 partus
3466 5254 3573 5297 ste-

1973 5341 2083 5393 rilis
2134 5351 2312 5409 partus
2367 5337 2575 5405 virginis
2628 5335 2782 5403 ﬁdem
2827 5335 2969 5401 facit.
3002 5364 3074 5377 —-
3115 5334 3303 5402 Magna
3353 5340 3437 5387 est
3485 5348 3576 5387 ar-

1974 5440 2183 5484 matura
2232 5428 2436 5493 oratio,
2489 5442 2739 5495 magnum
2788 5425 3116 5493 prtesidium.
3170 5423 3410 5478 Audistis
3455 5420 3573 5477 ilcf‘i

1973 5537 2079 5591 quo
2122 5528 2277 5588 pacto
2324 5527 2432 5573 tres
2465 5518 2613 5587 pueri
2658 5518 2817 5570 vineti
2865 5517 3123 5585 impetum
3168 5514 3304 5585 ignis
3353 5529 3570 5583 repres-

1975 5616 2181 5677 serint,
2220 5628 2325 5683 quo
2386 5621 2540 5681 pacto
2604 5611 2871 5664 llannnam
2932 5607 3190 5663 calcatint
3218 5650 3232 5671 ,
3264 5621 3372 5677 quo
3418 5616 3576 5675 pacto

1975 5708 2246 5762 fornacem
2295 5704 2687 5775 superaverint,
2721 5716 2826 5773 quo
2859 5710 3015 5773 pacto
3044 5704 3297 5758 virtutem
3335 5699 3571 5755 eletnen‘

3622 1810 3663 1851 ι*
