4194 6302
721 346 828 405 363

716 464 970 529 Quantam
994 456 1153 524 igitur
1176 450 1259 505 illa
1290 458 1413 502 sunt
1442 443 1639 499 verba?
1665 441 1885 496 Vindica
1910 436 2087 529 mede
2110 434 2285 529 inimi-

714 524 795 609 cis
821 552 989 605 meis:
1020 542 1239 600 ostende
1266 540 1370 593 illis
1397 551 1481 591 me
1509 548 1721 605 quoque
1746 532 1910 587 Deum
1934 528 2150 583 habere.
2172 524 2285 579 Non

717 655 830 699 tum
878 642 1041 695 Deum
1083 645 1180 687 nos
1222 630 1415 684 habere
1453 626 1687 685 disi-unt.
1717 621 1787 675 mi
1835 620 2013 681 homo,
2041 630 2159 670 cum
2188 628 2289 668 nos

718 733 1075 799 indignamur.
1106 731 1159 775 et
1186 716 1482 778 irascimur.
1512 723 1567 768 et
1595 727 1736 779 aegre
1761 709 1977 763 ierimus
2008 723 2021 758 :
2044 704 2137 759 sed
2154 719 2284 799 cum

720 795 859 877 modi
879 820 944 873 sti
983 829 1163 871 smnus
1184 853 1199 876 .
1228 810 1387 863 mites
1413 816 1469 861 et
1512 803 1749 863 humani.
1771 811 2091 867 omnemque
2117 795 2290 864 philo—

716 911 957 979 sophiam
980 917 1319 961 exercemus.
1350 899 1423 953 Ita
1450 910 1665 967 quoque
1697 892 1829 946 dixit
1859 890 1998 944 Deus
2040 903 2055 940 :
2100 884 2289 939 Lat-cat

716 1003 807 1055 lu:
839 1006 1000 1051 rastra
1036 1008 1207 1047 rorant
1252 987 1534 1043 hominibus
1555 1025 1571 1049 ,
1604 993 1656 1035 ut
1701 981 1899 1035 rideant
1943 991 2097 1047 opera
2125 982 2289 1027 vestra

716 1095 868 1155 bona.
899 1100 945 1141 et
988 1084 1267 1155 gloriﬁcent
1294 1078 1499 1131 Putrem
1543 1086 1757 1129 vestrum
1808 1071 1895 1140 qui
1933 1070 1986 1122 in
2030 1065 2169 1154 {alia
2216 1071 2289 1117 est

714 1184 927 1257 (Matth.
962 1182 1014 1241 5.
1049 1170 1155 1245 l6).
1182 1174 1294 1230 Non
1325 1166 1701 1257 animadvertis
1737 1163 1993 1257 injuriant
2022 1170 2079 1257 ﬁte
2113 1158 2289 1213 facere

719 1248 850 1337 beo,
880 1286 1000 1325 cum
1036 1270 1199 1321 lteum
1242 1261 1498 1316 adversus
1528 1255 1771 1309 inimicos
1796 1250 1994 1320 rogas?
2016 1248 2132 1315 Quo
2168 1256 2289 1300 mtt-

716 1335 874 1431 tletni
894 1373 1035 1420 actu.
1060 1354 1247 1423 inquit,
1266 1352 1372 1404 Deo
1392 1348 1449 1401 lit
1472 1346 1660 1414 injuria
1674 1347 1698 1396 Υ
1723 1342 1980 1431 Quoniam
2000 1339 2112 1407 ipse
2131 1335 2288 1431 dixit:

720 1426 876 1512 Orate
900 1468 991 1521 pro
1026 1446 1239 1501 inimicis
1268 1440 1438 1495 vestris
1460 1437 1567 1506 (Ib.
1602 1432 1785 1503 tu“).
1814 1441 1870 1485 et
1895 1430 2126 1485 divinam
2154 1426 2292 1481 hanc

718 1551 883 1619 legem
914 1542 1129 1599 invexit.
1155 1537 1286 1592 Cum
1316 1534 1472 1602 igitur
1498 1529 2058 1619 ligisl:ttorem-rogas,
2091 1530 2292 1619 ut_suas

708 1610 875 1695 'violet
900 1640 1062 1704 leges.
1092 1642 1145 1684 et
1168 1624 1419 1687 hortaris.
1438 1628 1496 1675 ut
1519 1619 1631 1673 suis
1650 1614 1947 1671 contrarias
1968 1614 2109 1681 luges
2133 1610 2289 1673 ferat.

715 1743 770 1787 et
797 1746 916 1784 eum
945 1724 1034 1794 qui
1067 1719 1428 1791 prohibuerat.
1458 1727 1525 1765 ne
1539 1710 1795 1763 adversus
1824 1704 2065 1758 inimicos
2082 1715 2289 1764 orares,

720 1791 976 1892 precaris.
1003 1826 1059 1867 ut
1098 1822 1151 1865 te
1193 1809 1450 1861 adversus
1490 1802 1734 1855 ininde-os
1785 1804 2025 1849 orantem
2072 1791 2290 1892 and-iant:

717 1878 822 1966 non
843 1878 988 1965 oras,
1018 1904 1144 1954 dum
1177 1896 1226 1952 id
1258 1894 1419 1957 facis.
1451 1904 1623 1957 neque
1663 1884 1911 1943 hortaris.
1941 1882 2035 1937 sed
2082 1878 2293 1949 legisla-

718 1967 1241 2055 tori‘contmneliam
1286 1983 1471 2045 infers,
1501 1988 1557 2033 et
1612 1977 1664 2032 in
1703 1990 1827 2028 eum
1870 1969 2172 2035 insolescis.
2202 1966 2292 2037 qui

718 2090 857 2143 bum
891 2084 988 2139 tibi
1010 2078 1295 2149 largiturus
1322 2080 1467 2130 erat.
1500 2083 1619 2137 qua:
1647 2064 1929 2120 occasione
1955 2073 2171 2131 prrcum
2199 2056 2294 2149 ob.

718 2177 956 2231 veniunt.
986 2171 1050 2225 Et
1082 2145 1189 2236 quo
1228 2172 1381 2233 pacto
1411 2159 1544 2221 fieri.
1573 2168 1778 2225 quaso.
1812 2158 2002 2221 potest,
2030 2158 2089 2203 nt
2110 2145 2293 2201 audia-

717 2268 792 2323 ris
819 2265 944 2320 dum
972 2272 1117 2321 oras.
1148 2256 1195 2311 si
1235 2269 1355 2307 eum
1396 2249 1486 2319 'qui
1510 2257 1595 2302 est
1623 2244 1901 2298 auditurus
1924 2240 2138 2295 irrites?
2169 2237 2294 2291 "me

716 2357 859 2414 enim
887 2353 1013 2407 dum
1036 2348 1191 2411 lacis.
1220 2345 1274 2398 in
1290 2342 1602 2395 barathrum
1627 2335 1853 2390 salutem
1886 2339 2028 2385 tuam
2058 2326 2294 2396 compel-

721 2448 808 2510 lis,
835 2453 890 2498 et
916 2441 970 2495 ln
997 2433 1347 2508 prmcipitia‘m
1376 2429 1508 2493 ruis.
1525 2426 1653 2481 dum
1678 2422 1951 2478 inimicum
1991 2419 2043 2473 iu
2070 2431 2296 2486 conspe-

716 2551 805 2593 ctu
859 2533 1016 2603 Regis
1061 2526 1311 2598 percutis.
1341 2521 1592 2590 Quamvis
1614 2518 1754 2572 enim
1801 2513 2046 2570 titanihus
2093 2511 2143 2565 id
2186 2524 2291 2564 non

719 2630 903 2692 iacias.
934 2624 1111 2679 verbis
1146 2630 1324 2673 tamen
1370 2630 1494 2668 eum
1528 2611 1801 2681 percutis:
1830 2604 1974 2676 quod
2013 2617 2137 2672 erga
2174 2616 2297 2655 con-

717 2733 908 2775 serros
945 2720 1200 2785 prmtare
1243 2721 1349 2760 non
1389 2702 1572 2756 audes.
1601 2700 1763 2770 Igitur
1807 2696 1859 2751 id
1905 2708 2065 2765 agere
2100 2692 2297 2745 audeas

722 2812 1032 2881 magistratu
1076 2808 1351 2872 spectante
1379 2813 1392 2849 :
1422 2795 1550 2849 licet
1594 2793 1871 2845 innumera
1898 2797 1983 2841 tua
2014 2786 2296 2881 sint—recte

720 2874 877 2963 facta.
898 2895 1117 2953 omnino
1134 2886 1413 2946 «intestini
1444 2884 1509 2937 ad
1538 2893 1761 2935 uim-tem
1787 2877 2087 2932 ahdnccris.
2122 2874 2291 2943 Ergo—

723 3007 790 3047 ne
835 3002 1015 3045 ceram
1066 2980 1374 3050 magistratu
1418 2989 1524 3028 non
1563 2970 1726 3025 audes
1772 2968 2031 3038 :rqualem
2081 2965 2296 3019 afﬁcere

717 3076 1283 3137 eontmncliamoram
1331 3066 1443 3121 Deo
1482 3072 1656 3116 autem
1708 3060 1797 3130 qui
1849 3057 1902 3112 id
1953 3056 2121 3120 facis.
2165 3070 2294 3119 non.

720 3182 923 3243 quaeso.
948 3163 1154 3228 tremis,
1180 3176 1284 3216 non
1312 3159 1471 3212 times
1504 3154 1629 3207 dum
1665 3150 1923 3204 orationis
1965 3158 2205 3216 tempore
2232 3159 2296 3201 ac

723 3240 945 3332 precum
966 3257 1045 3311 sic
1071 3249 1415 3309 excandescis
1442 3254 1497 3301 et
1520 3243 1779 3307 citeraris.
1808 3253 1871 3294 ac
1900 3240 2154 3305 majorem
2188 3251 2297 3305 pra:

723 3329 776 3405 te
810 3348 917 3403 fers
948 3342 1275 3412 iniquitatem
1321 3337 1411 3390 illo
1446 3334 1534 3403 qui
1562 3341 1776 3387 centum
1804 3329 2052 3384 denarios
2082 3336 2298 3397 repeto-

728 3438 854 3495 bati
881 3434 1032 3503 Quod
1064 3431 1206 3484 enim
1250 3439 1303 3479 tu
1338 3425 1591 3493 majorem
1640 3420 1883 3487 injuriam
1927 3417 2144 3481 inferas,
2171 3417 2294 3471 audi

721 3545 829 3602 quo
844 3534 997 3598 pacto
1025 3531 1249 3578 testetur
1278 3517 1515 3571 historia.
1549 3514 1734 3568 Decies
1760 3512 1902 3566 mille
1924 3510 2119 3564 talenta
2144 3510 2291 3578 quis-

723 3600 861 3691 piam
882 3618 1099 3672 domino
1115 3613 1341 3666 debebat
1372 3626 1387 3663 :
1418 3606 1615 3662 deinde
1631 3622 1751 3661 cum
1774 3622 1877 3659 non
1907 3603 2127 3657 haberet
2155 3600 2295 3654 unde

723 3711 967 3767 redderet
990 3749 1005 3771 ,
1035 3704 1219 3759 orabat
1248 3712 1303 3754 ut
1344 3698 1559 3769 patienti
1588 3696 1762 3750 atiimo
1786 3710 1909 3763 erga
1949 3710 2007 3747 se
2042 3703 2211 3754 esset.
2241 3699 2297 3744 ut

724 3801 932 3857 vendita
967 3809 1149 3855 uxore.
1181 3792 1355 3854 domo,
1386 3804 1448 3842 ac
1492 3787 1611 3840 ﬁliis
1657 3785 1891 3841 debitum
1939 3782 2156 3837 domino
2196 3795 2295 3834 suo

724 3892 1052 3965 persolveret
1091 3883 1311 3955 (Matth.
1354 3880 1437 3935 18.
1480 3880 1571 3933 2‘.
1609 3878 1744 3947 sqq.)
1769 3876 1901 3931 Gutn
1933 3883 2106 3928 autem
2143 3873 2294 3927 illum

721 3982 967 4039 dmninns
998 3980 1370 4031 lamentantem
1397 3970 1599 4025 videret
1625 3966 1963 4021 miseratione
1990 3973 2293 4018 commotus

723 4084 829 4141 est.
862 4083 913 4126 et
946 4072 1082 4126 dena
1127 4066 1286 4121 millia
1319 4062 1632 4117 talentorum
1668 4058 1890 4113 remisit.
1920 4057 2177 4129 Egressus
2206 4055 2298 4113 ille

722 4181 843 4220 eum
871 4164 1092 4215 alterum
1122 4172 1334 4213 servum
1361 4154 1668 4211 invenisset.
1695 4168 1782 4222 qtn
1813 4162 2025 4206 centum
2050 4150 2299 4205 denarios

723 4255 821 4325 ipsi
863 4250 1111 4311 debebat,
1138 4246 1401 4300 sull‘ocaus
1448 4258 1567 4297 eum
1622 4243 1782 4295 multa
1828 4256 1946 4295 cmn
1987 4240 2297 4295 crudelitate

724 4355 885 4412 atque
926 4337 1256 4393 immanitate
1311 4332 1601 4399 repetebat.
1636 4332 1727 4385 llis
1752 4331 1945 4385 auditis
1969 4330 2215 4384 dominus
2242 4330 2294 4382 itt

721 4446 992 4487 carcerem
1028 4444 1151 4483 eum
1175 4423 1423 4491 coniecit,
1454 4429 1509 4476 et
1531 4421 1671 4492 quod
1700 4422 1843 4490 prius
1869 4422 2171 4482 remiserat.
2198 4419 2297 4474 de-

721 4524 889 4576 bitum
929 4519 1123 4573 denum
1170 4514 1391 4568 millium
1418 4513 1779 4574 talentorum.
1809 4510 1885 4565 illi
1915 4525 2098 4565 rursus
2122 4510 2295 4577 impo-

720 4620 847 4675 sut.
893 4618 947 4663 et
987 4607 1075 4662 ille
1116 4619 1227 4659 sua:
1281 4603 1335 4657 in
1386 4616 1699 4656 conservum
1746 4598 2073 4655 crudelitatis
2104 4612 2297 4669 pinnas

720 4698 889 4752 dedit.

795 4788 885 4842 t2.
915 4786 981 4839 At
1002 4794 1055 4838 tu
1076 4791 1272 4854 quanto
1300 4781 1525 4851 iniquior
1541 4781 1631 4834 illo
1656 4795 1719 4835 ac
1744 4779 2003 4852 stupidior
2028 4780 2263 4835 evaseris
2279 4820 2296 4847 ,

722 5056 847 5101 κοῖς
891 5051 1220 5096 οιιοιτειη
1263 5048 1617 5101 ρυειιρωιι
1671 5049 1754 5089 DE
1822 5048 2032 5091 SBIPSO
2101 5049 2294 5091 DESPE

2398 5051 2465 5092 RE
2504 5078 2521 5105 ,
2566 5050 2694 5094 Δυτ
2735 5048 2970 5094 ιίιιιοεε
3010 5048 3257 5094 CONTRA

1416 333 1472 387 S.
1513 327 1789 385 JOANNIS
1823 317 2297 383 ειιιιῖδοετηιιι
2336 314 2653 375 ΑΠΒΙΙΙΕΡ.
2693 316 3230 376 οοΝδτΑΝτιΝοΡ.

3877 324 3979 381 361

2394 439 2484 507 qui
2502 438 2761 494 adversus
2785 437 3027 492 inimicos
3039 438 3299 506 precaris,
3312 435 3457 491 vide.
3478 435 3547 491 lll.
3581 434 3860 490 donnmun
3877 453 3979 492 non

2395 530 2645 600 rogabat.
2675 540 2731 583 ut
2756 528 3005 582 denarios
3044 537 3260 582 centum
3299 536 3586 597 repeteret.
3609 527 3705 581 sed
3732 528 3846 595 ipse
3896 545 3979 583 re-

2396 619 2609 688 petebat
2628 627 2843 671 centum
2870 617 3153 671 denarios:
3179 627 3233 670 tu
3250 631 3379 670 vero
3406 616 3685 669 Dominum
3710 616 3778 668 ad
3806 616 3981 682 imm-

2392 712 2608 765 dentem
2630 724 2696 763 ae
2724 707 3041 778 prohibitam
3069 710 3435 778 repetitionem
3461 708 3783 763 cohortaris.
3813 711 3983 777 Atque

2394 800 2484 854 ille
2512 799 2725 869 quidem
2757 813 2862 851 non
2913 801 2965 851 in
2992 800 3161 853 oculis
3190 799 3427 861 domini.
3456 798 3551 852 sed
3606 797 3737 853 foris
3762 813 3983 852 conser-

2400 905 2524 942 vum
2555 889 2840 942 suﬂ'ocabat
2866 904 2880 941 :
2904 897 2959 941 at
2988 900 3043 942 tu
3072 890 3123 941 in
3150 889 3267 957 ipso
3293 898 3530 958 tempore
3548 889 3812 943 orationis
3837 902 3985 941 stans

2394 995 2575 1035 coram
2621 980 2767 1050 Rege
2799 981 2848 1035 id
2881 980 3028 1035 iacis.
3074 980 3228 1048 Quod
3251 981 3298 1035 si
3326 982 3419 1035 ille
3453 996 3576 1036 cum
3602 995 3778 1049 neque
3805 979 3985 1034 demi-

2395 1086 2524 1124 num
2576 1069 2644 1124 ad
2693 1068 3039 1141 repetendum
3086 1080 3231 1124 esset
3278 1069 3558 1130 hortatus.
3598 1079 3656 1124 et
3703 1078 3983 1139 [estquam

2394 1176 2641 1231 egressus
2668 1161 2878 1227 fuisset.
2905 1161 3006 1215 hoc
3028 1162 3249 1227 faceret.
3281 1161 3480 1215 nullam
3503 1170 3586 1217 est
3613 1162 3827 1215 veniam
3850 1175 3984 1214 eon-

2394 1262 2651 1324 sequutus
2674 1295 2689 1317 .
2722 1263 2777 1307 tu
2801 1255 2890 1321 qui
2920 1254 3205 1308 Dominum
3247 1252 3315 1308 ad
3342 1252 3478 1308 hanc
3506 1254 3724 1307 vetitam
3753 1252 3984 1306 solutio-

2396 1361 2517 1401 nem
2566 1345 2902 1414 intpellht.et
2947 1345 2998 1398 in
3022 1344 3136 1412 ejus
3184 1352 3476 1412 conspectu
3526 1342 3640 1396 [nec
3679 1342 3797 1412 agis
3822 1382 3841 1403 .
3878 1358 3985 1412 quo

2395 1451 2505 1490 non
2540 1435 2821 1504 supplicio.
2853 1448 3071 1502 qmeso,
3097 1432 3476 1487 nmletaberisi
3502 1434 3573 1486 At
3615 1430 3981 1486 inﬂammatur

2394 1524 2606 1583 animus
2635 1534 2755 1577 tuus
2781 1522 2861 1577 ira
2890 1539 2957 1578 ex
2992 1522 3360 1577 recordatione
3390 1521 3680 1576 inimicitia:
3702 1563 3717 1587 .
3743 1533 3801 1577 et
3843 1523 3985 1575 intll-

2396 1615 2605 1681 mescit,
2632 1623 2687 1669 et
2714 1628 2811 1668 cor
2829 1624 3313 1681 contmoveturtac
3352 1611 3480 1665 dum
3509 1620 3741 1680 accepta:
3769 1608 3987 1679 injuria:

2396 1676 2706 1765 meministi.
2737 1699 2898 1753 animi
2930 1709 3192 1753 tumorem
3206 1676 3327 1752 ἳιοιι
3354 1706 3510 1769 potes
3537 1676 3843 1767 reprimere
3853 1700 3879 1751 ἲ
3908 1698 3982 1752 Tu

2396 1808 2529 1847 vero
2556 1792 2641 1845 isti
2670 1804 2884 1860 oppone
2907 1787 3371 1843 excandescentia:
3401 1795 3741 1856 peccatorum
3769 1796 3981 1842 tuor-tun

2396 1881 2743 1945 memoriam.
2791 1894 2856 1934 ac
2900 1878 3063 1933 futuri
3113 1878 3299 1947 judicii
3353 1877 3623 1933 timorem.
3674 1876 3986 1933 Recordare

2394 1988 2555 2044 quam
2582 1972 2869 2027 multorum
2897 1969 3037 2039 apud
3068 1969 3351 2024 Dominum
3381 1983 3507 2023 reus
3526 1967 3624 2033 sis.
3656 1975 3821 2037 teque
3848 1968 3984 2023 isto-

2397 2081 2515 2120 rum
2542 2064 2779 2118 omnium
2811 2063 2982 2132 penis
3006 2061 3295 2117 obnoxium
3320 2073 3465 2126 esse.
3488 2070 3599 2113 tum
3624 2059 3853 2113 omnino
3874 2074 3984 2114 tne.

2398 2164 2484 2210 tus
2510 2158 2610 2209 iste
2639 2153 2968 2208 iracundiam
2998 2152 3140 2207 illam
3170 2151 3379 2215 vincet,
3410 2147 3844 2221 quandoquidem
3872 2148 3985 2204 haae

2396 2260 2610 2315 quoque
2634 2243 2823 2313 passio
2850 2242 3007 2312 longe
3028 2237 3111 2297 est
3139 2242 3225 2296 illa
3249 2241 3535 2311 potesttior.
3562 2238 3875 2295 Recordare
3901 2254 3989 2309 ge-

2399 2338 2592 2392 hennae
2618 2350 2895 2405 pinnarum
2932 2333 3405 2403 acsappliciorum
3433 2342 3673 2401 tempore
3696 2332 3984 2397 orationis.

2396 2441 2459 2480 ac
2506 2442 2575 2481 ue
2603 2426 2655 2479 in
2687 2435 2919 2480 mentem
2958 2424 3172 2493 quidem
3213 2424 3391 2478 Veniet
3436 2422 3705 2477 inimicus.
3755 2420 3990 2477 Gruters

2398 2516 2635 2570 animmn
2669 2528 2837 2581 tuum.
2866 2526 3101 2569 mentem
3131 2514 3345 2568 humilia
3375 2524 3584 2568 tuorum
3611 2514 3989 2570 recordatione

2400 2607 2748 2666 delictorum.
2778 2620 2843 2660 ac
2870 2620 2936 2658 ne
2958 2604 3253 2658 molestiam
3281 2603 3493 2674 quidem
3519 2603 3679 2658 ullam
3707 2605 3984 2659 iracundia

2399 2697 2696 2753 exhibebit.
2727 2696 2829 2749 Sed
2862 2696 2961 2750 hoc
2985 2695 3113 2749 illud
3160 2703 3277 2761 est,
3308 2696 3447 2749 unde
3493 2704 3684 2749 cuneta
3717 2697 3863 2751 mala
3892 2713 3990 2752 na-

2398 2796 2637 2851 scuntur.
2668 2786 2808 2855 quod
2837 2786 2888 2839 in
2929 2785 3156 2839 aliorum
3186 2785 3402 2854 quidem
3457 2793 3672 2852 peccata
3704 2772 3988 2855 diligenter

2402 2877 2766 2947 inquiramus.
2794 2886 2974 2929 nostra
3006 2890 3134 2930 vero
3181 2875 3510 2945 negligenter
3533 2873 3825 2929 adnuodum
3849 2891 3959 2945 ιιι-ιιι
3977 2908 3989 2919 -

2403 2978 2692 3022 tcreamus.
2738 2969 2804 3020 At
2844 2967 3172 3020 contrarium
3213 2965 3477 3035 agendum
3521 2974 3705 3019 esset:
3739 2966 3987 3034 proprio-

2401 3072 2517 3112 rum
2547 3055 2759 3125 quidem
2811 3071 3102 3125 numquam
3148 3054 3569 3110 σδιίιίεοειιάιιιιι
3596 3063 3774 3115 esset.
3819 3055 3987 3109 aliena

2400 3164 2686 3219 numquam
2714 3157 2983 3216 oporteret
3004 3157 3182 3202 mente
3205 3162 3441 3202 versare.
3468 3145 3521 3200 id
3549 3145 3593 3200 si
3623 3146 3905 3209 faciamus.
3936 3157 3988 3200 et

2404 3239 2546 3294 Deus
2573 3239 2831 3307 propitius
2862 3238 3013 3293 nobis
3054 3239 3190 3302 erit.
3218 3247 3275 3293 et
3300 3238 3587 3292 immortali
3626 3238 3750 3291 odio
3807 3240 3985 3306 ρεπιιβ-

2403 3345 2548 3384 tnum
2590 3329 2837 3398 prosequi
2866 3329 3175 3383 desinemus
3198 3368 3212 3389 .
3236 3336 3291 3383 et
3314 3328 3516 3381 nullum
3543 3343 3795 3395 umquam
3822 3328 3984 3382 liabe-

2402 3424 2574 3475 himns
2598 3421 2884 3474 inimicum.
2905 3421 3057 3485 Quod
3085 3431 3140 3473 et
3165 3420 3206 3472 si
3239 3420 3451 3486 quando
3474 3418 3787 3478 habeamus.
3807 3418 3983 3473 odium

2397 3514 2505 3566 cito
2531 3511 2881 3579 deponemus.
2905 3520 2959 3562 et
2979 3512 3207 3565 rclcncm
3239 3522 3579 3578 [meatorum
3611 3510 3824 3563 veniant
3851 3509 3984 3562 obti-

2400 3603 2665 3659 nebimns.
2697 3603 2826 3656 Nam
2865 3599 3314 3671 quemadmodum
3344 3601 3389 3653 is
3408 3641 3424 3665 .
3452 3600 3541 3669 qni
3571 3610 3910 3668 acceptarum
3953 3616 3980 3651 a

2400 3697 2644 3766 proximo
2698 3695 3009 3762 injttriarum
3045 3708 3252 3746 memor
3274 3701 3359 3746 est
3383 3733 3397 3753 .
3434 3691 3625 3745 dimitti
3656 3705 3843 3765 pmuas
3886 3690 3982 3749 mi-

2400 3785 2545 3840 nime
2574 3785 2721 3849 sinit,
2740 3799 2871 3852 quas
2892 3783 3002 3837 suis
3033 3782 3265 3851 peccatis
3294 3798 3528 3842 metetur
3561 3806 3575 3839 :
3607 3788 3676 3840 ita
3700 3788 3791 3856 qui
3822 3788 3889 3841 ab
3910 3788 3981 3839 ira

2402 3877 2653 3932 immunis
2679 3883 2797 3941 est.
2824 3878 2931 3934 cito
2976 3875 3135 3935 etiam
3166 3880 3420 3934 immunis
3446 3882 3549 3934 erit
3586 3894 3616 3933 a
3645 3880 3899 3948 peccatis.
3931 3878 3983 3933 Si

2399 3968 2541 4028 enim
2570 3983 2667 4026 nos
2697 3966 2921 4040 improbi
2943 4014 2958 4037 ,
2988 3981 3039 4027 et
3073 3987 3165 4026 uno
3194 3972 3490 4025 servientes
3510 4011 3525 4035 ,
3555 3968 3627 4022 oh
3648 3969 3738 4023 Dei
3771 3970 3985 4022 manda-

2404 4072 2513 4116 tum
2547 4054 2733 4117 (omnia
2767 4063 2818 4115 in
2870 4077 2970 4115 nos
3021 4061 3307 4116 commissa
3358 4072 3573 4129 peccata
3613 4058 3983 4127 despicimus:

2404 4155 2574 4209 multo
2620 4156 2788 4225 magis
2838 4154 3099 4223 benignus
3140 4169 3201 4205 ac
3235 4154 3407 4206 bonus
3444 4150 3702 4205 Dominus
3727 4192 3739 4211 .
3766 4164 3892 4204 cum
3921 4150 3987 4202 ab

2404 4246 2547 4300 omni
2581 4244 2977 4315 perturbatione
3000 4244 3068 4298 sit
3101 4259 3284 4313 put-us.
3314 4242 3505 4297 delicta
3536 4252 3716 4295 nostra
3738 4239 3986 4295 dissimu-

2404 4336 2533 4391 labit
2552 4376 2566 4399 ,
2597 4344 2652 4390 et
2680 4345 2982 4390 nostrorum
3009 4334 3325 4388 remissione
3367 4341 3727 4401 peccatorum.
3772 4330 3986 4385 exhibi-

2405 4434 2513 4479 tam
2560 4424 2801 4495 proximo
2845 4427 3151 4479 comitatem
3189 4434 3244 4478 et
3269 4421 3649 4476 lnnnanitazent
3679 4436 3989 4474 remunera-

2405 4516 2563 4572 bitur.
2615 4516 2786 4582 Quam
2855 4516 3054 4569 utinam
3110 4515 3263 4569 nobis
3306 4513 3554 4567 omnibus
3599 4512 3826 4579 assequi
3866 4526 3991 4567 eon-

2406 4606 2592 4675 tiugat.
2620 4606 2788 4676 gratia
2815 4615 2871 4660 et
2894 4606 3219 4675 benignitate
3251 4603 3457 4658 Domini
3484 4603 3649 4657 nostri
3679 4601 3809 4656 Jesu
3836 4601 3991 4656 Chri-

2404 4696 2507 4758 sti.
2538 4694 2623 4749 cui
2658 4695 2827 4764 gloria
2868 4702 2927 4749 et
2966 4694 3248 4764 ἰιιιρει-ἰιιηι
3300 4694 3353 4748 in
3403 4692 3597 4747 szceula
3640 4690 3986 4747 surculorum.

2407 4786 2599 4839 Amen.

3317 5045 3605 5091 IIIIICOS
3663 5043 3971 5089 FUNDIII

804 5154 929 5198 AUT
970 5149 1169 5194 ANIMO
1212 5148 1549 5202 DEFICEBE,
1594 5146 1867 5199 QUAMVIS
1909 5147 2140 5191 PETENS
2186 5148 2310 5192 NON
2354 5151 2690 5207 ACCIPIAT;
2738 5151 2819 5194 ΕΤ
2862 5150 2943 5198 ΔΙ)
2984 5148 3259 5194 ΠΑΙΙΠῸδ
3303 5149 3388 5191 ΒΕ
3430 5146 3589 5191 ΡΔΟΒ
3631 5144 3798 5189 ERGA
3827 5142 3991 5186 UXO-

804 5252 915 5295 BBS
957 5246 1432 5293 οοπεειινιιωλ.

2080 5393 2316 5404 ———-

798 5504 849 5555 l.
907 5498 1122 5553 Fructus
1164 5510 1447 5549 sermonum
1484 5502 1631 5545 antea
1656 5491 1959 5544 habitorum.
1994 5490 2301 5545 Publicanus

721 5594 867 5648 limes
893 5590 1098 5643 ultimus
1131 5586 1355 5639 malitia.
1388 5612 1455 5623 -—
1496 5580 1712 5651 Magnas
1737 5580 1884 5635 vobis
1927 5596 2025 5651 ago
2061 5580 2259 5651 gratias
2284 5621 2300 5644 .

717 5681 865 5749 Quod
884 5692 1004 5735 cum
1030 5675 1192 5731 animi
1218 5673 1488 5730 alacritate
1512 5670 1722 5727 habitos
1738 5671 1805 5727 de
1820 5671 2063 5742 precibus
2089 5683 2294 5726 sermo-

2218 5758 2229 5783 θ’

2324 5380 2416 5422 60

2423 5396 2673 5409 δια-αι.-

2410 5508 2504 5547 nes
2551 5494 2632 5563 (α)
2670 5494 3015 5564 exceperitis,
3046 5495 3189 5566 quod
3234 5495 3449 5551 beatum
3497 5509 3583 5548 me
3629 5491 3981 5549 reddideritis.

2470 5694 2544 5758 (ιι)
2567 5695 2929 5761 Chrysostomns
2951 5702 3208 5746 sermones
3228 5692 3293 5743 de
3310 5690 3539 5756 precibus
3558 5688 3813 5741 inbuerat.
