4194 6302
284 519 473 576 Beatus
499 519 698 592 quippe
717 562 733 587 ,
766 515 856 594 qui
878 530 1054 577 narrat
1081 521 1135 577 iit
1159 529 1308 576 aures
1343 519 1657 576 audientium
1681 519 1871 592 (Eccli.

280 613 378 667 25.
407 611 522 682 12).
547 611 604 667 ld
628 611 756 668 mihi
788 629 893 669 non
922 629 986 670 es
1019 613 1290 684 plausibus
1304 613 1621 669 laudibusve
1646 622 1873 682 tantum,

280 699 382 756 sed
409 709 467 758 et
493 716 562 757 ea
583 701 650 757 iis
677 717 797 774 qua:
822 702 936 759 fieri
964 718 994 758 a
1017 703 1174 760 vobis
1203 704 1488 760 cernebam
1509 745 1526 770 ,
1558 718 1874 775 persuasum

281 799 389 850 est.
419 790 551 850 Cum
575 792 752 861 enim,
782 803 841 849 ut
862 792 1120 852 adversus
1161 795 1405 852 inimicos
1430 807 1618 869 preces
1656 795 1871 853 minime

282 879 582 938 funderetis
598 923 616 950 ,
635 898 733 939 vos
759 883 1106 953 cohortarer,
1133 899 1198 942 ac
1222 886 1457 943 dicerem
1501 897 1600 941 nos
1617 927 1634 954 ,
1663 885 1791 941 dum
1821 886 1876 942 id

280 975 514 1045 agimus,
542 976 706 1033 Deum
736 977 950 1033 irritare
969 1019 985 1045 ,
1009 993 1075 1034 ac
1112 977 1319 1052 legibus
1352 981 1469 1052 ejus
1503 982 1637 1037 alias
1659 991 1878 1037 contra-

283 1064 396 1120 rias
418 1065 557 1122 ferre
572 1064 728 1137 (dixit
748 1068 889 1124 enim
921 1070 1054 1140 ipse,
1077 1069 1234 1126 Orate
1275 1087 1368 1142 pro
1399 1071 1615 1129 inimicis
1657 1070 1872 1146 [Κακὴ.

283 1155 342 1211 5.
371 1155 482 1230 si],
509 1166 566 1213 at
597 1172 697 1214 nos
719 1159 844 1215 dum
875 1161 1134 1218 adversus
1179 1162 1423 1220 inimicos
1462 1179 1711 1233 oramus,
1735 1166 1876 1234 peti-

282 1264 408 1304 mus
432 1251 499 1305 ab
524 1266 591 1307 eo
618 1261 675 1306 ut
703 1263 853 1309 suam
885 1254 1057 1327 legem
1079 1256 1195 1326 ipse
1219 1255 1541 1331 dissolvat),
1571 1272 1692 1314 cum
1718 1259 1876 1329 igitur

285 1339 402 1395 lucc
423 1352 475 1396 et
492 1341 614 1397 talia
630 1341 888 1410 dicerem,
907 1345 1102 1402 multos
1120 1346 1260 1404 inter
1273 1347 1669 1409 vescernebam
1685 1347 1876 1405 faciem

285 1432 648 1499 pereutientes
672 1442 726 1489 et
745 1443 951 1505 pectus,
968 1439 1202 1509 graviter
1227 1440 1660 1510 ingemiscentes,
1686 1454 1876 1496 manus

279 1520 342 1575 in
371 1523 560 1577 caelum
593 1526 873 1582 tendentes
893 1568 908 1593 ,
936 1528 1148 1583 veniam
1173 1544 1202 1582 a
1236 1530 1346 1585 Deo
1366 1540 1584 1600 propter
1611 1530 1875 1599 ejusmodi

279 1626 476 1682 preces
515 1612 656 1669 fusas
698 1617 1049 1686 postulantes.
1091 1620 1226 1676 Tum
1257 1637 1386 1678 vero
1429 1637 1528 1693 ego
1558 1622 1781 1677 sublatis
1820 1623 1874 1678 in

279 1701 476 1758 celum
502 1706 670 1761 Oculis
696 1708 804 1763 Deo
845 1709 1043 1779 gratias
1086 1713 1210 1782 egi,
1239 1713 1380 1784 quod
1421 1723 1527 1768 tam
1569 1715 1676 1769 cito
1721 1713 1876 1768 nobis

284 1794 544 1853 doctrinae
570 1809 748 1855 sermo
778 1800 1003 1856 fructum
1019 1804 1356 1873 protulisset.
1389 1803 1465 1859 Ea
1495 1806 1692 1875 quippe
1715 1806 1876 1875 spiri-

285 1887 446 1943 tualis
467 1890 686 1944 seminis
735 1899 819 1946 est
850 1893 1091 1948 conditio
1121 1911 1134 1948 :
1161 1910 1267 1948 non
1313 1898 1467 1949 annis
1507 1897 1742 1967 indiget,
1776 1911 1877 1952 nec

284 1979 636 2046 temporibus,
661 1995 761 2035 nec
783 1978 993 2048 diebus,
1013 1983 1107 2038 sed
1129 1984 1171 2038 si
1194 1985 1424 2039 animam
1451 2000 1766 2055 generosam
1795 1979 1875 2040 ini

283 2070 518 2136 Veserit,
547 2070 827 2126 confestim
857 2074 1060 2142 spicam
1088 2075 1348 2130 virentem
1387 2085 1440 2131 et
1465 2077 1754 2146 perfectam
1784 2093 1875 2132 os-

286 2159 458 2214 tendit
486 2177 499 2213 :
533 2161 674 2231 quod
713 2172 768 2218 et
796 2178 824 2216 a
856 2163 1008 2219 vobis
1056 2166 1310 2220 hesterno
1354 2166 1441 2221 die
1470 2176 1742 2235 peractum
1771 2176 1872 2220 est.

282 2247 722 2319 Compunctionis
753 2267 1054 2310 sermonem
1083 2269 1382 2324 sparseram
1404 2293 1420 2321 ,
1439 2265 1492 2309 et
1523 2254 1876 2310 confessionis

284 2342 515 2408 gemitus
534 2341 871 2411 germinavit,
898 2344 1127 2411 gemitus
1158 2346 1351 2399 multas
1377 2346 1639 2399 bonorum
1662 2344 1876 2399 divitias

284 2443 469 2484 secum
522 2433 718 2486 ferens.
746 2431 877 2487 Nam
925 2433 970 2488 si
1015 2435 1326 2504 publicanus
1375 2437 1492 2497 ille,
1525 2450 1644 2488 eum
1691 2444 1876 2504 pectus

285 2523 635 2593 percutieudo
676 2524 930 2592 dixisset,
981 2526 1248 2597 Propitius
1290 2539 1394 2582 esto
1442 2528 1566 2580 milii
1623 2528 1875 2597 peccaturi

284 2612 437 2682 (Luc.
473 2616 559 2688 l_8.
594 2617 708 2687 i5),
742 2617 862 2686 plus
887 2632 1044 2688 quam
1096 2618 1396 2674 Pliarisreus
1433 2619 1757 2688 jnstiiieatus
1782 2635 1874 2674 re-

284 2706 481 2782 cessit,
526 2716 779 2776 quantam
829 2708 927 2762 nds
956 2709 1095 2778 apud
1136 2710 1303 2765 Deum
1348 2711 1502 2765 nobis
1557 2711 1876 2767 conciliasse

283 2795 506 2864 gratiam
551 2797 839 2854 verisimile
881 2809 992 2865 est,
1025 2811 1146 2856 cum
1196 2802 1331 2856 intra
1366 2803 1623 2872 perbreve
1666 2811 1877 2870 tempus

286 2893 485 2940 tantam
516 2891 980 2957 compunctionem
1026 2893 1455 2948 ostenderimus?
1494 2895 1727 2949 Tametsi
1777 2911 1876 2963 pu-

284 2975 498 3031 blicano
523 2977 651 3033 nihil
677 2991 752 3034 est
788 2984 937 3051 pejus
967 3001 980 3038 :
1013 2999 1133 3038 cum
1161 2986 1204 3039 is
1236 2975 1590 3054 improbitatis
1621 2987 1775 3041 limes
1805 2988 1875 3040 sit

284 3064 545 3123 ultimus:
576 3072 718 3140 quod
751 3075 931 3142 utique
971 3074 1213 3130 Christus
1239 3077 1479 3131 indicans
1524 3078 1576 3130 in
1604 3087 1874 3131 extremo-

280 3156 694 3212 nummulorum
745 3163 1046 3232 exemplum
1101 3169 1413 3220 meretrices
1455 3182 1518 3222 ac
1562 3168 1873 3238 publicanos

282 3257 497 3315 semper
523 3247 574 3302 in
619 3251 856 3307 medium
895 3254 1129 3309 adducit.
1163 3256 1260 3312 Est
1301 3260 1441 3313 enim
1471 3259 1723 3314 violentia
1752 3275 1875 3330 qum

284 3329 453 3390 libere
504 3339 939 3413 conﬁdenterque
967 3354 1257 3414 grassatur,
1289 3348 1476 3418 rapina
1521 3349 1638 3405 sine
1687 3329 1873 3420 repre-

284 3421 546 3483 hensione
569 3468 583 3493 ,
613 3429 896 3501 impudens
930 3436 1165 3490 avaritiae
1193 3453 1382 3507 genus,
1415 3441 1702 3509 negotiatio
1728 3456 1757 3496 a
1786 3456 1874 3496 ra-

289 3515 436 3571 tione
462 3517 654 3585 aliena,
689 3521 924 3580 insolens
963 3535 1302 3583 mercatura:
1330 3537 1565 3586 attamen
1601 3532 1646 3585 is
1665 3531 1754 3601 qui
1786 3532 1872 3586 ine

281 3611 366 3660 ter
395 3614 473 3661 tot
515 3610 652 3665 mala
681 3613 921 3680 vixerat,
955 3616 1112 3672 nudis
1133 3618 1312 3675 verbis
1358 3622 1526 3691 potuit
1556 3630 1633 3677 tot
1679 3623 1872 3691 probra

279 3695 494 3762 delere,
522 3713 585 3756 ac
610 3701 762 3771 plura
791 3719 947 3775 quam
979 3710 1275 3778 postularat
1301 3708 1566 3780 accipere.
1588 3709 1726 3766 Nam
1773 3727 1869 3782 pe-

283 3787 440 3843 tierat
459 3790 673 3860 quidem
701 3793 809 3860 ille,
848 3795 1110 3867 Propitius
1130 3809 1235 3852 esto
1260 3801 1386 3854 milii
1407 3805 1654 3867 peccatori
1680 3845 1696 3870 ,
1729 3803 1871 3859 Deus

279 3885 458 3935 autem
484 3895 590 3937 non
619 3885 879 3955 propitius
904 3895 1106 3943 tantum
1139 3889 1269 3956 fuit,
1298 3893 1391 3946 sed
1421 3894 1581 3948 etiam
1605 3895 1754 3949 illum
1783 3910 1872 3951 su-

282 3985 376 4039 pra
404 3969 730 4032 Pbarisasum
755 3977 1086 4047 jtistiilcavit.
1116 3981 1404 4053 Propterea
1435 3986 1605 4057 inquit
1634 3987 1829 4044 Paulus
1854 4007 1867 4044 :

279 4059 348 4116 Ei
374 4071 544 4119 autem
565 4107 580 4132 ,
606 4071 694 4139 qui
744 4079 905 4139 potest
944 4075 1116 4128 omnia
1154 4077 1319 4145 facere
1364 4081 1868 4149 superabundanter,

278 4166 434 4223 quam
458 4157 706 4225 petimus,
733 4171 823 4214 aut
865 4163 1193 4236 intelligimus
1222 4166 1436 4240 (Ephes.
1468 4173 1520 4226 5.
1558 4172 1672 4242 20).
1709 4165 1869 4243 Atqui

279 4255 529 4313 precatus
553 4259 636 4304 est
655 4251 816 4307 etiam
846 4253 1148 4313 Pharisaeus
1168 4301 1183 4324 ,
1213 4267 1267 4315 et
1301 4261 1354 4315 in
1382 4263 1579 4332 templo
1605 4265 1788 4330 stetit,
1815 4276 1870 4321 et

278 4335 530 4392 eumdem
552 4339 725 4396 Deum
752 4343 1052 4413 invocavit,
1084 4357 1135 4404 et
1162 4350 1310 4420 plura
1338 4354 1496 4410 verba
1529 4356 1793 4426 profudit,
1817 4367 1872 4414 et

277 4440 344 4482 ex
361 4429 652 4498 gratiarum
676 4434 886 4492 actione
912 4440 1170 4497 orationis
1197 4443 1475 4500 exordium
1498 4449 1683 4502 texuit.
1719 4448 1870 4505 Unde

278 4510 438 4608 igitur
452 4517 652 4608 factum
680 4534 781 4592 est,
811 4537 867 4582 ut
893 4529 983 4584 ille
1006 4531 1222 4602 quidem
1245 4549 1308 4590 ea
1338 4549 1456 4608 quae
1478 4537 1708 4596 habebat
1732 4541 1869 4595 bona

278 4606 590 4703 perdiderit,
622 4612 711 4671 hic
734 4628 912 4673 autem
940 4635 1058 4675 eam
1080 4625 1303 4694 gratiam
1329 4606 1393 4683 ac
1417 4629 1686 4700 fiduciam,
1708 4647 1866 4703 quam

276 4712 384 4755 non
411 4701 642 4760 habebat
664 4706 767 4763 sibi
794 4711 1202 4771 conciliaverit?
1227 4717 1381 4786 Quod
1407 4721 1656 4777 nimirum
1679 4701 1868 4782 orandi

276 4791 473 4885 modus
493 4794 633 4853 idem
665 4814 772 4856 non
796 4812 958 4859 esset.
992 4805 1125 4862 Nam
1158 4807 1249 4865 ille
1276 4810 1494 4882 quidem
1514 4817 1866 4885 arrogantiae.

276 4882 468 4953 fastus,
491 4888 868 4963 superbiaque
883 4902 1025 4950 totus
1041 4897 1240 4969 plenus
1256 4910 1392 4969 erat,
1413 4900 1500 4958 hic
1527 4882 1664 4960 vero
1686 4907 1869 4962 multas

276 4974 560 5044 probitatis
584 4988 642 5035 et
681 4984 946 5052 mquitatis
979 5003 992 5039 :
1027 4987 1228 5044 idcirco
1271 4990 1400 5047 licet
1440 4991 1529 5047 hic
1574 4993 1869 5052 innumeris

275 5076 616 5138 peccatorum
664 5073 896 5129 sarcinis
941 5087 1273 5147 gravaretur,
1309 5095 1502 5140 omnes
1552 5084 1789 5154 abiecit,
1816 5098 1871 5144 et

271 5157 534 5231 justitiam
560 5165 872 5235 assumpsit;
901 5168 990 5224 ille
1003 5179 1180 5226 autem
1198 5173 1292 5242 qui
1311 5173 1521 5244 plenam
1534 5183 1688 5233 recte
1705 5176 1870 5233 facto-

273 5259 418 5312 rum,
441 5246 904 5321 eleemosynarum
924 5294 939 5316 ,
963 5254 1309 5324 jejuniorum,
1339 5274 1528 5316 navem
1559 5263 1863 5332 reduxerat,

273 5342 545 5407 tamquam
574 5341 799 5411 scopulo
819 5343 1048 5415 cuipiam
1077 5346 1250 5403 inanis
1287 5350 1472 5420 gloriae
1497 5354 1868 5426 superbiaeque

273 5428 474 5517 tumori
501 5429 730 5487 allidens
749 5433 802 5488 in
832 5434 950 5504 ipso
973 5448 1129 5507 portu
1159 5440 1491 5513 naufragium
1515 5443 1672 5500 fecit:
1702 5445 1869 5517 siqui.

273 5515 399 5574 dem
427 5519 482 5576 in
528 5523 773 5580 oratione
800 5525 1056 5584 damnum
1088 5531 1231 5600 pati,
1259 5533 1312 5588 id
1339 5547 1468 5589 vero
1493 5543 1577 5591 est
1624 5535 1677 5591 in
1710 5515 1866 5607 portu

274 5609 610 5700 naufragium
627 5613 832 5673 facere.
857 5618 975 5675 Non
996 5630 1174 5679 tamen
1201 5624 1254 5681 id
1278 5641 1344 5682 ex
1367 5637 1555 5684 natura
1584 5627 1865 5700 orationis,

274 5699 370 5755 sed
392 5715 460 5757 ex
483 5703 640 5776 culpa
665 5708 953 5767 voluntatis
977 5713 1094 5784 eius
1117 5717 1315 5772 evenit.

345 5794 402 5852 Ω.
422 5794 742 5859 Precatiouis
762 5804 942 5862 modus
962 5809 1093 5881 quis.
1124 5840 1188 5853 -
1222 5811 1384 5870 Vides
1422 5813 1488 5871 ad
1511 5815 1739 5875 salutem
1765 5833 1866 5877 no-

1466 401 1603 463 NON
1645 403 1809 463 ESSE
1849 392 2385 460 DESPERANDUH.

2583 321 2614 346 \
3647 361 3652 365 .

1984 515 2069 573 bis
2091 516 2390 572 orationem
2439 525 2551 573 non
2574 512 2822 574 subicere
2843 558 2858 583 ,
2890 510 2997 572 nisi
3035 514 3195 573 simul
3238 531 3306 574 ex
3335 516 3542 589 legibus
3565 556 3582 583 ,

1983 617 2119 680 quas
2154 609 2278 664 tulit
2315 607 2582 675 Christus,
2609 610 2868 667 ursinus?
2899 609 3044 679 Quas
3087 625 3249 680 porro
3299 611 3446 682 leges
3491 611 3582 670 ille

1984 699 2106 755 tulit
2125 700 2150 754 τ
2171 698 2240 757 Ut
2263 713 2364 772 pro
2391 699 2624 757 inimicis
2661 715 2909 768 oremus,
2945 703 3158 758 tametsi
3188 702 3371 758 multis
3411 703 3583 761 molco

1989 787 2103 845 stiis
2149 803 2250 856 nos
2294 788 2591 846 affecerint.
2627 792 2705 847 Ac
2746 791 2848 846 nisi
2895 790 2998 846 hoc
3024 799 3379 861 pricstcmns,
3421 791 3583 864 plane

1986 881 2264 952 perimus:
2296 882 2349 937 iil
2395 882 2538 955 quod
2585 897 2652 939 ex
2682 882 2940 939 Pbarismi
2981 892 3194 940 constat
3215 886 3488 956 exemplo.
3525 885 3584 944 Si

1983 975 2128 1030 enim
2158 975 2259 1030 iste
2283 989 2405 1030 cum
2436 991 2542 1029 non
2571 965 2832 1031 adversus
2859 975 3103 1031 inimicos
3129 983 3360 1042 orasset,
3389 991 3576 1033 verum

1985 1066 2157 1122 inanis
2185 1065 2370 1137 gloriae
2397 1066 2672 1137 cupiditati
2701 1069 2874 1123 solum
2912 1066 3160 1122 addictus
3192 1067 3424 1134 fuisset,
3455 1079 3581 1124 tan-

1985 1167 2093 1213 tam
2122 1172 2333 1226 ptenam
2364 1159 2617 1213 sustinuit
2636 1199 2652 1224 ,
2691 1157 2835 1230 quod
2868 1158 3186 1229 supplicium
3216 1158 3338 1214 illos
3364 1169 3545 1217 manet
3566 1202 3580 1227 ,

1981 1248 2073 1318 qui
2104 1247 2292 1319 longos
2333 1248 2637 1319 multosque
2678 1262 2957 1304 sermones
2983 1248 3284 1319 producunt
3321 1251 3603 1324 adversus

1981 1339 2256 1396 inimicos?
2273 1340 2408 1410 Quid
2429 1340 2581 1407 facis,
2601 1342 2674 1396 mi
2701 1339 2890 1396 homo?
2911 1341 3127 1408 Adstas,
3147 1351 3206 1397 ut
3227 1343 3434 1399 veniam
3461 1358 3587 1413 pec-

1982 1443 2226 1488 catorum
2243 1432 2503 1502 postules,
2524 1445 2580 1489 et
2595 1435 2826 1489 animam
2845 1433 3118 1490 iracundia
3136 1435 3341 1505 rapias?
3356 1420 3584 1501 Quando

1982 1526 2220 1581 omnium
2252 1527 2564 1585 mitissimus
2585 1543 2706 1583 esse
2735 1543 2835 1582 nos
2855 1536 3086 1598 oportet,
3107 1526 3236 1582 dum
3262 1528 3586 1599 alloquimur

1985 1615 2293 1685 Dominum,
2308 1618 2432 1672 dum
2449 1632 2546 1688 pro
2560 1617 2770 1675 delictis
2785 1618 3587 1684 orainus,misericordiam,cle-

1981 1710 2258 1775 mentiam,
2278 1727 2340 1766 ac
2354 1715 2564 1766 Veniam
2586 1711 2954 1782 implorantes,
2981 1721 3093 1766 tum
3119 1714 3582 1774 excandescimus.

1983 1800 2037 1854 in
2065 1800 2328 1856 feritatem
2369 1801 2726 1866 devolvimur,
2753 1809 2810 1858 et
2833 1817 2896 1856 os
2923 1811 3162 1856 nostrum
3190 1801 3316 1857 felle
3336 1802 3581 1872 comple-

1983 1889 2127 1944 mus?
2155 1889 2273 1956 Quo
2300 1901 2476 1960 pacto,
2502 1906 2703 1961 quiesci,
2735 1891 3028 1960 poterimus
3058 1890 3286 1946 salutem
3315 1891 3538 1962 adipisci
3562 1926 3578 1959 ,

1979 1995 2102 2036 cum
2126 1981 2441 2050 supplicium
2466 1982 2698 2050 Speciem
2724 1997 2832 2049 prie
2859 1980 3016 2036 nobis
3035 1979 3288 2044 feramus,
3308 1983 3467 2055 verba
3491 1996 3585 2036 su-

1983 2073 2267 2141 perborum
2291 2072 2590 2137 efferamus,
2615 2083 2665 2127 et
2685 2075 2732 2126 in
2753 2087 2848 2128 nos
2871 2072 3155 2127 Dominum
3181 2072 3477 2128 irritcmns?
3494 2074 3580 2128 ln-

1981 2163 2198 2232 gressu‘s
2222 2178 2298 2228 es,
2327 2173 2382 2217 nt
2411 2166 2624 2232 propria
2642 2166 2858 2218 vulnera
2875 2179 3120 2226 curares,
3139 2180 3246 2218 non
3272 2174 3332 2218 ut
3359 2167 3580 2235 propin~

1980 2254 2072 2325 qui
2097 2255 2317 2310 vulnera
2349 2254 2599 2310 redderes
2630 2255 2925 2310 acerbiora.
2952 2255 3355 2323 Propitiationis
3374 2267 3584 2326 tempus

1975 2353 2084 2407 est,
2106 2345 2364 2398 orationis
2387 2357 2617 2413 tempus,
2644 2362 2704 2400 ac
2732 2345 2960 2414 gemitus
2979 2384 2994 2407 ,
3019 2361 3127 2398 non
3157 2346 3442 2399 iracnntliu
3469 2362 3481 2400 :
3514 2347 3584 2400 la-

1978 2447 2309 2503 crymartitn,
2339 2452 2442 2490 non
2467 2436 2961 2490 excantlewentiaa:
2991 2435 3440 2505 compunctionis,
3471 2451 3580 2490 non

1983 2522 2377 2593 indignatimiis.
2399 2527 2504 2580 Cur
2529 2525 2814 2581 coiifundis
2843 2525 3112 2580 ordinem?
3129 2541 3225 2581 cur
3247 2526 3338 2582 tibi
3367 2526 3463 2595 ipsi
3491 2542 3578 2581 re-

1983 2616 2210 2684 pugnas?
2233 2631 2328 2670 cur
2346 2617 2628 2671 milificinm
2650 2626 2796 2671 tuum
2815 2616 3009 2671 diruis?
3033 2617 3311 2671 llominem
3332 2618 3421 2687 qui
3439 2628 3577 2680 orat.

1982 2714 2105 2760 ante
2147 2707 2249 2761 alia
2291 2709 2470 2762 omnia
2520 2709 2633 2761 miti
2670 2709 2850 2762 animo
2899 2722 3018 2762 esse
3055 2715 3307 2777 oportet,
3341 2707 3580 2763 modesta

1982 2805 2184 2861 mente,
2212 2798 2376 2853 corde
2404 2798 2636 2853 contrito
2665 2816 2678 2852 :
2702 2799 2792 2868 qui
2815 2813 2944 2852 vero
2965 2797 3160 2852 clamat
3187 2798 3445 2853 adversus
3475 2800 3582 2854 ini-

1981 2888 2170 2953 mices,
2203 2906 2492 2960 numquam
2539 2891 2667 2945 illud
2701 2893 2897 2960 poterit
2934 2890 3180 2946 oblinere
3205 2908 3217 2944 :
3247 2892 3445 2962 quippe
3488 2894 3580 2961 qui

1979 2982 2052 3033 sit
2081 2980 2172 3035 ira:
2205 2983 2393 3050 plenus
2417 3023 2432 3047 ,
2466 2998 2640 3053 neque
2663 2981 2926 3038 modestia
2951 2983 3119 3053 possit
3153 2992 3392 3037 mentem
3418 2983 3580 3040 inof-

1984 3072 2105 3127 iicio
2129 3075 2426 3129 continere.
2842 3137 2843 3140 η

2053 3157 2388 3215 Peccatornm
2413 3164 2711 3226 meminisse,
2744 3172 2877 3216 recte
2899 3167 3150 3232 [actorum
3174 3162 3397 3217 oblivisci
3426 3181 3579 3233 opor-

1981 3262 2076 3330 tet.
2105 3254 2209 3308 Cur
2253 3265 2380 3309 esset
2399 3257 2584 3310 sterilis
2632 3272 2761 3309 uxor
2808 3255 2997 3318 Isaac;
3046 3273 3136 3310 cur
3169 3257 3368 3311 sterilis
3402 3270 3580 3327 partus

1981 3347 2311 3413 prwcesserit.
2343 3346 2516 3402 -—Ne
2567 3346 2726 3418 igitur
2781 3345 3039 3402 adversus
3088 3345 3334 3402 inimicos
3387 3363 3577 3418 preces

1981 3433 2300 3503 fundamus,
2328 3436 2421 3491 sed
2467 3452 2641 3506 neque
2685 3446 2832 3492 recte
2860 3433 3122 3507 factorum
3165 3452 3433 3493 memores
3475 3454 3576 3494 no-

1977 3536 2211 3583 strorum
2242 3529 2449 3597 simus,
2481 3544 2550 3583 ne
2589 3529 2742 3584 nobis
2765 3527 2818 3582 id
2843 3527 3081 3593 accidat,
3105 3529 3246 3598 quod
3276 3530 3570 3586 Pliarisao.

1977 3618 2109 3674 Nam
2153 3620 2605 3690 quemadmodum
2653 3628 2994 3689 peccatorum
3047 3621 3318 3676 recordari
3370 3623 3569 3679 bonum

1975 3720 2090 3773 est,
2115 3710 2189 3766 ita
2233 3719 2383 3766 recte
2413 3711 2675 3765 factorum
2717 3710 2916 3765 bonum
2965 3716 3050 3765 est
3087 3710 3350 3766 oblivisci.
3400 3712 3570 3779 Quam

1979 3800 2193 3856 tandem
2218 3800 2288 3858 ob
2314 3802 2558 3856 causam?
2584 3801 2850 3869 Quoniam
2885 3796 3032 3856 recte
3064 3800 3327 3856 factorum
3351 3803 3570 3872 quidem

1977 3892 2235 3947 memoria
2263 3907 2363 3948 nos
2387 3891 2440 3947 in
2463 3892 2767 3962 superbiam
2797 3892 2973 3963 erigit,
3005 3901 3349 3963 peccatorum
3389 3906 3568 3948 autem

1979 3984 2236 4038 memoria
2280 3993 2515 4040 mentem
2561 3983 2814 4053 deprimit
2859 3992 3021 4054 atque
3066 3983 3322 4039 humilem
3348 3987 3569 4040 redd'.t:

1975 4082 2137 4144 atque
2164 4074 2252 4129 illa
2279 4074 2493 4145 quidem
2519 4074 2935 4146 negligentiores
2959 4073 3158 4142 efficit,
3189 4075 3288 4131 ista
3319 4091 3446 4132 vero
3482 4079 3568 4133 di-

1977 4165 2286 4235 ligentiores
2316 4180 2415 4220 nos
2454 4165 2648 4222 reddit.
2693 4165 2825 4222 Nam
2855 4166 2947 4236 qui
2984 4167 3117 4221 nihil
3155 4168 3256 4222 sibi
3283 4183 3405 4225 esse
3445 4169 3570 4226 boni

1976 4255 2328 4321 arbitrantur,
2353 4255 2647 4325 alacriores
2667 4256 2734 4312 ad
2756 4256 3085 4326 acquirenda
3114 4255 3251 4312 bona
3280 4258 3411 4314 liunt
3443 4277 3455 4312 :
3479 4262 3572 4332 qui

1975 4357 2104 4402 vero
2148 4347 2377 4408 multum
2431 4348 2535 4404 sibi
2563 4349 2860 4419 repositum
2913 4360 3178 4418 quaestum
3225 4352 3568 4420 existimant,

1975 4438 2060 4490 his
2087 4439 2280 4508 opibus
2322 4438 2654 4495 confidentes
2681 4455 2786 4494 non
2820 4454 3069 4511 magnum
3094 4441 3329 4496 studium
3353 4458 3470 4512 prae
3510 4427 3574 4501 su

1975 4527 2153 4584 ferunt
2178 4531 2244 4585 ad
2276 4531 2426 4601 plura
2451 4532 2550 4589 sibi
2579 4530 2836 4601 deinceps
2862 4533 3241 4602 comparanda.

2045 4615 2101 4676 3.
2129 4620 2249 4676 Noli
2275 4637 2404 4694 ergo
2432 4632 2580 4679 recte
2615 4622 2878 4682 factorum
2918 4624 3229 4679 meminisse
3250 4668 3264 4691 ,
3295 4635 3356 4681 ut
3383 4629 3573 4682 memi-

1974 4713 2116 4768 nerit
2151 4714 2364 4774 illorum
2408 4715 2572 4772 Deus.
2603 4714 2700 4769 Dic
2738 4717 2876 4770 enim
2923 4727 3129 4786 peccata
3155 4719 3478 4788 tuaprimus,
3511 4732 3572 4777 ut

1961 4805 2265 4876 justiﬁceris
2289 4804 2494 4877 (Hemi.
2523 4808 2612 4863 43,
2637 4807 2753 4878 26),
2777 4816 2832 4864 et
2853 4819 3074 4864 rursus:
3096 4806 3433 4880 Iniquitatum
3458 4819 3571 4865 ιιιαα

1972 4911 2086 4950 rum
2127 4912 2232 4951 non
2277 4897 2601 4964 recordabar,
2627 4897 2831 4967 inquit:
2867 4906 2923 4976 ut
2958 4907 3014 4953 tu
3063 4898 3335 4954 recordare
3360 4897 3410 4970 (1
3418 4899 3468 4954 ὁ.
3515 4915 3566 4954 υ.

1970 4984 2085 5062 25).
2131 4989 2240 5047 Sed
2291 5004 2450 5060 quam
2477 4989 2700 5049 tandem
2747 4989 2820 5046 ob
2842 5004 3060 5046 causam
3086 4988 3426 5060 publicanum
3460 5000 3568 5048 tam

1971 5085 2080 5140 cito
2109 5083 2384 5142 exaudivit
2407 5083 2547 5139 Deus
2568 5123 2584 5146 ,
2612 5079 2762 5138 Isaac
2791 5091 2971 5139 autem
2998 5081 3189 5154 viginti
3212 5096 3383 5138 annos
3409 5098 3568 5139 orare

1974 5176 2238 5245 permisit,
2266 5175 2424 5246 eique
2449 5190 2546 5245 pro
2567 5181 2738 5231 uxore
2755 5189 2850 5231 sua
2879 5175 3182 5247 supplicare
3200 5215 3216 5239 ,
3245 5191 3306 5230 ac
3335 5184 3446 5229 tum
3472 5175 3566 5230 de~

1973 5282 2119 5324 mum
2139 5267 2264 5338 justi
2291 5268 2538 5337 precibus
2552 5268 2783 5326 annuit?
2807 5268 2944 5324 Sunt
2957 5266 3104 5323 enim
3121 5268 3281 5323 vobis
3301 5266 3562 5324 beatorum

1971 5359 2230 5416 doctrinae
2253 5361 2492 5430 reliquiae
2515 5359 2907 5430 persolvendte.
2937 5359 3109 5428 Quam
3137 5360 3302 5430 igitur
3328 5358 3401 5414 ob
3434 5373 3562 5414 cana

1971 5467 2087 5508 sam
2121 5452 2172 5507 id
2198 5452 2431 5508 accidit?
2458 5450 2533 5509 Ut
2577 5467 2644 5508 ex
2675 5453 2740 5507 iis
2766 5466 2884 5524 qua:
2914 5448 3520 5521 publicano‘evcncrunt
3544 5490 3560 5511 .

1972 5542 2182 5598 Domini
2225 5542 2610 5614 benignitatem
2653 5555 2953 5613 cognoscas
2981 5558 2994 5594 :
3019 5555 3084 5595 ex
3116 5538 3182 5596 iis
3207 5550 3417 5605 autem,
3447 5553 3567 5608 quae

1972 5631 2120 5690 Isaac
2169 5643 2502 5702 evenerunt,
2550 5634 2863 5704 patientiam
2908 5633 3049 5688 servi
3099 5645 3428 5703 cognoscas,
3475 5630 3563 5700 qui

1974 5726 2124 5782 tarde
2148 5726 2394 5796 accepit,
2420 5734 2476 5782 et
2494 5725 2715 5800 precari
2738 5739 2848 5780 non
2865 5723 3106 5789 destitit;
3135 5733 3193 5777 ut
3220 5721 3346 5776 licet
3373 5734 3567 5792 peccas

1976 5828 2060 5877 tor
2087 5819 2164 5875 sis
2183 5859 2199 5890 ,
2230 5833 2338 5874 non
2365 5817 2623 5891 desperes
2649 5835 2663 5874 :
2688 5817 2814 5874 licet
2829 5814 3010 5888 justus
3029 5814 3105 5870 sis
3123 5853 3140 5882 ,
3170 5827 3279 5868 non
3306 5808 3566 5866 eilsrariai
