4194 6302
666 358 779 417 1⁵67

675 474 794 530 Non
818 484 893 531 est
920 492 1047 541 opus
1093 477 1367 536 ualentibus
1409 478 1601 534 medico
1620 520 1636 545 ,
1668 480 1759 535 sed
1781 479 1915 534 ntale
1952 477 2246 533 habentibus

670 562 888 635 (latus.
911 565 966 620 9.
1001 566 1112 638 12).
1152 566 1288 623 Itale
1326 566 1556 623 habebat
1596 569 1941 638 publicanus;
1972 578 2252 639 propterea

670 655 780 711 cito
808 671 1024 711 manum
1052 656 1125 714 illi
1149 659 1419 728 porrexit:
1450 658 1596 714 Isaac
1617 669 1795 715 autem
1820 659 2089 716 robustior
2112 669 2248 727 erat;

674 755 954 817 propterea
980 748 1195 818 reliquit
1217 749 1411 819 ipsum,
1438 758 1501 804 ut
1523 752 1831 819 patientiam
1865 750 1982 820 ejus
2005 760 2250 821 augeret.

670 837 778 893 Sed
806 838 925 894 haec
951 839 1165 911 quidem
1191 856 1257 896 ex
1273 842 1561 899 abundanti
1582 858 1615 897 a
1641 844 1797 899 nobis
1820 844 1928 897 sint
1954 842 2121 897 dicta.
2144 843 2251 897 Cur

668 940 848 985 autem
876 946 1011 986 uxor
1038 932 1241 991 sterilis
1267 942 1429 997 esset,
1451 949 1628 1004 opera:
1655 934 1879 1004 pretium
1907 934 2068 990 fuerit
2096 948 2253 990 enar-

667 1032 791 1075 rare
820 1038 833 1074 :
867 1029 945 1087 ut,
970 1035 1095 1076 eam
1122 1022 1382 1093 virginem
1411 1024 1610 1080 videris
1630 1023 1820 1079 tactam
1851 1040 1973 1081 esse
1996 1034 2247 1093 matrem,

666 1108 891 1166 credere
918 1126 1025 1167 non
1070 1126 1325 1169 recuses:
1356 1122 1435 1179 ut,
1467 1129 1589 1169 cum
1614 1112 1809 1170 dixerit
1851 1116 1945 1171 tibi
1983 1114 2202 1171 Judmus
2230 1157 2247 1183 ,

668 1197 786 1264 Quo
814 1209 969 1268 pacto
996 1193 1201 1271 peperit
1228 1202 1391 1258 Maria
1410 1204 1433 1257 τ
1454 1204 1605 1259 dicas
1634 1203 1731 1269 illi,
1755 1205 1872 1273 Quo
1902 1216 2056 1276 pacto
2084 1222 2251 1277 pepe-

674 1288 746 1342 rit
772 1289 953 1357 Sarra,
977 1301 1033 1347 et
1060 1291 1322 1358 Rebecca,
1345 1305 1401 1349 et
1421 1287 1658 1351 Rachel?
1680 1293 1811 1351 Cum
1837 1297 1979 1352 enim
2006 1297 2250 1357 mirabile

664 1380 945 1450 quidpiam
975 1397 1332 1454 magnumque
1355 1385 1515 1443 fuerit
1538 1396 1875 1452 cvenwrum,
1906 1390 2086 1443 multa:
2114 1404 2250 1460 prte-

668 1481 892 1526 currnnt
936 1471 1140 1543 ﬁgurae.
1158 1474 1224 1530 Et
1242 1466 1827 1546 quemadmodumcum
1850 1479 2142 1550 Imperator
2162 1480 2247 1535 in-

662 1560 928 1629 greditur,
955 1573 1293 1633 praecurrunt
1316 1567 1512 1624 milites
1533 1610 1548 1632 ,
1587 1584 1657 1623 ne
1686 1570 1862 1625 subito
1885 1570 1954 1626 ab
1980 1572 2250 1642 imparatis

669 1650 966 1721 excipiatur
981 1671 993 1705 :
1006 1652 1077 1708 ita
1090 1669 1209 1711 cum
1223 1656 1493 1713 insolitttm
1508 1656 1739 1714 futurum
1753 1669 1896 1716 esset
1911 1662 2245 1727 miraculum,

660 1739 978 1803 pmoednnt
1005 1739 1208 1810 ηαυπτ,
1232 1750 1286 1798 ιιι
1314 1757 1412 1797 nos
1437 1744 1585 1814 prius
1611 1746 1885 1801 exercitati
1915 1761 1978 1802 ac
2004 1748 2248 1818 dispositi

673 1839 778 1881 non
799 1828 978 1884 subite
1004 1832 1215 1887 attoniti
1243 1832 1556 1899 hmreamus,
1584 1851 1681 1891 nec
1706 1838 1785 1892 rei
1808 1846 2000 1908 praeter
2023 1852 2247 1908 exspec-

670 1919 927 1977 tationem
961 1922 1089 1977 visa:
1111 1924 1280 1979 territi
1306 1926 1539 1981 novitate
1573 1928 2033 1998 obstupescamus.
2056 1920 2167 1986 Hoc
2197 1940 2251 1985 et

667 2007 721 2062 in
748 2020 940 2065 morte.
968 2011 1253 2069 Praecessit
1275 2016 1456 2081 Jonas,
1484 2026 1541 2072 et
1570 2028 1801 2074 mentem
1830 2030 2068 2076 nostram
2095 2036 2251 2078 exer-

660 2099 799 2155 cuit.
832 2100 897 2156 Ut
914 2102 1054 2157 enim
1069 2104 1225 2160 illum
1254 2116 1375 2176 post
1396 2118 1507 2163 tres
1531 2108 1645 2165 dies
1665 2120 1815 2167 cetus
1835 2114 2100 2181 evomuit,
2126 2129 2249 2169 cum

661 2188 723 2243 in
752 2205 818 2245 eo
845 2194 1116 2263 propriam
1138 2204 1191 2250 et
1215 2197 1539 2254 conveniens
1569 2216 1676 2256 non
1703 2204 1992 2272 reperisset
2028 2204 2253 2261 alimen-

669 2287 779 2332 tum
806 2296 823 2334 :
855 2283 1126 2351 proprium
1150 2284 1346 2357 quippe
1362 2290 1795 2360 conveniensque
1811 2293 2001 2349 mortis
2020 2294 2247 2351 alimen-

662 2378 779 2423 tum
819 2380 906 2427 est
933 2377 1135 2443 peccati
1179 2387 1367 2432 natura
1398 2396 1413 2433 :
1454 2379 1577 2435 inde
1605 2392 1727 2438 nata
1765 2394 1881 2452 est,
1912 2386 2035 2442 inde
2063 2402 2251 2442 corro-

668 2460 853 2517 borata
883 2474 994 2527 est,
1023 2465 1147 2522 inde
1171 2470 1335 2523 etiam
1374 2470 1559 2526 alitur;
1584 2472 1654 2528 Ut
1695 2474 1854 2544 igitur
1893 2478 1947 2532 in
1988 2478 2140 2534 nobis
2162 2520 2178 2543 ,
2205 2480 2250 2534 si

667 2552 878 2622 quando
904 2553 1129 2625 lapidem
1157 2556 1529 2629 deglutivimus
1563 2563 1926 2633 imprudentes
1948 2608 1964 2635 ,
1990 2578 2099 2623 tum
2130 2570 2251 2641 qui-

668 2641 791 2696 dem
819 2643 1048 2712 primum
1075 2646 1221 2701 illum
1246 2649 1323 2705 vis
1353 2654 1614 2707 stomachi
1644 2670 1979 2727 concoquere
2003 2660 2251 2729 aggredi.

670 2740 757 2785 tur
787 2750 800 2787 :
832 2748 951 2789 cum
980 2750 1109 2790 vero
1142 2738 1321 2793 cibum
1365 2742 1586 2797 minime
1611 2745 1711 2800 sibi
1736 2748 2009 2817 proprium
2030 2764 2252 2820 compe-

670 2823 821 2890 rcrit,
850 2824 935 2880 ubi
967 2826 1163 2883 diutius
1180 2831 1285 2884 vim
1306 2846 1456 2886 suam
1473 2837 1839 2905 concoquendi
1868 2839 1943 2893 illi
1971 2840 2249 2911 applicuit,

672 2926 777 2967 non
804 2914 950 2969 illum
969 2919 1283 2989 corrumpit,
1308 2921 1404 2977 sed
1434 2924 1679 2979 virtutem
1706 2941 1855 2981 suam
1888 2930 2091 2998 perdit:
2111 2930 2253 2988 unde

671 3018 769 3060 nec
812 3008 1039 3075 priorem
1070 3009 1245 3064 cibum
1266 3021 1439 3081 potest
1456 3016 1752 3083 continere,
1776 3018 1870 3073 sed
1898 3018 2109 3077 defessa
2131 3037 2250 3078 cum

672 3098 788 3167 ipso
831 3100 978 3155 illum
1005 3116 1217 3174 quoque
1243 3119 1347 3159 non
1373 3106 1489 3162 sine
1516 3110 1662 3178 gravi
1692 3109 1877 3166 dolore
1916 3114 2114 3169 evomit
2141 3132 2155 3169 :
2179 3116 2251 3171 ita

668 3206 881 3263 quoque
909 3194 963 3249 in
986 3204 1157 3253 morte
1176 3200 1383 3254 accidit.
1412 3200 1665 3271 Lapidem
1697 3204 2001 3273 angularem
2026 3206 2255 3275 degluti-

664 3285 767 3348 vit,
799 3300 971 3354 neque
998 3302 1331 3358 concoquere
1357 3290 1526 3360 ipsum
1550 3295 1737 3365 potuit;
1760 3295 1934 3351 omnis
1956 3302 2075 3365 ejus
2088 3298 2255 3353 virtus

668 3375 906 3446 elanguit
933 3396 947 3431 :
976 3388 1253 3448 propterea
1286 3396 1405 3448 cum
1435 3382 1551 3452 ipso
1590 3364 1849 3455 reliquum
1894 3364 2053 3457 quem
2082 3388 2253 3445 babe-

673 3465 763 3519 bat
787 3467 963 3522 cibum
984 3470 1141 3539 ejecit
1162 3511 1178 3536 ,
1211 3471 1337 3526 dum
1362 3474 1633 3528 hominum
1654 3460 1905 3531 naturam
1930 3478 2091 3533 simul
2120 3496 2251 3534 evo-

668 3557 823 3612 muit.
865 3558 1045 3631 Neque
1091 3564 1231 3617 enim
1278 3563 1532 3636 deinceps
1578 3567 1719 3621 illam
1773 3568 1825 3623 in
1854 3568 2015 3625 ﬁnem
2055 3574 2252 3641 poterit

666 3651 963 3707 continuere.
988 3653 1272 3723 Propterea
1294 3658 1500 3713 steriles
1517 3674 1728 3728 quoque
1756 3672 2164 3731 praeesset-unt,
2196 3673 2251 3719 ut

674 3740 833 3795 etiam
862 3751 1040 3811 partus
1068 3746 1197 3801 ﬁdes
1224 3747 1393 3813 ﬁeret;
1412 3749 1491 3803 vel
1521 3751 1695 3818 potius
1723 3766 1829 3805 non
1856 3753 2015 3807 modo
2040 3763 2094 3807 ut
2120 3753 2253 3810 ﬁdes

676 3834 1035 3899 partus'ﬁeret
1057 3851 1071 3899 ;
1094 3837 1185 3891 sed
1207 3838 1251 3892 si
1280 3848 1464 3893 exacte
1488 3840 1793 3894 examinare
1813 3842 2057 3913 velimus,
2089 3843 2252 3913 ipsius

673 3922 833 3977 ctiam
878 3927 1062 3981 mortis
1090 3927 1309 3998 ﬁguram
1348 3930 1677 3986 sterilitatem
1710 3922 1871 3989 fuisse
1902 3936 2250 4005 reperiemus.

743 4014 797 4067 4.
839 4014 947 4069 Sed
994 4018 1252 4074 attendite
1284 4036 1304 4072 τ
1343 4021 1536 4076 subtile
1565 4038 1795 4093 namque
1824 4034 1905 4079 est
1931 4026 2071 4096 quod
2099 4027 2250 4082 dice-

674 4119 792 4159 mus
822 4109 1059 4178 :quippe
1086 4110 1274 4166 dicturi
1306 4129 1491 4170 sumus
1531 4129 1637 4185 quo
1664 4128 1818 4185 pacto
1852 4116 1919 4172 ad
1970 4117 2128 4175 ﬁdem
2166 4137 2252 4177 re-

674 4199 1021 4253 snrrectionis
1063 4216 1159 4256 nos
1204 4204 1341 4257 uteri
1374 4203 1557 4258 Sarrae
1599 4206 1850 4261 sterilitas
1892 4210 2040 4277 quasi
2091 4226 2251 4266 manu

674 4288 854 4345 ducat.
880 4290 1120 4357 Quonam
1148 4293 1306 4361 igitur
1332 4303 1487 4364 pacto
1505 4309 1664 4349 manu
1687 4296 1869 4351 ducit?
1897 4298 2253 4365 Quemadmo-

674 4380 799 4433 dum
825 4380 911 4434 illa
939 4396 1058 4435 cum
1084 4392 1226 4438 esset
1251 4393 1459 4439 mortua
1476 4385 1736 4441 beneﬁcio
1758 4386 1850 4442 Dei
1875 4390 2122 4444 suscitata
2146 4403 2248 4460 est,

674 4479 730 4523 et
765 4469 928 4527 lsaaci
974 4487 1170 4544 corpus
1204 4476 1391 4529 vivum
1420 4478 1737 4546 germinavit
1775 4497 1789 4533 :
1830 4481 1908 4534 sic
1945 4497 2065 4536 cum
2110 4493 2254 4539 esset

676 4571 917 4617 mortuus
960 4564 1225 4632 Christus,
1254 4568 1466 4638 propria
1503 4569 1696 4626 virtute
1726 4575 2036 4629 resurrexit.
2067 4574 2253 4647 Neque

678 4652 960 4707 violentam
987 4669 1105 4711 esse
1136 4667 1370 4713 nostram
1427 4662 1834 4730 expositionem,
1877 4665 1998 4720 audi
2029 4682 2129 4736 qua
2161 4684 2249 4723 ra-

682 4742 827 4797 tione
856 4743 1047 4799 Paulus
1073 4755 1313 4803 testetur.
1344 4747 1475 4804 Cum
1505 4752 1645 4806 enim
1672 4752 1739 4808 de
1760 4754 2064 4812 Abrahamo
2091 4758 2254 4813 dixis-

675 4843 759 4888 set
790 4851 803 4888 :
838 4833 959 4891 Non
996 4839 1327 4894 consideravit
1372 4850 1649 4897 emortuom
1691 4845 1887 4901 vulvam
1929 4847 2126 4917 Same,
2166 4853 2254 4905 sed

679 4929 993 4998 confortatus
1014 4942 1082 4983 est
1104 4930 1205 4998 [ide
1221 4933 1347 4985 dans
1368 4932 1583 5002 gloriam
1604 4934 1729 5001 Deo,
1753 4936 2051 5007 plenissime
2067 4942 2251 5010 sciens,

679 5018 798 5085 quia
819 5033 1145 5089 quacumque
1165 5024 1409 5089 promisit,
1438 5034 1612 5094 potens
1642 5035 1714 5079 est
1743 5036 1789 5080 et
1811 5030 1975 5097 facere
1998 5030 2172 5102 (Rom.
2197 5034 2250 5088 4.

683 5108 876 5179 l9-2t)
907 5108 1050 5165 :‘hoc
1086 5120 1189 5177 est,
1217 5111 1431 5167 efﬁcere
1473 5124 1533 5167 ut
1587 5130 1651 5169 ex
1694 5118 2004 5187 corporibus
2030 5123 2254 5176 mortuis

683 5198 826 5253 ﬁlius
854 5200 1004 5254 vivus
1028 5212 1343 5257 enascatur;
1366 5203 1562 5257 deinde
1588 5204 1656 5258 ab
1677 5205 1764 5259 illa
1792 5206 1914 5273 ﬁde,
1938 5217 2001 5262 ut
2020 5210 2085 5263 ad
2115 5210 2254 5265 hanc

683 5304 779 5345 nos
809 5290 1113 5358 deduceret,
1138 5293 1329 5362 adjecit
1360 5312 1373 5349 :
1409 5293 1530 5348 Non
1559 5305 1629 5347 est
1654 5297 1896 5366 scriptum
1922 5309 2113 5353 tantum
2135 5318 2255 5371 pro-

688 5392 797 5451 pter
820 5382 1005 5453 ipsum,
1027 5385 1145 5453 quia
1169 5395 1453 5454 reparatum
1490 5396 1565 5440 est
1604 5386 1682 5439 illi
1706 5401 1724 5441 :
1752 5389 1841 5441 sed
1868 5398 1915 5441 et
1937 5402 2141 5459 prapter
2164 5409 2255 5446 nos

692 5472 861 5536 (Rom.
915 5475 969 5529 4.
998 5474 1085 5530 25.
1118 5476 1232 5547 24).
1274 5477 1355 5530 Ad
1392 5476 1554 5547 quid?
1587 5476 1778 5543 Quibus
1812 5482 2139 5551 reputabitur,
2172 5484 2253 5537 in-

691 5567 817 5633 quit,
851 5566 1159 5620 credentibus
1186 5568 1237 5619 in
1268 5584 1399 5634 eum,
1441 5570 1526 5638 qui
1561 5570 1819 5623 suscitavit
1858 5569 2031 5625 Jesum
2072 5573 2251 5628 Denti-

692 5674 806 5709 num
850 5667 1073 5711 nostrum
1104 5676 1133 5711 a
1160 5659 1385 5712 mortuis.
1432 5659 1583 5727 Quod
1620 5672 1795 5714 autem
1826 5661 1976 5726 dicit,
2004 5672 2084 5717 est
2110 5664 2253 5735 ejus—

696 5748 857 5805 ’πῆ-ἀί.
892 5748 1125 5806 lsaacum
1154 5765 1218 5805 ex
1247 5752 1467 5807 mortuis
1515 5752 1829 5822 corporibus
1855 5754 2102 5811 excitavit
2137 5775 2147 5811 :
2179 5758 2256 5814 sic

1415 359 1470 416 S.
1509 357 1786 417 JOANNlS
1824 354 2297 417 ειιιιῐεοετοιιι
2335 355 2659 415 ARCHIEP.
2688 360 3226 425 CONSTANTINOP.

2364 477 2527 532 etiam
2558 477 2747 534 Filium
2776 496 2932 536 suum
2952 481 3041 550 qui
3068 492 3309 537 mortuus
3331 488 3448 537 erat
3462 483 3768 538 suscitavit.
3784 482 3949 541 rm

2355 567 2575 623 alterius
2601 570 2762 624 etiam
2795 571 2872 625 rei
2917 570 3217 642 syntlwlum
3260 570 3437 628 fuisse
3472 573 3812 630 sterilitatem
3856 588 3949 629 co-

2360 659 2661 727 gnoscere?
2687 661 3080 716 Multitudinem
3108 661 3343 717 ﬁdelium
3374 663 3615 732 paritura
3629 674 3746 719 erat
3772 664 3953 719 Eccle-

2356 748 2487 823 sia‘:
2518 758 2573 802 ut
2618 747 2779 819 igitur
2816 753 3041 807 credere
3078 752 3301 807 minisac
3347 766 3626 808 recusares
3654 768 3764 823 quo
3792 762 3949 823 pacto

2357 816 2661 903 inl'icunda,
2705 838 3040 910 infmgil’cra,
3086 842 3283 897 sterilis
3327 842 3644 913 peperisset,
3672 816 3952 913 Mt

2355 943 2441 994 ea,
2483 945 2603 999 qua:
2644 941 2828 985 natura
2872 932 3073 986 sterilis
3117 944 3277 988 erat:
3307 948 3427 1004 quae
3475 932 3648 994 sterili
3685 934 3948 989 voluntati

2358 1020 2495 1075 viam
2519 1024 2885 1091 praemuniret,
2914 1033 2968 1078 et
2991 1023 3150 1080 Sarra
3194 1023 3336 1079 facta
3361 1036 3447 1081 est
3755 1024 3944 1094 ﬁgura-

2356 1109 2489 1165 Nam
2515 1122 2569 1166 ut
2592 1112 2683 1167 illa
2714 1129 2836 1168 cum
2869 1115 3073 1169 sterilis
3101 1123 3266 1182 esset,
3286 1116 3494 1185 peperit
3523 1115 3576 1169 in
3596 1125 3817 1170 senecta
3838 1132 3852 1167 :
3872 1129 3951 1169 ste

2355 1210 2410 1257 et
2433 1204 2534 1257 ista
2567 1219 2688 1258 cum
2720 1205 2919 1259 sterilis
2944 1214 3110 1272 esset,
3156 1206 3461 1260 novissimis
3496 1206 3831 1275 temporibus
3856 1220 3951 1275 pc-

2354 1293 2511 1364 perit.
2543 1295 2717 1365 Atque
2741 1295 2840 1349 hoc
2866 1310 3051 1352 verum
3078 1309 3222 1359 esse,
3249 1309 3357 1364 quo
3382 1303 3537 1365 pacto
3563 1294 3761 1349 Paulus
3777 1303 3946 1349 teste«

2356 1393 2441 1441 tur
2468 1385 2592 1439 audi
2622 1402 2637 1440 :
2674 1384 2784 1440 Nos
2826 1396 2996 1439 autem
3022 1402 3202 1439 sumus
3228 1386 3398 1439 liberte
3422 1385 3521 1459 ﬁlii
3560 1382 3701 1455 (Cal.
3737 1385 3789 1439 4.
3823 1380 3933 1454 3|).

2353 1475 2487 1531 Cum
2518 1476 2663 1532 cnim
2698 1476 2864 1547 ﬁgura
2895 1480 2965 1531 sit
2995 1476 3249 1532 Ecclesia:
3277 1474 3460 1543 Sarra,
3490 1489 3610 1545 qua
3648 1475 3814 1529 libera
3841 1482 3947 1539 est,

2354 1568 2553 1625 idcirco
2592 1568 2814 1633 addidit,
2864 1584 2962 1625 nos
3000 1568 3183 1623 libera:
3233 1566 3373 1622 ﬁlios
3415 1581 3557 1622 esse.
3601 1565 3672 1620 Et
3713 1579 3903 1620 rursus
3928 1582 3946 1618 :

2352 1656 2557 1728 Itaque,
2580 1661 2783 1730 fratres,
2806 1658 3085 1713 secundum
3105 1655 3257 1711 Isaac
3284 1656 3633 1728 promissionis
3652 1655 3752 1724 ﬁlii
3772 1671 3951 1709 sumus

2358 1748 2499 1821 (Gal.
2531 1752 2586 1805 4.
2626 1750 2740 1819 28).
2780 1749 2919 1817 Quid
2957 1758 3041 1804 est
3082 1749 3203 1815 hoc,
3251 1747 3615 1802 Promissionis
3673 1748 3699 1800 7
3748 1747 3949 1813 Quem—

2352 1838 2647 1894 admodum
2692 1840 2840 1893 illum
2886 1847 3076 1893 natura
3129 1853 3234 1893 non
3284 1839 3511 1908 peperit,
3542 1839 3620 1891 sic
3649 1852 3824 1906 neque
3851 1850 3950 1890 nos

2355 1938 2541 1985 natura
2568 1930 2795 2000 peperit,
2827 1929 2919 1983 sed
2938 1929 3103 1999 gratia
3129 1928 3246 1984 Dei.
3278 1928 3343 1982 Et
3370 1941 3560 1981 rursus
3586 1945 3600 1981 :
3627 1926 3759 2000 Qua
3778 1935 3948 1979 autem

2353 2035 2555 2072 sursum
2586 2028 2659 2073 est
2686 2017 2977 2072 Jerusalem
3028 2017 3185 2072 libera
3220 2026 3313 2083 est,
3344 2033 3457 2087 qua
3483 2025 3556 2071 est
3590 2025 3751 2069 mater
3775 2024 3950 2069 nostra

2356 2107 2499 2179 (Gal.
2532 2111 2585 2163 4.
2650 2106 2788 2179 26),
2845 2108 2959 2162 ha-c
3003 2117 3086 2162 est
3125 2117 3303 2162 autem
3352 2106 3613 2161 Ecclesia.
3658 2106 3951 2161 Accessistis

2356 2216 2492 2254 enim
2516 2200 2585 2253 ad
2609 2200 2739 2254 Sion
2762 2210 3001 2264 montem,
3030 2200 3223 2270 inquit,
3250 2210 3298 2253 et
3321 2199 3574 2253 civitatein
3598 2198 3698 2252 Dei
3715 2198 3947 2261 virentis,

2356 2288 2644 2343 Jerusalem
2673 2290 2939 2356 salutent,
2965 2298 3014 2343 et
3045 2286 3327 2343 Ecclesium
3360 2289 3730 2358 primitiroruns
3757 2286 3946 2357 (Hebr.

2358 2380 2445 2435 12.
2477 2380 2595 2449 22).
2625 2380 2681 2436 Si
2708 2395 2837 2451 ergo
2863 2394 3096 2449 superna
3119 2378 3415 2434 Jerusalem
3430 2390 3518 2434 est
3543 2378 3805 2445 Ecclesia,
3833 2392 3948 2448 por-

2357 2486 2419 2525 ro
2448 2470 2747 2526 Jerusalem
2774 2486 3023 2541 superna:
3071 2469 3237 2540 ﬁgura
3278 2477 3365 2525 est
3392 2470 3575 2535 Sarra,
3601 2481 3763 2540 prout
3788 2468 3946 2532 dixit,

2361 2559 2489 2615 Duc
2509 2570 2650 2624 sunt,
2680 2578 2784 2614 una
2812 2561 3015 2631 quidem
3046 2561 3101 2614 in
3146 2561 3434 2615 servitutem
3453 2575 3719 2631 generous,
3738 2574 3853 2629 quc
3877 2570 3949 2612 est

2357 2652 2497 2723 Agar
2516 2669 2535 2706 :
2558 2668 2672 2722 qua
2700 2662 2870 2706 auum
2895 2669 3097 2707 sursum
3119 2662 3192 2707 est
3217 2652 3510 2707 Jerusalem
3537 2651 3696 2705 libera
3717 2661 3807 2715 est,
3836 2665 3950 2719 qua

2358 2751 2430 2797 est
2458 2752 2617 2795 inater
2639 2752 2815 2797 nostra
2842 2742 2987 2806 (Gal.
3022 2744 3075 2798 4.
3106 2742 3297 2815 24-26)
3323 2761 3337 2798 :
3392 2742 3733 2797 manifestum
3760 2751 3839 2797 est
3861 2741 3951 2796 Jo-

2357 2832 2609 2897 rusalem,
2642 2848 2761 2903 qua:
2792 2848 3003 2888 sursum
3048 2843 3151 2901 est,
3179 2834 3403 2905 ﬁguram
3438 2848 3560 2890 esse
3591 2832 3805 2889 Sanam
3848 2831 3949 2888 ba-

2356 2925 2467 2980 bila
2497 2926 2703 2981 ratione
2729 2934 2915 2995 partus
2942 2941 3005 2979 ac
3026 2925 3343 2981 sterilitatis.

2436 3016 2491 3070 5.
2535 3014 2660 3071 Scio
2686 3014 2963 3069 subtiliora
2992 3028 3113 3069 esse
3139 3030 3257 3083 qua:
3278 3014 3548 3069 diximus:
3571 3012 3665 3068 sed
3695 3013 3740 3068 si
3768 3020 3942 3068 atten-

2356 3106 2565 3173 damus,
2596 3105 2728 3159 nihil
2762 3119 2947 3160 corum
2987 3118 3085 3160 nos
3112 3104 3348 3175 eﬁ‘ugiet,
3399 3120 3517 3175 quas
3553 3103 3827 3159 dicuntur.
3866 3104 3929 3158 lli

2356 3212 2485 3267 ergo
2512 3196 2777 3266 pleniores
2798 3198 3169 3268 mysteriorum
3200 3205 3323 3251 sunt
3368 3196 3782 3266 dogmatumqne
3809 3211 3932 3251 ser-

2361 3304 2548 3343 mones
2571 3306 2583 3340 :
2609 3289 2701 3344 sed
2731 3290 2776 3342 si
2801 3289 2944 3342 lubet
2970 3289 3509 3345 accommodatiorem
3532 3288 3597 3343 ad
3626 3303 3804 3344 mores
3822 3303 3949 3344 cunt

2361 3380 2464 3433 illis
2488 3378 2839 3449 proferemus.
2868 3378 3081 3434 Stcrilis
3107 3388 3223 3434 erat
3244 3393 3398 3445 uxor,
3432 3388 3487 3432 ut
3512 3379 3809 3434 castitatem
3832 3394 3948 3433 rna-

2359 3471 2445 3525 riti
2472 3485 2802 3541 cognoscas:
2828 3469 2968 3539 quod
2990 3485 3089 3526 nec
3115 3470 3255 3524 illam
3286 3470 3570 3539 expulerit,
3600 3469 3809 3525 tametsi
3834 3480 3947 3524 tum

2357 3566 2411 3621 id
2440 3566 2522 3620 lex
2555 3566 2695 3619 nulla
2730 3564 3061 3635 prohiberet,
3096 3578 3266 3632 neque
3294 3564 3515 3618 alteram
3545 3562 3760 3617 ductam
3803 3577 3947 3631 pra-

2360 3664 2441 3709 ter
2484 3654 2703 3709 liberam
2748 3651 3038 3708 introduxit
3074 3670 3087 3706 :
3117 3652 3261 3723 quod
3327 3644 3505 3706 tamen
3550 3650 3753 3706 faciunt
3791 3651 3946 3706 multi

2356 3744 2767 3816 qumrepdorum
2807 3741 3345 3822 specie‘liberurum,
3393 3750 3449 3794 ut
3488 3741 3749 3795 luxuriam
3791 3757 3945 3795 suam

2365 3839 2633 3907 expleant,
2668 3845 2720 3891 et
2750 3836 2845 3889 bas
2874 3834 3110 3904 ejiciunt,
3146 3833 3263 3888 illas
3291 3832 3672 3888 introducunt:
3700 3832 3788 3886 alii
3813 3846 3945 3903 quo-

2357 3944 2459 3998 que
2490 3928 2705 3998 pelliccs
2731 3928 2783 3981 in
2803 3941 2903 3982 eas
2931 3931 3160 3991 armant,
3183 3932 3239 3979 et
3267 3923 3489 3988 inﬁnitis
3510 3924 3701 3995 pugnis
3722 3938 3787 3978 ac
3813 3924 3945 3979 rixis

2358 4020 2547 4075 domos
2575 4019 2863 4087 complent.
2890 4019 2958 4072 At
2983 4031 3087 4072 non
3120 4017 3190 4071 ita
3225 4016 3400 4087 justus
3426 4016 3514 4071 ille
3547 4032 3562 4069 :
3590 4016 3686 4070 sed
3714 4017 3929 4086 quietus

2358 4118 2475 4165 erat
2498 4109 2621 4163 data
2651 4108 2750 4162 sibi
2782 4122 2811 4161 a
2845 4106 2953 4162 Deo
2978 4122 3142 4161 uxore
3168 4115 3471 4172 contentus,
3508 4121 3573 4161 ac
3602 4106 3943 4161 naturane-

2356 4201 2558 4253 minum
2581 4198 2917 4269 precabatur,
2943 4205 2999 4251 ut
3030 4205 3231 4251 natura
3251 4195 3461 4251 vincula
3490 4196 3745 4262 solveret,
3769 4211 3945 4266 neque

2358 4290 2510 4343 uxori
2532 4287 2891 4358 exprobravit.
2918 4284 3072 4342 Unde
3098 4300 3226 4341 vero
3250 4295 3459 4340 constat
3481 4300 3602 4340 eum
3620 4301 3728 4342 non
3744 4301 3944 4357 expro-

2361 4381 2585 4434 brasse?
2626 4380 2703 4434 Ex
2728 4379 2840 4449 ipsa
2869 4378 3166 4449 Scriptura.
3190 4378 3246 4433 Si
3266 4377 3665 4447 exprobrasset,
3688 4377 3791 4433 hoc
3810 4394 3943 4449 quo-

2358 4486 2463 4539 que
2498 4471 2768 4540 Scriptura
2790 4468 3032 4534 dixisset,
3058 4484 3233 4539 neque
3272 4469 3560 4525 tacuisset:
3591 4469 3861 4539 siquidem
3891 4480 3944 4525 et

2359 4565 2612 4635 prmclara
2645 4563 2901 4631 facinora,
2928 4572 2985 4617 et
3013 4563 3135 4618 vitia
3156 4562 3427 4633 iustorum
3456 4572 3862 4628 commemorat,
3888 4572 3948 4617 ut

2360 4658 2475 4713 lucc
2505 4656 2789 4727 fugiamus,
2815 4656 2900 4710 illa
2933 4656 3267 4709 aemulemur.
3288 4655 3421 4708 Cum
3441 4654 3597 4724 igitur
3614 4654 3756 4723 apud
3778 4655 3945 4710 ﬁlium

2359 4750 2474 4819 ejus
2502 4765 2664 4803 nurus
2694 4747 2864 4817 ipsius
2892 4746 3092 4801 Rachel
3124 4746 3523 4810 lamentaretur,
3564 4754 3618 4799 et
3644 4745 3731 4799 ille
3758 4745 3944 4815 objur-

2359 4849 2527 4910 garet,
2548 4838 2821 4908 expressit
2836 4847 3139 4907 utrumque,
3168 4834 3478 4890 neccelavit
3494 4834 3788 4905 Scriptura.
3809 4838 3944 4890 Cum

2361 4933 2500 4987 enim
2527 4931 2748 4986 dixisset
2778 4948 2791 4983 :
2814 4929 2895 4984 Da
2923 4929 3049 4983 mihi
3069 4928 3250 4983 liberos
3272 4928 3350 4981 :si
3374 4938 3540 4980 autem
3560 4943 3684 4993 non,
3712 4928 3906 4981 moriar
3928 4945 3947 4980 .-

2358 5025 2483 5094 quid
2507 5025 2595 5080 ille
2619 5025 2729 5079 ait?
2753 5024 3015 5093 Numquid
3045 5020 3183 5074 Deus
3212 5036 3323 5091 ego,
3351 5020 3437 5088 qui
3466 5020 3676 5087 privavit
3702 5029 3750 5071 te
3774 5024 3946 5088 fructu

2358 5118 2579 5171 ventris?
2629 5115 2707 5167 Da
2750 5114 2871 5167 mihi
2918 5112 3099 5184 liberos
3153 5108 3302 5180 (Gen.
3333 5110 3423 5164 50.
3458 5108 3508 5163 Ι.
3550 5107 3629 5179 2).
3659 5108 3936 5163 Muliebris

2361 5207 2661 5277 postulatio,
2688 5213 2742 5259 et
2770 5220 2800 5259 a
2830 5204 3036 5259 ratione
3064 5202 3256 5256 aliena.
3298 5200 3488 5255 Ilarito
3514 5198 3673 5265 dicis,
3708 5198 3792 5253 Da
3815 5201 3943 5253 mihi

2360 5298 2561 5363 liberos,
2585 5305 2638 5351 et
2666 5306 2869 5349 natura:
2896 5294 3180 5347 Dominum
3226 5289 3627 5360 praetermittis?
3658 5288 3863 5344 idcirco
3893 5301 3946 5343 et

2332 5406 2337 5410 '
2361 5391 2451 5445 ille
2472 5405 2595 5445 cum
2619 5389 2758 5443 illam
2782 5384 3107 5455 increpando
3130 5382 3510 5452 reSpondisset,
3527 5379 3813 5435 absurdam
3828 5382 3946 5450 ejus

2362 5484 2669 5552 petitionem
2693 5478 2969 5547 repressit,
2994 5485 3047 5530 et
3066 5491 3093 5527 a
3116 5490 3219 5545 quo
3238 5473 3520 5543 petendum
3536 5482 3683 5528 esset
3702 5472 3939 5527 edocuit.

2362 5577 2431 5629 At
2466 5589 2569 5627 non
2614 5573 2683 5626 ita
2716 5570 2837 5633 iste,
2868 5582 3038 5637 neque
3070 5566 3172 5620 tale
3208 5564 3493 5635 quidquam
3530 5564 3645 5630 ipse
3674 5563 3826 5629 dixit,
3859 5578 3945 5618 ne-

2362 5682 2464 5735 quc
2491 5662 2627 5732 apud
2655 5665 2810 5717 istum
2840 5660 2923 5713 illa
2952 5664 3239 5727 conquesta
3262 5666 3342 5711 est
3369 5664 3459 5709 aut
3484 5653 3795 5709 lamentata.

2444 5756 2579 5823 Quid
2610 5754 2847 5824 prwdicta
2864 5768 2953 5806 nos
2977 5752 3205 5805 doceant.
3229 5748 3273 5802 Δ
3297 5747 3545 5816 veneﬁciis
3561 5758 3718 5812 atque
3735 5744 3947 5812 μητειί-
