4194 6302
239 451 340 518 piis
385 444 764 500 declinarunt.
797 428 1047 514 Coniugia
1071 440 1353 497 seinuicens
1396 438 1614 507 diligant
1638 452 1834 492 necesse

244 538 555 595 cst—Hinc
589 536 891 593 castitatem
917 536 1173 592 docemur
1214 533 1374 589 simul
1409 543 1462 589 et
1493 531 1675 587 ﬁdem.
1700 530 1834 586 Nam

243 649 369 690 cum
421 633 589 687 Deum
629 641 897 701 precetur,
940 630 1096 686 fidem
1139 629 1255 698 ejus
1299 627 1402 683 hoc
1437 626 1634 682 indicat
1667 643 1681 679 :
1712 636 1837 678 cum

252 738 385 781 vero
414 737 752 793 nequaquam
781 738 1000 778 uxorem
1032 721 1229 790 ejiciat,
1281 720 1332 774 id
1357 720 1475 789 ejus
1502 716 1837 771 manifestam

248 815 755 885 redditcastitatem
790 833 808 870 :
835 831 958 871 cum
995 823 1173 870 autem
1201 830 1307 868 non
1332 811 1641 882 exprobret,
1666 822 1839 878 neque

249 905 526 975 desperet,
560 906 613 962 id
640 907 951 976 patientiam
981 905 1099 974 ejus
1125 913 1181 959 et
1207 902 1371 958 animi
1397 900 1839 963 moderationem,

250 997 580 1066 multamque
606 996 921 1051 modestiam
947 1006 1001 1050 et
1020 1009 1257 1049 amorem
1280 1008 1403 1064 erga
1424 1005 1649 1046 uxorem
1670 998 1845 1043 osten-

252 1085 353 1143 dit.
382 1086 565 1156 Neque
584 1087 751 1153 enim,
770 1085 1219 1157 quemadmodum
1240 1098 1381 1145 nunc
1403 1082 1557 1139 multi
1579 1081 1841 1146 factitant,

251 1177 342 1244 qui
374 1177 427 1232 in
454 1177 719 1246 ejusmodi
758 1178 1015 1233 arumnis
1036 1176 1112 1251 ad
1142 1173 1399 1230 veneficia
1445 1172 1846 1244 mastigiasqw

254 1267 596 1339 confugiunt,
632 1270 717 1323 illa
739 1269 1033 1340 superflua,
1062 1267 1295 1332 inutilia,
1327 1267 1506 1331 noxia,
1547 1265 1848 1333 animatque

256 1358 466 1417 lctifera
495 1359 583 1414 ille
603 1358 752 1425 fecit,
770 1360 866 1415 sed
892 1360 1108 1415 omissis
1134 1358 1383 1416 omnibus
1400 1356 1506 1421 his,
1532 1354 1847 1424 cunctisque

256 1451 581 1520 contemptis
605 1451 765 1506 rebus
782 1450 1057 1517 .humanis,
1084 1448 1154 1505 ad
1196 1457 1399 1505 natura
1428 1446 1734 1511 Dominum,
1755 1445 1850 1515 qui

257 1552 471 1613 poterat
498 1542 582 1598 his
608 1543 757 1598 solus
784 1526 1279 1610 lnederi,recurrit.

334 1633 388 1689 6.
430 1634 626 1689 Audite
665 1636 802 1699 bam,
843 1635 1042 1702 mariti,
1079 1634 1291 1701 discite,
1329 1647 1553 1698 uxores,
1580 1630 1853 1686 imitemur

256 1727 463 1799 justum
494 1741 704 1781 omnes.
734 1726 883 1780 Nihil.
903 1726 1073 1797 pluris
1099 1725 1258 1780 faciat
1281 1741 1436 1789 uxor,
1454 1738 1613 1792 quam
1636 1724 1806 1777 virum
1833 1738 1847 1774 :

264 1817 397 1874 nihil
427 1818 595 1886 magis
623 1818 704 1870 vir
738 1817 942 1887 diligat,
974 1833 1135 1886 quam
1176 1832 1417 1871 uxorem.
1452 1814 1566 1870 Hoc
1610 1815 1850 1869 omnium

266 1917 512 1969 nostrum
545 1909 705 1963 vitam
734 1917 930 1971 tuetur,
952 1923 1173 1963 uxorem
1201 1924 1321 1963 cum
1344 1907 1460 1962 viro
1484 1905 1847 1961 concordare:

264 2000 369 2055 hoc
397 1999 652 2053 mundum
695 2001 933 2055 continet
982 2000 1309 2053 universum.
1341 1997 1473 2053 Nam
1500 1997 1856 2067 quemadmo-

262 2092 391 2145 dum
423 2106 686 2145 concusso
715 2091 1062 2147 fundamento
1092 2102 1258 2147 totum
1288 2091 1491 2146 corruit
1518 2089 1800 2145 aedilicium
1836 2105 1848 2142 :

262 2183 341 2236 sic
368 2182 529 2237 etiam
556 2198 677 2236 cum
707 2182 925 2237 dissidia
966 2182 1107 2238 inter
1144 2183 1400 2252 conjuges
1444 2182 1707 2244 oriuntur,
1743 2189 1853 2235 tota

262 2272 371 2325 vita
419 2282 599 2326 nostra
644 2272 989 2333 subvertitur}.
1030 2272 1165 2327 Vide
1202 2288 1432 2343 namque
1477 2271 1754 2328 :mundus
1783 2286 1853 2326 ex

262 2365 488 2421 urbibus
517 2376 748 2432 constat,
794 2367 954 2422 urbes
983 2383 1051 2422 cx
1083 2368 1355 2435 domibus,
1384 2384 1447 2425 ex
1481 2369 1610 2425 viris
1633 2384 1696 2425 ac
1723 2385 1857 2425 uxoo

264 2459 417 2514 ribus
445 2458 660 2513 domus.
691 2458 746 2514 Si
778 2461 939 2530 igitur
980 2460 1121 2517 inter
1158 2461 1306 2517 viros
1343 2471 1399 2518 et
1441 2478 1635 2518 uxores
1679 2479 1850 2535 pugna

262 2546 574 2619 consurgat,
607 2550 734 2606 dum
765 2550 864 2604 ista
894 2552 1193 2617 turbantur,
1225 2553 1387 2608 etiam
1414 2553 1578 2609 urbes
1605 2564 1853 2611 evertun-

265 2649 353 2701 tur
379 2658 394 2693 :
424 2639 567 2709 quod
590 2641 635 2694 si
653 2642 812 2696 urbes
831 2641 1128 2705 turbentur,
1156 2645 1461 2700 universum
1483 2647 1643 2701 etiam
1667 2646 1854 2703 orbem

266 2729 488 2789 omnino
534 2743 755 2785 necesse
802 2740 887 2786 est
936 2732 1284 2799 tumultibus,
1331 2733 1508 2801 bellis,
1558 2740 1856 2807 pugnisque

264 2818 547 2887 compleri.
595 2818 886 2890 Propterea
915 2821 1057 2877 Deus
1088 2822 1240 2877 istius
1282 2825 1359 2880 rei
1398 2826 1631 2882 maxime
1670 2841 1855 2883 curam

264 2911 439 2979 gerit;
472 2922 759 2982 propterea
784 2928 1005 2969 uxorem
1026 2914 1150 2982 ejici
1175 2931 1280 2970 non
1304 2917 1452 2984 sinit,
1500 2928 1855 2992 praeterquam

263 3000 335 3055 ob
363 3001 534 3056 solam
581 3004 1007 3060 fornicationem.
1037 3006 1176 3073 Quid
1210 3008 1370 3078 igitur
1393 3009 1437 3064 si
1462 3013 1851 3069 contumeliosa

264 3092 353 3159 sit,
383 3094 528 3150 dicet
548 3096 760 3166 aliquis,
785 3097 829 3151 si
852 3098 1068 3168 profusa
1097 3100 1165 3154 sit
1186 3112 1237 3155 ct
1267 3111 1601 3172 sumptuosa,
1620 3116 1676 3161 et
1695 3105 1857 3163 innu-

267 3184 432 3239 tueris
461 3186 579 3240 aliis
610 3188 754 3243 vitiis
781 3191 1019 3246 scateat?
1045 3191 1318 3249 Patienter
1349 3193 1427 3249 fer
1454 3197 1655 3265 omnia,
1685 3214 1861 3271 neque

269 3286 492 3347 propter
513 3277 639 3332 vitia
665 3280 823 3349 ejice,
848 3291 1215 3363 verumtamen
1238 3285 1364 3339 vitia
1385 3289 1612 3358 corrige.
1635 3290 1861 3360 PrOpte-

268 3384 360 3423 rea
390 3378 445 3423 tu
474 3371 664 3439 capitis
703 3371 881 3429 locum
908 3383 1078 3443 tenes,
1111 3386 1168 3431 ut
1207 3379 1418 3449 corpori
1464 3382 1604 3437 scias
1633 3383 1857 3440 mederi.

268 3458 401 3513 Nam
435 3478 607 3531 neque
634 3464 679 3517 si
708 3479 902 3533 corpus
932 3479 1174 3523 nostrum
1222 3470 1513 3527 innumeris
1552 3474 1622 3528 sit
1648 3476 1859 3532 confos-

269 3566 390 3605 sum
422 3553 754 3621 vulneribus,
798 3556 926 3612 illud
968 3573 997 3611 a
1038 3561 1211 3629 capite
1237 3577 1566 3630 separamus.
1598 3566 1675 3624 Ne
1702 3568 1862 3637 igitur

271 3658 493 3699 uxorem
523 3660 736 3715 quoque
762 3662 980 3717 separes
1008 3664 1037 3703 a
1069 3651 1242 3721 teipso
1268 3671 1281 3710 :
1313 3654 1466 3709 nobis
1491 3657 1633 3714 enim
1663 3674 1862 3728 corpo-

272 3736 348 3788 ris
374 3736 491 3789 loco
514 3747 594 3792 est
618 3752 769 3791 uxor.
802 3738 972 3805 Quam
999 3740 1069 3795 ob
1093 3757 1308 3799 causam
1331 3746 1517 3800 beatus
1546 3748 1704 3803 etiam
1728 3750 1863 3804 Pau-

273 3829 358 3882 lus
387 3830 563 3884 aiebat
598 3849 609 3883 :
654 3828 763 3883 Viri
784 3833 1000 3902 diligere
1022 3850 1205 3889 uxores
1230 3837 1301 3890 sic
1341 3838 1540 3903 debent,
1566 3850 1622 3893 ut
1647 3858 1863 3911 corpora

273 3936 367 3977 sua
401 3918 616 3990 (Ephes.
656 3922 709 3976 5.
736 3920 855 3993 Ξὸ).
904 3923 968 3977 Et
1009 3940 1104 3993 pro
1137 3927 1392 3982 uxoribus
1435 3930 1624 3985 eadem
1651 3932 1737 3986 lex
1772 3932 1866 3987 da-

274 4020 362 4065 tur
392 4030 404 4065 :
436 4013 571 4065 sicut
601 4024 743 4066 tamn
774 4025 931 4083 caput
955 4031 1104 4071 antas
1133 4027 1186 4071 ct.
1215 4020 1366 4083 colis,
1401 4035 1557 4087 uxor,
1596 4024 1670 4077 ita
1693 4022 1863 4079 virum

277 4115 427 4160 tuum
455 4106 569 4159 cole
592 4108 606 4137 ¹
642 4124 657 4161 :
692 4109 1028 4177 nequeenim
1056 4109 1170 4165 sine
1194 4126 1353 4166 causa
1385 4122 1583 4168 tantam
1618 4116 1770 4171 istius
1786 4118 1865 4171 rei

277 4195 537 4249 rationem
573 4195 848 4251 habemus.
880 4197 1001 4253 Scio
1031 4210 1161 4269 quot
1197 4201 1333 4256 bona
1367 4206 1615 4259 conciliet
1637 4208 1800 4276 istud,
1822 4208 1869 4263 si

279 4285 483 4336 nullum
518 4286 654 4337 inter
678 4287 845 4341 virum
869 4300 923 4341 et
952 4304 1169 4344 uxorem
1194 4292 1473 4347 dissidium
1505 4298 1738 4351 oriatur:
1758 4300 1868 4354 scio

278 4386 410 4441 quot
438 4378 697 4431 malorum
736 4381 1047 4436 occasiones
1079 4385 1271 4451 pariat,
1322 4388 1364 4440 si
1400 4390 1536 4443 inter
1561 4405 1618 4445 se
1648 4402 1871 4447 conten-

278 4466 433 4521 dant.
456 4468 606 4523 Tunc
632 4471 772 4523 enim
802 4487 905 4524 non
929 4472 1148 4540 divitim,
1177 4492 1284 4531 non
1310 4478 1531 4534 felicitas
1558 4498 1714 4553 quam
1744 4484 1871 4540 boni

282 4558 511 4612 alierum
558 4559 731 4625 liberi,
777 4577 885 4615 non
929 4564 1214 4620 multitudo
1254 4570 1569 4637 liberorum;
1608 4590 1713 4627 non
1756 4592 1871 4631 ma-

283 4646 541 4716 gistratus
575 4665 638 4704 ac
668 4652 1017 4721 principatus,
1052 4670 1157 4709 non
1187 4658 1377 4725 gloria,
1411 4676 1514 4714 non
1544 4662 1735 4731 honor,
1768 4682 1872 4721 non

283 4738 514 4806 deliciae,
550 4758 654 4796 non
685 4755 950 4813 sumptus,
980 4763 1087 4802 non
1135 4750 1237 4801 alia
1266 4754 1467 4819 qumvis
1494 4753 1719 4811 felicitas
1747 4774 1877 4812 uxo-

285 4847 401 4887 rem
429 4833 749 4900 exhilarare,
769 4838 851 4891 vel
875 4837 1044 4891 virum
1066 4840 1281 4908 poterit,
1306 4842 1347 4894 si
1372 4842 1509 4898 inter
1533 4860 1591 4900 se
1618 4846 1874 4903 rixentur.

358 4924 412 4977 7.
458 4921 601 4979 Uxor
622 4926 800 4979 vitiosa
822 4926 1088 4987 toleranda
1107 4939 1213 4996 est;
1237 4948 1337 4985 non
1361 4932 1473 4987 licet
1494 4951 1701 4989 uxorem
1723 4955 1871 5007 repu-

286 5015 429 5070 diare
452 5024 499 5067 et
517 5016 674 5069 aliam
690 5017 890 5073 ducere.
911 5017 1172 5075 Orationis
1192 5023 1282 5075 vis.
1305 5053 1372 5062 —
1391 5024 1523 5079 Huic
1546 5028 1878 5097 potissimum

290 5108 366 5160 rei
396 5120 509 5177 prce
528 5109 737 5162 exteris
760 5109 1007 5163 omnibus
1029 5112 1359 5169 studeamus.
1394 5114 1593 5172 Vitiosa
1620 5127 1705 5174 est
1725 5136 1878 5188 uxor,

290 5195 375 5253 fac
400 5199 543 5269 quod
572 5199 721 5256 lsaac
748 5200 897 5267 fecit,
926 5202 1093 5258 Deum
1120 5220 1364 5274 precare.
1391 5208 1446 5262 Si
1471 5211 1613 5265 enim
1644 5213 1733 5268 ille
1765 5229 1878 5283 pre-

290 5304 414 5343 cum
447 5289 761 5351 assiduitate
786 5292 1118 5349 debilitatem
1148 5296 1304 5351 solvit
1327 5312 1551 5367 naturae,
1583 5304 1753 5359 multo
1773 5322 1887 5360 ma—

294 5382 373 5449 gis
405 5396 522 5445 nos,
555 5382 599 5435 si
620 5383 834 5437 assidue
866 5384 1030 5440 Deum
1053 5401 1289 5453 oremus,
1320 5392 1611 5458 poterimus
1638 5395 1763 5449 vitia
1796 5412 1888 5451 νος

296 5478 517 5535 lunatis
544 5476 834 5546 corrigere.
866 5475 921 5531 Si
950 5486 1000 5530 te
1028 5476 1166 5532 Deus
1189 5480 1381 5535 viderit
1407 5482 1582 5537 studio
1616 5500 1727 5541 sua:
1756 5488 1887 5559 legis

364 5637 389 5705 '_
408 5643 540 5684 Hunc
561 5632 734 5705 locum
761 5632 832 5681 sic
866 5634 1038 5704 mutari
1076 5647 1218 5695 posse
1244 5648 1417 5705 censet
1438 5644 1887 5705 sardinapempe,

299 5709 350 5770 ιρι
372 5699 530 5770 ipsum
552 5702 697 5770 caput
712 5702 857 5770 tuan:
876 5695 1035 5747 cirum
1052 5709 1180 5756 ama,
1194 5710 1224 5747 ο
1246 5698 1437 5761 mittier,
1464 5707 1509 5751 et
1541 5702 1584 5753 si
1607 5695 1723 5756 catis
1745 5695 1891 5769 caput

305 5764 458 5820 luunt,
482 5761 554 5815 sic
584 5756 721 5809 illum
743 5758 861 5806 cole.

1421 345 1557 402 NOX
1595 341 1763 402 ESSE
1804 334 2334 397 DESPERANDUM.

1947 432 2301 489 observanda:
2316 430 2549 488 tolerare
2573 430 2938 500 patienterth
2956 425 3096 482 ferre
3116 424 3310 479 delicta
3333 420 3537 485 tueris,

1946 526 2013 581 ad
2042 526 2185 581 illam
2215 523 2510 581 docendam
2552 534 2603 579 te
2625 521 2853 593 juvabit,
2890 534 2955 575 ac
2980 515 3249 588 patientia:
3276 513 3370 570 tibi
3392 527 3541 567 mer-

1949 617 2135 672 cedem
2167 616 2442 686 rependet.
2479 613 2629 670 Unde
2652 615 2785 669 enim
2815 612 2934 673 scis,
2970 610 3067 675 vir,
3105 605 3296 676 inquit,
3325 603 3370 657 si
3408 617 3539 657 uxo-

1946 725 2053 763 rem
2074 708 2266 761 salvam
2289 706 2482 775 facies?
2505 714 2595 758 aut
2611 704 2748 757 unde
2767 703 2886 766 scis,
2910 717 3060 763 uxor,
3084 697 3126 751 si
3157 698 3327 750 cirum
3344 694 3542 747 salvum

1947 802 2102 873 facies
2131 804 2149 869 (
2167 801 2181 852 Ι
2212 800 2329 853 Cor.
2354 801 2406 854 7.
2439 799 2505 853 l6
2538 796 2597 868 )‘t
2624 796 2743 851 Noli
2774 806 2953 849 autem
2976 790 3223 846 animum
3238 782 3547 873 desponde-

1949 872 2028 955 re,
2060 893 2164 946 noli
2188 892 2496 962 desperare.
2529 889 2671 945 Fieri
2701 888 2844 942 enim
2886 892 3061 955 potest
3104 890 3165 935 ut
3190 872 3303 949 ipsa
3332 890 3549 948 quoque

1949 986 2093 1039 salva
2126 987 2251 1038 liat:
2281 982 2421 1051 quod
2450 981 2494 1036 si
2525 996 2585 1035 se
2607 996 2715 1033 non
2756 977 3007 1045 corrigat,
3044 982 3101 1028 tu
3135 969 3550 1036 tat-tcnpatien-

1944 1078 2041 1132 tia:
2071 1076 2376 1132 mercedem
2405 1091 2511 1129 non
2535 1073 2751 1128 amittes
2778 1089 2791 1123 :
2821 1070 2903 1125 sin
2932 1077 3111 1121 autem
3141 1056 3547 1131 ejeceris,,illnd

1952 1182 2118 1223 unum
2142 1166 2373 1237 primum
2402 1164 2633 1237 peccasti
2664 1161 2809 1234 quod
2839 1160 3010 1230 legem
3038 1165 3403 1227 transgressus
3429 1150 3548 1205 fue-

1952 1258 2047 1321 ris,
2071 1257 2353 1313 etadulter
2394 1255 2532 1326 apud
2563 1255 2729 1309 Deum
2747 1251 3041 1324 judi'ceris:
3074 1249 3390 1317 Quicumque
3414 1243 3548 1315 enim
3620 1244 3622 1246 ’

1952 1350 2151 1423 ejecerit
2174 1366 2383 1404 uxorem
2414 1365 2579 1415 suam,
2610 1348 2800 1417 inquit,
2823 1354 3032 1414 excepta
3054 1338 3405 1413 fornicationis
3430 1353 3553 1391 cau-

1952 1458 2031 1508 sa,
2071 1440 2195 1510 facit
2219 1458 2331 1495 eam
2360 1442 2599 1496 mackari
2636 1438 2853 1507 (Matth.
2885 1438 2941 1493 ὃ.
2982 1433 3111 1509 52).
3164 1433 3553 1503 Saepenumero

1954 1544 2131 1591 autem
2176 1546 2396 1605 accepta
2443 1534 2758 1602 difliciliori,
2804 1542 3085 1603 peccatum
3122 1528 3410 1594 admisisti,
3450 1539 3553 1589 nec

1956 1633 2137 1683 taliter:
2168 1626 2331 1681 ullam
2362 1626 2749 1682 relaxationem
2774 1635 2867 1680 aut
2889 1624 3123 1694 quietem
3146 1632 3335 1677 nactus
3353 1634 3435 1675 es.
3454 1616 3549 1673 Sin

1958 1718 2235 1772 meliorem
2256 1718 2633 1788 assumpseris,
2659 1733 2764 1773 non
2786 1716 3106 1787 permittitur
3124 1712 3239 1776 tibi,
3265 1722 3321 1766 ut
3342 1710 3549 1765 sincera

1954 1810 2229 1879 voluptate
2288 1810 2581 1881 perfruaris
2630 1826 2695 1867 ex
2740 1808 3007 1871 secunda,
3060 1808 3129 1862 ob
3176 1805 3548 1861 dimissionem

1957 1902 2172 1971 prioris,
2200 1917 2321 1957 cum
2354 1903 2477 1959 inde
2503 1904 2594 1958 tibi
2612 1902 2929 1957 adulterium
2958 1900 3283 1970 imputetur:
3307 1904 3387 1951 est
3404 1892 3552 1951 enim

1957 1992 2276 2048 adulterium
2331 1995 2566 2064 priorem
2604 1994 2895 2048 dimittere.
2942 1990 3076 2046 Cum
3120 1990 3279 2060 igitur
3319 1988 3552 2057 aliquam

1956 2084 2159 2140 videris
2198 2086 2328 2141 oriri
2374 2086 2741 2142 difficultatem
2781 2085 2865 2141 vel
2893 2085 2946 2139 in
2989 2082 3351 2145 matrimonio,
3385 2079 3469 2136 vel
3497 2078 3555 2134 in

1957 2177 2136 2246 aliquo
2154 2178 2261 2232 alio
2284 2193 2463 2233 rerum
2482 2185 2644 2243 statu,
2672 2179 2837 2233 Deum
2863 2191 3117 2247 precare:
3138 2174 3226 2229 bic
3250 2172 3397 2227 solus
3416 2170 3558 2242 opti-

1960 2284 2080 2323 mus
2100 2282 2130 2321 e
2151 2269 2307 2322 malis
2335 2268 2644 2339 emergendi
2666 2267 2879 2323 modus.
2912 2266 3100 2337 Magna
3122 2265 3319 2335 quippe
3337 2272 3421 2318 est
3440 2275 3558 2316 ora-

1960 2357 2121 2412 tionis
2148 2368 2442 2413 armatura.
2489 2358 2602 2414 Hoc
2639 2368 2695 2413 et
2745 2372 3117 2430 sa-penuutero
3154 2355 3288 2421 dixi,
3322 2363 3377 2408 et
3406 2366 3551 2408 nunc

1959 2450 2102 2517 dico,
2136 2466 2311 2522 neque
2335 2451 2517 2507 dicere
2542 2450 2769 2507 cessabo
2798 2468 2812 2504 :
2846 2450 2973 2506 licet
3016 2457 3268 2521 peccator
3294 2447 3390 2512 sis,
3426 2454 3559 2500 con-

1960 2554 2112 2598 verte
2135 2544 2319 2599 oculos
2343 2552 2462 2599 tuos
2482 2545 2535 2599 in
2567 2543 2909 2614 publicanum
2931 2542 3023 2612 qui
3047 2539 3312 2610 repulsam
3340 2553 3445 2592 non
3471 2544 3558 2590 tu-

1961 2634 2044 2701 lit,
2075 2635 2165 2705 qui
2192 2647 2299 2691 tam
2328 2636 2509 2691 multis
2535 2650 2595 2691 se
2622 2635 2853 2706 peccatis
2882 2632 3138 2703 expiavit.
3166 2628 3331 2685 Visne
3357 2626 3556 2683 intellio

1960 2741 2087 2797 gere
2131 2739 2325 2798 quanta
2365 2744 2451 2785 res
2495 2730 2564 2785 sit
2590 2728 2802 2783 oratio?
2840 2725 2958 2781 Non
3006 2733 3113 2779 tam
3155 2724 3299 2779 valet
3324 2720 3559 2777 amicitia

1961 2819 2100 2890 apud
2132 2821 2297 2875 Deum
2323 2835 2482 2891 quam
2514 2820 2706 2875 oratio.
2728 2819 2911 2889 Neque
2939 2832 3092 2873 meus
3119 2824 3201 2872 est
3226 2815 3310 2869 bic
3332 2828 3516 2870 sermo
3540 2830 3556 2867 :

1961 2928 2138 2983 neque
2167 2914 2311 2968 enim
2337 2915 2589 2970 auderem
2615 2914 2743 2968 tanti
2776 2911 3032 2967 momenti
3057 2926 3169 2966 rem
3198 2926 3261 2965 ex
3291 2922 3408 2963 mea
3429 2921 3558 2962 scn-

1963 3004 2127 3058 teutia
2157 3003 2410 3071 delinire,
2443 3005 2568 3061 audi
2598 3022 2661 3061 ex
2692 3005 2989 3073 Scriptura,
3019 3001 3162 3073 quod
3191 3000 3421 3056 amicitia
3452 3014 3561 3053 non

1963 3096 2208 3167 perfecit,
2238 3098 2289 3153 id
2317 3099 2386 3154 ab
2412 3100 2657 3165 oratione
2691 3113 2813 3154 esse
2838 3096 3153 3166 perfectum.
3186 3093 3314 3159 Quis
3334 3110 3396 3147 ea:
3422 3093 3562 3148 vobis

1962 3198 2057 3252 est,
2079 3190 2165 3258 qui
2183 3189 2381 3243 habebit
2402 3190 2642 3254 amicum,
2667 3199 2717 3243 et
2742 3189 2944 3242 veniens
2964 3186 3093 3240 dicet
3112 3186 3179 3250 ei,
3197 3184 3392 3249 Amice,
3423 3200 3563 3239 contr

1966 3280 2118 3332 moda
2159 3280 2285 3332 mihi
2336 3289 2437 3334 tres
2472 3297 2629 3350 partes
2663 3294 2682 3333 :
2711 3290 2756 3333 et
2792 3277 2881 3333 ille
2922 3276 3232 3347 respondens
3276 3275 3407 3328 dicet
3449 3274 3562 3339 illi,

1969 3368 2171 3425 Ostium
2198 3372 2430 3425 clausum
2460 3382 2551 3435 est,
2578 3372 2721 3441 pueri
2741 3381 2858 3425 sunt
2879 3372 2930 3424 in
2954 3370 3151 3423 cubili:
3172 3368 3280 3423 noli
3299 3366 3423 3421 mihi
3450 3382 3562 3419 nio-

1969 3465 2125 3518 lestus
2149 3481 2273 3519 esse.
2315 3463 2440 3518 Dico
2470 3465 2604 3539 enim
2651 3464 2808 3526 vobis,
2837 3463 2927 3517 etsi
2954 3462 3090 3532 quod
3124 3462 3317 3515 amicus
3338 3460 3448 3529 ejus
3477 3458 3563 3519 sit,

1966 3572 2065 3609 non
2090 3555 2228 3609 dabit
2252 3556 2315 3622 ei,
2343 3566 2550 3625 propter
2578 3555 3022 3627 importunitatem
3036 3562 3203 3607 tamen
3224 3552 3333 3623 ejus
3353 3550 3493 3604 dabit
3517 3549 3563 3604 ei

1965 3657 2207 3719 quotquot
2249 3647 2395 3701 habet
2420 3648 2727 3702 necessarios
2756 3645 2907 3715 (Luc.
2936 3638 3024 3700 ll.
3056 3646 3090 3701 5
3117 3644 3235 3715 -8).
3264 3642 3426 3699 Vides
3454 3658 3563 3711 quo

1960 3749 2127 3810 pacto
2154 3739 2295 3809 quod
2326 3756 2431 3793 non
2462 3740 2631 3809 potuit
2658 3738 2908 3804 amicitia,
2936 3739 3038 3791 hoc
3063 3736 3346 3790 assiduitas
3373 3743 3564 3803 potue-

1969 3833 2077 3887 rit?
2102 3831 2235 3885 Nam
2269 3832 2521 3901 quoniam
2550 3831 2647 3885 fuit
2690 3830 2912 3893 amicus,
2943 3828 3031 3898 qui
3076 3827 3307 3897 petebat,
3346 3841 3414 3881 ne
3445 3840 3568 3893 pro-

1971 3934 2151 3993 pterea
2179 3941 2292 3978 rem
2318 3925 2465 3978 illum
2493 3922 2783 3993 perfecisse
2805 3937 3076 3984 censeres,
3105 3920 3258 3987 dixit,
3289 3919 3401 3974 Etsi
3427 3919 3566 3989 quod

1971 4017 2163 4069 amicus
2201 4017 2313 4080 eius
2351 4016 2416 4069 sit
2465 4032 2564 4067 non
2605 4015 2744 4068 dabit
2782 4016 2847 4079 ei,
2896 4025 3104 4084 propter
3134 4012 3567 4083 importunitatem

1972 4107 2080 4175 ejus
2115 4105 2253 4157 dabit
2294 4106 2359 4158 ei.
2401 4105 2549 4159 Licet
2584 4106 2635 4160 id
2679 4105 2907 4159 amicitia
2950 4119 3054 4158 non
3093 4111 3331 4172 praestet,
3376 4104 3565 4174 inquit,

1974 4199 2259 4254 assiduitas
2286 4206 2462 4251 tamen
2493 4198 2764 4267 pra-stabit
2800 4198 2851 4251 id
2882 4196 3021 4266 quod
3068 4195 3301 4249 amicitia
3346 4196 3566 4248 minime

1976 4290 2165 4357 potuit.
2201 4290 2263 4343 Et
2294 4289 2380 4343 ubi
2425 4289 2638 4352 tandem
2669 4290 2720 4342 id
2764 4288 2999 4342 accidit?
3040 4287 3097 4341 In
3134 4286 3438 4357 publicano.
3468 4284 3572 4339 Ne-

1976 4397 2076 4451 que
2109 4383 2249 4434 euiui
2278 4389 2394 4435 erat
2416 4381 2622 4435 amicus
2648 4381 2759 4435 Deo
2783 4381 3116 4449 publicanus,
3143 4377 3237 4433 sed
3265 4378 3469 4432 amicus
3489 4386 3575 4431 est

1978 4472 2149 4527 factus
2176 4490 2187 4526 :
2217 4474 2393 4541 itaque
2417 4471 2542 4526 licet
2585 4472 2828 4526 inimicus
2854 4471 2948 4535 sis,
2974 4470 3287 4525 assiduitate
3318 4469 3412 4523 lies
3436 4469 3574 4523 auti-

1979 4580 2093 4618 cus.
2129 4563 2261 4617 Vide
2285 4563 2445 4617 etiam
2480 4562 3052 4634 Symphmuissam,et
3077 4561 3200 4614 audi
3228 4560 3355 4629 quid
3393 4559 3575 4617 illidi-

1980 4662 2107 4708 αλιι
2145 4651 2265 4707 Νοη
2305 4662 2382 4708 est
2421 4651 2607 4705 bonum
2646 4668 2843 4706 sumere
2885 4668 3066 4721 panem
3112 4652 3427 4719 ﬁliorum,_et
3454 4650 3577 4703 dare

1980 4746 2189 4800 canibus
2218 4744 2428 4816 (Matth.
2459 4744 2547 4798 15.
2570 4742 2684 4813 26).
2733 4742 2840 4798 Cur
2870 4742 3028 4813 igitur
3056 4742 3106 4798 id
3138 4743 3282 4806 fecit,
3305 4743 3349 4796 si
3373 4742 3571 4797 bonum

1982 4854 2089 4894 non
2118 4837 2238 4893 est?
2268 4836 2597 4892 Assiduitate
2630 4836 2823 4891 mulier
2849 4836 2898 4892 id
2931 4837 3129 4891 bonum
3160 4834 3375 4891 effecit:
3406 4843 3469 4889 ut
3499 4836 3577 4887 di-

1983 4944 2103 4984 scas
2125 4944 2224 4984 nos
2251 4928 2444 4999 quibus
2472 4927 2625 4999 digni
2646 4926 2865 4983 minime
2894 4943 3102 4995 sumus,
3132 4926 3197 4981 iis
3222 4940 3317 4995 per
3345 4924 3545 4998 assidui
3563 4956 3575 4965 -

1986 5029 2147 5075 tatem
2178 5018 2369 5089 dignos
2400 5018 2650 5074 evadere.

2059 5112 2111 5167 8.
2146 5112 2273 5166 Haec
2302 5125 2403 5181 ego
2430 5109 2562 5175 dixi,
2589 5124 2655 5164 ne
2685 5108 2851 5171 dicas,
2871 5110 3135 5164 l’eccator
3157 5123 3297 5173 sum,
3331 5106 3576 5162 ﬁduciam

1988 5219 2095 5259 non
2122 5202 2333 5268 habeo,
2376 5215 2563 5272 premas
2592 5217 2697 5255 non
2747 5200 2939 5255 habeo.
2982 5200 3078 5255 llle
3120 5200 3367 5257 fiduciam
3399 5198 3579 5264 habet,

1989 5295 2078 5366 qui
2105 5310 2164 5350 se
2190 5309 2295 5349 non
2325 5293 2522 5349 habere
2572 5292 2716 5345 illam
2760 5300 2909 5360 putat
2938 5309 2950 5343 :
2980 5292 3118 5345 sicut
3158 5292 3200 5345 is
3229 5290 3319 5361 qui
3360 5305 3419 5345 se
3451 5290 3586 5343 lidu-
3662 5294 3665 5295 '

1991 5388 2127 5441 ciam
2156 5384 2353 5439 habere
2385 5391 2568 5453 putat,
2613 5382 2857 5436 ﬁduciam
2885 5382 3061 5435 amisi’t
3082 5424 3096 5445 ,
3130 5380 3582 5450 quemadmodum

1994 5477 2294 5533 Pbarismus
2327 5493 2341 5530 :
2370 5474 2459 5545 qui
2490 5489 2616 5527 vero
2642 5473 2875 5543 seipsum
2912 5473 3176 5543 abjcctum
3201 5481 3347 5541 putat
3375 5482 3426 5526 et
3454 5470 3589 5525 ﬁdu~

1994 5573 2073 5626 cia
2102 5570 2436 5632 destitutum,
2471 5567 2515 5621 is
2539 5567 2769 5621 maxime
2787 5565 3121 5631 exaudictnr,
3140 5564 3589 5635 quemadmodum

1998 5664 2328 5735 publicanus.
2362 5658 2498 5715 Vide
2523 5673 2681 5728 quam
2700 5657 2862 5712 multa
2894 5657 2984 5712 tibi
3005 5658 3248 5726 exempla
3278 5666 3587 5725 suppetant,

1999 5752 2434 5828 Sympbmniss'a,
2470 5750 2815 5822 publicanus,
2851 5748 2986 5805 latro
3016 5749 3071 5805 in
3096 5763 3275 5817 cruce,
3308 5748 3514 5804 amicus
3538 5748 3593 5803 in
