4194 6302
668 412 915 486 parabola
938 451 955 479 ,
1005 413 1093 482 qui
1136 422 1244 466 tres
1273 425 1437 490 pem
1473 402 1721 481 petebat,
1765 413 1964 484 quique
1992 430 2097 469 non
2129 423 2237 470 tam

667 491 884 577 propter
930 504 1212 561 amicitiam
1235 540 1251 569 ,
1290 516 1450 572 quam
1495 499 1716 574 propter
1753 504 2115 563 assiduitatem
2143 504 2239 560 ob-

666 597 841 652 tinuit.
870 596 1067 665 [lorum
1094 595 1453 666 unusquisque
1479 596 1523 650 si
1548 595 1791 661 dixisset,
1814 595 2074 651 Peccator
2094 611 2235 663 sum,

664 694 721 747 et
757 686 957 755 pudore
1000 684 1253 752 summus,
1296 694 1352 740 et
1393 685 1591 740 idcirco
1627 684 1883 740 accedere
1908 700 2015 741 non
2041 684 2233 752 debeo,

666 777 795 832 nihil
836 777 1207 846 promovisset.
1253 775 1325 830 At
1348 775 1599 845 quoniam
1637 775 1843 830 illorum
1868 774 2091 845 quisque
2128 789 2237 831 non

663 868 731 925 ad
769 876 1105 937 peccatorum
1134 880 1350 922 suorum
1386 867 1619 935 respexit
1643 864 2058 933 magnitudinem
2080 904 2098 933 ,
2142 863 2237 920 sed

662 960 729 1016 ad
759 961 973 1016 divitias
996 959 1333 1031 benignitatis
1362 959 1453 1013 Dei
1482 958 1693 1029 (Ephes.
1724 958 1777 1013 ὃ.
1808 955 1933 1028 l6),
1958 956 2237 1013 conlidens

663 1060 718 1105 et
752 1051 923 1106 audax
946 1051 1042 1110 luit
1057 1092 1071 1114 ,
1094 1058 1150 1111 et
1176 1051 1417 1121 quamvis
1437 1055 1682 1118 peccator
1705 1056 1901 1117 praeter
1924 1048 2234 1121 dignitatem

663 1157 813 1195 suam
844 1141 1149 1211 pustulam,
1179 1148 1233 1194 et
1258 1154 1376 1209 qure
1404 1138 1568 1205 voluit
1593 1138 1816 1207 quisque
1839 1137 2081 1209 perfecit.
2111 1138 2237 1193 Haec

664 1232 824 1300 igitur
846 1230 1021 1285 ornnia
1044 1242 1224 1285 mente
1247 1241 1524 1283 versemus
1542 1268 1557 1293 ,
1588 1236 1642 1281 et
1659 1228 1873 1282 assidue
1900 1242 2084 1298 preces
2114 1228 2234 1281 lun-

662 1324 852 1378 damus
874 1363 889 1387 ,
916 1320 1096 1391 vigiles
1116 1358 1131 1383 ,
1161 1318 1488 1374 confidentes
1511 1359 1525 1381 ,
1550 1304 1705 1372 bona:
1725 1320 1844 1388 spei
1876 1319 2037 1388 pleni,
2068 1319 2236 1373 multo

662 1426 786 1466 cum
815 1410 1007 1465 studio.
1040 1409 1250 1477 Quanto
1280 1422 1403 1463 cum
1443 1407 1618 1463 studio
1635 1408 1819 1465 czeteri
1848 1407 2104 1462 adversus
2129 1407 2234 1462 ini-

662 1503 830 1556 mices
856 1515 1043 1569 preces
1066 1499 1325 1565 fundunt,
1354 1506 1501 1553 tanto
1522 1513 1642 1555 cum
1670 1497 1849 1552 studio
1888 1512 1988 1554 nos
2008 1511 2105 1566 pro
2135 1498 2237 1551 ini-

664 1592 823 1653 micis
844 1599 898 1646 et
926 1606 1022 1661 pro
1062 1590 1307 1647 fratribus
1347 1603 1533 1661 preces
1572 1587 1886 1655 fundamus,
1930 1598 1984 1645 et
2011 1588 2233 1645 omnino

1398 304 1459 361 S.
1493 302 2259 361 JOANNIS‘CIIRYSOSTOII
2295 300 2616 359 ARCHIEP.
2653 300 3163 361 CONSTANTINOI'

3818 298 3932 359 sva

2343 422 2532 469 cuneta
2560 429 2680 484 qua
2715 414 2769 469 in
2795 426 2909 492 rem
2937 422 3174 468 nostram
3198 410 3396 468 fuerint
3417 409 3797 468 osum...
3825 410 3927 467 Bs.

2344 503 2536 574 nignus
2560 504 2704 559 enim
2731 512 2816 559 est
2838 504 2932 574 qui
2954 502 3180 573 largitur
3200 543 3218 568 ,
3245 515 3347 558 nec
3367 501 3504 558 adeo
3526 515 3628 558 nos
3650 498 3930 556 desidera-

2340 609 2463 651 mus
2480 594 2762 663 accipere,
2802 604 2864 650 ut
2896 593 3167 651 desiderat
3208 593 3297 649 ille
3346 593 3547 664 largiri.
3593 592 3723 649 Haec
3763 592 3930 663 igitr

2341 687 2520 742 omnia
2545 685 2944 749 cumulemus,
2974 686 3099 741 licet
3140 685 3193 740 in
3229 684 3467 739 inﬁmum
3506 682 3763 753 nequitia
3794 694 3929 753 piro-

2341 777 2560 833 τωθάσω
2576 778 2743 833 simis
2764 776 3021 841 devoluti,
3043 777 3200 832 nesic
3217 774 3429 846 quidem
3454 773 3526 831 de
3542 774 3718 829 salute
3744 780 3931 829 nostra

2340 867 2714 935 desperemus,
2768 866 2865 922 sed
2914 866 3054 921 bona
3101 866 3267 921 etiam
3302 880 3423 920 cum
3454 878 3550 935 spe
3582 862 3929 926 accedamu,

2340 958 2599 1029 nobisque
2624 957 3038 1028 persuadeamus
3062 957 3283 1011 omnino
3321 956 3467 1021 fore,
3512 966 3570 1011 ut
3613 954 3757 1026 quod
3791 952 3933 1024 peti-

2340 1062 2461 1103 mus
2496 1063 2847 1119 assequamur
2869 1087 2888 1117 ,
2918 1048 2965 1103 si
3003 1063 3073 1103 ex
3116 1048 3429 1118 praescripto
3458 1046 3688 1101 latarum
3714 1045 3783 1099 ab
3810 1045 3932 1115 ipso

2340 1137 2516 1208 legum
2566 1146 2829 1208 petamus.
2879 1138 3013 1192 Eunt
3040 1139 3129 1210 qui
3169 1136 3526 1208 potestomnia
3553 1139 3722 1208 fam
3748 1150 3934 1210 supat-

2338 1228 2687 1295 ebtmdsnter,
2730 1243 2887 1298 quam
2924 1229 3173 1298 petimus,
3216 1236 3306 1281 aut
3348 1222 3927 1298 ξιιιιιιὶςὶηιιι(Ερ6α.

2337 1318 2392 1373 5.
2418 1317 2548 1389 20),
2596 1316 2890 1383 Christum,
2928 1318 3170 1373 omnium
3209 1317 3444 1387 Regem,
3484 1315 3652 1370 Deum
3682 1323 3935 1370 nostr.

2336 1409 2491 1465 decet
2513 1410 2689 1465 omnis
2716 1410 2905 1481 gloria,
2932 1408 3104 1464 honor
3128 1419 3182 1464 et
3204 1408 3466 1473 adoratio,
3491 1423 3595 1462 una
3622 1420 3747 1463 cum
3769 1406 3933 1462 Patre

2338 1502 2471 1555 initii
2501 1508 2737 1568 experte,
2756 1515 2819 1555 ac
2838 1499 3175 1555 sanctissimo
3197 1499 3510 1569 viviﬁeoque
3528 1497 3752 1569 Spiritu,
3777 1509 3923 1553 nunc

2339 1600 2392 1646 et
2422 1604 2659 1659 semper,
2686 1598 2743 1645 et
2782 1591 2835 1645 in
2861 1589 3054 1646 saecula
3084 1589 3424 1647 mulorum.
3453 1589 3641 1643 Amen.

674 1883 3893 1933 ΝεωΜῇ

1613 2228 1961 2287 MONITUM
2006 2228 2103 2287 AD
2145 2226 2521 2288 HOMlLlAM
2559 2226 2637 2284 IN
2686 2222 2911 2285 ILLUD

734 2485 886 2541 Hanc
914 2486 1227 2542 concionem
1260 2493 1383 2556 post
1404 2494 1678 2555 peractam
1712 2484 1999 2541 lectionem
2025 2484 2281 2555 Epistolas
2329 2484 2394 2540 ad
2430 2483 2648 2539 Galatas
2683 2479 2987 2536 Antiochiae
3032 2475 3225 2533 habuit
3259 2473 3707 2547 Chrysostomus.
3746 2464 3907 2529 Vati:

666 2613 755 2657 tus
778 2602 920 2656 enim
946 2618 1013 2657 ne
1043 2602 1273 2668 tantilla,
1306 2616 1427 2673 quae
1450 2603 1539 2660 hic
1568 2612 1793 2673 apparet
1839 2603 1979 2659 inter
2009 2604 2230 2660 Petrum
2273 2613 2328 2658 et
2372 2601 2601 2657 Paulum
2644 2600 2934 2663 Ecclesiae,
2990 2599 3068 2653 ait
3110 2598 3221 2662 ille,
3254 2596 3559 2657 columnas,
3603 2586 3903 2657 dissensit»

667 2716 885 2793 piorum
926 2714 1140 2770 animos
1162 2714 1571 2781 interturbaret,
1594 2717 1751 2797 longa
1780 2718 1958 2773 locum
1985 2717 2137 2773 illum
2164 2716 2413 2772 oratione
2434 2714 2729 2783 explanare
2752 2711 2965 2766 nititur.
2998 2709 3181 2767 Multis
3212 2708 3395 2769 statim
3419 2706 3677 2778 explicat,
3701 2712 3911 2775 quanta

668 2833 803 2895 hinc
834 2834 1179 2903 incommoda
1215 2844 1537 2905 sequantur,
1560 2835 1605 2893 si
1630 2848 1755 2890 vere
1778 2841 1831 2897 et
1856 2830 2179 2903 obiurgandi
2207 2830 2411 2894 animo,
2448 2825 2697 2898 plurimis
2724 2823 3114 2895 praesentibus,
3141 2819 3517 2892 apostolorum
3546 2814 3907 2887 coryphaeum

668 2948 869 3005 Paulus
890 2950 963 3009 sit
989 2951 1233 3006 adortus.
1265 2948 1403 3007 Hinc
1427 2950 1564 3006 duas
1583 2949 1727 3005 circa
1751 2948 1898 3011 hunc
1922 2948 2103 3003 locum
2130 2943 2428 3005 sententias
2460 2942 2659 3011 aperit,
2688 2940 2983 3014 statimque
3026 2935 3229 2993 refutat
3253 2951 3271 2988 :
3317 2948 3551 3006 quarum
3599 2930 3754 3002 prior
3798 2937 3907 2996 est,

671 3064 892 3122 Petrum
916 3063 980 3119 de
1003 3076 1113 3143 quo
1134 3064 1221 3120 hic
1259 3064 1455 3135 agitur,
1478 3079 1584 3118 non
1613 3061 1983 3133 apostolon
2012 3060 2338 3131 principem,
2367 3055 2465 3112 sed
2490 3054 2657 3110 alium
2686 3068 2807 3115 esse
2831 3051 3212 3121 cognominem
3250 3068 3265 3105 :
3298 3048 3469 3108 altera
3498 3060 3683 3102 veram
3718 3040 3913 3099 statuit

676 3193 797 3243 esse
822 3176 1323 3248 reprehensionem,
1350 3176 1444 3236 sed
1475 3176 1728 3234 simulate
1761 3174 1982 3245 factam.
2011 3168 2217 3229 Deinde
2261 3183 2390 3224 vero
2422 3180 2578 3223 suam
2624 3162 2833 3235 profert
2867 3163 2957 3218 ille
2989 3162 3306 3226 opinionem
3342 3176 3358 3212 :
3395 3169 3593 3221 nempe
3632 3149 3915 3223 apostolos

680 3292 902 3355 Petrum
930 3303 985 3350 et
1010 3291 1237 3348 Paulum
1273 3292 1340 3348 ad
1370 3292 1511 3350 banc
1545 3294 1687 3363 piam
1725 3291 2129 3348 simulationem
2163 3293 2387 3359 paratos
2418 3283 2816 3353 meditatusque
2854 3278 3109 3348 venisse;
3159 3289 3337 3349 exque
3371 3281 3532 3346 Ριοιο
3560 3279 3617 3327 εί
3645 3272 3916 3325 οοηνθηίο

688 3544 3893 3597 _______________________________.___________.

640 3896 768 3942 CUI!
801 3897 863 3939 IN
908 3895 1314 3938 PRECBDEN‘H
1338 3894 1649 3938 COLLECTA
1681 3893 1745 3936 1N
1781 3892 1946 3936 μου
1993 3890 2223 3934 ECCLESJ

2331 3889 2456 3932 CUM
2498 3886 2792 3930 EPISCOPO
2836 3883 3221 3928 CONVBNTUI
3250 3882 3704 3940 οειειιιιΑεεετ,
3733 3883 3905 3945 ειυια

717 3992 1060 4037 εειιΜοΝΕΜ
1129 3993 1368 4036 HABUIT
1410 3993 1473 4034 IN
1516 3992 1745 4035 νετειιι
1790 3990 2079 4034 Εαειιςευ
2126 3988 2191 4031 IN

2331 3986 2402 4029 ΝΟ
2461 3985 2670 4030 ιοαωι
2724 3983 3023 4028 Αιόετοιι
3064 3985 3078 4025 ε
3126 3983 3257 4026 ουκ
3314 3983 3615 4027 γκκιεειςτ
3665 3984 3906 4033 PBTBUI

715 4092 1132 4147 aurtocnuu,
1178 4092 1242 4135 nt
1285 4092 1524 4135 merent
1568 4089 1630 4134 ut
1673 4090 1921 4134 ess'rt'rt
1967 4069 2159 4151 (Gai.
2186 4067 2247 4128 2.
2278 4069 2345 4127 11
2381 4070 2400 4146 )
2434 4088 2448 4127 :
2482 4085 2561 4127 ετ
2595 4082 2905 4127 osrssnrr
2948 4082 3029 4124 es
3072 4081 3214 4134 ρυλε
3254 4082 3389 4126 τοι
3433 4082 3733 4138 meum,
3780 4083 3905 4126 non

722 4194 758 4234 Δ
826 4190 1199 4233 CONTRABIIS

720 4290 961 4334 nomen
1006 4272 1116 4343 la).

2012 4429 2243 4444 ﬂ

709 4560 763 4620 1.
798 4560 967 4616 Unum
1011 4575 1041 4618 a
1083 4559 1235 4613 vobis
1273 4556 1419 4617 alifui
1462 4556 1640 4619 diem.
1691 4565 1745 4612 et
1793 4553 2015 4628 perinde
2063 4554 2218 4623 quasi

641 4663 781 4709 anno
828 4649 1031 4719 integro
1071 4657 1345 4718 separatus
1373 4664 1403 4701 a
1444 4648 1597 4703 vobis
1643 4647 1859 4701 fuissem
1882 4687 1897 4711 ,
1936 4645 2007 4699 ita
2050 4642 2217 4699 tristis

643 4749 973 4809 nitestusque
1014 4738 1299 4808 permensi.
1343 4740 1517 4808 Atque
1548 4737 1662 4791 huic
1696 4751 1821 4791 vera
1843 4749 1964 4790 esse
1986 4775 2002 4801 ,
2050 4749 2120 4789 ex
2152 4734 2216 4789 iis

640 4845 758 4901 quae
791 4830 942 4883 vobis
971 4829 1309 4893 acciderunt,
1343 4827 1441 4899 ipsi
1474 4827 1811 4897 cognoscitis.
1871 4824 1939 4881 Ut
1964 4826 2105 4880 enim
2132 4825 2213 4878 la-

638 4930 789 4975 ctens
821 4919 1072 4988 puerulus
1098 4933 1128 4973 a
1156 4920 1409 4974 maternis
1457 4918 1676 4973 avulsus
1719 4916 1969 4971 uberibus
2001 4918 2017 4948 ί
2039 4958 2053 4983 ,
2084 4930 2217 4986 quo-

639 5026 869 5080 cumque
903 5008 1114 5065 tandem
1140 5008 1401 5065 abductus
1429 5009 1603 5073 fuerit,
1631 5009 1822 5063 crebro
1851 5023 1909 5062 se
1936 5006 2037 5065 huc
2064 5008 2215 5062 illuc-

640 5116 745 5169 que
770 5100 1057 5165 convertit,
1091 5109 1145 5153 et
1164 5109 1387 5157 matrem
1409 5114 1561 5154 suam
1588 5098 1943 5165 circumspicit
1976 5116 1988 5156 :
2011 5098 2089 5152 sic
2116 5111 2216 5166 ego

638 5205 849 5259 quoque
896 5188 1078 5258 procui
1122 5205 1152 5243 a
1198 5200 1441 5245 materno
1486 5189 1603 5244 sinu
1653 5188 1973 5255 translatus,
2026 5188 2214 5243 crebro

639 5280 1167 5348 circumspiciebam,
1222 5290 1276 5334 et
1326 5280 1678 5350 undequaque
1722 5294 1931 5338 sacrum
1980 5290 2215 5335 vestrum

642 5372 781 5441 hunc
810 5384 1006 5425 emtum
1030 5371 1384 5440 requirebam.
1439 5370 1546 5425 Sed
1573 5385 1635 5424 ea
1660 5384 1748 5424 me
1771 5384 1856 5423 res
1883 5378 2057 5423 tamen
2088 5370 2216 5426 satis

639 5459 1031 5527 consolabatur,
1063 5460 1204 5531 quod
1235 5460 1363 5515 dum
1390 5460 1757 5523 amantissimo
1783 5462 1919 5532 patri
1950 5476 2211 5531 parerem,

669 5620 776 5730 ὦ)
820 5618 996 5671 collata
1030 5632 1139 5670 eum
1171 5625 1276 5668 Mss.
1310 5620 1457 5682 Regio
1474 5619 1617 5679 3545,
1653 5628 1706 5672 et
1727 5619 2017 5672 Colbcrtlnis
2042 5620 2136 5672 970
2169 5633 2213 5671 et

643 5679 886 5793 “Licinus
912 5750 1037 5805 Mss,
1069 5756 1098 5793 a
1118 5749 1317 5806 paterno
1339 5739 1445 5793 sinu
1468 5741 1674 5796 avulsus.

1267 4189 1513 4235 STUDIIS
1573 4189 1889 4233 PRWECTA
1935 4188 2081 4233 ESSE
2112 4216 2127 4245 ,
2202 4185 2419 4231 νειιωι
2485 4184 2571 4229 ΕΙ
2613 4181 2810 4227 1³ΔοΤο
2875 4180 3207 4227 CONVBNTO
3274 4182 3354 4227 ΕΤ
3396 4182 3516 4227 PER
3572 4183 3907 4228 DKSPBNSA-

2294 4427 2538 4445 ﬂ

2326 4547 2379 4602 id
2410 4545 2539 4601 mihi
2568 4546 2853 4615 accideret,
2884 4554 2939 4602 et
2967 4553 3284 4616 conceme
3314 4560 3377 4600 es
3412 4545 3750 4614 separatione
3774 4559 3908 4602 mat-

2320 4654 2495 4694 rorem
2518 4638 2829 4695 obedientize
2856 4639 3129 4709 premium
3152 4636 3505 4707 abstergcbat.
3529 4637 3623 4691 Est
3638 4638 3781 4693 enim
3803 4639 3907 4697 hoc

2321 4733 2452 4789 mihi
2474 4735 2556 4789 vel
2592 4734 2784 4805 quovis
2826 4733 3125 4789 diademate
3154 4730 3415 4787 illustrius
3437 4770 3454 4799 ,
3483 4739 3539 4786 et
3561 4746 3760 4787 corona
3787 4731 3906 4801 glo-

2320 4822 2513 4877 riosius
2540 4864 2556 4891 ,
2588 4822 2782 4893 ubique
2820 4837 2939 4877 cum
2976 4822 3214 4892 genitore
3242 4821 3566 4891 peregrinari
3594 4839 3609 4875 :
3648 4820 3751 4876 hoc
3776 4820 3905 4877 mihi

2320 4923 2538 4970 ornatus
2566 4923 2666 4977 est,
2696 4922 2748 4968 et
2791 4914 3048 4968 securitas
3082 4930 3094 4967 :
3124 4923 3342 4967 ornatus
3365 4911 3580 4982 quidem
3601 4952 3616 4977 ,
3650 4913 3793 4982 quod
3825 4914 3903 4968 sic

2321 5018 2443 5057 eum
2469 5003 2850 5074 manciparim,
2886 5013 2939 5059 et
2964 5002 3032 5057 ad
3057 5017 3293 5057 amorem
3339 5017 3519 5056 meum
3570 5001 3902 5072 pellexerim,

2323 5103 2380 5146 ut
2406 5108 2662 5164 nusquam
2680 5093 2795 5148 sine
2820 5093 2927 5147 lilio
2946 5092 3070 5147 velit
3086 5107 3346 5164 apparere
3374 5110 3387 5146 ς
3417 5091 3678 5148 securitas
3699 5101 3903 5157 autem,

2321 5185 2461 5255 quod
2474 5186 2596 5240 dum
2617 5193 2929 5256 praesentem
2950 5186 3181 5239 intuetur
3191 5192 3672 5254 atquecertantem,
3688 5184 3909 5239 omnino

2322 5289 2535 5332 suarum
2559 5276 2717 5329 etiam
2748 5290 2963 5345 precum
2992 5274 3245 5341 auxilium
3277 5274 3430 5330 nobis
3460 5273 3783 5344 suppeditet.
3838 5273 3907 5329 Et

2323 5366 2769 5437 quemadmodum
2797 5380 2988 5423 navem
3017 5366 3410 5441 gubernatoris,
3429 5378 3617 5419 manus
3639 5405 3656 5431 ,
3698 5365 3902 5432 clavus,

2328 5465 2383 5513 et
2414 5456 2633 5528 zephyri
2660 5458 2815 5512 ﬂatus
2839 5456 2906 5511 ad
2934 5465 3142 5527 portum
3178 5470 3371 5512 secure
3396 5453 3668 5510 deducunt
3700 5471 3715 5507 :
3747 5454 3825 5508 sic
3854 5465 3904 5508 et

2326 5550 2482 5619 hujus
2524 5550 2931 5615 benevolentia,
2992 5564 3111 5604 cum
3165 5548 3364 5604 auxilio
3409 5544 3663 5617 precum,
3715 5546 3907 5602 melius

2324 5658 2481 5711 quam
2509 5643 2774 5713 scphyrus
2801 5652 2854 5697 et
2892 5642 3219 5713 gubernator
3258 5641 3397 5696 ullus
3444 5647 3535 5694 aut
3574 5639 3907 5711 gubernacu-

2327 5733 2434 5787 lum
2458 5774 2475 5804 ,
2516 5736 2807 5793 orationem
2851 5743 3089 5791 nostram
3131 5733 3327 5806 dirigit.
3383 5732 3467 5791 Ic
3496 5747 3623 5791 vero
3647 5732 3903 5805 praeter“
