4194 6302
195 296 327 361 873

197 418 597 476 eotnolabam
620 417 782 473 etiam
801 417 953 483 illud,
972 414 1116 488 quod
1130 430 1227 470 vos
1244 416 1468 487 apipara
1490 426 1603 472 tum
1622 430 1807 474 mensa

201 509 572 575 frueremini,
623 524 687 564 ac
717 508 990 565 liberalem
1020 516 1076 565 et
1094 518 1465 577 sumptuosum
1494 506 1811 562 convivato-

198 612 338 654 rem
366 598 509 654 nacti
534 599 748 656 essetis.
772 598 942 654 Porro
964 598 1015 653 id
1040 613 1149 653 non
1186 597 1345 652 fando
1375 606 1577 652 tantum
1610 596 1813 652 audivi-

198 703 378 756 mus,
428 688 523 743 sed
563 690 680 760 ipso
716 688 871 744 nobis
913 689 1283 758 experimento
1321 698 1660 759 compertum
1704 698 1810 743 est.

201 780 401 837 Fuere
424 781 642 852 quippe,
670 781 764 852 qui
790 796 852 835 ea
878 797 997 851 qum
1023 780 1355 846 dicebantur,
1386 791 1575 836 cuncta
1610 781 1809 837 refere~

201 873 382 940 bant,
442 883 497 929 et
522 890 589 929 es
622 872 867 944 reliquiis
903 872 971 929 de
1016 882 1128 928 toto
1151 873 1398 928 convivio
1441 873 1807 943 conjecturam

202 961 469 1018 fecimus.
502 962 681 1033 Itaque
708 964 1102 1020 eonvivatorem
1143 963 1356 1033 quidem
1387 964 1595 1018 laudavi
1619 1005 1634 1026 ,
1665 962 1809 1033 ejus-

201 1068 328 1122 que
364 1054 813 1125 magnificentiam
854 1068 918 1109 ac
958 1054 1173 1109 divitias
1194 1053 1561 1109 commendavi
1596 1072 1611 1107 :
1639 1054 1733 1108 sed
1757 1061 1812 1109 et

196 1158 319 1199 vos
344 1156 566 1227 propter
587 1146 727 1202 hanc
746 1146 1171 1203 benevolentiam
1204 1147 1389 1202 beatos
1419 1146 1724 1218 praedicavi,
1757 1154 1813 1202 ct

207 1243 445 1305 propter
480 1234 809 1306 diligentiam
832 1278 849 1302 ,
894 1236 1035 1306 quod
1085 1248 1192 1291 tam
1239 1248 1486 1293 accurate
1522 1254 1641 1307 quae
1668 1237 1809 1292 dicta

204 1334 351 1378 utut
392 1326 649 1381 memoria
687 1326 948 1392 teneatis,
980 1334 1039 1381 ut
1064 1329 1224 1381 etiam
1250 1326 1316 1381 ad
1346 1327 1481 1383 alios
1520 1327 1809 1383 transferre

208 1414 463 1482 possitis.
519 1414 809 1485 Propterea
846 1432 947 1471 nos
973 1432 1189 1489 quoque
1216 1417 1358 1486 apud
1404 1418 1680 1473 caritatem
1718 1434 1808 1473 ve-

205 1514 392 1559 stram
422 1505 766 1575 perlubenter
788 1506 1118 1563 disserimus.
1167 1508 1300 1564 Nam
1326 1510 1413 1577 qui
1443 1525 1535 1564 sua
1562 1511 1807 1566 commit-

208 1594 286 1648 tit
310 1593 437 1649 huic
464 1593 584 1650 loeo
612 1596 838 1663 semina,
863 1611 971 1653 non
1000 1613 1062 1654 ea
1093 1614 1249 1653 secus
1276 1599 1416 1653 viam
1446 1600 1675 1669 projicit,
1709 1615 1810 1657 nec

210 1684 276 1739 in
305 1686 489 1755 spinas
516 1687 779 1756 eti'undit,
803 1705 979 1760 neque
1013 1705 1174 1760 supra
1204 1702 1413 1762 petram
1436 1694 1667 1747 seminat
1692 1710 1705 1747 :
1735 1693 1809 1748 ita

209 1777 434 1846 pinguis
459 1787 514 1833 et
544 1776 736 1835 fertilis
760 1789 845 1835 est
867 1796 992 1850 ager
1020 1793 1229 1849 vester,
1267 1792 1321 1837 et
1344 1784 1521 1837 omnia
1552 1798 1675 1854 qua:
1710 1798 1810 1839 suo

206 1868 342 1923 sinu
366 1870 640 1938 exceperit
671 1871 1094 1940 multiplicantur
1116 1873 1184 1927 ab
1207 1887 1273 1927 eo
1299 1874 1524 1928 semina.

290 1960 580 2014 Attentione
607 1961 895 2016 auditorum
926 1964 1176 2027 excitata,
1220 1964 1487 2033 perpendit
1512 1963 1695 2034 agendi
1723 1980 1811 2018 τα-

206 2050 411 2104 sionem
434 2049 591 2104 Pauli
627 2048 839 2105 Petrum
864 2054 1215 2121 oitupcrantis.
1243 2083 1317 2094 —
1348 2050 1728 2109 Verumtamen
1763 2056 1809 2110 si

207 2148 764 2209 nmquam’summam
807 2143 1138 2198 alacritatem
1181 2144 1382 2210 animi,
1434 2160 1810 2215 summumque

208 2230 454 2285 studium
480 2231 747 2286 audiendo
773 2235 1084 2289 concionem
1107 2236 1425 2291 cxhibuistis
1448 2281 1463 2302 ,
1494 2238 1632 2293 sicut
1658 2253 1805 2293 sem-

209 2335 321 2389 per
346 2321 661 2378 exhibuistis
679 2364 696 2389 ,
723 2323 860 2380 hanc
884 2334 938 2380 et
965 2326 1229 2383 hodierno
1252 2330 1339 2383 die
1365 2329 1496 2383 mihi
1536 2338 1659 2399 peto
1680 2344 1809 2401 gra-

211 2412 348 2467 tiam
378 2414 618 2469 concedi.
659 2415 842 2485 Neque
866 2418 1010 2472 enim
1040 2419 1108 2475 de
1133 2421 1297 2476 rebus
1321 2422 1627 2493 vulgaribus
1652 2424 1809 2479 nobis

209 2512 302 2556 cst
338 2500 601 2570 agendum
628 2546 641 2567 .
670 2506 765 2560 sed
792 2506 860 2561 de
890 2506 955 2561 iis
982 2523 1102 2579 qua:
1142 2510 1318 2580 magni
1365 2520 1491 2566 sunt
1526 2514 1807 2568 momenti.

207 2590 483 2664 Quocirca
503 2594 631 2648 mihi
660 2597 1057 2666 perspicacibus
1081 2613 1215 2669 opus
1239 2610 1323 2655 est
1354 2603 1545 2667 oculis,
1573 2603 1805 2656 excitata

212 2694 420 2751 mente,
444 2700 509 2740 ac
530 2688 774 2742 sensibus
803 2690 1021 2754 erectis,
1037 2698 1236 2746 attenta
1254 2693 1596 2763 cogitatione,
1627 2694 1809 2749 animo

214 2775 452 2831 insomni
479 2791 542 2832 ac
566 2778 823 2849 vigilanti.
872 2779 1169 2836 Audivistis
1196 2783 1339 2836 enim
1374 2798 1563 2838 omnes
1588 2794 1807 2855 aposto-

213 2867 381 2923 licam
421 2870 704 2927 lectionem
735 2892 749 2927 :
777 2883 833 2929 et
861 2876 907 2929 si
937 2873 1058 2943 quis
1083 2872 1367 2947 diligenter
1394 2876 1623 2935 attendit
1655 2878 1719 2934 ad
1744 2892 1809 2937 ea

210 2974 339 3028 qua:
365 2961 498 3013 lecta
526 2973 647 3016 sunt
672 3004 686 3027 ,
738 2978 928 3034 magna
974 2967 1127 3021 nobis
1171 2971 1465 3024 certamina
1496 2972 1809 3041 laboresque

212 3052 375 3106 nobis
400 3052 658 3109 hodierno
677 3053 765 3111 die
787 3060 1086 3128 prepositos
1100 3075 1221 3114 esse
1240 3065 1506 3131 cognovit.
1528 3063 1653 3116 Cum
1675 3066 1806 3119 enim

210 3144 461 3211 uenisset,
512 3147 680 3216 inquit
699 3189 715 3211 ,
771 3147 953 3204 Petrus
982 3150 1305 3206 Antiochiam
1324 3194 1340 3220 ,
1369 3154 1421 3208 in
1453 3155 1636 3224 facient
1656 3157 1702 3209 ei
1722 3173 1808 3210 re-

208 3235 323 3292 stiti
351 3234 492 3307 (Cal.
514 3237 570 3292 2.
603 3237 714 3306 ll).

286 3328 342 3382 2.
371 3327 637 3399 Numquid
665 3347 1092 3403 unumquemque
1117 3344 1351 3391 vestrum
1375 3338 1477 3393 hoc
1503 3338 1804 3405 conturbat,

211 3418 343 3474 dum
370 3420 518 3476 audit
539 3422 696 3477 Petro
720 3425 981 3480 restitisse
1010 3426 1233 3482 Paulum
1266 3446 1280 3482 :
1306 3430 1581 3485 columnas
1606 3432 1807 3486 scilicet

212 3509 475 3565 Ecclesia:
505 3511 644 3567 inter
670 3528 729 3568 se
757 3514 932 3569 collidi
956 3557 971 3578 ,
1011 3525 1171 3586 atque
1208 3519 1261 3572 in
1289 3533 1349 3573 se
1376 3518 1601 3574 invicem
1630 3521 1807 3575 incur-

212 3601 375 3656 rere?
420 3602 692 3672 Siquidem
732 3620 860 3660 vere
902 3607 1164 3662 columnae
1200 3617 1324 3663 sunt
1370 3610 1497 3676 isti,
1543 3611 1634 3680 qui
1684 3612 1805 3666 lidci

214 3701 413 3749 tectum
434 3695 695 3749 sustinent
722 3705 776 3751 et
802 3708 1032 3767 gestant,
1060 3708 1115 3753 et
1138 3700 1401 3754 columnae
1430 3712 1485 3755 et
1510 3716 1805 3771 propugna-

209 3783 353 3849 cula,
382 3794 437 3838 et
461 3785 715 3841 Ecclesiae
740 3791 981 3857 corporis
1019 3792 1157 3845 oculi
1178 3834 1193 3854 ,
1240 3802 1293 3845 et
1334 3793 1595 3847 bonorum
1629 3795 1804 3850 fontes

210 3888 276 3927 nc
307 3874 568 3941 thesauri,
602 3888 657 3932 et
682 3890 864 3947 portus
885 3920 901 3945 ,
938 3890 991 3935 et
1019 3883 1389 3952 quodcumque
1418 3885 1612 3939 dixerit
1653 3888 1803 3955 quis-

215 3964 377 4030 piam,
404 3965 627 4019 necdum
656 3976 833 4023 tamen
846 3986 1036 4024 eorum
1068 3973 1376 4041 dignitatem
1410 3976 1641 4045 aequabit
1666 3995 1679 4031 :
1708 3976 1803 4031 θεά

211 4064 411 4123 quanto
441 4058 671 4126 majores
691 4069 848 4113 erunt
874 4061 1076 4128 laudes,
1109 4073 1255 4116 tanto
1284 4065 1484 4133 majora
1518 4066 1670 4119 nobis
1701 4067 1802 4119 ob-

210 4147 349 4211 jecta
373 4158 528 4201 erunt
555 4150 870 4205 certamina.
918 4154 1192 4209 Attendite
1220 4156 1378 4222 igitur
1406 4175 1417 4210 :
1444 4173 1539 4225 pro
1562 4160 1801 4227 patribus

215 4238 358 4291 enim
390 4239 544 4294 nobis
574 4241 857 4296 dicendum
886 4253 995 4309 est,
1049 4255 1105 4299 ut
1132 4248 1371 4315 conjecta
1406 4249 1457 4301 in
1483 4265 1577 4304 eos
1617 4267 1645 4302 a
1677 4266 1800 4317 pro-

216 4331 351 4387 fanis
400 4343 454 4387 et
492 4349 521 4387 a
566 4334 687 4397 lidei
734 4336 976 4392 hostibus
1019 4339 1241 4393 crimina
1286 4340 1611 4397 refellamus.
1672 4344 1801 4397 Cum

214 4434 380 4477 autent
415 4427 626 4481 venisset
657 4426 842 4482 Petrus
881 4430 1231 4495 Antiochiam,
1266 4435 1316 4486 in
1344 4437 1520 4503 faciem
1547 4438 1591 4489 ei
1615 4438 1796 4503 restiti,

212 4516 330 4579 quia
348 4516 748 4583 repreltensibilts
773 4530 878 4573 erat
906 4521 1046 4586 (Cal.
1077 4522 1133 4575 Ξ.
1164 4525 1372 4593 ΗεΗ).
1423 4526 1623 4580 Deinde
1652 4529 1802 4581 addi-

217 4620 300 4661 tur
317 4620 477 4659 causa
507 4609 938 4676 reprehensionis
971 4630 985 4664 :
1013 4612 1168 4667 Prius
1200 4617 1365 4680 enim,
1400 4634 1549 4684 quam
1580 4619 1801 4673 venirent

212 4694 419 4761 quidam
458 4695 736 4761 aJacobo,
781 4718 896 4755 cum
941 4702 1170 4772 gentibus
1213 4706 1387 4759 edebat
1430 4724 1591 4760 :cunt
1632 4722 1799 4763 autent

213 4787 455 4840 venissent
475 4829 489 4851 ,
518 4790 838 4844 subtrahebat
862 4802 907 4844 et
939 4796 1231 4863 segregabat
1256 4813 1309 4851 se
1331 4837 1344 4861 ,
1376 4798 1555 4851 timens
1580 4815 1684 4865 eos,
1712 4802 1801 4867 qui

211 4891 276 4931 ex
291 4878 673 4933 circumcisione
697 4890 860 4934 erant.
883 4882 948 4934 Et
974 4884 1290 4939 simulationi
1313 4889 1420 4956 ejus
1442 4901 1799 4944 consenserunt

212 4968 378 5021 ctrtért'
425 4967 596 5023 Judaei
622 5013 636 5036 ,
685 4973 757 5024 ita
798 4982 851 5025 ut
897 4983 941 5026 et
985 4974 1246 5031 Barnabas
1274 4980 1536 5033 duceretur
1559 4981 1619 5034 ab
1650 4984 1721 5036 eis
1748 4982 1801 5036 in

214 5059 354 5113 illaut
392 5062 779 5122 simulationem.
812 5065 918 5119 Sed
938 5084 1053 5120 cum
1084 5070 1315 5123 vidissent
1338 5112 1352 5135 ,
1383 5072 1517 5139 quod
1543 5090 1644 5127 non
1670 5087 1802 5128 recte

214 5151 524 5206 ambularent
571 5155 639 5207 ad
673 5158 935 5211 veritatem
973 5162 1252 5231 evangelii,
1304 5163 1414 5215 dixi
1449 5163 1599 5217 Petro
1627 5182 1799 5219 corant

215 5242 460 5298 omnibus.
508 5244 573 5299 Et
596 5262 755 5317 supra
782 5249 949 5314 dicit,
995 5249 1059 5303 In
1080 5252 1261 5321 faciem
1285 5295 1298 5316 ,
1330 5264 1384 5307 et
1415 5255 1512 5308 hoc
1542 5257 1678 5320 loco,
1702 5257 1801 5311 Co-

213 5350 319 5386 ram
362 5337 613 5392 omnibus.
663 5338 853 5395 Notate
884 5341 1021 5395 istud
1053 5342 1193 5412 quod
1218 5343 1350 5397 dixit
1382 5364 1393 5395 :
1425 5345 1609 5399 Curam
1630 5350 1797 5401 omni-

214 5424 320 5477 bus.
363 5427 425 5479 Si
466 5438 515 5478 tu
538 5446 651 5481 cum
675 5428 890 5484 Juda‘us
919 5434 1006 5494 sis,
1048 5435 1300 5503 gentiliter
1325 5437 1464 5499 vivis,
1496 5448 1539 5491 et
1567 5456 1665 5491 non
1695 5440 1796 5492 Ju-

214 5515 390 5583 daice,
447 5522 697 5586 quomodo
750 5534 917 5592 gentes
970 5526 1107 5595 cogis
1160 5524 1483 5580 Juduiznnz?
1549 5530 1798 5587 Fortasse

215 5605 429 5659 Paulum
465 5610 532 5663 ob
558 5613 805 5681 loquendi
836 5615 1133 5670 libertatem
1182 5618 1465 5684 laudastis,
1498 5624 1636 5690 quod
1671 5642 1793 5691 pcr-

214 5711 354 5752 sonm
408 5699 715 5770 dignitatem
766 5720 871 5761 non
927 5708 1223 5777 reveritus,
1274 5722 1487 5781 propter
1530 5716 1790 5783 evangelii

1260 324 1321 383 IN
1360 320 1590 387 ILLUD,
1628 317 1698 375 ΙΝ
1736 306 1991 372 FACIEI
2032 305 2101 368 El
2138 306 2429 369 κατ-πί.

3401 311 3509 373 871

1919 417 2205 474 veritatem
2220 427 2511 488 przesctttes
2532 433 2642 474 non
2663 418 2958 475 erubuerit.
2988 420 3055 475 At
3080 420 3205 475 licet
3222 435 3286 476 ea
3300 421 3369 478 sit
3396 423 3508 480 laus

1918 505 2089 575 Pauli,
2120 520 2363 566 nostrum
2392 508 2448 563 in
2474 508 2708 565 dedecus
2735 509 2861 566 illud
2887 510 3049 565 cedit.
3079 510 3218 577 Quid
3242 511 3385 565 enim
3413 527 3508 570 re-

1918 598 2022 652 fert
2043 597 2185 669 quod
2212 607 2358 655 recte
2394 598 2592 654 Paulus
2637 598 2901 669 gesserit?
2942 600 3013 655 At
3048 599 3189 654 male
3210 599 3379 671 gessit
3405 600 3513 656 Pe-

1918 699 2051 755 trus,
2084 689 2347 760 siquidem
2383 706 2491 746 non
2520 698 2669 746 recte
2697 690 3025 747 ambulabat.
3061 690 3200 759 Quid
3223 706 3353 761 ergo
3378 690 3507 747 mibi

1915 782 2400 853 prodest,'quando
2414 783 2551 837 alter
2569 798 2633 838 ex
2657 782 2773 853 biga
2801 797 2972 855 equus
2998 780 3299 852 claudicat?
3324 781 3510 852 Neque

1916 874 2059 927 enim
2092 872 2220 927 mihi
2247 889 2370 927 cum
2399 873 2566 929 Paulo
2596 888 2684 929 res
2707 883 2816 941 est,
2843 873 2938 931 sed
2966 889 3089 929 cum
3118 872 3372 944 profanis.
3419 873 3509 927 ld-

1914 965 2059 1019 circo
2084 965 2246 1020 etiam
2265 966 2510 1029 obsecro,
2542 978 2600 1021 ut
2626 967 2937 1022 attendatis.
2965 964 3181 1022 Etenim
3209 964 3508 1023 accusatio-

1914 1069 2035 1108 nem
2065 1070 2254 1125 augeo,
2279 1056 2685 1125 gravioremque
2709 1057 2896 1121 reddo.
2929 1067 2987 1112 ut
3006 1056 3239 1113 studium
3267 1064 3505 1111 vestrum

1913 1142 2163 1200 excitem.
2212 1144 2312 1224 Qui
2338 1148 2482 1202 enim
2510 1149 2562 1203 in
2592 1149 2884 1203 certamine
2910 1159 3158 1203 versatur
3180 1188 3196 1213 ,
3222 1148 3428 1218 vigilat,
3458 1156 3510 1203 et

1911 1237 2125 1306 qui‘pro
2149 1246 2305 1307 patre
2327 1239 2536 1304 metuit,
2567 1249 2650 1293 est
2688 1248 2925 1293 attentus
2949 1256 2962 1293 :
2989 1237 3081 1309 qui
3109 1237 3508 1293 accusationem

1913 1328 2094 1393 audit,
2127 1339 2277 1398 optat
2303 1329 2552 1399 excipere
2576 1330 2968 1387 defensionem.
3012 1329 3072 1386 Si
3098 1344 3227 1401 ergo
3254 1328 3509 1396 incipiam

1911 1418 2302 1472 accusationem
2326 1433 2545 1488 augere,
2563 1434 2631 1474 ne
2654 1435 2721 1473 ex
2736 1418 2900 1473 animi
2929 1419 3033 1473 mei
3061 1417 3322 1473 sententia
3344 1416 3509 1472 verba

1912 1506 2001 1561 illa
2038 1507 2262 1578 proferri
2305 1509 2591 1568 censeatis.
2640 1509 2909 1563 Profundc
2933 1508 3128 1578 quippe
3154 1519 3387 1562 mentem
3412 1520 3511 1562 es-

1912 1612 2079 1664 eavo,
2130 1607 2187 1654 et
2212 1600 2370 1654 altius
2409 1600 2464 1654 in
2509 1602 2689 1654 animo
2715 1600 2895 1655 sulcos
2924 1615 3057 1669 ago,
3104 1609 3162 1653 ut
3192 1597 3505 1668 profundius

1908 1689 2066 1757 jactte
2091 1689 2369 1744 sententiae
2394 1691 2635 1745 tenacius
2675 1691 2947 1755 intereant,
2974 1698 3030 1746 et
3073 1690 3215 1745 fideli
3242 1688 3505 1747 memoria

1914 1790 2213 1836 teneantur.
2262 1781 2367 1836 Sed
2396 1791 2450 1837 et
2488 1782 2541 1836 in
2573 1783 2783 1838 laudem
2805 1783 2953 1838 urbis
2975 1792 3167 1837 vestra:
3197 1780 3276 1854 (a)
3306 1779 3509 1836 cedunt

1911 1885 2033 1941 quae
2058 1870 2323 1926 dicentur.
2356 1872 2446 1927 Illa
2473 1856 2667 1944 quippe
2692 1883 2966 1928 certamen
3000 1873 3210 1941 excepit
3232 1913 3250 1937 ,
3289 1871 3379 1925 illa
3409 1885 3509 1941 pu-

1912 1976 2072 2031 gnam
2104 1980 2118 2016 :
2147 1963 2255 2017 imo
2285 1977 2416 2017 vero
2443 1978 2552 2018 non
2602 1978 2833 2033 pugnam
2860 2002 2878 2030 ,
2924 1960 3023 2017 sed
3064 1976 3187 2032 quae
3224 1960 3508 2016 videbatur

1917 2068 2038 2108 esse
2067 2068 2267 2124 pugna,
2294 2055 2549 2109 cancrum
2581 2069 2711 2123 pace
2732 2054 2923 2123 quavis
2950 2053 3131 2108 utilior
3149 2050 3371 2107 exstitit.
3388 2048 3505 2104 Non

1913 2144 2055 2200 enim
2084 2145 2152 2198 ita
2183 2145 2421 2199 membra
2454 2155 2636 2199 nostra
2677 2160 2965 2200 nervorum
3005 2143 3337 2213 amplexibus
3368 2141 3508 2196 inter
3543 2174 3548 2179 -

1913 2250 1973 2289 se
1989 2236 2287 2305 junguntur
2309 2274 2325 2299 ,
2355 2245 2411 2290 ut
2437 2227 2663 2304 apostoli
2686 2236 2927 2290 caritatis
2954 2242 3108 2290 erant
3132 2234 3272 2288 inter
3298 2246 3361 2289 se
3388 2230 3509 2285 vin-

1912 2328 2048 2382 culis
2075 2326 2330 2396 copulati.

1983 2418 2037 2471 3.
2070 2416 2352 2471 Laudastis
2396 2416 2651 2470 Paulum?
2688 2416 2883 2471 Audite
2922 2430 3054 2486 ergo
3100 2428 3207 2485 quo
3252 2422 3407 2483 pacto
3434 2410 3505 2467 ad

1912 2507 2307 2563 accusationem
2359 2507 2575 2563 tendant
2620 2506 2800 2575 Pauli,
2848 2522 2971 2576 qua:
3017 2504 3157 2560 dicta
3199 2514 3355 2572 sunt,
3400 2501 3507 2559 nisi

1914 2614 2075 2654 unum
2104 2600 2335 2669 aliquem
2375 2600 2428 2653 in
2469 2598 2647 2653 verbis
2676 2597 3045 2653 absconditum
3071 2609 3290 2650 sensum
3317 2592 3507 2649 obser-

1916 2705 2124 2745 vemus.
2157 2690 2295 2758 Quid
2325 2692 2439 2759 ais,
2480 2706 2515 2745 ο
2552 2690 2755 2745 Paule?
2787 2688 3076 2761 lncrepasti
3109 2688 3351 2757 Petrum,
3382 2700 3507 2743 cum

1913 2780 2064 2835 illum
2093 2781 2305 2839 videres
2331 2782 2397 2839 ad
2429 2782 2704 2839 veritatem
2737 2782 2999 2852 evangelii
3042 2796 3150 2836 non
3188 2788 3333 2834 recte
3361 2779 3510 2835 luee-

1915 2875 2077 2931 dere?
2107 2876 2252 2931 Bene
2295 2876 2478 2932 habet.
2508 2876 2618 2931 Cur
2662 2876 2822 2945 igitur
2846 2873 2912 2928 In
2939 2873 3159 2945 facient?
3192 2887 3287 2926 cur
3324 2868 3509 2925 Coram

1912 2968 2179 3022 omnibus?
2197 2968 2384 3022 Nonne
2405 2969 2626 3021 remotis
2652 2966 2867 3021 arbitris
2893 2965 3009 3019 fieri
3033 2961 3506 3033 reprehensionem

1912 3058 2185 3127 oportuit?
2214 3060 2283 3112 At
2314 3068 2367 3112 tu
2397 3057 2664 3128 quomodo
2693 3057 2901 3127 publice
2930 3055 3190 3125 judicium
3238 3052 3468 3109 instituis
3488 3092 3504 3115 ,

1911 3156 1965 3202 et
1993 3148 2190 3203 multos
2218 3150 2573 3203 accusationis
2612 3157 2775 3201 testes
2809 3145 3024 3202 reddis?
3053 3146 3184 3214 Quis
3221 3159 3328 3199 non
3366 3143 3509 3200 dicet

1912 3238 2038 3292 odio
2068 3239 2377 3307 impellente
2404 3237 2505 3292 ltoc
2535 3253 2562 3289 a
2595 3246 2647 3291 te
2672 3237 2809 3299 ﬁeri,
2842 3235 2925 3290 vel
2954 3251 3018 3290 ex
3049 3234 3245 3289 invidia
3274 3233 3358 3289 vel
3388 3241 3506 3287 stu-

1910 3328 2001 3382 dio
2028 3328 2423 3382 contentionis?
2452 3327 2638 3381 Nonne
2670 3336 2722 3379 tu
2750 3342 2808 3380 es
2837 3325 2959 3391 ille,
2992 3324 3081 3394 qui
3106 3323 3350 3387 dicebas,
3393 3321 3501 3376 Fa-

1918 3428 2027 3470 ctus
2056 3434 2167 3471 sum
2196 3418 2413 3485 inﬁrmis
2456 3426 2512 3469 ut
2554 3417 2788 3484 inﬁrmus
2835 3417 2911 3485 (l.
2952 3414 3070 3469 Cor.
3102 3414 3157 3469 9.
3202 3412 3333 3483 22)?
3370 3412 3505 3480 Quid

1912 3524 2073 3578 porro
2100 3520 2211 3576 est,
2251 3510 2481 3577 lit/irmis
2526 3521 2580 3562 ut
2625 3509 2903 3578 inﬁrmus?
2939 3508 3419 3572 Condescendens,
3451 3516 3506 3563 et

1910 3601 2183 3653 occultans
2216 3600 2429 3654 illorutn
2455 3600 2697 3659 vulnera.
2727 3600 2919 3669 inquit,
2951 3614 3124 3668 neque
3153 3598 3464 3667 permittens
3483 3638 3499 3663 ,

1910 3702 1965 3745 ut
1996 3693 2048 3745 iu
2092 3692 2475 3760 impudentiam
2523 3691 2952 3759 prolaberentur.
3004 3689 3215 3759 Ergone
3258 3687 3346 3758 qui
3376 3701 3503 3757 erga

1908 3782 2196 3851 discipulus
2241 3782 2378 3836 adeo
2418 3782 2682 3836 sollicitus
2738 3782 2881 3835 fuisti
2929 3791 2983 3835 et
3033 3779 3323 3847 benignus,
3376 3790 3501 3846 erga

1907 3874 2271 3940 coapnstoiutn
2302 3873 2535 3927 crudelis
2562 3872 2822 3927 evasisti?
2847 3872 2961 3926 Non
2988 3870 3199 3925 audiisti
3233 3869 3499 3924 Christum

1906 3964 2209 4029 dicentem,
2242 3964 2366 4018 Cum
2413 3966 2691 4034 peccaverit
2728 3969 2891 4033 frater
2920 3974 3067 4027 tuus,
3107 3964 3263 4027 vade,
3304 3963 3503 4031 corripe

1907 4072 2021 4109 cum
2054 4058 2181 4109 inter
2211 4066 2259 4110 te
2282 4066 2328 4110 et
2352 4057 2521 4125 ipsum
2550 4057 2715 4111 solum
2743 4054 2956 4126 (Matth.
2992 4055 3079 4109 l8.
3113 4054 3238 4123 15)?
3268 4055 3337 4107 At
3367 4061 3419 4106 tu
3447 4062 3502 4106 et

1912 4148 2115 4214 publice
2142 4149 2384 4218 corripis,
2421 4158 2475 4203 et
2501 4163 2560 4203 re
2590 4157 2889 4218 perpetrata
2919 4146 3183 4216 gloriaris.
3213 4144 3341 4199 Cum
3367 4146 3499 4197 enim

1907 4241 2115 4293 venisset
2142 4240 2348 4307 Petrus,
2380 4242 2570 4311 ittquit,
2599 4240 2939 4300 Antiochiam,
2967 4239 3017 4291 in
3044 4239 3224 4307 [aciem
3248 4237 3291 4290 ei
3316 4237 3497 4291 restiti.

1906 4330 2090 4398 Neque
2131 4332 2341 4401 publice
2384 4342 2586 4384 tantum
2629 4331 2891 4399 corripis,
2936 4330 3030 4384 sed
3070 4330 3230 4383 etiam
3273 4328 3415 4384 velut
3446 4329 3498 4384 in

1906 4422 2154 4476 Columna
2196 4423 2426 4492 quadam
2475 4421 2644 4477 literis
2690 4423 2920 4476 exaratis
2954 4437 3180 4492 pugnam
3228 4422 3371 4475 illam
3415 4420 3497 4473 in-

1907 4517 2105 4585 sculpis
2130 4558 2144 4579 ,
2181 4518 2246 4569 ad
2276 4515 2589 4570 memoriam
2617 4517 2737 4569 facti
2763 4516 3141 4585 sempiternam
3166 4532 3179 4566 :
3206 4524 3262 4567 ut
3291 4529 3397 4568 non
3422 4512 3498 4568 illi

1908 4615 2111 4661 tantum
2136 4608 2224 4675 qui
2246 4608 2489 4670 aderant,
2512 4607 2606 4660 sed
2630 4617 2683 4660 et
2706 4620 2894 4660 omnes
2914 4605 3003 4674 qui
3026 4606 3209 4659 orbem
3236 4614 3497 4657 terrarum

1906 4697 2145 4750 incolunt
2174 4696 2449 4762 homines,
2481 4712 2546 4751 ex
2576 4698 2799 4766 epistola
2830 4713 2942 4751 rem
2975 4696 3118 4750 illam
3150 4704 3496 4764 cognoscant.

1905 4787 2113 4842 Siccine
2140 4799 2313 4842 tecum
2334 4798 2555 4857 egerunt
2578 4786 2806 4855 apostoli
2836 4786 3209 4855 Jerusolymis,
3236 4800 3356 4839 cum
3380 4792 3501 4854 post

1905 4894 2073 4932 annos
2106 4878 2509 4949 quatuordecim
2549 4877 2857 4943 ascendisti,
2906 4887 2961 4930 ut
3000 4874 3332 4944 evangelium
3376 4888 3499 4929 cum

1906 4972 2013 5025 illis
2040 4971 2346 5026 conferres?
2372 4969 2561 5025 Nonne
2588 4978 2642 5023 tu
2670 4969 2823 5031 dicis,
2856 4967 2983 5021 Post
3008 4982 3169 5020 annos
3194 4965 3500 5033 quatuorde-

1907 5064 2007 5115 cint
2050 5062 2257 5116 escendi
2277 5103 2291 5127 ,
2329 5070 2375 5115 et
2404 5060 2595 5115 contuli
2638 5076 2752 5112 cum
2795 5060 2865 5111 eis
2904 5057 3244 5127 euangelium,
3276 5070 3501 5108 seorsum

1903 5172 2018 5210 vero
2041 5172 2155 5208 cum
2185 5156 2248 5208 iis
2276 5155 2362 5225 qui
2392 5152 2687 5207 uidebantur
2711 5152 2905 5219 aliquid
2930 5168 3037 5205 esse
3065 5148 3203 5218 (Cal.
3234 5148 3287 5201 2.
3320 5148 3373 5202 1.
3402 5148 3502 5214 2)?

1903 5248 2039 5314 Quid
2068 5248 2257 5317 igitur?
2288 5248 2421 5301 Nunt
2452 5262 2694 5301 seorsum
2721 5245 2968 5300 conferre
2995 5255 3047 5299 te
3074 5244 3339 5299 volentem
3374 5259 3503 5311 pro-

1906 5341 2213 5403 hibuerunt,
2247 5350 2302 5392 et
2332 5341 2381 5393 in
2414 5339 2647 5395 medium
2676 5338 3035 5403 adduxerunt,
3064 5348 3225 5406 atque
3252 5336 3508 5390 omnibus

1905 5431 2291 5502 prodiderunt?
2324 5431 2434 5485 Dici
2465 5446 2570 5484 non
2600 5440 2792 5499 petest.
2836 5430 2952 5484 lam
2984 5438 3036 5482 tu
3078 5429 3234 5497 igitur
3260 5442 3505 5481 seorsum

1905 5522 2153 5584 confers,
2204 5538 2303 5575 nec
2350 5521 2490 5574 ullus
2532 5519 2893 5574 contradicit:
2926 5530 2981 5573 tu
3030 5533 3156 5572 vero
3199 5516 3499 5586 apostolum

1906 5615 2078 5686 palam
2112 5616 2381 5669 traducis?
2417 5617 2498 5667 An
2529 5629 2655 5668 vero
2683 5623 2887 5668 tantum
2926 5613 3031 5670 illic
3073 5609 3500 5668 benevolentiam

1973 5731 2045 5791 (tt)
2084 5730 2343 5779 .tttliochiie
2378 5728 2543 5780 habita
2564 5727 2763 5779 ostium:
2796 5737 2965 5777 omne.
