4194 6302
677 445 1183 509 Ιιιυιιιιιιοιραιιιιί
1220 436 1318 493 asl
1357 437 1435 492 Ae
1474 450 1583 490 non
1624 442 1738 489 tum
1789 434 1985 498 etiam.
2025 435 2260 486 eumtot

673 528 1111 585 adessentntillia
1140 522 1910 591 Macrum,nonneeadem
1944 516 2256 590 ergateusl

674 631 799 676 sunt
812 618 1067 691 sapiattia
1078 618 1102 671 i
1114 629 1292 672 nonne
1302 626 1353 672 te
1366 616 1589 671 seorsim
1601 609 1871 686 assutupto
1880 611 1973 668 tibi
1984 610 2253 677 dixerunt,

686 712 834 766 Vides
857 715 1014 781 frater
1035 749 1053 776 ,
1079 708 1379 780 quotiniltia
1400 718 1515 763 sunt
1538 706 1839 762 Judteorutn
1856 746 1873 772 ,
1899 705 1985 774 qui
2009 717 2254 759 maena-

678 810 816 867 runt,
834 809 881 854 et
908 800 965 855 hi
983 815 1156 854 omnes
1179 799 1498 854 mutatam
1523 807 1639 853 sunt
1663 798 1804 868 legis,
1832 804 1881 849 et
1906 794 2173 848 audierunt
2192 792 2258 847 de

678 903 755 958 te,
802 892 920 962 quia
958 891 1310 947 discessionem
1352 889 1537 943 doceas
1566 904 1600 941 a
1642 888 1765 958 lege.
1815 884 1951 953 Quid
1986 899 2106 954 ergo
2144 882 2257 937 est!

675 982 784 1037 Fac
803 982 939 1051 quod
960 981 1049 1036 tibi
1069 982 1301 1036 dicimus.
1318 980 1452 1035 Suut
1470 981 1603 1034 inter
1622 994 1710 1032 nos
1730 977 1821 1030 uiri
1836 984 2003 1029 cetusu
2018 975 2255 1028 beantes

671 1092 824 1145 super
847 1091 901 1130 se
923 1090 942 1129 :
962 1076 1042 1130 his
1068 1075 1339 1145 assumptis
1360 1072 1540 1127 rudera
1563 1086 1677 1125 cunt
1706 1068 1827 1133 illis,
1851 1077 1901 1121 et
1921 1066 2183 1135 sanctiﬁca
2208 1072 2257 1118 te

671 1181 785 1219 cunt
811 1166 945 1231 illis,
967 1175 1021 1219 ut
1048 1166 1245 1219 discant
1266 1206 1278 1229 ,
1304 1163 1423 1232 quia
1462 1177 1575 1231 qua
1597 1160 1662 1215 de
1690 1169 1737 1215 te
1777 1159 2081 1223 audierunt,
2118 1156 2255 1229 falsa

670 1265 787 1311 sunt
836 1258 967 1328 (Act.
1012 1257 1101 1311 Si.
1137 1252 1374 1326 90.44).
1415 1253 1574 1308 Vides
1617 1261 1677 1309 nt
1724 1249 2105 1306 existimationi
2145 1257 2251 1303 tua:

673 1347 926 1415 parcant?
972 1355 1029 1399 ιιι
1074 1354 1129 1400 ts
1175 1342 1587 1413 dispensationis
1630 1341 1773 1395 illius
1817 1340 1919 1396 sub
1970 1338 2115 1393 larva
2160 1350 2252 1391 oe-

674 1436 900 1499 eultent,
926 1444 982 1490 et
999 1435 1259 1491 sacriﬁcio
1286 1448 1350 1488 ac
1374 1430 1878 1488 sanctiﬁcationibus
1900 1438 1952 1483 te
1967 1425 2250 1496 obtegam?

672 1522 779 1578 Cur
818 1539 924 1578 non
964 1523 1209 1580 eamdem
1236 1534 1291 1577 tu
1318 1538 1530 1593 quoque
1554 1520 1965 1575 sollicitudinem
1992 1515 2249 1573 exhibes?

744 1616 797 1668 4.
831 1614 1115 1669 Enimvero
1142 1614 1187 1669 si
1216 1630 1343 1669 vere
1371 1628 1542 1683 pugna
1579 1621 1722 1667 esset
1759 1626 1849 1665 res
1891 1610 1987 1664 ista
2028 1618 2082 1663 ct
2116 1623 2248 1661 cou-

674 1703 878 1769 tentio,
935 1703 1017 1758 bis
1063 1702 1491 1758 accusationibus
1543 1702 1691 1757 locus
1740 1708 1883 1755 esset
1914 1715 1928 1753 :
1955 1698 2065 1768 jam
2120 1711 2249 1751 vero

671 1802 875 1846 certum
902 1801 984 1847 est
1010 1806 1116 1846 non
1142 1807 1261 1847 esse
1286 1807 1537 1861 pugnam,
1564 1790 1659 1846 sed
1687 1789 1853 1845 videri
1874 1788 2107 1858 quidem,
2136 1800 2251 1840 ma-

668 1896 827 1951 gnam
852 1896 981 1935 vero
1013 1882 1161 1937 Pauli
1197 1889 1250 1935 et
1275 1882 1415 1936 Petri
1447 1882 1793 1949 sapientiam,
1839 1889 1893 1933 et
1940 1879 2079 1933 inter
2104 1877 2249 1946 ipsos

667 1982 905 2029 mutuam
948 1971 1368 2029 benevolentiam
1394 1989 1505 2045 prta
1546 1988 1606 2029 se
1634 1972 1796 2029 ferre.
1824 1972 2038 2026 interim
2069 1980 2247 2025 tamen

668 2059 840 2127 hanc,
886 2078 1007 2131 qua:
1038 2062 1161 2117 talis
1187 2063 1396 2118 videtur
1424 2078 1578 2129 esse,
1619 2058 2014 2118 accusationem
2061 2060 2251 2115 audia-

669 2166 807 2207 mus.
836 2151 963 2208 Cum
988 2164 1155 2208 autem
1175 2156 1382 2208 uertisset
1412 2153 1596 2221 Petrus
1623 2154 1963 2217 Antiochiam,
1986 2154 2039 2205 in
2065 2153 2250 2221 facient

667 2243 715 2296 ei
741 2244 918 2297 restiti.
944 2243 1113 2307 Quam
1141 2244 1212 2298 ob
1250 2243 1498 2297 causam?
1530 2242 1662 2308 Quia
1691 2241 2091 2312 reprehensihilis
2119 2248 2247 2294 erat.

668 2331 948 2403 Quodnam
998 2345 1175 2391 autem
1228 2350 1394 2404 genus
1435 2344 1515 2389 est
1568 2333 2036 2405 reprehensionis?
2094 2331 2248 2386 Prius

663 2428 830 2495 enim,
866 2445 1017 2499 quant
1059 2428 1275 2483 venirent
1322 2427 1524 2494 quidam
1554 2443 1585 2478 a
1612 2425 1801 2479 Iacobo
1825 2466 1841 2491 ,
1883 2442 1996 2478 cunt
2024 2423 2248 2496 gentibus

665 2520 840 2575 edebat
863 2537 881 2574 :
901 2537 1013 2574 cunt
1038 2533 1204 2575 autem
1231 2519 1504 2584 venissent,
1537 2518 1853 2572 subtrahebat
1880 2527 1925 2571 et
1952 2516 2247 2586 segregabat

666 2628 754 2679 se,
803 2614 980 2666 timens
1024 2629 1108 2667 eos
1154 2614 1240 2684 qui
1269 2630 1331 2669 ea:
1356 2610 1734 2667 circumcisione
1778 2617 1937 2662 erant.
1967 2607 2103 2674 Quid
2132 2605 2249 2659 nisi

666 2700 907 2755 Timidus
934 2702 1121 2757 Petrus
1145 2744 1158 2765 ,
1204 2714 1258 2758 et
1300 2719 1485 2774 parum
1516 2702 1799 2758 strenuus?
1829 2701 2018 2756 Annon
2051 2696 2249 2751 ideirco

668 2792 856 2847 Petrus
872 2803 951 2847 est
973 2794 1287 2863 appellatus,
1310 2793 1450 2863 quod
1474 2794 1793 2848 immobilem
1812 2793 2027 2846 haberet
2048 2787 2205 2846 ﬁdem
2222 2786 2248 2843 τ

668 2881 805 2948 Quid
830 2882 963 2952 agis,
984 2885 1053 2936 mi
1071 2882 1270 2937 homo?
1295 2884 1557 2937 Reverere
1583 2898 1797 2947 nomen,
1819 2881 1958 2951 quod
1985 2879 2244 2951 discipulo

667 2974 919 3043 imposuit
958 2974 1231 3030 Dominus.
1267 2974 1508 3030 Timidus
1552 2975 1740 3031 Petrus
1782 2984 1836 3029 et
1887 2988 2071 3043 parum
2108 2980 2244 3028 stre-

668 3064 844 3119 nuus?
888 3063 957 3119 Et
982 3065 1101 3135 quis
1124 3064 1227 3120 hoc
1253 3066 1321 3120 ab
1348 3065 1455 3119 ullo
1482 3064 1938 3121 sinat'aliirmari?
1974 3063 2089 3119 Non
2128 3062 2245 3118 inec

665 3153 733 3211 de
773 3156 866 3210 illo
891 3156 1075 3211 testari
1119 3166 1292 3227 potest
1333 3157 1698 3229 Jerosoiyma,
1744 3157 2080 3226 primumque
2118 3154 2246 3210 illud

670 3246 972 3313 theatrum,
1019 3259 1075 3303 et
1106 3248 1339 3303 Ecclesia
1358 3288 1376 3313 ,
1406 3248 1457 3302 in
1488 3264 1644 3318 quam
1675 3248 1878 3317 primus
1906 3246 2165 3316 prosiliit,
2193 3254 2249 3301 et

666 3338 877 3396 beatam
926 3340 1066 3394 illam
1111 3355 1298 3395 vocem
1341 3340 1542 3407 primus
1585 3338 1762 3394 emisit
1804 3352 1868 3393 ac
1895 3337 2025 3393 dixit
2052 3358 2067 3393 :
2092 3337 2248 3392 Hunc

667 3428 845 3485 Jessun
875 3428 1009 3485 Deus
1035 3430 1312 3497 suscitauit,
1340 3429 1519 3483 solutis
1555 3428 1816 3483 doloribus
1838 3429 2025 3500 inferni
2046 3429 2241 3499 (Actor.

659 3520 717 3575 2.
750 3520 865 3589 24).
902 3521 969 3575 Et
1001 3533 1217 3586 rursus,
1254 3518 1375 3572 Non
1419 3518 1561 3573 enim
1592 3518 1762 3573 David
1791 3521 2030 3574 ascendit
2058 3522 2119 3586 in,
2141 3515 2254 3579 ea;

664 3612 796 3667 tum.
842 3609 986 3665 Dicit
1032 3622 1207 3665 autent
1257 3610 1387 3679 ipse,
1419 3608 1620 3679 inquit,
1652 3609 1800 3663 Dixit
1855 3610 2110 3667 Dominus
2144 3612 2255 3667 Do-

667 3699 809 3753 mino
842 3715 974 3763 meo,
1010 3698 1143 3753 Sede
1170 3717 1203 3752 a
1241 3699 1441 3753 dextris
1471 3700 1621 3763 meis,
1652 3700 1819 3753 donec
1844 3716 2036 3769 ponant
2076 3702 2257 3756 inimi-

667 3804 756 3842 cos
786 3800 903 3842 tuos
935 3789 1219 3843 scabellum
1248 3790 1437 3856 pedum
1467 3799 1677 3841 tuorum
1696 3789 1810 3859 .(lb.
1845 3807 1892 3844 ν.
1925 3790 2013 3857 δι,
2038 3791 2158 3860 35.)

736 3877 878 3932 Petri
898 3880 1179 3933 constantia
1197 3881 1249 3932 in
1276 3878 1474 3934 Christo
1512 3879 1876 3951 pradicandoz;
1907 3878 2095 3935 Petrus
2121 3881 2241 3935 aliis

665 3968 908 4037 apostolis
930 3968 1119 4037 ﬁducia
1139 3968 1407 4024 antecellit.
1437 4000 1507 4010 —
1527 3972 1612 4024 An
1641 3985 1769 4041 ergo
1798 3970 2013 4025 timidus
2033 3979 2115 4025 est
2144 3972 2245 4028 iste

663 4072 727 4113 ac
756 4070 940 4127 parum
968 4069 1237 4125 strenuus,
1277 4060 1366 4130 qui
1398 4068 1545 4115 tanto
1576 4069 1750 4127 metu,
1789 4062 2056 4131 tantisque
2097 4062 2241 4131 peri-

664 4148 798 4203 culis
826 4149 1255 4219 impendentibus
1279 4192 1293 4214 ,
1331 4160 1476 4205 tanta
1505 4166 1625 4205 cum
1657 4151 1848 4206 fiducia
1875 4152 1941 4206 ad
1973 4152 2091 4207 illos
2115 4168 2243 4206 san-

665 4243 823 4308 guine
853 4252 1033 4310 pastos
1061 4256 1224 4297 canes
1247 4282 1263 4307 ,
1293 4242 1544 4296 ardentes
1576 4242 1675 4307 ira,
1704 4241 1903 4297 caedem
1932 4241 2105 4297 adhuc
2130 4244 2242 4313 spi-

664 4338 844 4384 rantes
862 4341 944 4384 est
965 4332 1259 4401 ingressus,
1278 4348 1340 4387 ac
1366 4332 1504 4387 dixit
1523 4348 1669 4398 eum,
1700 4334 1790 4403 qui
1818 4333 1886 4387 ab
1920 4333 2049 4403 ipsis
2071 4332 2247 4388 fuerat

660 4420 964 4484 cruciﬁxus,
989 4432 1042 4476 et
1085 4422 1445 4477 resurrexisse
1484 4439 1512 4475 a
1538 4423 1782 4488 mortuis,
1805 4432 1859 4478 et
1889 4424 1939 4477 in
1967 4424 2098 4478 corio
2120 4438 2244 4477 ver-

661 4511 787 4573 sari,
816 4512 882 4565 ad
911 4511 1081 4567 Patris
1111 4512 1386 4568 dexteram
1418 4514 1606 4568 sedere
1632 4556 1645 4579 ,
1679 4530 1741 4567 ac
1768 4514 1922 4568 malis
1950 4514 2244 4569 innumeris

666 4602 912 4657 inimicos
954 4618 1079 4657 suos
1105 4604 1377 4658 obruere?
1421 4604 1532 4658 Non
1565 4615 1618 4659 tu
1642 4605 1787 4660 illum
1810 4607 2007 4675 potius,
2036 4620 2240 4676 quzcso,

664 4694 891 4759 miraris,
915 4704 969 4747 et
1013 4694 1064 4747 in
1111 4695 1298 4748 caelum
1325 4695 1503 4757 ellers,
1531 4696 1673 4766 quod
1702 4711 1763 4750 us
1787 4696 2059 4761 diducere,
2100 4697 2242 4769 quod

664 4782 809 4837 labra
832 4785 1063 4852 aperire,
1092 4785 1233 4851 quod
1259 4796 1422 4849 stare,
1440 4786 1580 4855 quod
1601 4801 1918 4856 comparere
1942 4788 2089 4842 solus
2118 4804 2239 4843 cum

664 4871 766 4927 Illis
804 4874 1056 4942 potuerit,
1086 4875 1174 4943 qui
1216 4891 1336 4928 eum
1362 4878 1774 4932 crucilixeraut?
1799 4877 1930 4945 Quis
1958 4880 2099 4934 enim
2126 4896 2245 4935 ser-

664 4978 771 5026 mo,
803 4977 921 5031 qute
967 4978 1117 5017 meus
1159 4964 1426 5029 fiduciam,
1454 4982 1611 5035 quam
1640 4969 1729 5021 illo
1757 4968 1844 5023 die
1879 4984 1988 5038 pra:
2014 4984 2075 5025 se
2100 4970 2239 5038 tulit,

666 5068 729 5107 ac
758 5052 1005 5122 loquendi
1042 5054 1337 5112 libertatem
1367 5058 1669 5126 exprimere
1700 5060 1930 5127 poterit?
1956 5058 2104 5115 Nulla
2126 5078 2242 5115 om-

671 5145 817 5197 nino.
849 5145 903 5199 Si
931 5146 1073 5199 enim
1103 5155 1224 5200 ante
1252 5148 1552 5215 passionem
1588 5149 2022 5217 conspiravcrant
2045 5152 2235 5219 .lutlzci,

673 5244 731 5288 ut
759 5236 803 5289 si
830 5237 949 5304 quis
971 5251 1091 5290 eum
1120 5237 1461 5293 conﬁteretur
1480 5254 1599 5295 esse
1613 5238 1904 5306 Christum,
1926 5251 2076 5297 extra
2107 5261 2241 5311 syn-

669 5340 890 5392 agogam
945 5327 1096 5381 fleret
1152 5326 1173 5400 (
1198 5327 1353 5382 Joan.
1387 5328 1441 5384 9.
1487 5327 1641 5403 '22):
1686 5340 1808 5398 post
1853 5331 2147 5399 passionem
2184 5343 2239 5391 et

662 5416 987 5483 sepulturam
1017 5417 1295 5473 audientes
1319 5435 1465 5487 eum,
1505 5435 1608 5475 non
1638 5421 1725 5491 qui
1756 5420 2025 5487 Christum
2066 5425 2239 5478 conti-

666 5515 868 5561 teretur
894 5509 1087 5575 solum,
1133 5510 1228 5565 sed
1266 5519 1322 5567 et
1368 5520 1535 5567 totam
1579 5513 1735 5568 simul
1785 5514 2237 5583 dispensationem

662 5614 870 5656 summa
914 5603 1211 5657 constantia
1258 5605 1610 5673 praedicaret,
1657 5621 1764 5675 quo
1803 5615 1961 5675 pacto
2002 5624 2106 5663 non
2152 5610 2237 5665 di-

658 5688 982 5765 lacerarunt,
1009 5704 1066 5751 et
1106 5697 1443 5754 membratim
1470 5700 1741 5756 concisum
1774 5699 2071 5758 diviseth
2111 5718 2235 5761 eum

1400 319 1458 375 8.
1501 315 1785 377 JOANNiS
1810 312 2295 375 οιιηῐεοδτυιιιι
2322 311 2646 370 tuentur.
2684 312 3225 375 CONSTAN'I'INOP.

3842 325 3956 391 376

2365 442 2711 573 armes,’qut
2752 429 2959 500 primus
2992 442 3231 503 ipsum
3269 430 3435 490 furori
3470 448 3635 494 ausus
3663 435 3837 497 fuerat
3860 458 3949 499 re-

2366 533 2396 573 s
2417 527 2562 573 stere

2366 527 2562 575 sistere

2440 610 2495 666 5.
2528 610 2643 667 llos
2670 612 2813 667 enim
2834 613 3049 671 demam
3076 624 3160 672 est
3178 617 3451 685 eximium,
3483 635 3591 677 non
3618 623 3763 693 quod
3792 624 3972 680 fuerit

2366 700 2637 757 Christum
2664 702 2963 769 confessus,
2998 706 3093 761 sed
3118 708 3261 778 quod
3305 718 3431 765 ante
3471 719 3703 768 ceteros
3734 729 3961 777 omnes.

2364 806 2485 848 eum
2511 792 2587 847 illi
2617 790 2861 848 furerent
2886 793 3062 849 adhuc
3096 797 3246 853 cede
3286 799 3589 865 tumefacti,
3612 802 3958 861 conldeuter

2361 881 2642 938 confessus
2672 882 2851 938 luerit.
2871 882 2941 939 Ut
2961 884 3194 954 igitur-in
3225 886 3368 942 bello
3386 898 3546 959 atque
3564 890 3700 957 acie,
3722 890 3954 952 cohorte

2362 974 2688 1029 communita
2708 1016 2725 1042 ,
2772 975 2921 1030 illum
2950 977 3214 1046 praecipue
3239 978 3536 1048 laudamus,
3564 982 3652 1053 qui
3680 991 3809 1038 ante
3843 996 3950 1037 eat-

2363 1072 2510 1119 teres
2538 1064 2844 1134 prosiluerit
2865 1105 2882 1131 ,
2916 1065 3140 1137 ejusque
3180 1066 3411 1123 frontem
3464 1053 3763 1140 perruperit
3791 1071 3813 1145 (
3838 1085 3948 1125 non

2357 1154 2501 1208 enim
2536 1152 2695 1223 huius
2724 1163 2937 1209 tantum
2967 1155 3065 1221 rei,
3096 1156 3190 1209 sed
3232 1168 3293 1212 et
3314 1159 3551 1214 omnium
3574 1200 3588 1221 ,
3616 1176 3737 1231 qua
3762 1162 3963 1229 ceteri.

2360 1245 2656 1312 patrariut,
2692 1244 3068 1313 praelatiorum
3092 1244 3385 1306 facintmtm
3416 1263 3630 1304 causam
3650 1251 3950 1321 [indiuisus

2357 1334 2564 1389 dicetur
2594 1375 2615 1401 ,
2659 1335 2749 1405 qui
2783 1335 2918 1389 initii
2948 1344 3003 1390 et
3051 1336 3323 1406 ingressus
3363 1347 3556 1393 auctor
3592 1339 3753 1411 fuerit
3780 1341 3801 1411 )

2358 1426 2613 1482 nimirum
2634 1437 2693 1481 et
2718 1426 2786 1481 de
2832 1426 2992 1482 Petro
3032 1436 3281 1497 reputare
3317 1438 3560 1498 oportet,
3590 1410 3711 1486 cum
3740 1410 3955 1500 primus

2357 1518 2628 1588 ingressus
2654 1518 2743 1583 sit,
2766 1526 2821 1573 et
2846 1516 3073 1573 frontem
3094 1517 3327 1575 Iudaicae
3352 1518 3596 1574 cohortis
3618 1521 3949 1589 perruperit,

2354 1622 2419 1661 ac
2438 1608 2697 1676 prolixam
2726 1608 2873 1662 illam
2906 1607 3219 1663 concionem
3261 1607 3541 1674 habuerit,
3580 1610 3696 1679 pari
3736 1610 3968 1665 ratione.

2356 1698 2493 1755 viam
2513 1700 2721 1755 caeteris
2743 1700 3000 1769 apostolis
3015 1701 3288 1770 aperuisse
3302 1701 3673 1757 dicendnsest.
3688 1701 3950 1770 Quamvis

2354 1788 2609 1853 Joannes,
2646 1790 2893 1859 quamvis
2916 1790 3169 1858 lacubus,
3198 1792 3445 1861 quamvis
3470 1791 3683 1855 Paulus,
3698 1792 3948 1861 quamvis

2354 1880 2493 1933 alius
2516 1878 2687 1949 quivis
2716 1878 2914 1934 deinde
2940 1879 3147 1934 facinus
3162 1879 3379 1950 aliquod
3400 1878 3947 1950 egregiumediderit.

2356 1969 2444 2024 hic
2468 1970 2719 2025 omnibus
2745 1970 3044 2038 antecellit,
3066 1970 3154 2041 qui
3202 1970 3343 2024 viam
3372 1970 3582 2025 ceteris
3624 1984 3730 2025 sua
3752 1970 3949 2026 fiducia

2354 2059 2562 2125 stravit,
2592 2068 2648 2115 et
2672 2059 2972 2131 ingressum
3012 2059 3267 2129 aperuit,
3311 2060 3525 2131 illisque
3569 2060 3861 2125 concessit,
3889 2069 3959 2115 ut

2358 2156 2628 2215 tamquam
2657 2147 2877 2213 ﬂumen,
2907 2148 3049 2219 quod
3071 2164 3266 2219 magno
3294 2164 3416 2204 cum
3449 2148 3712 2203 undarum
3742 2150 3950 2218 impetu

2355 2236 2609 2305 ferretur,
2629 2238 2963 2294 conﬁdenter
2998 2239 3264 2295 intrarent
3289 2282 3303 2305 ,
3336 2251 3391 2296 et
3414 2255 3511 2296 eos
3547 2240 3638 2311 qui
3681 2240 3945 2296 adversa-

2353 2340 2541 2385 rentur
2586 2346 2770 2387 secum
2803 2332 3120 2399 traherent,
3169 2349 3356 2389 eorum
3395 2349 3525 2389 vero
3564 2335 3652 2404 qui
3683 2335 3950 2393 benevola

2351 2422 2631 2491 audirent,
2685 2423 2889 2479 animas
2938 2434 3196 2493 perpetuo
3248 2426 3506 2495 rigarent.
3538 2427 3619 2479 An
3650 2426 3817 2495 igitur
3855 2426 3952 2481 illa

2356 2523 2480 2582 post
2504 2529 2721 2568 crucem
2760 2516 2881 2569 talis
2910 2515 3045 2571 fuit?
3084 2530 3264 2572 nonne
3306 2526 3430 2572 ante
3470 2531 3687 2572 crucem
3736 2518 3957 2573 cunctis

2354 2601 2451 2657 fuit
2478 2604 2750 2659 ardentior
2768 2606 2791 2659 ι
2811 2620 2989 2661 nonne
3012 2621 3076 2662 os
3101 2607 3195 2661 fuit
3235 2606 3637 2676 apostolorum?
3662 2621 3845 2662 nonne
3869 2608 3947 2668 εἰ*

2354 2692 2582 2748 lentibus
2610 2697 2820 2749 cunctis
2849 2696 2964 2766 ipse
2990 2695 3343 2766 loquebatur?
3372 2696 3531 2764 Quem
3552 2690 3629 2749 nte'
3652 2697 3831 2750 dicunt
3853 2699 3951 2749 hoc

2351 2781 2513 2837 mines
2540 2800 2647 2838 esse
2666 2782 2861 2839 Filium
2880 2786 3135 2856 hontinis(
3168 2786 3353 2841 Matth.
3387 2787 3473 2842 i6.
3509 2785 3615 2860 i5)
3637 2788 3661 2840 ?
3681 2788 3758 2841 ait
3782 2787 3947 2842 Citri-

2350 2888 2467 2933 stus
2493 2894 2508 2943 ;
2538 2888 2593 2935 et
2614 2876 2935 2948 aitiquident
2966 2878 3170 2934 Heliam
3203 2879 3475 2946 dicebant,
3501 2880 3589 2933 alii
3619 2895 3748 2935 vero
3786 2879 3948 2935 iere.-

2350 2962 2537 3035 ntiam,
2567 2970 2661 3024 alii
2690 2986 2819 3025 vero
2846 2984 3009 3025 unum
3055 2985 3121 3025 ex
3159 2970 3456 3041 prophetis.
3497 2969 3596 3025 Vos
3634 2986 3949 3039 sero,queus

2352 3076 2433 3115 nte
2460 3075 2569 3116 esse
2587 3060 2756 3115 dicitis
2780 3060 2944 3134 (Ibid.
2973 3078 3022 3116 s.
3051 3060 3145 3132 i6)
3170 3060 3195 3113 ι
3221 3060 3409 3129 inquit.
3442 3058 3580 3115 Tum
3610 3058 3947 3128 respondens

2352 3154 2541 3210 Petrus
2566 3195 2584 3221 ,
2614 3153 2789 3209 dixit:
2825 3154 2901 3208 Tu
2951 3171 3003 3209 es
3049 3154 3282 3209 Christus
3325 3150 3497 3209 Filius
3542 3150 3637 3205 Dei
3664 3150 3785 3205 uiui.
3818 3149 3945 3217 Vos.

2350 3243 2503 3308 dixit,
2524 3252 2580 3299 et
2622 3258 2721 3315 pro
2760 3244 3009 3300 omnibus
3036 3244 3150 3314 ipse
3184 3244 3433 3314 loquutus
3457 3254 3558 3300 est.
3579 3240 3713 3299 Nam
3748 3256 3943 3311 quent-

2348 3334 2636 3390 admodum
2680 3351 2778 3405 pro
2832 3344 2946 3390 toto
2995 3350 3222 3406 corpore
3249 3350 3312 3390 os
3340 3334 3590 3405 loquitur,
3619 3335 3699 3391 sic
3724 3340 3947 3404 aposto-

2352 3424 2523 3493 lorum
2549 3425 2724 3495 lingua
2744 3436 2861 3481 erat
2881 3425 3092 3493 Petrus,
3107 3434 3161 3482 et
3181 3440 3280 3496 pro
3304 3427 3551 3481 omnibus
3576 3427 3691 3496 ipse
3718 3441 3945 3497 respon-

2356 3516 2455 3571 dit.
2476 3517 2561 3572 An
2582 3516 2744 3588 igitur
2777 3516 2865 3573 hic
2891 3526 3093 3573 tantum
3120 3517 3217 3573 fuit
3247 3518 3389 3586 talis,
3424 3518 3553 3574 alibi
3596 3534 3725 3575 vero
3750 3518 3820 3575 de
3841 3520 3945 3575 hoc

2348 3605 2523 3661 studio
2547 3607 2814 3662 remittit?
2862 3606 3205 3679 Nequaquam
3238 3627 3253 3663 :
3289 3608 3385 3664 sed
3415 3624 3511 3679 per
3536 3609 3713 3664 omnia
3738 3650 3756 3678 ,
3800 3619 3857 3665 et
3886 3610 3942 3664 in

2348 3699 2595 3754 omnibus
2618 3698 2863 3755 eumdem
2893 3700 3141 3755 ardorem
3168 3700 3421 3756 ostendit.
3450 3701 3588 3769 Cum
3616 3702 3761 3756 enim
3786 3702 3944 3757 Cbri-

2350 3795 2465 3843 stus
2484 3788 2729 3854 dixisset,
2758 3788 2983 3845 Tradent
3006 3789 3201 3845 Filium
3226 3790 3465 3857 hominis,
3508 3802 3557 3844 et
3583 3793 3938 3861 ﬂagellabant,

2348 3887 2395 3933 et
2421 3880 2714 3950 cruci/iacnt
2738 3878 2759 3950 (
2785 3879 2950 3933 Marc.
2979 3880 3063 3935 i0.
3083 3881 3173 3939 35.
3197 3880 3311 3949 54),
3370 3883 3449 3938 ait
3493 3881 3630 3950 ipse,
3665 3884 3942 3954 Propitius

2348 3968 2474 4034 tibi,
2494 3980 2619 4036 esto,
2645 3967 2863 4029 Domine
2889 3986 2911 4028 :
2938 3988 3038 4025 non
3064 3972 3154 4025 erit
3193 3972 3281 4024 tibi
3309 3972 3402 4027 hoc
3431 3970 3656 4041 (Hatth.
3685 3970 3773 4025 i6.
3804 3972 3869 4025 2i
3900 3974 3939 4037 ).

2348 4056 2463 4114 Non
2490 4061 2633 4116 enim
2670 4062 2773 4116 hoc
2809 4063 2962 4119 nobis
2989 4062 3400 4135 expendendmn
3427 4072 3532 4130 est,
3562 4064 3938 4121 inconsidera-

2349 4158 2457 4206 tam
2506 4151 2644 4209 banc
2695 4152 2862 4211 fuisse
2905 4155 3307 4225 responsionem
3335 4196 3351 4220 ,
3404 4155 3501 4210 sed
3548 4157 3617 4210 ab
3657 4156 3859 4214 eximio
3887 4167 3943 4214 ct

2349 4242 2577 4299 ferventi
2619 4260 2803 4300 amore
2846 4246 3161 4316 profectam.
3196 4246 3403 4302 Rursus
3444 4248 3685 4304 ascendit
3713 4250 3765 4303 in
3794 4265 3944 4305 nion-

2352 4343 2458 4389 tcm
2484 4376 2500 4401 ,
2541 4346 2597 4391 et
2642 4337 3050 4408 transfiguratus
3098 4346 3182 4393 est
3222 4354 3236 4391 :
3279 4339 3524 4408 apparuit
3572 4338 3787 4395 interim
3833 4342 3944 4397 illic

2352 4425 2529 4480 llelias
2573 4435 2628 4481 et
2669 4426 2879 4497 Moyses
2923 4427 3254 4497 colloquens.
3308 4427 3514 4483 Rursus
3564 4429 3673 4485 illic
3720 4446 3941 4501 quoque

2352 4516 2540 4571 Petrus
2572 4534 2586 4571 :
2619 4516 2681 4572 Si
2707 4518 2801 4585 vis,
2826 4518 3073 4588 faciamus
3114 4518 3197 4573 hic
3225 4519 3326 4573 tria
3346 4517 3672 4574 tabernacula
3700 4522 3719 4591 (
3745 4520 3938 4577 Matth.

2351 4608 2497 4662 ηδ
2526 4609 2565 4675 ).

2424 4702 2481 4755 6.
2512 4698 2643 4754 Vide
2678 4698 2949 4768 quomodo
2984 4698 3299 4767 magistrum
3335 4700 3566 4766 amabat,
3612 4716 3676 4757 ac
3712 4701 3942 4774 diligen-

2349 4790 2475 4843 tiam
2501 4797 2559 4845 et
2589 4790 2921 4859 prudentiam
2949 4789 3198 4849 observa.
3214 4788 3346 4843 Nam
3371 4792 3499 4861 quia
3519 4802 3629 4847 tutu
3652 4798 3934 4866 temporis,

2353 4896 2475 4937 cum
2507 4889 2710 4936 temere
2745 4881 3129 4951 respondisset,
3166 4895 3229 4935 os
3270 4881 3345 4936 illi
3386 4884 3658 4939 occlusum
3687 4896 3771 4940 est
3795 4927 3810 4949 ,
3851 4886 3940 4943 hic

2348 4972 2587 5042 magistri
2618 4974 2867 5043 potestati
2902 4988 3019 5026 rem
3045 4972 3322 5043 peuntittit,
3354 4973 3559 5039 dicens,
3584 4974 3647 5030 Si
3670 4977 3763 5030 uis.
3792 4975 3937 5033 Fieri

2355 5071 2555 5132 posset,
2583 5063 2773 5132 inquit,
2792 5072 2846 5117 et
2874 5078 3015 5117 nunc
3037 5077 3247 5132 quoque
3268 5063 3663 5120 inconsiderate
3684 5064 3937 5137 loquerer

2346 5168 2531 5208 amore
2558 5153 2839 5221 impulsus.
2886 5153 2964 5208 Ne
3004 5152 3165 5223 igitur
3187 5152 3375 5208 eadem
3408 5155 3830 5224 reprehensione
3850 5158 3935 5214 fe-

2348 5244 2515 5299 riatur
2541 5284 2556 5310 ,
2588 5245 2650 5299 Si
2693 5245 2788 5309 eis,
2830 5244 3023 5314 inquit.
3068 5245 3382 5300 Convivium
3437 5245 3565 5301 illud
3603 5262 3791 5302 rursus
3820 5260 3936 5305 erat

2346 5346 2588 5392 sanctum
2614 5352 2677 5392 ac
2705 5338 3039 5393 tremendum
3070 5356 3084 5391 :
3130 5346 3349 5408 tumque
3374 5340 3585 5396 dicente
3609 5340 3759 5405 Iesu,
3789 5341 3938 5397 Unus

2346 5440 2565 5485 oestrum
2609 5448 2689 5486 nte
2731 5432 3011 5485 traditurus
3058 5433 3169 5501 est(
3218 5432 3404 5487 Matth.
3434 5433 3524 5488 26.
3551 5433 3617 5489 Ἡ
3645 5433 3665 5504 )
3696 5450 3711 5487 :
3746 5450 3948 5498 rursus.

2346 5524 2535 5579 Petrus
2560 5523 2629 5577 ob
2670 5523 2813 5578 illam
2839 5524 3053 5594 quidem
3074 5538 3192 5594 qua:
3218 5535 3587 5595 praecesserat,
3614 5526 3931 5595 increpatio-

2344 5632 2489 5680 nem,
2518 5614 2849 5686 interrogare
2872 5616 3185 5687 magistrum
3232 5633 3337 5672 non
3366 5632 3528 5672 ausus
3555 5629 3640 5673 est
3680 5636 3695 5675 :
3741 5621 3833 5675 sed
3863 5623 3941 5679 ob.

2347 5720 2611 5777 amorem,
2642 5722 2755 5780 qua
2791 5706 3067 5781 ﬂagrabat,
3104 5718 3282 5767 tacere
3322 5724 3430 5767 non
3472 5720 3683 5785 poterat
3712 5728 3727 5769 :
3754 5712 3935 5770 scitu
