4194 6302
283 324 385 378 επ

278 442 496 504 discere
540 439 810 500 nitebatur
831 481 850 509 ,
895 452 952 498 et
1002 438 1328 497 temerarius
1363 446 1418 494 et
1445 435 1875 493 lnconsidcratns

287 549 396 589 non
426 534 620 591 videri.
655 533 775 603 Quo
807 544 962 603 pacto
983 533 1142 604 igitur
1167 541 1222 588 et
1248 530 1594 601 cupiditatem
1620 528 1875 598 explevit,

283 634 342 679 et
367 633 524 679 caute
578 639 689 680 sua:
736 625 1009 681 securitati
1067 623 1298 695 providit
1321 623 1364 675 τι
1392 620 1462 678 Ut
1500 633 1568 678 eo
1595 621 1712 692 ipso
1735 617 1877 688 quod

278 714 494 771 discere
523 717 726 784 vellet,
755 716 1007 772 invictum
1061 729 1300 771 amorem
1346 712 1659 770 ostenderet
1693 712 1876 783 :quod

279 817 464 864 autem
495 809 596 863 hoc
643 809 757 878 ipse
784 824 878 879 per
900 824 962 864 se
987 823 1094 862 non
1120 805 1346 873 faceret,
1373 805 1467 860 sed
1487 805 1714 859 alterum
1744 802 1880 874 obji-

281 909 435 954 ceret
461 941 478 964 ,
503 901 755 969 pietatem
802 909 853 955 et
886 899 1202 954 modestiam
1228 911 1443 951 omnem
1468 911 1580 966 pra:
1603 910 1662 950 se
1689 893 1871 949 ferret.

283 987 534 1060 Undique
571 993 712 1045 enim
740 989 868 1044 mihi
913 990 1194 1060 angustiae,
1231 989 1441 1058 inquit:
1472 987 1540 1042 de
1575 985 1876 1057 proditione

285 1078 493 1135 Domini
524 1082 733 1150 agitur,
781 1082 966 1151 ingens
1012 1089 1096 1134 est
1131 1080 1430 1149 periculum
1459 1119 1476 1145 ,
1523 1077 1874 1147 prmcipitium

283 1173 555 1240 utrinque.
585 1170 643 1225 Si
677 1180 917 1234 tacuere,
943 1170 1127 1225 exedit
1153 1169 1385 1222 animam
1423 1167 1731 1222 sollicitudo
1771 1184 1785 1221 :
1830 1166 1874 1219 si

276 1262 491 1330 dixem,
521 1278 712 1318 vereor
765 1277 834 1317 ne
865 1261 1005 1316 forte
1055 1277 1240 1315 rursus
1271 1261 1684 1329 increpationein
1731 1258 1884 1313 exci-

280 1352 443 1419 piam.
477 1351 702 1405 Mediam
735 1353 913 1421 itaque
942 1352 1080 1404 viam
1110 1351 1301 1417 tenuit,
1331 1359 1385 1404 et
1408 1350 1499 1419 qui
1527 1349 1721 1417 ubique
1752 1362 1878 1418 pro-

281 1441 500 1494 siliebat
525 1454 650 1495 ante
670 1453 919 1506 caeteros,
952 1454 1061 1496 tum
1102 1441 1290 1495 ﬁducia
1321 1439 1542 1494 Joannis
1565 1438 1871 1508 indigebat,

280 1541 342 1584 ut
366 1533 438 1596 id,
471 1534 534 1583 de
555 1547 662 1601 quo
693 1534 969 1603 agebatur,
1003 1543 1372 1602 cognosceret.
1403 1531 1541 1586 Nihil
1564 1533 1705 1585 enim
1727 1531 1873 1586 aliud

273 1622 540 1690 spirabat,
569 1634 620 1677 et
670 1622 719 1677 in
757 1625 937 1678 animo
977 1633 1232 1693 perpetuo
1277 1624 1541 1687 habebat,
1575 1637 1731 1692 quam
1764 1637 1875 1676 ma-

278 1714 508 1781 gistrum
561 1723 791 1767 tantum.
859 1714 1147 1784 Pr0pterea
1202 1729 1446 1768 carceres
1491 1723 1545 1767 et
1596 1716 1872 1766 innumera

279 1801 475 1856 deinde
507 1803 693 1856 mortis
737 1820 936 1873 genera
986 1805 1197 1859 subibat
1250 1805 1503 1858 audacter
1531 1846 1545 1868 ,
1599 1813 1873 1873 totamque

278 1892 442 1945 vitam
475 1903 794 1963 prtesentem
834 1896 1140 1964 spernebat.
1191 1895 1417 1964 Propter
1474 1895 1621 1948 illum
1669 1905 1870 1949 etcum

279 1982 600 2038 verberibus
630 1999 802 2038 caesus
836 1995 998 2050 esset,
1029 1997 1082 2038 et
1117 1996 1321 2055 tergum
1353 1987 1575 2040 haberet
1615 1986 1873 2041 vibicibus

275 2086 587 2138 exaratum,
615 2076 693 2130 sic
721 2092 816 2130 eos
843 2092 872 2130 a
901 2078 1091 2145 quibus
1116 2091 1287 2130 ursus
1325 2077 1638 2132 verberibus
1667 2076 1870 2144 fuerat,

279 2163 652 2232 alloquebatur
677 2184 689 2218 :
718 2166 838 2220 Non
865 2184 1131 2234 possumus
1163 2185 1254 2220 nos
1273 2184 1387 2235 qua:
1409 2169 1623 2221 vidimus
1647 2179 1693 2221 et
1720 2170 1872 2222 audi-

277 2253 441 2307 uimus
468 2272 567 2307 non
591 2256 727 2322 loqui
755 2255 773 2326 (
799 2257 913 2309 Act.
942 2259 995 2311 4.
1025 2257 1150 2324 20).
1187 2258 1350 2310 Vides
1398 2258 1714 2311 indomitum
1753 2260 1870 2311 ani-

275 2359 422 2397 mum
450 2345 472 2395 ?
497 2344 647 2398 vides
684 2346 929 2401 ﬁduciam
971 2348 1268 2401 invictam?
1308 2347 1457 2401 vides
1497 2351 1728 2401 animam
1758 2363 1871 2402 cte-

277 2434 396 2488 lesti
449 2435 715 2490 desiderio
763 2449 818 2492 et
867 2455 1049 2493 amore
1100 2440 1534 2494 redundantem?
1590 2441 1888 2527 Quomodg

274 2540 406 2592 ergo
449 2525 626 2578 dicere
680 2527 846 2582 audes
893 2531 1038 2583 illum
1072 2571 1085 2595 ,
1129 2532 1267 2600 quod
1306 2540 1567 2585 metueret
1613 2547 1705 2584 eos
1731 2573 1746 2596 ,
1778 2525 1866 2597 qui

273 2627 341 2667 ex
369 2615 778 2682 circumcisione
797 2627 969 2678 erant,
991 2634 1049 2672 se
1081 2619 1426 2684 subtraxisse,
1445 2635 1507 2673 ac
1535 2623 1869 2689 segregasse?

278 2703 437 2757 Multa
468 2719 678 2774 quoque
704 2707 805 2760 alia
838 2708 904 2762 de
944 2709 1104 2762 Petro
1134 2709 1235 2762 dici
1273 2719 1536 2777 poterant,
1561 2728 1680 2777 quae
1700 2707 1867 2780 ipsius

276 2795 525 2847 ardorem
552 2838 566 2860 ,
600 2795 987 2862 fortitudinem,
1025 2815 1264 2852 amorem
1291 2841 1305 2861 ,
1341 2817 1497 2868 quem
1542 2799 1770 2855 habebat
1816 2802 1865 2855 in

273 2882 545 2938 Christum
571 2928 584 2951 ,
618 2888 964 2943 ostenderent
1007 2890 1142 2943 :sed
1189 2905 1253 2943 ne
1301 2889 1509 2958 longius
1562 2905 1865 2946 sermonem

274 2986 333 3031 et
383 2978 687 3045 importune
730 2981 1088 3048 producamus
1115 3025 1131 3048 ,
1178 2983 1441 3036 sufﬁcient
1492 3000 1552 3036 ea
1584 3001 1702 3052 qum
1729 2985 1866 3038 dicta

272 3080 424 3122 sunt.
450 3069 633 3148 Neque
663 3073 807 3125 enim
837 3073 903 3126 de
928 3073 1171 3127 laudibus
1191 3074 1308 3142 ejus
1339 3076 1635 3128 orationem
1665 3075 1867 3130 habere

275 3149 828 3230 nobis'propositum
882 3172 1003 3228 est,
1062 3164 1154 3218 sed
1209 3166 1559 3233 quaestionem
1615 3167 1859 3234 solvere,

270 3265 396 3320 qua?
435 3266 493 3305 se
524 3253 803 3308 videbatur
831 3254 1048 3317 offerre,
1080 3267 1240 3324 atque
1266 3256 1331 3309 ad
1361 3257 1520 3310 ﬁnem
1551 3259 1860 3327 perducere.

349 3345 402 3396 7.
442 3343 521 3398 Tu
559 3340 688 3400 vero
727 3346 943 3401 aliunde
973 3362 1185 3416 quoque
1226 3350 1524 3416 perpende,
1580 3365 1736 3419 quam
1774 3367 1867 3418 pa-

271 3449 394 3488 rum
449 3436 738 3505 probabilis
763 3440 831 3492 sit
875 3441 1163 3492 accusatio.
1202 3440 1330 3493 Nam
1371 3451 1479 3494 tum
1531 3442 1743 3509 quidem
1767 3442 1865 3496 sub

272 3526 447 3593 ipsum
480 3527 815 3596 principium,
836 3528 1048 3596 quando
1064 3530 1293 3595 dicebat,
1320 3529 1468 3583 Hunc
1493 3530 1690 3595 Jesum,
1718 3548 1865 3601 quem

271 3629 360 3668 vos
387 3618 729 3684 cruciﬁrt'stis,
769 3621 1024 3673 suscitavit
1049 3620 1202 3686 Deus,
1236 3623 1414 3675 solutis
1440 3621 1696 3676 doloribus
1721 3640 1864 3676 nter-

271 3705 338 3758 tis
379 3707 514 3776 (Act.
545 3708 734 3774 2.24),
780 3720 889 3763 tum
947 3711 1084 3765 inter
1117 3713 1358 3766 inimicos
1384 3721 1517 3777 erat,
1565 3714 1735 3768 adhuc
1759 3730 1866 3769 ca:-

269 3795 394 3849 dent
423 3798 752 3862 anhelantes,
802 3801 974 3854 adhuc
1025 3802 1100 3855 ira
1132 3801 1420 3866 ferventes,
1462 3804 1637 3859 adhuc
1690 3805 1862 3860 disci-

271 3887 428 3954 pulos
461 3889 701 3943 volentes
751 3890 1077 3959 discerpere.
1109 3892 1332 3962 Vigehat
1376 3895 1516 3947 enim
1550 3895 1722 3950 adhuc
1752 3898 1861 3951 illo.

267 3989 388 4031 rum
420 3981 766 4050 perturbatio,
798 3991 854 4036 et
873 3998 1024 4038 mens
1062 3972 1140 4037 ira
1179 3984 1434 4039 tumebat.
1474 3985 1625 4040 Nunc
1659 3997 1859 4054 autem,

269 4083 391 4122 cum
449 4070 648 4126 Paulus
679 4073 782 4126 ista
836 4074 1112 4136 scriberet,
1154 4074 1395 4130 decimus
1439 4078 1698 4146 septimus
1737 4094 1862 4149 age-

268 4158 427 4212 batur
479 4175 673 4226 annus,
703 4177 774 4214 ex
807 4178 914 4226 quo
947 4173 1183 4231 ceperat
1206 4166 1537 4234 evangelium
1561 4169 1858 4234 pra-dicari.

263 4247 402 4303 Cum
452 4251 594 4304 enim
649 4251 894 4318 dixisset,
947 4252 1071 4308 Post
1108 4271 1268 4309 annos
1299 4265 1396 4310 tres
1423 4259 1626 4311 arcendi
1652 4257 1862 4313 Jerusa-

232 4397 240 4400 _
267 4339 458 4409 (grtiam
487 4340 626 4411 (Gal.
654 4344 707 4397 1.
735 4344 843 4414 18),
871 4345 945 4398 ait
969 4360 1174 4410 rursus,
1195 4346 1326 4400 Post
1359 4364 1520 4402 annos
1546 4352 1860 4418 quatuorde-

265 4434 362 4485 eiut
387 4436 592 4489 escendi
616 4436 987 4507 Jerosolymam
1018 4436 1156 4509 (Gal.
1175 4439 1230 4493 2.
1267 4441 1342 4509 Ι).
1373 4440 1472 4506 Qui
1501 4457 1626 4511 ergo
1652 4445 1700 4496 in
1722 4457 1858 4512 prte-

264 4521 549 4579 dicationis
609 4527 846 4581 exordiis
895 4544 1002 4582 non
1058 4529 1251 4597 timuit,
1301 4546 1439 4585 nunc
1485 4539 1603 4600 post
1649 4540 1854 4588 tantum

262 4615 504 4686 elapsum
549 4626 756 4688 tempus
791 4619 978 4674 timet?
1027 4621 1116 4689 qui
1144 4635 1250 4675 non
1295 4621 1855 4694 metueratJerosoly-

263 4708 386 4772 mis,
430 4708 726 4763 Antiochiae
765 4712 1071 4766 metuebat?
1112 4712 1349 4780 quicum
1379 4710 1447 4766 ab
1483 4711 1728 4768 hostibus
1745 4715 1858 4769 cir-

262 4813 569 4855 cumsessus
617 4812 782 4866 esset,
817 4809 927 4855 tum
967 4817 1072 4855 non
1126 4811 1207 4857 est
1261 4804 1514 4867 territus;
1551 4818 1692 4857 nunc
1731 4818 1854 4859 cum

264 4907 367 4948 nec
409 4893 502 4948 ulli
571 4891 755 4948 hostes
814 4893 1046 4958 adsunt,
1102 4893 1196 4947 sed
1237 4893 1418 4948 ﬁdeles
1477 4907 1540 4948 ac
1583 4895 1852 4966 discipuli,

264 4992 411 5038 metu
470 4985 684 5054 angitur
724 4993 780 5040 et
825 4985 1173 5052 reformidat,
1243 4999 1344 5040 nec
1389 4995 1533 5041 recte
1586 4987 1856 5042 ambulat?

263 5072 395 5141 Quis
434 5073 539 5129 hoc
582 5075 777 5131 rationi
796 5085 1214 5130 consentaneum
1237 5077 1540 5144 arbitretur,
1575 5077 1705 5133 dum
1727 5095 1851 5134 suc-

263 5163 518 5218 cenditur
561 5180 747 5235 rogus.
795 5168 933 5220 etin
980 5166 1144 5220 altum
1194 5169 1450 5237 exsurgit,
1507 5169 1759 5226 audacter
1801 5172 1851 5226 in

261 5267 384 5309 cum
404 5270 645 5325 pergere,
662 5257 981 5312 exstinctum
999 5267 1174 5312 autem
1192 5269 1246 5312 et
1264 5259 1533 5313 redactum
1552 5262 1602 5314 in
1617 5263 1852 5317 cinerem

261 5342 613 5402 reformidare
650 5356 706 5402 et
767 5349 1217 5404 comminiscere?
1271 5349 1327 5406 Si
1378 5351 1597 5407 timidus
1666 5353 1853 5410 fuisset

261 5442 316 5490 et
345 5435 565 5493 minime
615 5449 866 5494 strenuus
912 5440 1123 5508 Petrus,
1154 5440 1304 5496 initio
1353 5443 1770 5512 praedicationis,
1797 5448 1849 5502 in

262 5531 546 5598 metrolioli
579 5519 904 5600 Judaeorum,
955 5535 1043 5589 ubi
1089 5537 1272 5592 hostes
1302 5547 1454 5593 erant
1481 5555 1688 5606 omnes,
1724 5551 1851 5598 tunc

261 5617 684 5690 reformidasset,
712 5639 816 5680 non
857 5635 980 5697 post
1009 5635 1210 5681 tantum
1240 5637 1447 5700 tempus
1468 5630 1519 5685 in
1548 5633 1678 5688 urbe
1698 5633 1852 5690 Chri-

262 5713 609 5784 stianissims,
632 5731 806 5790 neque
830 5719 1179 5791 praesentibus
1194 5722 1381 5780 amicis
1405 5735 1459 5782 et
1475 5727 1840 5788 familiaribus.

1359 315 1433 376 IN
1465 315 1699 383 lLLUD,
1740 319 1810 376 IN
1847 312 2110 378 FACYEM
2147 312 2216 370 El
2251 307 2553 367 RESTITI.

3468 321 3569 374 εἴθ

1985 433 2170 504 itaque
2221 449 2321 491 nec
2350 445 2582 506 tempus,
2623 447 2722 491 nec
2754 431 2927 502 locus,
2970 447 3146 505 neque
3191 431 3429 488 conditio
3455 448 3584 503 per-

1983 540 2234 582 sonarum
2310 543 2410 583 nos
2470 529 2542 582 ita
2601 526 2780 583 verbis
2827 525 2934 581 illis
2980 525 3141 581 ﬁnem
3185 525 3317 582 'sivit
3355 525 3581 594 habere,

1985 625 2042 672 ut
2084 616 2282 673 dictum
2312 627 2418 685 est,
2447 627 2500 672 et
2522 617 2738 673 Petrum
2767 617 2978 672 timoris
3003 630 3277 671 accusare.
3300 613 3585 670 Laudastis

1980 723 2102 780 quae
2141 708 2281 764 dicta
2324 709 2487 764 sunt?
2529 709 2687 778 Atqui
2737 707 2961 763 Paulum
3003 705 3154 761 ini-tio
3194 705 3533 760 mirabamini
3560 744 3579 772 ,

1982 797 2209 869 ejusque
2259 798 2506 854 ﬁduciam
2557 797 3020 868 obstupescebatis
3054 804 3149 850 :at
3197 810 3324 852 ecce
3363 809 3587 850 accusa-

1983 893 2181 946 tionem
2231 891 2451 947 invertit
2497 881 2686 946 oratio.
2739 891 2842 945 Sed
2887 899 2945 944 ut
2989 881 3143 943 initio
3172 888 3415 944 dicebam
3451 887 3582 946 nihil

1983 981 2116 1035 mihi
2167 981 2443 1051 prodesse,
2473 982 2517 1038 si
2549 981 2720 1036 Paulo
2761 991 2905 1035 recte
2931 979 3181 1043 faciente.
3208 980 3424 1034 Petrum
3453 994 3585 1035 con-

1979 1082 2082 1129 stet
2115 1090 2223 1128 non
2279 1083 2425 1128 recte
2449 1073 2644 1128 fecisse
2671 1071 2886 1145 (manet
2908 1074 3052 1126 enim
3075 1071 3304 1137 crimen,
3330 1079 3386 1126 et
3410 1071 3586 1142 pudor

1982 1167 2032 1221 in
2072 1182 2170 1221 nos
2218 1165 2500 1231 redundat,
2532 1167 2644 1220 sive
2671 1165 2756 1219 hic
2801 1164 2917 1218 sive
2963 1163 3054 1218 ille
3099 1164 3477 1233 peccaverit):
3508 1161 3582 1216 ita
3660 1242 3662 1245 ⁵

1960 1269 2122 1312 'nunc
2148 1258 2306 1312 etiam
2353 1257 2490 1312 idem
2534 1271 2719 1312 rursus
2764 1256 2907 1320 dico,
2939 1255 3068 1308 nihil
3115 1253 3244 1309 mihi
3291 1252 3579 1323 prodesse.

1980 1351 2025 1405 si
2067 1351 2460 1406 accusationem
2500 1365 2529 1404 a
2560 1365 2620 1404 se
2641 1350 2928 1403 amoliente
2960 1348 3141 1413 Petro,
3167 1346 3392 1401 Paulum
3420 1361 3586 1415 appa-

1981 1453 2096 1497 reat
2149 1445 2402 1498 audacter
2456 1454 2509 1497 et
2562 1441 2960 1497 inconsiderate
2995 1439 3365 1511 coapostolum
3421 1453 3585 1492 accu-

1981 1549 2150 1590 sasse.
2186 1536 2295 1605 Age
2319 1536 2479 1605 igitur
2501 1535 2645 1590 hunc
2677 1535 2837 1589 etiam
2862 1535 3087 1588 crimine
3107 1534 3420 1587 liberemus.
3441 1533 3582 1602 Quid

1981 1625 2155 1693 ergo?
2189 1623 2332 1678 Talis
2381 1625 2594 1692 quidem
2648 1633 2766 1678 erat
2798 1624 3010 1693 Petrus,
3060 1623 3258 1677 Paulus
3300 1637 3432 1677 vero
3452 1623 3582 1676 talis

1979 1729 2086 1768 non
2133 1714 2280 1768 erat?
2309 1715 2372 1768 Et
2399 1715 2522 1785 quid
2547 1715 2714 1769 Paulo
2740 1715 3036 1777 ardentius,
3067 1715 3155 1783 qui
3189 1723 3406 1783 propter
3421 1712 3582 1766 Citri-

1977 1813 2119 1859 stum
2165 1807 2401 1872 quotidie
2451 1807 2814 1860 moriebatur?
2846 1806 3226 1860 Verumtamen
3272 1820 3376 1858 non
3405 1805 3583 1875 agitur

1978 1911 2121 1951 nunc
2172 1900 2310 1967 apud
2357 1913 2452 1950 nos
2482 1897 2552 1953 de
2581 1898 2911 1961 fortitudine,
2947 1895 3113 1969 (quid
3143 1897 3283 1950 enim
3323 1896 3425 1949 hoc
3455 1894 3581 1949 facit

1976 1987 2043 2040 ad
2068 1988 2469 2058 propositum?)
2500 1988 2593 2042 sed
2625 2003 2750 2042 num
2781 1987 2905 2041 odio
2930 1987 3180 2056 quopiam
3217 1999 3580 2055 ,rtrosequere-

1980 2085 2066 2130 tur
2092 2079 2415 2146 apostolum,
2449 2078 2528 2130 vel
2556 2094 2688 2131 nam
2733 2093 2886 2130 vana:
2920 2077 3108 2146 gloria:
3133 2090 3294 2129 causa
3338 2076 3420 2127 vel
3446 2088 3582 2128 con-

1979 2169 2234 2221 tentiOnis
2267 2179 2410 2221 esset
2435 2169 2521 2220 illa
2565 2183 2734 2236 pugna
2768 2176 2976 2221 emrta.
3006 2165 3111 2220 Sed
3140 2181 3208 2219 ne
3236 2166 3336 2220 hoc
3357 2164 3576 2233 quidem

1974 2259 2482 2328 dicipotest;absit.
2511 2258 2627 2313 Non
2653 2259 2800 2312 enim
2832 2258 2976 2312 Petri
3026 2268 3331 2312 sanctorum
3366 2257 3577 2311 illorum

1980 2350 2232 2418 principis
2260 2351 2454 2414 solum,
2484 2349 2583 2404 sed
2622 2359 2684 2401 et
2723 2351 2962 2403 omnium
3018 2350 3070 2402 in
3102 2349 3408 2402 universum
3443 2362 3581 2415 apo-

1975 2440 2234 2510 stolorum
2262 2456 2448 2494 servus
2479 2449 2594 2494 erat
2631 2439 2848 2505 Paulus,
2895 2440 3054 2507 idque
3103 2437 3224 2492 cum
3267 2453 3456 2493 omnes
3479 2455 3576 2492 ex-

1975 2529 2241 2583 antlandis
2295 2530 2566 2584 laboribus
2617 2537 2915 2598 superaret,
2973 2537 3210 2582 attamen
3248 2529 3578 2581 onmiumse

1976 2621 2221 2674 ultimum
2269 2623 2568 2691 reputabat.
2605 2619 2715 2689 Ego
2757 2622 2912 2685 enim,
2943 2621 3144 2687 inquit,
3176 2636 3290 2672 sum
3337 2620 3578 2671 minimus

1975 2712 2342 2779 apostolorum,
2361 2715 2444 2780 qui
2466 2729 2566 2765 non
2584 2729 2693 2765 sum
2710 2713 2893 2783 dignus
2913 2711 3082 2764 vocari
3105 2710 3365 2778 apostolus
3383 2711 3430 2778 (.l
3453 2707 3570 2762 Cor.

1976 2803 2063 2855 15.
2093 2803 2150 2874 9)
2178 2819 2192 2856 :
2227 2820 2331 2858 non
2381 2805 2551 2857 solum
2608 2813 2785 2858 autem
2809 2804 3197 2872 apostolorum,
3236 2803 3330 2856 sed
3355 2812 3412 2856 et
3446 2815 3577 2853 sun-

1969 2908 2181 2949 CIorum
2205 2897 2364 2963 plane
2414 2897 2675 2950 omnium.
2724 2896 2854 2948 Mihi
2883 2896 3025 2950 enim
3053 2935 3068 2957 ,
3093 2895 3300 2964 inquit,
3343 2893 3569 2946 omnium

1972 2997 2262 3041 sanctorum
2292 2989 2499 3040 minimo
2539 2988 2660 3040 data
2699 2998 2772 3041 est
2815 2990 2921 3041 haec
2961 2989 3127 3057 gratia
3163 2986 3379 3054 (Epltes.
3409 2986 3462 3040 5.
3491 2985 3572 3052 8).

2043 3078 2097 3132 8.
2141 3077 2300 3132 Vides
2342 3080 2573 3131 animam
2612 3077 2904 3132 humilem?
2939 3077 3086 3129 vides
3134 3083 3193 3129 ut
3233 3089 3292 3128 se
3331 3076 3571 3128 omnium

1972 3180 2275 3223 sanctorum
2306 3169 2544 3221 intimum
2571 3179 2789 3230 statuat,
2813 3184 2918 3222 non
2946 3168 3308 3238 apostolorum
3336 3165 3570 3220 tantum?

1973 3260 2142 3313 Porro
2189 3261 2277 3327 qui
2318 3259 2398 3312 sic
2449 3273 2574 3328 erga
2600 3272 2787 3313 omnes
2831 3258 3052 3311 aﬂ'ectus
3083 3266 3229 3318 erat,
3273 3257 3477 3310 sciebat
3516 3265 3573 3310 et

1970 3357 2163 3418 quanta
2187 3347 2409 3402 honoris
2435 3348 2780 3418 praerogativa
2805 3347 2968 3402 Petro
2992 3347 3300 3409 deberetur,
3336 3361 3571 3415 eumque

1969 3456 2080 3511 prze
2106 3441 2316 3495 exteris
2342 3440 2591 3513 omnibus
2619 3439 2829 3493 colebat
2848 3437 3182 3503 hominibus,
3207 3446 3262 3490 et
3286 3446 3347 3491 ut
3374 3436 3569 3506 dignus

1969 3540 2119 3595 erat,
2170 3531 2240 3584 ita
2287 3546 2411 3599 erga
2458 3530 2607 3584 illum
2646 3529 2869 3583 allectus
2894 3537 3030 3584 erat.
3078 3529 3251 3596 Atque
3297 3527 3398 3581 hoc
3445 3527 3570 3582 inde

1967 3631 2198 3676 constat.
2254 3621 2308 3674 In
2354 3620 2501 3673 illum
2563 3620 2723 3672 totius
2751 3619 2894 3672 orbis
2936 3625 3203 3672 terrarum
3236 3617 3373 3671 oculi
3415 3625 3568 3671 erant

1967 3713 2246 3776 Conversi,
2281 3713 2644 3766 Ecclesiarum
2692 3711 2954 3764 universa:
2986 3717 3142 3762 terra:
3172 3723 3298 3762 cura
3329 3708 3398 3761 ab
3424 3709 3568 3764 illius

1967 3807 2141 3860 anima
2184 3804 2468 3874 pendebat,
2513 3803 2579 3858 de
2633 3803 2792 3857 rebus
2827 3802 3121 3855 innumeris
3149 3800 3387 3870 quotidie
3416 3800 3570 3854 solli-

1966 3907 2104 3952 cutus
2134 3905 2268 3961 erat,
2296 3895 2531 3965 undique
2559 3895 2704 3948 illum
2735 3891 3190 3947 circumsidebant
3230 3890 3567 3960 procuratio:-

1967 4004 2084 4055 nes,
2099 3990 2450 4059 praefecturas,
2469 3986 2848 4047 correctioues,
2868 3984 3111 4049 consilia,
3133 3984 3564 4048 cohortationes,

1963 4081 2245 4147 dot-trime,
2276 4081 2420 4135 mille
2443 4079 2776 4149 negotiorum
2800 4077 3176 4147 expeditiones
3207 4087 3296 4131 :et
3317 4077 3565 4131 omnibus

1966 4174 2068 4228 illis
2094 4174 2306 4228 omissis
2328 4171 2717 4243 Jerosolymatn
2766 4187 2825 4226 se
2851 4169 3112 4236 contulit,
3141 4183 3243 4223 nec
3277 4170 3415 4223 illius
3440 4183 3566 4223 sus-

1963 4266 2102 4332 cepti
2149 4263 2355 4318 itineris
2393 4263 2496 4316 alia
2534 4263 2631 4317 fuit
2668 4263 2881 4316 occasio
2923 4261 3028 4314 ulla
3055 4302 3070 4326 ,
3107 4260 3207 4314 nisi
3231 4268 3291 4314 ut
3341 4258 3562 4313 Petrum

1962 4359 2190 4421 videret,
2240 4357 2377 4411 sicut
2428 4357 2502 4410 ait
2549 4356 2661 4425 ipse
2689 4373 2703 4409 :
2731 4354 2943 4408 Ascendi
2985 4351 3364 4422 Jerosolymam
3395 4350 3566 4406 ridere

1969 4447 2178 4502 Petrum
2205 4446 2348 4516 (Gal.
2371 4448 2422 4501 l.
2453 4445 2567 4518 i8),
2593 4446 2670 4501 sic
2693 4447 2866 4514 ipsum
2895 4444 3213 4508 honorabat,
3236 4453 3289 4497 et
3314 4440 3565 4497 omnibus

1962 4540 2296 4608 prmferebat.
2345 4538 2481 4606 Quid
2512 4554 2640 4608 ergo
2691 4540 2713 4591 ?
2737 4552 2860 4594 cum
2890 4537 3067 4606 ipsum
3091 4535 3335 4601 vidisset,
3365 4533 3556 4590 confe-

1961 4632 2087 4684 stim
2119 4630 2344 4684 recessit
2379 4630 2403 4683 ?
2433 4629 2775 4699 Nequaquam
2807 4646 2824 4684 :
2856 4629 2950 4684 sed
2974 4627 3112 4697 apud
3157 4627 3330 4696 ipsum
3369 4625 3562 4682 diebus

1960 4720 2264 4790 quindecim
2288 4722 2505 4776 mansit.
2526 4719 2583 4776 Si
2611 4735 2770 4790 quem
2793 4719 2954 4791 igitur
2977 4719 3293 4790 magistrum
3325 4718 3560 4775 militum

1959 4813 2164 4876 videas,
2195 4812 2301 4876 dic,
2344 4812 2526 4876 sodes,
2573 4826 2895 4882 generosum
2928 4819 2983 4867 et
3022 4811 3300 4877 eximium,
3352 4810 3558 4866 indicto

1956 4905 2065 4975 jam
2110 4905 2274 4971 bello,
2330 4905 2560 4960 militum
2601 4906 2716 4960 acie
2750 4905 2860 4974 jam
2913 4904 3194 4975 disposita,
3228 4904 3336 4974 iam
3380 4919 3555 4974 pugna

1959 4999 2269 5060 commissa.
2323 5011 2444 5053 cum
2485 4998 2763 5052 innumera
2820 4997 2966 5051 illum
3012 5005 3269 5051 vocarent
3319 4980 3556 5066 negotia,

1960 5089 2144 5144 relicta
2172 5088 2287 5142 acie
2312 5088 2378 5142 ad
2405 5088 2733 5143 visitandum
2767 5088 3070 5158 quempiam
3100 5089 3333 5142 anticum
3367 5102 3425 5141 se
3453 5088 3560 5142 alio

1940 5178 2229 5244 conferre,
2260 5194 2386 5232 num
2413 5193 2575 5248 quam
2599 5178 2760 5233 aliam
2799 5178 3083 5249 majorem,
3113 5192 3312 5250 quaeso,
3333 5178 3562 5233 demono

1959 5271 2276 5327 strationem
2309 5287 2580 5340 qumreres
2626 5275 2797 5342 ipsius
2822 5289 2946 5344 erga
2980 5273 3250 5328 hominem
3283 5275 3428 5328 illum
3458 5274 3557 5328 be-

1958 5363 2447 5419 nevolentitciNon
2475 5366 2723 5436 equidem
2780 5367 3029 5421 arbitror.
3056 5366 3165 5420 Hoc
3208 5367 3366 5435 igitur
3390 5376 3444 5421 et
3488 5366 3557 5421 de

1958 5453 2122 5510 Paulo
2169 5456 2431 5530 Petroquc
2453 5459 2718 5512 existima.
2761 5457 3040 5526 Siquidem
3075 5457 3161 5513 hic
3205 5458 3552 5528 quoqtmbel-

1956 5549 2067 5603 lum
2097 5563 2258 5618 grave
2285 5548 2569 5603 conﬂatum
2602 5561 2737 5613 erat,
2764 5560 2816 5604 et
2845 5553 2988 5606 acies
3023 5561 3074 5606 et
3101 5567 3276 5622 pugna
3309 5561 3422 5605 crat
3445 5565 3552 5604 non

1957 5639 2214 5694 adversus
2238 5639 2482 5694 homines
2503 5649 2730 5707 tantum,
2762 5640 2855 5696 sed
2887 5650 2944 5696 et
2972 5641 3229 5697 adversus
3258 5643 3551 5712 principes,

1961 5737 2222 5795 adversus
2251 5745 2570 5811 potestates,
2611 5737 2871 5794 adversus
2913 5741 3094 5797 mundi
3137 5747 3549 5798 rcctcrestene—
