4194 6302
708 324 813 381 379

706 444 929 497 brarum
959 440 1143 497 surculi
1169 436 1332 510 huius
1356 438 1515 511 (Eph.
1538 443 1593 497 6.
1617 442 1728 509 l2),
1750 451 1803 498 et
1818 442 1885 496 de
1907 441 2082 497 salute
2098 438 2276 493 homi-

707 545 840 587 num
864 530 1173 603 pugnazsie
1194 540 1374 586 tamen
1407 530 1628 587 Petrum
1658 534 2029 596 reverebatur,
2055 539 2115 585 ut
2145 544 2273 585 cum

694 634 839 679 tanta
873 626 1191 691 immineret,
1231 634 1547 695 urgeretque
1569 623 1883 687 necessitas,
1912 620 1979 677 ad
2009 620 2160 674 illum
2185 634 2274 675 ex-

692 724 931 769 curreret
954 714 1359 787 lerosolymam,
1400 726 1456 771 et
1486 730 1607 769 cum
1653 714 1793 785 apud
1817 728 1937 769 eum
1969 708 2273 781 quindecim

688 802 803 859 dies
827 804 1129 870 mansisset,
1162 814 1273 859 tum
1298 805 1513 859 demum
1544 804 1762 859 rediret.
1785 799 2116 872 Cognovistis
2162 800 2275 854 for-

696 893 979 948 titudinem
1012 884 1174 960 Petri,
1205 894 1469 950 didicistis
1491 896 1795 950 comitatem
1824 892 1967 946 Pauli
1994 905 2119 961 erga
2150 904 2273 945 om-

686 998 783 1039 nes
811 986 1105 1055 apostolos,
1136 1001 1259 1057 erga
1286 987 1458 1057 ipsum
1504 985 1715 1041 Petrum
1748 1002 1763 1037 :
1804 984 1914 1053 jam
1942 996 2162 1038 necesse
2190 989 2273 1036 est

683 1073 749 1127 ad
786 1073 956 1145 ipsam
998 1077 1306 1146 quaestionis
1339 1076 1655 1130 solutionem
1705 1074 1998 1129 veniamus.
2024 1072 2081 1128 Si
2128 1074 2271 1127 enim

683 1172 737 1217 et
762 1163 850 1219 hic
871 1164 1085 1220 Petrum
1116 1166 1346 1231 amabat,
1376 1174 1429 1219 et
1454 1165 1542 1220 ille
1562 1164 1777 1220 timidus
1800 1175 1890 1218 aut
1918 1178 2103 1234 parum
2128 1173 2270 1217 stre-

693 1270 830 1311 nuus
870 1272 976 1312 non
1012 1267 1145 1321 erat,
1186 1267 1241 1313 et
1282 1258 1552 1313 contentio
1580 1273 1643 1312 ac
1684 1256 2032 1312 contradictio
2068 1255 2152 1310 illa
2204 1269 2269 1309 ex

690 1347 870 1402 animo
896 1359 1138 1419 suscepta
1160 1364 1266 1403 non
1294 1358 1428 1415 erat,
1458 1349 1580 1419 quid
1607 1350 1705 1404 sibi
1737 1349 1845 1403 vult
1867 1350 1963 1404 ista
1995 1346 2271 1402 narratio?

690 1448 780 1492 aut
816 1455 918 1509 qua
959 1440 1025 1495 de
1051 1456 1211 1496 causa
1236 1440 1349 1495 haec
1372 1442 1696 1511 dispensatio
1724 1439 1917 1495 fiebat?

762 1528 815 1583 9.
858 1530 967 1585 Hoc
998 1531 1114 1585 loco
1143 1531 1423 1596 advertite,
1468 1533 1779 1599 animosque
1823 1538 2030 1585 vestros
2059 1527 2267 1597 erigite,

690 1634 755 1675 ac
803 1621 1081 1693 diligenter
1128 1624 1384 1679 attendite
1405 1665 1421 1691 ,
1457 1633 1512 1679 ut
1542 1622 1875 1679 manifestam
1905 1622 2267 1677 defensionem

662 1712 1016 1784 -intelligatis.
1067 1715 1272 1785 Quippe
1314 1717 1600 1771 absurdum
1632 1724 1775 1771 esset
1812 1731 1899 1770 tne
1937 1714 2026 1785 qui
2072 1723 2267 1769 terram

690 1802 903 1868 elodio,
954 1814 1155 1860 tantum
1196 1807 1431 1862 laborem
1482 1809 1787 1872 eaantlare,
1827 1820 1922 1861 vos
1952 1814 2154 1869 autem,
2177 1802 2267 1874 qui

689 1893 837 1948 nullo
882 1896 1093 1966 negotio
1122 1894 1279 1951 visuri
1323 1898 1452 1952 estis
1502 1914 1711 1961 aurum.
1755 1913 1864 1967 pra:
1906 1898 2065 1951 nimia
2095 1910 2268 1951 socor-

690 1983 777 2038 dia
798 1992 999 2040 tantum
1029 1988 1234 2043 luemm
1256 1989 1679 2057 praetermittere.
1708 1988 1938 2043 Necesse
1956 1996 2039 2042 est
2064 1996 2265 2053 autem,

692 2081 752 2128 ut
785 2076 1042 2130 orationis
1070 2076 1275 2131 initium
1304 2078 1466 2133 altius
1494 2087 1831 2147 repetamus,
1880 2085 1939 2131 ut
1984 2076 2266 2132 clariorem

689 2163 841 2217 vobis
864 2164 1158 2220 doctrinam
1186 2168 1488 2221 reddamus.
1538 2168 1827 2237 Postquam
1854 2167 1994 2222 enim
2022 2168 2075 2220 in
2108 2166 2268 2220 caelos

688 2251 845 2309 Jesus
893 2270 1140 2311 reversus
1185 2265 1303 2320 est,
1334 2257 1541 2327 expleta
1585 2266 1743 2327 quam
1767 2265 1949 2312 nostra
1993 2270 2150 2311 causa
2177 2271 2267 2310 suo

689 2354 934 2413 sceperat
981 2343 1394 2414 dispensatione,
1445 2345 1667 2401 verbum
1709 2345 1965 2401 doctrinae
1990 2347 2101 2401 suis
2137 2345 2265 2400 reli-

688 2432 803 2501 quit
825 2434 1101 2501 apostolis,
1134 2442 1191 2488 ut
1225 2435 1300 2489 ait
1348 2433 1560 2501 Paulus,
1596 2435 1662 2490 Et
1692 2436 1857 2507 posuit
1892 2436 1946 2489 in
1978 2437 2123 2491 nobis
2157 2452 2265 2490 ser-

686 2521 803 2575 tum
830 2524 1284 2589 reconciliationis;
1311 2536 1363 2582 et
1396 2541 1603 2595 rursus,
1637 2526 1742 2582 Pro
1786 2527 1986 2583 Christo
2016 2527 2266 2601 legatione

687 2614 971 2683 fungimur,
1008 2625 1246 2687 tanquam
1271 2617 1381 2672 Deo
1408 2620 1703 2675 exhortante
1728 2635 1817 2685 per
1848 2636 1941 2673 nos
1962 2620 2037 2689 (ι.
2063 2618 2180 2673 Cor.
2204 2621 2259 2675 5.

687 2702 775 2757 η.
802 2702 929 2770 20):
971 2704 1075 2760 hoc
1110 2716 1212 2774 est,
1242 2708 1359 2763 vice
1399 2708 1619 2765 Christi.
1661 2709 1811 2765 Tunc
1837 2710 1995 2780 igitur
2022 2724 2142 2766 cum
2168 2725 2265 2779 per

686 2792 990 2850 universum
1030 2799 1214 2854 orbem
1256 2808 1513 2857 terrarum
1568 2803 1654 2857 isti
1698 2801 2073 2873 prcdicabant,
2120 2802 2261 2856 nulla

684 2890 799 2936 erat
828 2883 1074 2952 heresis;
1119 2889 1215 2943 sed
1258 2900 1445 2945 natura
1502 2892 1675 2946 omnis
1739 2891 1968 2947 humana
2013 2891 2121 2946 duo
2166 2892 2263 2946 ba-

684 2972 841 3029 bebat
878 2976 991 3032 haec
1032 2979 1297 3050 dogmata,
1338 2998 1499 3037 unum
1527 2994 1729 3038 rectum
1779 2992 1833 3039 et
1870 2997 2081 3050 sanum,
2126 2984 2262 3039 alte-

682 3076 797 3116 rum
818 3077 1124 3137 corruptum
1166 3080 1220 3125 et
1246 3087 1487 3146 pravum.
1519 3073 1625 3128 Aut
1656 3073 1797 3129 enim
1823 3073 2049 3143 gentiles
2073 3087 2259 3129 omnes

681 3164 835 3209 erant
892 3160 1037 3214 orbis
1067 3162 1275 3227 incolas,
1319 3174 1409 3218 aut
1440 3164 1607 3219 Judtei
1642 3182 1656 3218 :
1692 3181 1867 3235 neque
1913 3165 2255 3231 Manichaus,

682 3258 855 3315 neque
900 3249 1131 3305 Marcion
1158 3293 1172 3315 ,
1212 3269 1386 3323 neque
1431 3256 1741 3311 Valentinus
1766 3292 1782 3321 ,
1816 3272 1914 3311 nec
1960 3258 2095 3311 alius
2122 3258 2260 3312 ullus

681 3336 898 3390 omnino
921 3350 1034 3394 erat
1064 3358 1077 3393 :
1106 3342 1231 3411 quid
1258 3346 1397 3398 enim
1418 3347 1606 3401 attinet
1645 3361 1829 3401 omnes
1867 3346 2099 3403 haereses
2122 3364 2258 3403 enu-

680 3426 929 3481 meraret
972 3430 1230 3500 siquidem
1271 3443 1391 3503 post
1438 3435 1669 3490 triticum
1722 3446 1846 3492 tunc
1894 3437 2256 3506 proseminata

678 3522 802 3569 sunt
836 3518 1052 3585 zizania,
1084 3524 1227 3576 varia
1254 3525 1499 3579 nimirum
1527 3525 1789 3582 haeresum
1817 3528 2136 3598 corruptela.
2178 3531 2255 3584 Ae

677 3607 891 3663 Judznos
943 3611 1153 3680 quidem
1204 3613 1364 3669 Petro
1384 3617 1685 3684 commisit,
1726 3619 2015 3687 gentilibus
2075 3630 2255 3673 autem

677 3699 896 3754 Paulum
926 3704 1433 3769 prmfecitChristus.
1462 3710 1523 3761 Et
1544 3708 1643 3763 hoc
1669 3724 1698 3764 a
1734 3725 1822 3764 me
1849 3710 1963 3779 ipso
1988 3725 2091 3765 non
2111 3712 2251 3777 dico,

678 3791 771 3844 sed
803 3793 967 3861 ipsius
992 3794 1135 3849 Pauli
1178 3799 1335 3852 verba
1368 3800 1492 3853 licet
1519 3801 1701 3855 audire
1734 3819 1745 3853 :
1779 3800 1881 3865 Qui
1904 3802 2037 3855 enim
2067 3818 2251 3869 apera-

678 3891 759 3937 tus
777 3892 848 3937 est
868 3884 1020 3939 Petro
1041 3888 1091 3940 in
1108 3891 1443 3957 apostolatum
1486 3886 1896 3960 circumcisionis,
1928 3904 2161 3964 operatus
2179 3906 2252 3949 est

676 3982 724 4024 et
752 3974 895 4038 mihi,
920 3976 1108 4046 inquit,
1152 3979 1281 4032 inter
1323 3991 1492 4051 gentes
1516 3982 1658 4051 (Gal.
1676 3982 1729 4038 2.
1757 3984 1815 4052 8)
1844 4002 1858 4038 :
1886 3984 2249 4040 circumcisio-

676 4076 797 4118 uem
828 4064 929 4120 hoc
967 4067 1083 4122 loco
1110 4069 1275 4139 ipsam
1324 4074 1588 4128 nationem
1618 4076 1912 4146 appellans.
1953 4076 2102 4132 Unde
2124 4091 2251 4133 vero

674 4152 724 4207 Id
752 4158 993 4215 constat?
1040 4159 1116 4215 Ex
1155 4175 1221 4215 eo
1248 4163 1388 4231 quod
1426 4164 1655 4219 additur.
1696 4165 1826 4221 Cum
1864 4168 2005 4221 enim
2036 4168 2247 4232 dixerit,

677 4243 777 4311 Qui
823 4259 1056 4314 aperatus
1081 4261 1152 4303 est
1188 4250 1339 4305 Petro
1376 4251 1428 4306 in
1457 4256 1792 4323 apostolatunt
1829 4258 2246 4321 circumcisionis,

672 4345 904 4405 operatus
924 4348 995 4392 est
1024 4342 1163 4407 mihi,
1189 4343 1375 4413 inquit,
1402 4346 1531 4400 inter
1546 4357 1731 4417 gentes,
1766 4348 1866 4403 hoc
1896 4350 2143 4404 nimirum
2168 4351 2247 4404 in-

670 4424 883 4495 dicavit,
907 4431 972 4485 ad
993 4431 1385 4490 distinctionem
1413 4440 1647 4508 gentium
1668 4440 2127 4497 circumcisionem
2159 4458 2249 4512 po-

669 4516 823 4571 sitam
852 4535 990 4575 esse.
1035 4522 1113 4576 Ad
1160 4525 1548 4583 distinctionem
1590 4546 1717 4585 vero
1738 4535 1972 4601 gentium
2003 4549 2107 4589 non
2136 4536 2243 4589 cir-

669 4612 942 4676 cumcisio,
974 4614 1065 4669 sed
1093 4615 1260 4672 Judtei
1295 4629 1439 4686 sunt,
1491 4638 1625 4692 quos
1670 4640 1762 4692 per
1787 4626 2242 4682 circumcisionem

670 4702 1020 4759 subindicavit
1053 4725 1066 4761 :
1099 4712 1244 4778 quasi
1276 4711 1496 4780 diceret,
1551 4715 1652 4782 Qui
1679 4728 1929 4785 operatus
1963 4728 2045 4773 est
2084 4720 2245 4774 Petro

669 4789 720 4844 in
747 4796 1094 4861 apostolatum
1124 4800 1449 4870 Judzcorum,
1478 4817 1727 4874 operatus
1746 4816 1827 4862 est
1856 4818 1910 4863 et
1947 4810 2073 4863 mihi
2106 4810 2244 4865 inter

663 4894 867 4951 gentes.
919 4887 988 4942 Ut
1014 4891 1155 4946 enim
1196 4909 1288 4948 rex
1327 4898 1570 4965 sapiens,
1603 4901 1689 4969 qui
1738 4900 1957 4956 idoneos
1999 4918 2242 4973 quosque

670 4976 831 5041 probe
856 4980 1091 5045 nove‘rit,
1127 4983 1277 5038 alteri
1310 4988 1518 5055 quidem
1554 4991 1605 5044 in
1635 4992 1875 5060 equites,
1918 4994 2067 5063 alteri
2112 5010 2241 5049 vero

668 5062 716 5117 in
746 5067 945 5134 pedites
970 5075 1247 5129 committit
1284 5077 1559 5146 imperium
1586 5097 1600 5133 :
1627 5082 1705 5135 sic
1730 5083 1975 5138 nimirum
2004 5062 2056 5138 et
2080 5085 2239 5139 Chri-

665 5166 777 5210 stus
792 5174 910 5214 cmn
930 5162 980 5214 in
994 5160 1089 5217 has
1100 5164 1228 5219 duas
1248 5180 1421 5237 partes
1443 5185 1594 5225 suum
1612 5174 1901 5227 exercitum
1941 5175 2233 5244 divisisset,

663 5247 875 5305 Judaeos
921 5254 1129 5321 quidem
1160 5257 1332 5323 Petro,
1359 5263 1581 5331 gentiles
1606 5274 1782 5319 autem
1815 5265 1975 5320 Paulo
2011 5272 2238 5323 commi-

662 5342 747 5394 sit.
775 5346 849 5396 Ac
867 5345 987 5399 licet
1008 5348 1197 5404 diversi
1217 5354 1321 5407 sint
1340 5357 1623 5417 exercitus.
1642 5357 1756 5413 Ilex
1780 5367 1957 5414 tamen
1977 5370 2059 5415 est
2076 5378 2232 5417 unus.

664 5431 729 5487 Ut
778 5435 916 5489 enim
959 5438 1061 5492 illic
1106 5440 1387 5499 discrimen
1414 5449 1738 5503 exercituum
1765 5451 1815 5503 in
1847 5466 2111 5506 armorum
2135 5468 2230 5523 ap-

659 5534 863 5591 paratu,
898 5543 999 5582 non
1030 5532 1078 5583 in
1121 5531 1391 5589 hominum
1437 5548 1623 5594 natura
1649 5542 1925 5596 consistit:
1956 5544 2031 5597 sic
2070 5545 2229 5599 nimi-

657 5629 773 5669 rum
794 5628 845 5671 et
867 5618 950 5673 hic
972 5620 1266 5679 differentia
1312 5627 1361 5680 in
1394 5629 1577 5699 exigua
1599 5632 1824 5700 quadam
1846 5635 2020 5691 carnis
2042 5637 2229 5708 figura,

656 5720 760 5761 non
790 5725 839 5763 tn
871 5710 1177 5770 substantiae
1196 5716 1501 5775 diversitate
1530 5723 1781 5778 cernitur.

1405 326 1466 381 S.
1502 323 1787 381 JOANNIS
1819 321 2313 382 CHRYSOSTOHl
2351 322 2673 381 ARCHIEP.
2711 322 3247 383 CONSTANTINOP.

2453 439 2538 496 l0.
2557 440 2662 497 Cur
2681 445 2947 514 prafectus
2972 443 3122 512 fuerit
3142 440 3341 497 Paulus
3356 440 3643 513 gentilibus,
3665 440 3852 496 Petrus
3867 440 3969 493 Ju-

2376 530 2521 585 dcis.
2536 532 3071 599 --Quemadmodum
3089 547 3219 605 ergo
3236 533 3498 597 dicebam.
3521 534 3681 588 ambo
3701 542 3857 589 erant
3881 533 3969 589 his

2376 622 2699 679 exercitibus
2734 625 2991 694 pmfecti.
3032 628 3109 680 Ac
3136 624 3238 680 nisi
3278 625 3414 681 forte
3451 626 3713 696 prolixior
3752 626 3970 681 videtur

2375 712 2568 779 oratio,
2597 714 2641 767 si
2671 712 2865 771 defessi
2895 730 3000 769 non
3026 717 3175 781 estis,
3216 717 3441 771 alteram
3478 718 3638 772 etiam
3657 718 3815 774 vobis
3834 732 3971 773 cau-

2375 816 2490 856 sam
2513 802 2777 872 proferam
2798 842 2816 870 ,
2846 805 2917 859 ob
2935 821 3092 875 quam
3123 806 3208 863 isti
3245 805 3436 873 Judaei,
3470 794 3546 862 illi
3576 809 3972 879 vero'geutlles

2372 901 2499 947 sunt
2526 893 2735 948 crediti.
2758 894 3031 964 Siquidem
3053 899 3350 965 quaestione
3372 914 3476 953 non
3495 898 3709 968 indigna
3739 913 3830 954 res
3850 912 3959 964 est,

2375 998 2533 1053 quam
2578 983 2789 1040 tandem
2811 985 2880 1041 ob
2907 1001 3144 1053 causam,
3177 988 3265 1057 qui
3296 998 3401 1042 tam
3426 998 3610 1044 exacte
3636 990 3865 1059 patriam
3889 991 3974 1044 le-

2374 1088 2493 1143 gem
2534 1074 2812 1140 didicerat,
2844 1077 2935 1147 qui
2963 1077 3030 1133 ad
3060 1077 3223 1147 pedes
3248 1077 3555 1135 Gamalielis
3603 1081 3693 1135 diu
3732 1080 3970 1146 vixerat,

2371 1164 2462 1232 qui
2508 1164 2801 1219 secundum
2821 1166 3103 1236 justitiam,
3135 1182 3255 1238 quae
3296 1168 3349 1223 in
3379 1168 3494 1237 lege
3536 1177 3652 1234 est,
3691 1170 3809 1224 sine
3834 1182 3972 1238 que-

2374 1255 2483 1310 rela
2528 1266 2874 1312 conversatus
2916 1269 3065 1324 erat,
3109 1275 3214 1313 non
3248 1259 3317 1313 illi
3354 1259 3659 1315 Judaaorum
3702 1274 3834 1315 cura
3862 1260 3968 1315 de-

2373 1350 2673 1419 mandatur,
2704 1353 2797 1407 sed
2815 1354 3123 1424 gentilium;
3152 1354 3400 1422 piscatori
3432 1362 3607 1408 autem
3636 1363 3689 1409 et
3710 1354 3969 1409 illiterate

2373 1441 2568 1509 Petro,
2610 1445 2697 1512 qui
2727 1446 2857 1500 nihil
2888 1446 2995 1501 tale
3023 1455 3263 1511 noverat,
3295 1444 3597 1500 Iudaeorum
3628 1455 3712 1500 est
3757 1445 3968 1501 credita
4016 1478 4017 1481 η

2372 1531 2711 1601 praefectura.
2744 1534 2961 1589 Confert
3003 1536 3145 1589 enim
3180 1534 3449 1605 quidpiam
3468 1534 3622 1588 nobis
3655 1534 3720 1589 ad
3738 1535 3960 1590 solutio«

2374 1636 2495 1675 nem
2522 1623 2659 1692 quod
2688 1624 2903 1689 dicitur,
2927 1624 2971 1679 si
3013 1635 3157 1680 recte
3192 1622 3325 1680 illud
3355 1624 3622 1693 possimus
3648 1623 3820 1679 εσυ-ἰ.
3850 1623 3961 1679 Ne-

2371 1726 2476 1781 que
2518 1713 2658 1767 enim
2695 1712 2797 1767 hoc
2820 1713 3026 1768 causari
3053 1713 3197 1779 licet,
3225 1728 3348 1767 eum
3373 1728 3494 1768 cum
3523 1722 3861 1769 cunctantem
3894 1728 3965 1769 ac

2371 1802 2759 1864 detrectantem
2806 1803 3027 1858 vidisset
3068 1802 3296 1858 Paulum
3345 1812 3694 1873 cognatorum
3731 1818 3955 1857 suorum

2372 1892 2737 1962 praefecturam
2760 1893 3032 1964 defugere,
3059 1894 3293 1949 noluisse
3310 1894 3384 1948 illi
3410 1895 3517 1949 vim
3534 1894 3733 1957 facere,
3758 1904 3812 1949 et
3830 1909 3961 1948 eum

2369 1999 2581 2054 cogere.
2600 1984 2713 2039 lmo
2727 2000 2854 2041 vero
2869 1986 3194 2040 contrarium
3223 2001 3334 2055 pra
3358 2000 3418 2041 se
3443 1986 3655 2041 tulerat.
3673 1984 3791 2040 Non
3810 1986 3960 2041 enim

2372 2082 2577 2129 tantum
2602 2074 2907 2130 Iudaeorum
2926 2077 3295 2146 pmfecturam
3318 2091 3427 2131 non
3456 2075 3675 2145 defugit.
3708 2074 3804 2130 sed
3825 2083 3881 2129 et
3899 2090 3964 2129 se

2370 2160 2574 2227 primus
2602 2158 2833 2221 obtulit,
2864 2166 2921 2213 et
2966 2172 3087 2212 cum
3120 2156 3367 2213 Christus
3419 2158 3736 2229 praeciperet
3780 2165 3840 2211 ut
3888 2156 3962 2210 ad

2367 2258 2554 2318 gentes
2574 2249 2763 2315 abiret,
2794 2249 2907 2317 ipse
2949 2250 3080 2319 petit
3104 2259 3165 2304 ut
3189 2249 3290 2304 sibi
3313 2248 3622 2304 Judaeorum
3653 2263 3779 2304 cura
3802 2263 3961 2303 com-

2368 2340 2609 2394 mittatur
2636 2354 2649 2391 :
2677 2348 2733 2394 et
2759 2338 3035 2395 innumera
3060 2354 3183 2395 cum
3228 2338 3298 2395 ab
3329 2339 3409 2395 eis
3438 2334 3578 2394 illata
3604 2339 3743 2393 mala
3768 2347 3961 2408 pertu-

2368 2428 2555 2496 lisset,
2580 2430 2736 2500 eique
2764 2439 2949 2501 gentes
2974 2429 3201 2486 docendi
3232 2430 3505 2501 provincia
3553 2438 3698 2485 esset
3730 2427 3959 2495 cndita,

2368 2536 2467 2591 pro
2487 2522 2593 2578 illis
2639 2522 2911 2593 deprecari
2943 2537 3048 2577 non
3079 2532 3289 2588 cessat,
3312 2522 3495 2577 dicens
3536 2536 3676 2577 nunc
3713 2521 3958 2591 quidem,

2372 2608 2624 2680 Optabam
2658 2628 2763 2666 esse
2802 2612 3072 2665 σεσώρευτο
3113 2627 3207 2681 pro
3260 2610 3503 2679 fratribus
3543 2611 3688 2676 nuis,
3729 2611 3963 2681 cognatis

2367 2704 2491 2758 meis
2510 2704 2781 2757 secundum
2802 2718 3002 2757 carnem
3024 2702 3200 2773 (Rom.
3216 2702 3277 2775 ‘9.
3300 2702 3357 2772 ὅ)
3380 2720 3393 2757 :
3420 2716 3562 2757 nunc
3579 2712 3760 2758 autem
3780 2742 3801 2768 ,
3821 2701 3963 2758 Fra-

2366 2804 2486 2859 tres,
2512 2796 2743 2849 uoluntas
2772 2811 2904 2861 mea,
2932 2805 2980 2848 et
2999 2796 3274 2849 obsecratio
3301 2795 3369 2848 ad
3388 2793 3553 2849 Deum
3569 2829 3588 2859 ,
3625 2812 3719 2865 pro
3748 2796 3853 2849 illis
3880 2802 3964 2850 est

2363 2887 2417 2941 in
2442 2884 2848 2956 salutent(Rom.
2878 2886 2965 2941 ll).
3000 2886 3077 2955 i).
3107 2884 3213 2940 Cur
3234 2886 3392 2955 igitur
3434 2900 3555 2939 cum
3609 2886 3773 2941 vellet
3812 2886 3956 2954 ipse,

2362 2992 2427 3033 ac
2461 2988 2774 3048 percuperet
2796 2977 2915 3031 illos
2935 2977 3151 3043 docere,
3180 2993 3287 3032 non
3316 2976 3555 3047 permisit
3575 2986 3633 3031 ut
3659 2976 3789 3046 ipsis
3814 2992 3959 3046 prae-

2364 3067 2588 3135 dicaret,
2628 3067 2721 3122 sed
2759 3067 2877 3121 loco
2921 3066 3135 3120 illorum
3176 3065 3455 3121 doctorem
3496 3066 3667 3135 ipsum
3706 3066 3960 3135 gentibus

2362 3158 2541 3213 misit?
2576 3157 2871 3215 Audiamus
2895 3155 3165 3211 Christum
3196 3156 3366 3226 ipsum
3388 3156 3675 3221 dicentem,
3712 3167 3768 3211 et
3817 3156 3958 3211 Pau-

2364 3248 2474 3303 lum
2501 3262 2615 3302 rem
2636 3263 2849 3302 omnem
2871 3257 3174 3302 narrantem
3205 3265 3219 3299 :
3253 3246 3469 3301 Factum
3495 3259 3567 3302 est
3590 3248 3739 3312 mihi,
3760 3248 3955 3318 inquit,

2362 3343 2528 3395 oranti
2556 3340 2669 3410 ﬁeri
2688 3356 2767 3393 sse
2791 3340 2844 3393 in
2867 3349 3072 3410 stupore
3101 3341 3305 3406 mentis,
3326 3350 3373 3395 et
3400 3341 3565 3395 sidere
3588 3340 3847 3396 Christum
3873 3342 3958 3395 di-

2359 3440 2551 3485 centem
2588 3432 2714 3485 mihi
2742 3446 2761 3485 t
2784 3428 3017 3497 Festina,
3060 3440 3105 3485 et
3146 3433 3227 3485 exi
3254 3433 3521 3498 velociter,
3565 3434 3807 3503 quoniam
3848 3450 3953 3487 non

2358 3522 2600 3591 recipient
2623 3522 2965 3576 testimonium
2987 3531 3127 3575 tuum
3153 3523 3216 3576 de
3244 3539 3323 3576 me
3342 3523 3475 3593 (Act.
3502 3523 3592 3577 ἥ.
3618 3525 3704 3579 l7.
3740 3524 3856 3593 18).
3881 3524 3957 3578 Et

2359 3626 2573 3667 causam
2600 3612 2735 3691 dixit
2766 3611 3143 3681 profectionis;
3182 3612 3306 3667 odio
3352 3612 3623 3668 habebunt
3648 3623 3721 3680 tc,
3755 3614 3950 3684 inquit,

2358 3718 2414 3760 et
2456 3696 2843 3759 aversabantur
2875 3721 2889 3757 :
2918 3714 3195 3775 propterea
3232 3713 3283 3759 te
3310 3704 3587 3759 docentem
3617 3712 3724 3759 non
3752 3706 3946 3760 ferent.

2359 3796 2519 3867 Atqui
2542 3796 2642 3851 hoc
2668 3796 2839 3865 ipsum
2867 3796 3115 3851 idoneum
3161 3804 3276 3850 erat
3304 3795 3371 3850 ad
3397 3796 3553 3851 fidem
3582 3796 3658 3850 illi
3685 3797 3825 3865 apud
3852 3811 3950 3852 eos

2357 3884 2569 3941 docenti
2593 3887 3001 3951 conciliandam,
3033 3895 3087 3942 et
3113 3885 3180 3941 ad
3202 3886 3627 3956 persuadendum
3656 3887 3761 3942 illis
3798 3888 3948 3943 illam

2358 3981 2705 4035 mutationem
2736 3978 3022 4034 humanam
3067 3993 3174 4034 non
3219 3977 3401 4035 fuisse.
3431 3977 3613 4049 Neque
3636 3980 3780 4034 enim
3806 3980 3947 4034 adeo

2356 4070 2618 4125 furentem
2644 4079 2697 4125 et
2726 4070 2802 4126 ira
2830 4083 3166 4133 succensum,
3185 4083 3249 4123 ac
3274 4069 3477 4124 eadem
3496 4070 3808 4139 spirantem,
3841 4086 3946 4127 ne-

2354 4181 2457 4235 que
2480 4165 2733 4220 miracula
2758 4164 2969 4219 facienti
2991 4163 3203 4219 Christo
3226 4164 3552 4228 credentem,
3586 4178 3761 4234 neque
3810 4179 3944 4233 apo-

2355 4257 2509 4311 stolis
2524 4257 2659 4324 ejus,
2681 4267 2922 4310 mortuos
2938 4255 3333 4319 suscitantibus,
3356 4257 3610 4326 potuisset
3634 4254 3797 4309 homo
3825 4270 3949 4309 um-

2355 4363 2514 4418 quam
2540 4348 2593 4403 in
2634 4348 2813 4402 medio
2854 4349 2972 4417 ipso
3000 4348 3177 4402 furore
3203 4358 3430 4411 mutare,
3469 4355 3629 4418 atque
3667 4347 3818 4401 illum
3870 4348 3945 4403 ita

2353 4439 2590 4505 ﬂectere,
2640 4447 2697 4493 ut
2720 4438 3086 4494 vehementem
3111 4438 3258 4492 illum
3311 4437 3592 4503 allectum,
3636 4451 3796 4507 quam
3844 4437 3946 4491 ad-

2354 4546 2541 4587 versus
2589 4532 3020 4602 praedicationem
3069 4530 3221 4586 verbi
3270 4545 3380 4600 pra:
3426 4545 3486 4585 se
3517 4530 3739 4594 ferebat,
3768 4538 3941 4585 totum

2350 4636 2511 4695 atque
2555 4624 2690 4678 adeo
2746 4624 3003 4693 "majorem
3034 4638 3131 4693 pro
3155 4621 3492 4677 confessione
3512 4620 3708 4677 Christi
3732 4638 3845 4693 prae
3881 4637 3942 4678 se

2352 4717 2513 4773 ferret
2537 4736 2549 4771 :
2581 4717 2674 4772 sed
2698 4730 2822 4771 vere
2848 4716 3042 4770 divina:
3061 4714 3271 4769 virtutis
3297 4728 3433 4785 opus
3458 4715 3662 4770 exstitit
3691 4716 3780 4769 illa
3810 4730 3940 4770 con-

2352 4810 2527 4863 versio
2578 4823 2641 4863 ac
2694 4808 2938 4862 mutatio.

2423 4904 2509 4957 ll.
2551 4902 2722 4971 Atque
2760 4901 2861 4957 hoc
2904 4902 3077 4971 ipsum
3115 4900 3274 4955 etiam
3304 4899 3502 4955 Paulus
3526 4940 3539 4961 .
3566 4915 3686 4954 cum
3717 4914 3939 4971 cuperet

2349 4993 2557 5049 illorum
2594 4993 2963 5062 prmfccturam
2991 4992 3090 5047 sibi
3117 4992 3333 5058 deferri,
3357 4991 3626 5047 Christum
3657 4992 3939 5063 alloquens

2348 5085 2632 5155 ohjiciebat
2664 5103 2677 5139 :
2707 5084 2940 5149 Domine,
2968 5084 3066 5153 ipsi
3094 5084 3281 5148 sciunt,
3303 5083 3423 5153 quia
3447 5098 3537 5152 ego
3562 5099 3699 5136 erant
3729 5084 3939 5137 conclu-

2348 5179 2469 5233 dens
2489 5179 2542 5231 in
2568 5193 2836 5243 carcerem,
2866 5186 2912 5230 et
2942 5176 3141 5231 cedens
3170 5192 3253 5229 eos
3273 5176 3359 5245 qui
3378 5174 3641 5228 credebant
3669 5175 3723 5228 in
3753 5192 3935 5229 nomen

2346 5280 2526 5335 tuum;
2568 5279 2615 5324 et
2657 5286 2771 5323 cum
2802 5270 3096 5339 funderetur
3123 5268 3329 5337 sanguis
3369 5267 3653 5335 Stephani,
3698 5269 3937 5337 martyris

2346 5362 2439 5426 tui,
2462 5378 2551 5431 ego
2578 5361 2943 5414 consentiebam
2962 5359 3089 5411 cadi
3103 5359 3212 5427 ejus
3234 5343 3369 5430 (Ᾰει.
3400 5357 3491 5411 22.
3516 5356 3600 5412 l9.
3620 5356 3737 5427 90).
3763 5357 3827 5411 Et
3854 5358 3935 5411 in-

2343 5467 2474 5523 gens
2517 5453 2603 5506 illa
2643 5452 2843 5505 insania
2878 5460 2983 5505 tam
3009 5449 3182 5504 subito
3219 5449 3410 5505 factam
3442 5450 3790 5504 mutationem
3824 5464 3929 5503 non

2344 5560 2463 5600 esse
2493 5544 2724 5599 ostendit
2751 5544 3058 5609 humanam,
3090 5542 3182 5596 sed
3211 5542 3441 5596 divinam
3462 5582 3478 5608 ,
3519 5550 3574 5597 et
3593 5558 3621 5595 a
3652 5542 3798 5596 earlis
3826 5544 3934 5596 ori-~

2342 5640 2517 5708 ginem
2548 5635 2761 5691 ducere.
2794 5636 2928 5704 Quid
2962 5650 3089 5705 ergo
3109 5634 3382 5690 Christus?
3408 5632 3569 5697 Vade,
3599 5634 3840 5703 quoniam
3862 5634 3929 5683 ad

2344 5738 2512 5801 gentes
2554 5730 2700 5800 longe
2738 5740 2783 5785 te
2816 5729 3011 5783 mittant
3052 5728 3200 5802 (Act.
3230 5727 3321 5781 ξε.
3352 5726 3416 5781 Si
3440 5726 3483 5798 ).
3517 5724 3706 5782 Nonne
3748 5725 3925 5797 igitur,
