4194 6302
255 368 357 423 381

256 481 449 552 inquit,
480 477 598 536 haec
616 476 887 535 snl'liciunt
908 474 973 529 ad
994 471 1209 544 quosvis
1236 470 1396 525 etiam
1425 469 1580 537 plane
1598 463 1842 533 stupidus

252 568 695 636 commovendos,
721 576 779 622 ut
795 566 1079 622 humanam
1100 576 1221 618 esse
1236 558 1667 630 prardicationem
1691 557 1846 611 istam

255 676 364 717 non
391 660 741 725 arbitrentur,
783 656 882 714 sed
910 642 1155 710 humana:
1179 659 1382 706 natura:
1412 649 1553 703 vires
1580 648 1701 703 hcce
1724 660 1845 700 om-

253 753 343 809 nia
366 751 651 817 excedere,
676 751 949 819 Deumque
967 760 1095 802 vere
1120 741 1426 799 mutationis
1456 736 1617 793 fuisse
1644 745 1699 791 et
1716 751 1849 791 con-

254 843 519 899 versionis
565 839 880 911 auctorem!
916 836 1198 893 Sufﬁciunt
1241 834 1329 887 illa
1358 831 1596 901 quidem,
1629 844 1662 882 o
1691 828 1845 883 beate

252 935 443 1001 Paule,
471 936 517 989 si
546 935 717 1005 ipsam
736 946 916 997 rerum
945 938 1187 1001 naturam
1213 926 1521 988 examines;
1551 922 1646 977 scd
1672 920 1845 976 1υάτεί

249 1026 495 1081 ontnium
520 1032 646 1080 sunt
672 1020 988 1092 iniquissimi
1010 1032 1214 1088 :neque
1238 1031 1416 1071 rerum
1444 1020 1686 1068 naturam
1714 1024 1846 1067 exao

249 1100 495 1182 minant,
525 1131 631 1171 non
670 1114 813 1186 quod
846 1127 1054 1182 aequum
1095 1120 1148 1165 et
1192 1108 1386 1163 rationi
1424 1114 1841 1161 consentaneum

248 1207 663 1265 commodumve
703 1202 1066 1267 considerant,
1095 1199 1188 1255 sed
1219 1199 1272 1253 id
1300 1214 1461 1253 unum
1489 1204 1752 1266 spectant,
1782 1199 1844 1248 ut

246 1297 612 1355 contentionis
634 1295 956 1353 desiderium
982 1308 1135 1348 suum
1157 1290 1425 1359 expleant.
1451 1290 1603 1345 Actu
1625 1284 1840 1357 quidem

248 1394 320 1451 ad
358 1409 541 1451 rerum
582 1392 826 1449 ordinem
857 1389 1110 1459 respicis;
1144 1388 1285 1442 Deus
1313 1395 1489 1440 autem
1519 1382 1715 1438 mentis
1741 1394 1840 1435 eo—

247 1502 370 1542 rum
408 1485 558 1542 novit
602 1497 817 1538 arcana.
852 1458 1053 1537 Idcirco
1077 1478 1207 1533 dicit
1247 1492 1265 1529 :
1304 1474 1472 1537 Vade,
1502 1472 1744 1546 quoniam
1771 1458 1845 1524 ad

244 1588 422 1650 gentes
449 1577 599 1647 longe
621 1583 670 1629 te
689 1574 905 1639 mittam,
927 1581 986 1627 ut
1007 1570 1170 1627 etiam
1205 1567 1386 1624 odium
1421 1566 1671 1621 distantia
1697 1563 1841 1618 miti-

281 1678 331 1723 et
341 1683 424 1722 Ill'.

244 1683 424 1813 “'0‘:
438 1774 539 1812 non
566 1756 795 1826 prae/igat
814 1769 996 1808 nomen
1014 1768 1164 1807 suum
1186 1747 1383 1804 Paulus
1401 1747 1625 1819 cpistola:
1638 1745 1706 1799 ad
1726 1743 1835 1799 He-

238 1850 425 1905 bre-os.
446 1877 521 1889 —-
543 1847 835 1918 Propterea
860 1860 982 1900 cum
1007 1842 1075 1898 ad
1100 1842 1234 1897 alios
1252 1840 1467 1911 quidem
1491 1854 1679 1894 omnes
1703 1837 1837 1893 scri-

239 1940 343 2009 bit,
369 1954 565 1995 nomen
605 1953 760 1993 suum
807 1934 1151 2007 epistolarum
1191 1930 1412 1988 exordio
1442 1929 1668 2000 praeﬁgit
1707 1944 1723 1982 :
1767 1926 1837 1982 ad

239 2028 502 2087 Hebr-mos
541 2036 722 2085 autem
765 2028 984 2082 mittens
1024 2024 1226 2090 literas,
1267 2021 1401 2078 nihil
1428 2020 1535 2076 tale
1562 2019 1711 2086 fecit,
1738 2018 1835 2075 sed

238 2123 576 2195 simpliciter,
624 2136 733 2178 non
758 2121 1064 2191 exprimens
1109 2117 1231 2189 quis
1258 2112 1441 2181 esset,
1469 2114 1555 2170 vel
1584 2110 1653 2168 ad
1698 2125 1837 2183 quos

235 2217 533 2281 scriberet,
585 2222 644 2269 ut
671 2228 789 2269 mos
839 2210 979 2267 illius
1023 2218 1173 2275 erat,
1223 2207 1295 2262 ita
1342 2206 1555 2262 demum
1585 2202 1832 2275 incepit:

237 2306 586 2380 Hultifariaut
606 2306 876 2375 multisque
901 2302 1066 2358 modis
1091 2301 1211 2356 olim
1239 2298 1381 2354 Deus
1420 2301 1629 2369 loquens
1671 2296 1835 2367 patri-

233 2398 329 2454 bus
356 2398 545 2453 nostris
575 2396 595 2469 (
624 2395 780 2452 Hebr.
810 2395 862 2449 1.
894 2393 982 2465 1).
1014 2391 1082 2447 Ει
1104 2407 1231 2446 vero
1257 2390 1403 2446 Pauli
1429 2388 1705 2458 sapientiae
1731 2386 1834 2443 hoc

232 2487 355 2544 fuit.
388 2488 469 2544 Ne
493 2487 635 2543 enim
662 2487 717 2541 in
735 2485 1065 2540 consortium
1082 2482 1189 2537 odii
1214 2481 1383 2536 litera:
1409 2480 1670 2542 venirent,
1697 2486 1833 2533 tam-

231 2594 399 2651 quam
428 2579 575 2634 larva
607 2575 837 2647 quadam
858 2617 873 2643 ,
901 2574 1135 2630 nominis
1175 2572 1555 2643 suppressione
1593 2570 1827 2638 seipsum

230 2671 513 2727 occultans
530 2710 547 2736 ,
578 2669 650 2724 ita
677 2669 817 2724 clam
840 2663 1226 2723 cohortationis
1253 2663 1384 2733 ipsis
1407 2661 1625 2717 adhibet
1655 2659 1826 2714 medi-

227 2763 433 2821 cinam.
451 2761 582 2816 Cum
602 2759 746 2815 enim
765 2758 891 2814 odio
910 2757 1282 2827 prosequimur
1294 2746 1618 2824 quempiam,
1641 2740 1831 2821 quain-

231 2855 320 2911 vis
342 2852 543 2925 aliquid
568 2860 775 2908 rectum
803 2849 979 2915 dicat,
1018 2863 1125 2904 non
1155 2861 1421 2917 propenso
1448 2845 1628 2899 animo
1654 2858 1828 2914 neque

224 2959 353 3001 cum
378 2943 651 3013 voluptate
679 2956 799 3012 qua:
824 2940 895 2995 ab
932 2953 999 2995 eo
1032 2938 1281 2993 dicuntur
1314 2934 1609 3005 excipimus
1638 2949 1652 2985 :
1682 2931 1827 3003 quod

228 3035 406 3105 ipsum
436 3048 505 3088 ne
534 3043 643 3086 tum
669 3044 880 3101 quoque
908 3027 1197 3093 accideret,
1228 3040 1384 3081 suum
1406 3026 1599 3079 nomen
1620 3038 1688 3079 ex
1712 3024 1828 3093 epi-

224 3127 367 3183 stola
393 3125 625 3190 sustulit,
657 3134 715 3179 ut
741 3122 947 3177 nullum
972 3121 1215 3192 epistola:
1239 3118 1565 3189 objiceretur
1592 3116 1823 3187 impedi-

226 3228 495 3285 mentum,
518 3233 625 3289 quo
650 3217 828 3272 minus
853 3224 1034 3285 posset
1054 3211 1245 3267 audiri.
1272 3210 1457 3280 Neque
1479 3208 1622 3265 enim
1651 3208 1822 3264 Iudici

225 3320 435 3379 tantum
462 3310 553 3380 qui
574 3318 728 3365 erant
749 3305 1027 3371 increduli,
1051 3303 1147 3359 sed
1169 3311 1226 3359 et
1251 3302 1327 3357 illi
1344 3302 1433 3373 qui
1459 3299 1819 3368 crediderant,

221 3402 454 3458 tulerant
475 3415 600 3454 eum
619 3440 635 3465 ,
665 3408 721 3455 et
746 3396 1149 3452 aversabantur.
1180 3392 1314 3449 Cum
1357 3392 1519 3462 igitur
1543 3391 1821 3446 ascendis-

222 3502 311 3550 set
338 3491 746 3562 ierosolymam,
772 3488 894 3542 audi
922 3486 1048 3556 quid
1075 3486 1149 3540 illi
1188 3484 1419 3541 Iacobus
1448 3483 1621 3549 dicat,
1648 3491 1704 3537 et
1731 3482 1819 3537 alii

221 3596 436 3638 omnes.
470 3579 640 3647 Vides,
684 3581 860 3651 frater,
888 3588 1006 3647 quot
1044 3576 1206 3629 millia
1242 3583 1359 3629 sunt
1384 3574 1703 3641 Judaorum,
1735 3573 1821 3643 qui

220 3681 584 3738 conuenerunt,
625 3680 673 3725 et
701 3671 754 3725 Ιιὶ
780 3686 951 3725 omnes
987 3668 1307 3723 anmrlatores
1331 3676 1447 3721 sunt
1474 3667 1616 3737 legis,
1648 3676 1695 3719 et
1727 3683 1818 3720 ano

222 3762 430 3817 dierum
450 3762 514 3815 de
538 3770 607 3827 te,
636 3761 755 3831 quia
776 3760 1131 3813 discessionem
1158 3756 1340 3810 doceas
1361 3773 1392 3808 a
1425 3758 1533 3827 lege
1558 3756 1692 3828 (Act.
1723 3756 1814 3811 21.

220 3851 315 3909 9-0.
344 3852 459 3922 2i).
488 3850 691 3906 Idcirco
720 3850 866 3905 illum
888 3847 1112 3904 oderant
1136 3856 1189 3903 et
1212 3846 1616 3902 aversabantur.

298 3945 389 4000 12.
430 3944 555 3999 llaec
580 3944 740 4015 igitur
776 3956 933 3997 causa
963 3949 1046 3997 est
1080 3949 1297 4011 propter
1321 3955 1479 4010 quam
1510 3955 1617 3994 non
1646 3938 1816 3995 .Iudzei

222 4036 350 4092 ﬁdei
378 4038 494 4106 ejus
531 4034 722 4091 crediti
747 4043 892 4099 sunt,
923 4034 1017 4089 sed
1042 4034 1286 4103 gentiles.
1316 4032 1448 4087 Cum
1478 4047 1605 4087 vero
1628 4030 1817 4086 crediti

221 4127 452 4185 fuissent
480 4127 616 4197 ipsi,
648 4142 753 4181 non
778 4126 889 4196 jam
920 4125 1034 4196 pari
1062 4124 1268 4179 ratione
1291 4138 1355 4178 ac
1385 4123 1575 4178 Petrus
1598 4164 1613 4187 ,
1648 4138 1819 4194 neque

219 4216 413 4274 eadem
442 4218 524 4271 via
543 4216 842 4272 deducebat
864 4215 986 4269 illos
1009 4215 1077 4270 ad
1101 4215 1279 4280 tidem,
1298 4214 1392 4268 sed
1413 4215 1537 4271 alia.
1558 4214 1694 4270 Cum
1721 4231 1822 4271 au-

220 4316 336 4364 tem
362 4307 520 4362 aliam
562 4306 750 4371 audis,
780 4321 849 4361 ne
873 4305 1159 4359 discrimen
1191 4304 1243 4359 in
1274 4304 1655 4374 prmdicatione
1696 4320 1818 4360 esse

219 4396 523 4455 arbitreris.
547 4395 747 4452 Eadem
767 4396 964 4466 quippe
984 4405 1206 4466 uterque
1228 4395 1428 4451 ludteis
1457 4405 1511 4452 et
1529 4396 1821 4466 gentilibus

222 4486 551 4560 pradicabat
597 4504 612 4542 :
653 4487 888 4557 exempli
918 4502 1115 4551 causa,
1151 4486 1317 4541 Deum
1357 4500 1478 4542 esse
1504 4486 1814 4553 Christum,

220 4579 535 4634 cruciﬁxum
563 4578 727 4635 fuisse
745 4593 809 4633 ac
835 4579 1123 4649 sepultum,
1169 4588 1223 4633 et
1253 4578 1631 4643 resnrrexisse,
1656 4588 1819 4651 atque

221 4672 280 4726 in
309 4670 530 4726 dextera
558 4669 734 4727 Patris
762 4670 953 4726 sedere
972 4712 986 4735 ,
1019 4679 1131 4725 tum
1165 4669 1526 4740 iudicaturum
1565 4671 1716 4725 vivos
1742 4680 1819 4727 et

222 4772 469 4820 mortuos
487 4803 503 4829 ,
542 4770 599 4819 et
623 4778 975 4834 qumcumque
1022 4763 1146 4818 talia
1177 4763 1377 4833 pariter
1404 4763 1600 4818 Paulus
1629 4772 1684 4817 et
1714 4762 1816 4819 Pe-

222 4862 341 4911 trus
367 4854 747 4926 prmdicabant.
773 4853 829 4909 In
854 4870 960 4925 quo
986 4854 1143 4925 igitur
1169 4855 1454 4911 discrimen
1482 4855 1619 4911 fuit?
1641 4855 1696 4911 In
1721 4857 1821 4912 ob-

222 4948 530 5003 servatione
552 4947 792 5003 ciborum
810 4988 827 5014 ,
855 4948 908 5001 in
950 4948 1377 5013 circumcisione,
1407 4950 1461 5002 in
1490 4948 1611 5003 aliis
1636 4946 1820 5004 iudai-

222 5036 306 5093 cis
325 5038 536 5095 ritibus.
563 5038 696 5094 Nam
736 5039 924 5094 Petrus
962 5039 1174 5110 quidem
1205 5039 1479 5110 discipulis
1504 5040 1618 5094 suis
1644 5039 1819 5109 palam

226 5137 285 5184 et
302 5141 487 5202 aperte
511 5129 692 5187 dicere
716 5146 821 5186 non
845 5130 1073 5186 audebat
1100 5131 1169 5185 ab
1194 5130 1280 5186 his
1307 5131 1519 5200 penitus
1548 5131 1822 5187 abstinen-

225 5222 526 5278 dum-esse.
559 5221 830 5280 Metuebat
851 5223 996 5278 enim
1027 5239 1095 5279 ne
1120 5222 1278 5292 forte,
1307 5224 1351 5278 si
1378 5224 1819 5280 consuetudinem

228 5315 389 5371 istam
428 5325 554 5371 ante
585 5323 795 5385 tempus
834 5316 990 5370 vellet
1021 5315 1290 5382 evellere,
1323 5315 1478 5370 simul
1509 5315 1669 5371 etiam
1699 5330 1821 5371 cum

230 5404 336 5460 illis
350 5404 545 5462 Christi
571 5404 727 5460 tidem
753 5404 1022 5472 evelleret,
1042 5420 1161 5460 cum
1184 5405 1419 5460 nondum
1441 5420 1595 5461 mens
1613 5405 1825 5461 Judzeo-

229 5509 350 5551 rum
372 5494 760 5551 obdiuturnam
781 5497 1121 5567 anticipatam
1144 5498 1449 5566 opinionem
1477 5496 1620 5552 circa
1647 5497 1821 5568 legem

227 5587 527 5646 hzcverba
559 5599 742 5661 posset
769 5590 974 5646 audire.
1004 5590 1291 5661 Propterea
1324 5589 1532 5645 sinebat
1569 5602 1663 5645 eos
1702 5590 1830 5646 bea-

228 5688 316 5735 tus
344 5680 535 5736 Petrus
552 5679 845 5752 judaizare.
875 5682 938 5736 Et
955 5679 1405 5753 quemadmodum
1431 5681 1667 5750 optimus
1685 5682 1827 5753 agri-

225 5768 345 5826 cola
373 5786 495 5827 cum
540 5772 688 5839 juxta
734 5781 968 5829 veterem
1015 5773 1260 5828 arborem
1294 5781 1529 5826 teneram
1583 5775 1817 5842 plantam

1348 345 1419 403 IN
1455 348 1685 414 ILLUD,
1727 350 1796 405 IN
1838 349 2091 405 FACIEM
2134 349 2199 405 EI
2248 349 2546 409 RESTITI.

3450 353 3557 409 382

1957 461 2289 547 (consciverit,
2316 477 2424 516 non
2449 460 2610 518 audet
2632 471 2867 520 veterem
2887 464 3119 522 evcilere
3140 466 3409 537 arborem,
3436 486 3555 524 ine-

1958 560 2114 607 tuens
2156 566 2260 617 ne,
2299 552 2571 608 radicibus
2599 553 2703 609 illis
2734 554 2934 609 avulsis
2957 595 2975 622 ,
3000 570 3137 611 nova
3167 555 3351 627 planta
3392 559 3553 616 simul

1952 644 2238 709 avellatur,
2264 643 2361 701 sed
2384 653 2661 716 exspectat
2684 636 2831 717 prius
2857 647 3003 703 illam
3027 658 3175 704 recte
3201 648 3381 721 deligi,
3416 660 3471 707 et
3500 654 3552 706 in

1958 744 2117 790 terrae
2165 733 2459 791 visceribus
2498 734 2707 792 radices
2731 750 2891 807 agere
2909 778 2926 804 ,
2958 746 3069 792 tum
3094 737 3290 794 deinde
3315 748 3554 796 veterem

1953 826 2290 883 conﬁdenter
2307 826 2507 893 evellit,
2536 843 2709 898 neque
2724 829 2838 899 jam
2862 829 2932 886 de
2954 830 3131 901 planta
3158 833 3371 889 novella
3397 837 3554 906 quid-

1953 935 2114 990 quam
2142 918 2295 974 timet
2332 934 2354 971 :.
2378 920 2460 974 sic
2490 921 2739 995 nimirum
2772 931 2828 977 et
2863 922 3053 979 beatus
3086 924 3276 981 Petrus
3310 929 3497 998 agebat
3531 945 3547 981 :

1950 1019 2141 1062 recens
2166 1010 2452 1078 plantatant
2472 1010 2630 1067 ﬁdem
2653 1021 2798 1068 recte
2815 1011 2973 1085 deﬁgi
2998 1015 3052 1071 in
3069 1015 3371 1081 auditorum
3395 1035 3555 1075 tuen-

1951 1095 2095 1152 tibus
2121 1099 2362 1167 sinebat,
2394 1110 2453 1156 ut
2474 1116 2597 1156 cum
2626 1104 2761 1158 altas
2795 1104 3000 1161 radices
3030 1108 3250 1178 egisset,
3276 1112 3549 1166 conliden-

1953 1194 2037 1242 ter
2073 1188 2267 1247 deinde
2295 1191 2570 1248 Judaicam
2606 1208 2821 1250 omnem
2850 1198 3193 1268 anticipatam
3236 1201 3545 1270 opinionem

1949 1278 2290 1347 exstirparet.
2338 1282 2441 1336 Sed
2468 1298 2574 1338 non
2608 1284 2675 1337 ita
2708 1284 2925 1354 Paulus,
2977 1288 3068 1357 qui
3108 1291 3255 1343 omni
3284 1290 3545 1361 ejusmodi
3589 1287 3592 1289 Α

1948 1370 2267 1426 necessitate
2292 1372 2550 1432 liberatus
2573 1384 2710 1442 erat,
2740 1376 2867 1431 dum
2897 1380 3181 1447 gentilibus
3210 1382 3545 1451 pnedicaret,

1947 1459 2037 1527 qui
2068 1458 2199 1530 legis
2224 1463 2453 1517 necdum
2481 1465 2774 1535 participes
2806 1466 2928 1521 lacti
2966 1458 3140 1535 erant,
3175 1474 3547 1542 nequeludai-

1947 1563 2041 1605 cas
2085 1551 2489 1609 observationes
2530 1556 2864 1613 audiverant.
2907 1559 3034 1615 ’Non
3074 1562 3217 1617 enim
3262 1565 3385 1619 illos
3430 1566 3547 1623 haec

1945 1642 2141 1711 egisse,
2168 1646 2308 1714 quod
2339 1646 2440 1701 sibi
2482 1648 2705 1704 invicem
2746 1660 2931 1707 essent
2959 1656 3248 1723 contrarii,
3278 1657 3374 1713 sed
3400 1660 3544 1729 quod

1944 1734 2329 1805 discipulorum
2375 1739 2727 1797 imbecillitati
2768 1758 2829 1799 se
2881 1753 3321 1817 attemperareut,
3366 1766 3431 1805 ex
3479 1768 3545 1806 en

1944 1826 2199 1897 colligere
2229 1829 2375 1897 licet,
2399 1831 2542 1901 quod
2563 1832 2784 1887 Paulum
2809 1835 2905 1890 ista
2928 1852 3034 1891 non
3060 1839 3215 1894 aliter
3233 1855 3296 1895 ac
3323 1841 3541 1897 Petrum

1942 1918 2253 1986 permittere
2280 1922 2585 1991 videamus,
2620 1941 2795 1996 neque
2826 1929 3136 1996 permittere
3162 1940 3365 1987 tantum
3386 1973 3401 1997 ,
3443 1936 3540 1989 sed

1942 2007 2105 2063 etiam
2131 2011 2302 2081 ipsum
2324 2016 2621 2084 cooperari,
2646 2030 2709 2071 ac
2734 2017 2953 2074 Petrum
2980 2036 3165 2077 rursus
3190 2023 3433 2079 eamdem
3467 2027 3502 2080 li
3518 2058 3536 2067 -

1942 2099 2205 2160 bertatem
2249 2107 2497 2171 sancire,
2545 2124 2704 2177 quam
2756 2110 2953 2167 Paulus
3000 2116 3248 2172 ontnibus
3294 2120 3541 2189 gentibus

1941 2192 2289 2262 praedicabat.
2316 2193 2422 2251 Sed
2460 2197 2550 2253 ubi
2580 2198 2824 2263 tandem,
2854 2201 3057 2273 inquit,
3087 2205 3225 2261 istud
3252 2217 3540 2279 utrumque

1938 2280 2067 2338 licet
2093 2284 2318 2341 videre?
2349 2286 2405 2342 ln
2436 2288 2567 2358 ipsis
2591 2289 2963 2364 ierosolymis.
2996 2295 3094 2350 llic
3126 2298 3272 2353 enim
3302 2308 3357 2355 et
3378 2314 3539 2371 caput

1943 2375 2097 2441 rasit,
2129 2386 2184 2431 et
2210 2377 2548 2445 sacriﬁcavit,
2577 2390 2633 2437 et
2654 2383 3132 2464 sanctiﬁcationem
3158 2392 3379 2460 perfecit
3403 2409 3536 2464 gen.

1940 2464 2073 2520 tium
2110 2467 2317 2525 doctor.
2350 2470 2463 2528 Hoc
2487 2472 2738 2528 nimirum
2771 2484 2981 2547 tempus
2998 2462 3277 2551 exigebat,
3311 2462 3535 2556 etquod

1937 2559 2090 2614 multi
2118 2560 2370 2618 adessent
2396 2563 2587 2621 Judaei.
2626 2564 2778 2622 Vides
2789 2569 2964 2636 enim,
2985 2569 3178 2642 inquit,
3201 2576 3382 2645 frater,
3410 2590 3537 2648 quot

1938 2648 2100 2704 millia
2118 2659 2239 2705 sunt
2264 2651 2565 2709 Jadteormu
2592 2656 3075 2728 quiconuenerunt,
3094 2671 3143 2716 et
3170 2664 3443 2720 audierunt
3473 2667 3539 2722 de

1937 2748 2005 2808 te,
2038 2741 2156 2811 quia
2189 2743 2747 2806 discessionemdoceas
2764 2765 2801 2805 α
2818 2751 2929 2823 lege
2940 2748 3077 2820 (Act.
3100 2750 3192 2808 21.
3220 2752 3314 2811 20.
3342 2756 3458 2828 21).

2009 2832 2098 2887 15.
2139 2831 2235 2889 Ille
2276 2834 2459 2906 itaque
2481 2850 2604 2892 cum
2642 2838 3078 2897 condescendere
3112 2855 3416 2914 cogeretur,
3443 2848 3541 2917 jn‘

1934 2918 2179 2977 daiaabat
2215 2941 2230 2976 :
2274 2924 2370 2980 sed
2415 2941 2521 2981 non
2545 2926 2658 2996 jam
2696 2943 2762 2983 ex
2792 2929 2954 2985 animi
2985 2933 3065 2987 sui
3095 2938 3395 3005 sententia,
3438 2941 3533 2996 sed

1934 3012 2228 3068 secundum
2266 3014 2719 3086 dispensationem
2768 3020 2821 3075 id
2865 3022 3076 3092 agebat.
3106 3024 3297 3083 Petrus
3345 3046 3534 3087 rursus

1931 3102 2240 3164 Judteorum
2270 3110 2479 3177 doctor,
2524 3121 2579 3169 et
2615 3115 2707 3185 qui
2736 3116 3203 3177 circumcisionem
3245 3124 3440 3196 ubique
3469 3143 3534 3184 ac

1872 3206 1877 3211 ‘
1932 3197 2180 3255 Judaicas
2204 3201 2607 3261 observationes
2647 3209 3020 3278 permittebat,
3049 3225 3269 3285 propter
3294 3216 3501 3288 discipn
3519 3251 3533 3262 -

1931 3290 2105 3347 lorum
2130 3292 2493 3350 infirmitatem
2516 3338 2533 3363 ,
2564 3300 2818 3368 quoniam
2868 3311 3077 3374 tempus
3117 3307 3332 3364 videbat
3358 3324 3416 3365 se
3462 3313 3532 3366 ah

1932 3382 2034 3439 hac
2055 3386 2376 3443 necessitate
2404 3387 2682 3457 liberasse,
2732 3407 2907 3462 neque
2950 3403 3121 3451 tutum
3165 3407 3282 3453 erat
3306 3402 3527 3458 ‘tarndiu

1931 3476 2005 3531 illi
2037 3476 2478 3536 condescensioni
2507 3481 2784 3553 indulgere
2803 3526 2817 3549 ,
2848 3486 2947 3540 sed
2976 3485 3287 3557 dogmatum
3320 3500 3532 3564 tempus

1930 3576 2045 3622 erat
2065 3568 2307 3639 etlcgum
2340 3566 2499 3625 ηυδε
2525 3572 2650 3643 quid
2670 3574 2884 3633 dixerit.
2911 3575 3041 3631 Nam
3067 3581 3319 3648 quoniam
3341 3598 3531 3639 ascen-

1930 3658 2121 3715 derant
2148 3677 2213 3716 cx
2245 3662 2529 3719 Antiochia
2560 3664 2754 3720 Paulus
2774 3676 2829 3720 et
2855 3667 3145 3735 Barnabas,
3182 3681 3238 3725 ut
3263 3674 3388 3743 quid
3409 3691 3530 3732 cer-

1931 3758 2042 3806 tum
2072 3763 2215 3808 esset
2242 3754 2546 3811 ediscerent
2573 3774 2588 3809 :
2620 3773 2741 3813 cum
2772 3762 2933 3827 multa
2960 3772 3107 3817 esset
3132 3773 3251 3819 orta
3278 3770 3528 3837 quaestio,

1928 3859 2152 3915 surgens
2196 3847 2387 3901 Petrus
2409 3846 2545 3904 dixit
2572 3866 2585 3900 ε
2630 3849 2739 3904 Viri
2767 3855 2970 3921 fratres,
3004 3870 3089 3909 eos
3107 3856 3268 3924 scitis,
3290 3862 3530 3927 quoniam

1928 3938 1995 3989 ab
2036 3937 2258 4007 antiquis
2291 3937 2470 3993 diebus
2504 3938 2640 3995 Deus
2669 3941 2723 3995 in
2768 3944 2914 3997 nobis
2940 3945 3111 4016 elegit,
3143 3964 3231 4015 per
3262 3966 3319 4004 os
3361 3967 3532 4007 meum

1927 4025 2109 4081 audire
2133 4037 2307 4098 gentes
2334 4028 2537 4084 uerbum
2562 4034 2832 4103 evangelii,
2860 4044 2908 4087 et
2927 4036 3131 4091 credere
3161 4038 3302 4109 (Act.
3332 4040 3421 4096 15.
3450 4042 3529 4111 7).

1931 4116 2132 4172 Deinde
2152 4132 2276 4172 cum
2310 4119 2413 4173 alia
2455 4121 2733 4191 interjceta
2772 4124 3017 4194 dixisset,
3064 4127 3310 4198 adjunxit
3342 4147 3359 4186 :
3393 4132 3531 4199 Quid

1930 4224 2049 4279 ergo
2070 4211 2273 4264 teutatis
2294 4210 2458 4266 Deum
2478 4214 2739 4284 imponere
2754 4216 2944 4287 jugum
2966 4236 3120 4289 super
3159 4223 3375 4278 cervices
3406 4242 3530 4297 geu-

1928 4303 2075 4367 tium,
2098 4305 2235 4375 quod
2260 4320 2421 4373 neque
2441 4316 2609 4376 patres
2635 4310 2815 4373 nostri,
2843 4326 3001 4379 neque
3023 4329 3115 4367 nos
3142 4325 3347 4384 portare
3360 4321 3504 4388 potui
3513 4348 3531 4361 -

1931 4395 2091 4449 mus?
2136 4394 2228 4450 sed
2282 4412 2374 4466 per
2413 4397 2567 4465 ﬁdem
2610 4398 2737 4455 Jesu
2784 4400 2971 4457 Christi
3019 4407 3271 4462 credimus
3319 4408 3529 4476 saluari,

1929 4486 2355 4554 quemadmodum
2389 4498 2437 4542 et
2467 4490 2544 4543 illi
2573 4486 2682 4559 (Ib.
2718 4507 2766 4545 υ.
2802 4492 2891 4548 10.
2937 4493 3051 4564 11).
3081 4495 3239 4551 Vides
3270 4506 3381 4555 tum
3406 4501 3529 4571 qui-

1930 4578 2054 4633 dem
2077 4593 2201 4633 cum
2230 4590 2440 4650 tempus
2466 4590 2611 4638 esset
2637 4582 3004 4655 indulgentiae,
3035 4595 3090 4643 et
3114 4588 3528 4662 Paulumjndai-

1931 4684 2115 4736 casse,
2147 4686 2271 4726 cum
2301 4687 2429 4727 vero
2457 4681 2666 4743 tempus
2710 4677 3183 4736 condescensionis
3212 4696 3319 4737 non
3349 4697 3487 4739 esset
3510 4726 3525 4750 ,

1931 4776 2115 4817 verum
2146 4761 2392 4833 dogmata
2424 4764 2719 4835 spargenda
2751 4778 2954 4835 essent,
2981 4779 3037 4825 et
3060 4771 3348 4827 sancienda
3372 4790 3527 4831 many

1940 4849 2087 4917 data,
2115 4850 2338 4905 Petrum
2365 4851 2437 4907 ab
2470 4852 2563 4908 illa
2593 4852 3065 4912 condescensione
3096 4857 3391 4914 liberatum
3416 4860 3532 4916 sin-

1936 4953 2066 4993 cera
2100 4953 2349 5010 puraque
2394 4941 2651 5013 dogmata
2681 4942 2995 5001 tradidisse.
3030 4947 3210 5019 Atque
3251 4949 3366 5007 haec
3402 4965 3528 5006 cum

1937 5028 2276 5097 dicerentur,
2311 5031 2511 5089 Paulus
2546 5034 2842 5099 intererat,
2887 5046 2944 5093 et
2973 5038 3250 5103 audiebat,
3288 5050 3341 5097 et
3370 5057 3531 5099 acce-

1938 5126 2085 5187 ptant
2135 5120 2425 5188 epistolam
2476 5124 2674 5193 quovis
2717 5127 2961 5197 gentium
3009 5128 3312 5196 deferebat,
3346 5148 3528 5204 neque

1931 5207 2038 5263 dici
2072 5219 2251 5280 potest
2279 5227 2404 5267 eum
2428 5217 2663 5285 apostoli
2686 5229 2921 5274 mentem
2951 5221 3257 5290 ignorasse.
3286 5224 3401 5280 Cur
3432 5227 3536 5297 igi-

1934 5302 2026 5349 tur
2075 5313 2221 5353 nunc
2262 5316 2389 5356 eum
2433 5305 3062 5375 reprehendit,'dicens
3102 5326 3227 5368 eum
3278 5314 3532 5373 timuisse

1933 5386 2057 5441 illos
2090 5389 2185 5457 qui
2214 5405 2279 5445 ex
2316 5392 2742 5452 circumcisione
2763 5405 2921 5454 erant
2949 5396 3097 5470 (Gal.
3127 5401 3184 5457 2.
3220 5403 3350 5474 I2)?

1999 5476 2088 5533 14.
2122 5478 2421 5536 Historiam
2441 5486 2603 5552 paulo
2626 5488 2793 5545 altius
2822 5494 3028 5559 repetit.
3058 5490 3341 5552 Ceutiliter
3359 5500 3529 5555 vivere

1935 5584 2059 5656 quid
2085 5584 2173 5639 sit.
2196 5610 2273 5627 --
2299 5582 2369 5641 Ut
2393 5594 2573 5640 autem
2617 5601 2807 5642 eorum
2834 5602 2956 5659 quae
2978 5587 3231 5647 dicuntur
3257 5590 3536 5650 historiam

1938 5674 2296 5747 cognoscatis.
2318 5677 2481 5747 paqu
2507 5676 2668 5733 altius
2707 5677 2851 5733 illam
2879 5695 3107 5737 exorsus
3132 5684 3399 5753 narrabo;
3441 5687 3537 5741 sed

1942 5768 2235 5838 attendite,
2269 5782 2456 5838 quaso
2487 5784 2501 5822 :
2546 5769 2656 5840 jam
2684 5770 2826 5826 enim
2872 5772 2937 5826 ad
2969 5775 3331 5844 penitissimas
3361 5792 3537 5850 partes
