  <div class='ocr_page' id='page_1' title='image "/cluster/home/n/w/nwhite01/storage/ocr_20150623/51/pst.000005712502/387.png"; bbox 0 0 4194 6302; ppageno 0'>
   <div class='ocr_carea' id='block_1_1' title="bbox 617 364 721 417">
    <p class='ocr_par' dir='ltr' id='par_1_1' title="bbox 617 364 721 417">
     <span class='ocr_line' id='line_1_1' title="bbox 617 364 721 417; baseline 0.01 -2"><span class='ocrx_word' id='word_1_1' title='bbox 617 364 721 417; x_wconf 71' lang='grc'><strong>585</strong></span> 
     </span>
    </p>
   </div>
   <div class='ocr_carea' id='block_1_2' title="bbox 613 460 2187 544">
    <p class='ocr_par' dir='ltr' id='par_1_2' title="bbox 613 460 2187 544">
     <span class='ocr_line' id='line_1_2' title="bbox 613 460 2187 544; baseline -0.008 -18"><span class='ocrx_word' id='word_1_2' title='bbox 613 473 952 544; x_wconf 69' lang='lat' dir='ltr'><strong>pervenimus</strong></span> <span class='ocrx_word' id='word_1_3' title='bbox 996 468 1319 543; x_wconf 65' lang='lat' dir='ltr'><strong>quaestionis.</strong></span> <span class='ocrx_word' id='word_1_4' title='bbox 1368 465 1596 521; x_wconf 83' lang='lat' dir='ltr'><strong>Jacobus</strong></span> <span class='ocrx_word' id='word_1_5' title='bbox 1637 464 1801 520; x_wconf 86' lang='lat' dir='ltr'><strong>frater</strong></span> <span class='ocrx_word' id='word_1_6' title='bbox 1830 460 2035 519; x_wconf 81' lang='lat' dir='ltr'><strong>Domini</strong></span> <span class='ocrx_word' id='word_1_7' title='bbox 2073 468 2187 513; x_wconf 90' lang='lat' dir='ltr'><strong>tum</strong></span> 
     </span>
    </p>
   </div>
   <div class='ocr_carea' id='block_1_3' title="bbox 612 550 2194 631">
    <p class='ocr_par' dir='ltr' id='par_1_3' title="bbox 612 550 2194 631">
     <span class='ocr_line' id='line_1_3' title="bbox 612 550 2194 631; baseline -0.011 -9"><span class='ocrx_word' id='word_1_8' title='bbox 612 566 763 622; x_wconf 86' lang='lat' dir='ltr'><strong>initio</strong></span> <span class='ocrx_word' id='word_1_9' title='bbox 786 564 1044 621; x_wconf 69' lang='lat' dir='ltr'><strong>Ecclesia:</strong></span> <span class='ocrx_word' id='word_1_10' title='bbox 1072 559 1531 631; x_wconf 67' lang='lat' dir='ltr'><strong>ierosolymitana‘.</strong></span> <span class='ocrx_word' id='word_1_11' title='bbox 1555 566 1671 613; x_wconf 85' lang='lat' dir='ltr'><strong>erat</strong></span> <span class='ocrx_word' id='word_1_12' title='bbox 1694 557 1993 627; x_wconf 85' lang='lat' dir='ltr'><strong>episcopus,</strong></span> <span class='ocrx_word' id='word_1_13' title='bbox 2020 560 2073 607; x_wconf 89' lang='lat' dir='ltr'><strong>et</strong></span> <span class='ocrx_word' id='word_1_14' title='bbox 2096 550 2194 608; x_wconf 80' lang='lat' dir='ltr'><strong>Ju-</strong></span> 
     </span>
    </p>
   </div>
   <div class='ocr_carea' id='block_1_4' title="bbox 610 646 2191 729">
    <p class='ocr_par' dir='ltr' id='par_1_4' title="bbox 610 646 2191 729">
     <span class='ocr_line' id='line_1_4' title="bbox 610 646 2191 729; baseline -0.009 -17"><span class='ocrx_word' id='word_1_15' title='bbox 610 657 742 712; x_wconf 79' lang='lat' dir='ltr'><strong>dteis</strong></span> <span class='ocrx_word' id='word_1_16' title='bbox 764 664 987 729; x_wconf 69' lang='lat' dir='ltr'><strong>prmerat</strong></span> <span class='ocrx_word' id='word_1_17' title='bbox 1007 654 1253 708; x_wconf 82' lang='lat' dir='ltr'><strong>otnnibus</strong></span> <span class='ocrx_word' id='word_1_18' title='bbox 1276 650 1365 722; x_wconf 91' lang='lat' dir='ltr'><strong>qui</strong></span> <span class='ocrx_word' id='word_1_19' title='bbox 1386 648 1745 705; x_wconf 72' lang='lat' dir='ltr'><strong>crediderant.</strong></span> <span class='ocrx_word' id='word_1_20' title='bbox 1768 646 1969 703; x_wconf 79' lang='lat' dir='ltr'><strong>Accidit</strong></span> <span class='ocrx_word' id='word_1_21' title='bbox 1992 654 2191 713; x_wconf 77' lang='lat' dir='ltr'><strong>autem,</strong></span> 
     </span>
    </p>
   </div>
   <div class='ocr_carea' id='block_1_5' title="bbox 610 736 2193 813">
    <p class='ocr_par' dir='ltr' id='par_1_5' title="bbox 610 736 2193 813">
     <span class='ocr_line' id='line_1_5' title="bbox 610 736 2193 813; baseline -0.008 -11"><span class='ocrx_word' id='word_1_22' title='bbox 610 757 667 802; x_wconf 90' lang='lat' dir='ltr'><strong>ut</strong></span> <span class='ocrx_word' id='word_1_23' title='bbox 694 754 871 801; x_wconf 84' lang='lat' dir='ltr'><strong>essent</strong></span> <span class='ocrx_word' id='word_1_24' title='bbox 901 743 1197 802; x_wconf 59' lang='lat' dir='ltr'><strong>Antiochia</strong></span> <span class='ocrx_word' id='word_1_25' title='bbox 1222 756 1436 813; x_wconf 85' lang='lat' dir='ltr'><strong>quoque</strong></span> <span class='ocrx_word' id='word_1_26' title='bbox 1460 739 1630 797; x_wconf 66' lang='lat' dir='ltr'><strong>Judaei</strong></span> <span class='ocrx_word' id='word_1_27' title='bbox 1651 782 1668 807; x_wconf 95' lang='lat'><strong>,</strong></span> <span class='ocrx_word' id='word_1_28' title='bbox 1712 739 1803 809; x_wconf 85' lang='lat' dir='ltr'><strong>qui</strong></span> <span class='ocrx_word' id='word_1_29' title='bbox 1830 753 1952 792; x_wconf 88' lang='lat' dir='ltr'><strong>cum</strong></span> <span class='ocrx_word' id='word_1_30' title='bbox 1981 736 2193 792; x_wconf 83' lang='lat' dir='ltr'><strong>Christo</strong></span> 
     </span>
    </p>
   </div>
   <div class='ocr_carea' id='block_1_6' title="bbox 608 827 2189 905">
    <p class='ocr_par' dir='ltr' id='par_1_6' title="bbox 608 827 2189 905">
     <span class='ocr_line' id='line_1_6' title="bbox 608 827 2189 905; baseline -0.008 -13"><span class='ocrx_word' id='word_1_31' title='bbox 608 838 980 905; x_wconf 81' lang='lat' dir='ltr'><strong>credidissent,</strong></span> <span class='ocrx_word' id='word_1_32' title='bbox 1006 852 1072 891; x_wconf 90' lang='lat' dir='ltr'><strong>eo</strong></span> <span class='ocrx_word' id='word_1_33' title='bbox 1100 834 1239 904; x_wconf 89' lang='lat' dir='ltr'><strong>quod</strong></span> <span class='ocrx_word' id='word_1_34' title='bbox 1264 832 1447 904; x_wconf 82' lang='lat' dir='ltr'><strong>procul</strong></span> <span class='ocrx_word' id='word_1_35' title='bbox 1475 833 1722 886; x_wconf 88' lang='lat' dir='ltr'><strong>abessent</strong></span> <span class='ocrx_word' id='word_1_36' title='bbox 1745 829 1813 884; x_wconf 83' lang='lat' dir='ltr'><strong>ab</strong></span> <span class='ocrx_word' id='word_1_37' title='bbox 1834 827 2189 899; x_wconf 81' lang='lat' dir='ltr'><strong>Jerosolyina,</strong></span> 
     </span>
    </p>
   </div>
   <div class='ocr_carea' id='block_1_7' title="bbox 609 919 2193 999">
    <p class='ocr_par' dir='ltr' id='par_1_7' title="bbox 609 919 2193 999">
     <span class='ocr_line' id='line_1_7' title="bbox 609 919 2193 999; baseline -0.008 -18"><span class='ocrx_word' id='word_1_38' title='bbox 609 928 954 999; x_wconf 80' lang='lat' dir='ltr'><strong>viderentque</strong></span> <span class='ocrx_word' id='word_1_39' title='bbox 981 929 1175 982; x_wconf 75' lang='lat' dir='ltr'><strong>multos</strong></span> <span class='ocrx_word' id='word_1_40' title='bbox 1200 925 1290 995; x_wconf 89' lang='lat' dir='ltr'><strong>qui</strong></span> <span class='ocrx_word' id='word_1_41' title='bbox 1316 923 1655 980; x_wconf 83' lang='lat' dir='ltr'><strong>crediderant</strong></span> <span class='ocrx_word' id='word_1_42' title='bbox 1691 935 1761 975; x_wconf 67' lang='lat' dir='ltr'><strong>ex</strong></span> <span class='ocrx_word' id='word_1_43' title='bbox 1789 919 2034 989; x_wconf 72' lang='lat' dir='ltr'><strong>gentibus</strong></span> <span class='ocrx_word' id='word_1_44' title='bbox 2061 932 2193 971; x_wconf 56' lang='lat' dir='ltr'><strong>conc</strong></span> 
     </span>
    </p>
   </div>
   <div class='ocr_carea' id='block_1_8' title="bbox 608 1009 2188 1086">
    <p class='ocr_par' dir='ltr' id='par_1_8' title="bbox 608 1009 2188 1086">
     <span class='ocr_line' id='line_1_8' title="bbox 608 1009 2188 1086; baseline -0.006 -15"><span class='ocrx_word' id='word_1_45' title='bbox 608 1019 836 1073; x_wconf 87' lang='lat' dir='ltr'><strong>lidenter</strong></span> <span class='ocrx_word' id='word_1_46' title='bbox 882 1028 937 1074; x_wconf 88' lang='lat' dir='ltr'><strong>et</strong></span> <span class='ocrx_word' id='word_1_47' title='bbox 974 1017 1172 1086; x_wconf 77' lang='lat' dir='ltr'><strong>absque</strong></span> <span class='ocrx_word' id='word_1_48' title='bbox 1215 1014 1457 1070; x_wconf 84' lang='lat' dir='ltr'><strong>.lndaicis</strong></span> <span class='ocrx_word' id='word_1_49' title='bbox 1496 1010 1958 1068; x_wconf 77' lang='lat' dir='ltr'><strong>observationibus</strong></span> <span class='ocrx_word' id='word_1_50' title='bbox 1984 1009 2188 1073; x_wconf 88' lang='lat' dir='ltr'><strong>vivere,</strong></span> 
     </span>
    </p>
   </div>
   <div class='ocr_carea' id='block_1_9' title="bbox 603 1099 2189 1177">
    <p class='ocr_par' dir='ltr' id='par_1_9' title="bbox 603 1099 2189 1177">
     <span class='ocr_line' id='line_1_9' title="bbox 603 1099 2189 1177; baseline -0.009 -13"><span class='ocrx_word' id='word_1_51' title='bbox 603 1108 805 1164; x_wconf 84' lang='lat' dir='ltr'><strong>sensim</strong></span> <span class='ocrx_word' id='word_1_52' title='bbox 834 1122 897 1163; x_wconf 92' lang='lat' dir='ltr'><strong>ac</strong></span> <span class='ocrx_word' id='word_1_53' title='bbox 929 1106 1180 1177; x_wconf 86' lang='lat' dir='ltr'><strong>paulatim</strong></span> <span class='ocrx_word' id='word_1_54' title='bbox 1221 1105 1616 1167; x_wconf 82' lang='lat' dir='ltr'><strong>inducerentur,</strong></span> <span class='ocrx_word' id='word_1_55' title='bbox 1658 1110 1714 1156; x_wconf 90' lang='lat' dir='ltr'><strong>ut</strong></span> <span class='ocrx_word' id='word_1_56' title='bbox 1732 1115 1770 1154; x_wconf 82' lang='lat' dir='ltr'><strong>.a</strong></span> <span class='ocrx_word' id='word_1_57' title='bbox 1797 1099 2016 1155; x_wconf 84' lang='lat' dir='ltr'><strong>.lttdaica</strong></span> <span class='ocrx_word' id='word_1_58' title='bbox 2057 1112 2189 1151; x_wconf 85' lang='lat' dir='ltr'><strong>cou-</strong></span> 
     </span>
    </p>
   </div>
   <div class='ocr_carea' id='block_1_10' title="bbox 601 1191 2193 1275">
    <p class='ocr_par' dir='ltr' id='par_1_10' title="bbox 601 1191 2193 1275">
     <span class='ocr_line' id='line_1_10' title="bbox 601 1191 2193 1275; baseline -0.006 -23"><span class='ocrx_word' id='word_1_59' title='bbox 601 1198 885 1254; x_wconf 81' lang='lat' dir='ltr'><strong>suetudine</strong></span> <span class='ocrx_word' id='word_1_60' title='bbox 909 1199 1256 1263; x_wconf 83' lang='lat' dir='ltr'><strong>abstinerent,</strong></span> <span class='ocrx_word' id='word_1_61' title='bbox 1288 1206 1342 1252; x_wconf 90' lang='lat' dir='ltr'><strong>ct</strong></span> <span class='ocrx_word' id='word_1_62' title='bbox 1367 1210 1549 1275; x_wconf 80' lang='lat' dir='ltr'><strong>puram</strong></span> <span class='ocrx_word' id='word_1_63' title='bbox 1576 1194 1898 1264; x_wconf 80' lang='lat' dir='ltr'><strong>minimeque</strong></span> <span class='ocrx_word' id='word_1_64' title='bbox 1923 1191 2193 1247; x_wconf 74' lang='lat' dir='ltr'><strong>adultera-</strong></span> 
     </span>
    </p>
   </div>
   <div class='ocr_carea' id='block_1_11' title="bbox 601 1281 2193 1354">
    <p class='ocr_par' dir='ltr' id='par_1_11' title="bbox 601 1281 2193 1354">
     <span class='ocr_line' id='line_1_11' title="bbox 601 1281 2193 1354; baseline -0.004 -13"><span class='ocrx_word' id='word_1_65' title='bbox 601 1303 706 1345; x_wconf 91' lang='lat' dir='ltr'><strong>tam</strong></span> <span class='ocrx_word' id='word_1_66' title='bbox 742 1290 861 1345; x_wconf 90' lang='lat' dir='ltr'><strong>fidei</strong></span> <span class='ocrx_word' id='word_1_67' title='bbox 890 1290 1186 1345; x_wconf 79' lang='lat' dir='ltr'><strong>doctrinam</strong></span> <span class='ocrx_word' id='word_1_68' title='bbox 1215 1290 1527 1343; x_wconf 78' lang='lat' dir='ltr'><strong>retinerent.</strong></span> <span class='ocrx_word' id='word_1_69' title='bbox 1568 1286 1701 1339; x_wconf 81' lang='lat' dir='ltr'><strong>Cum</strong></span> <span class='ocrx_word' id='word_1_70' title='bbox 1732 1299 1859 1354; x_wconf 86' lang='lat' dir='ltr'><strong>ergo</strong></span> <span class='ocrx_word' id='word_1_71' title='bbox 1884 1281 2193 1337; x_wconf 80' lang='lat' dir='ltr'><strong>descendis-</strong></span> 
     </span>
    </p>
   </div>
   <div class='ocr_carea' id='block_1_12' title="bbox 600 1374 2193 1447">
    <p class='ocr_par' dir='ltr' id='par_1_12' title="bbox 600 1374 2193 1447">
     <span class='ocr_line' id='line_1_12' title="bbox 600 1374 2193 1447; baseline -0.008 -10"><span class='ocrx_word' id='word_1_72' title='bbox 600 1392 682 1437; x_wconf 81' lang='lat' dir='ltr'><strong>set</strong></span> <span class='ocrx_word' id='word_1_73' title='bbox 716 1381 925 1447; x_wconf 88' lang='lat' dir='ltr'><strong>Petrus,</strong></span> <span class='ocrx_word' id='word_1_74' title='bbox 955 1394 1005 1437; x_wconf 91' lang='lat' dir='ltr'><strong>et</strong></span> <span class='ocrx_word' id='word_1_75' title='bbox 1038 1380 1235 1435; x_wconf 88' lang='lat' dir='ltr'><strong>nullam</strong></span> <span class='ocrx_word' id='word_1_76' title='bbox 1267 1393 1387 1433; x_wconf 86' lang='lat' dir='ltr'><strong>esse</strong></span> <span class='ocrx_word' id='word_1_77' title='bbox 1408 1374 1873 1431; x_wconf 85' lang='lat' dir='ltr'><strong>condescensionis</strong></span> <span class='ocrx_word' id='word_1_78' title='bbox 1901 1374 2193 1429; x_wconf 84' lang='lat' dir='ltr'><strong>necessita-</strong></span> 
     </span>
    </p>
   </div>
   <div class='ocr_carea' id='block_1_13' title="bbox 602 1463 2188 1539">
    <p class='ocr_par' dir='ltr' id='par_1_13' title="bbox 602 1463 2188 1539">
     <span class='ocr_line' id='line_1_13' title="bbox 602 1463 2188 1539; baseline -0.006 -14"><span class='ocrx_word' id='word_1_79' title='bbox 602 1483 708 1526; x_wconf 87' lang='lat' dir='ltr'><strong>tem</strong></span> <span class='ocrx_word' id='word_1_80' title='bbox 752 1471 957 1526; x_wconf 80' lang='lat' dir='ltr'><strong>vidcret</strong></span> <span class='ocrx_word' id='word_1_81' title='bbox 977 1513 990 1535; x_wconf 94' lang='lat'><strong>,</strong></span> <span class='ocrx_word' id='word_1_82' title='bbox 1033 1470 1299 1539; x_wconf 85' lang='lat' dir='ltr'><strong>gentiliter</strong></span> <span class='ocrx_word' id='word_1_83' title='bbox 1327 1468 1579 1533; x_wconf 71' lang='lat' dir='ltr'><strong>deinmzps</strong></span> <span class='ocrx_word' id='word_1_84' title='bbox 1602 1466 1835 1519; x_wconf 71' lang='lat' dir='ltr'><strong>vivebat.</strong></span> <span class='ocrx_word' id='word_1_85' title='bbox 1875 1463 1985 1519; x_wconf 88' lang='lat' dir='ltr'><strong>lloc</strong></span> <span class='ocrx_word' id='word_1_86' title='bbox 2012 1472 2188 1517; x_wconf 84' lang='lat' dir='ltr'><strong>autem</strong></span> 
     </span>
    </p>
   </div>
   <div class='ocr_carea' id='block_1_14' title="bbox 603 1554 2191 1632">
    <p class='ocr_par' dir='ltr' id='par_1_14' title="bbox 603 1554 2191 1632">
     <span class='ocr_line' id='line_1_14' title="bbox 603 1554 2191 1632; baseline -0.003 -20"><span class='ocrx_word' id='word_1_87' title='bbox 603 1562 839 1630; x_wconf 74' lang='lat' dir='ltr'><strong>appellat</strong></span> <span class='ocrx_word' id='word_1_88' title='bbox 860 1560 1131 1632; x_wconf 77' lang='lat' dir='ltr'><strong>gentiliter</strong></span> <span class='ocrx_word' id='word_1_89' title='bbox 1158 1562 1343 1615; x_wconf 87' lang='lat' dir='ltr'><strong>vivere</strong></span> <span class='ocrx_word' id='word_1_90' title='bbox 1371 1560 1563 1613; x_wconf 81' lang='lat' dir='ltr'><strong>Paulus</strong></span> <span class='ocrx_word' id='word_1_91' title='bbox 1581 1598 1597 1621; x_wconf 92' lang='lat'><strong>,</strong></span> <span class='ocrx_word' id='word_1_92' title='bbox 1640 1557 1840 1625; x_wconf 84' lang='lat' dir='ltr'><strong>absque</strong></span> <span class='ocrx_word' id='word_1_93' title='bbox 1867 1554 2081 1609; x_wconf 79' lang='lat' dir='ltr'><strong>ludaiea</strong></span> <span class='ocrx_word' id='word_1_94' title='bbox 2112 1555 2191 1607; x_wconf 84' lang='lat' dir='ltr'><strong>vi-</strong></span> 
     </span>
    </p>
   </div>
   <div class='ocr_carea' id='block_1_15' title="bbox 603 1648 2184 1721">
    <p class='ocr_par' dir='ltr' id='par_1_15' title="bbox 603 1648 2184 1721">
     <span class='ocr_line' id='line_1_15' title="bbox 603 1648 2184 1721; baseline -0.003 -13"><span class='ocrx_word' id='word_1_95' title='bbox 603 1671 727 1709; x_wconf 64' lang='lat' dir='ltr'><strong>Vere</strong></span> <span class='ocrx_word' id='word_1_96' title='bbox 749 1655 1153 1721; x_wconf 87' lang='lat' dir='ltr'><strong>observatione,</strong></span> <span class='ocrx_word' id='word_1_97' title='bbox 1177 1653 1304 1708; x_wconf 86' lang='lat' dir='ltr'><strong>nihil</strong></span> <span class='ocrx_word' id='word_1_98' title='bbox 1328 1669 1391 1707; x_wconf 77' lang='lat' dir='ltr'><strong>ex</strong></span> <span class='ocrx_word' id='word_1_99' title='bbox 1412 1653 1516 1706; x_wconf 89' lang='lat' dir='ltr'><strong>illis</strong></span> <span class='ocrx_word' id='word_1_100' title='bbox 1535 1651 1667 1721; x_wconf 82' lang='lat' dir='ltr'><strong>legis</strong></span> <span class='ocrx_word' id='word_1_101' title='bbox 1687 1650 1875 1704; x_wconf 88' lang='lat' dir='ltr'><strong>ritibus</strong></span> <span class='ocrx_word' id='word_1_102' title='bbox 1896 1648 2184 1713; x_wconf 74' lang='lat' dir='ltr'><strong>Cthlttdil&#39;c,</strong></span> 
     </span>
    </p>
   </div>
   <div class='ocr_carea' id='block_1_16' title="bbox 602 1741 2188 1815">
    <p class='ocr_par' dir='ltr' id='par_1_16' title="bbox 602 1741 2188 1815">
     <span class='ocr_line' id='line_1_16' title="bbox 602 1741 2188 1815; baseline -0.004 -15"><span class='ocrx_word' id='word_1_103' title='bbox 602 1748 828 1815; x_wconf 73' lang='lat' dir='ltr'><strong>exempli</strong></span> <span class='ocrx_word' id='word_1_104' title='bbox 854 1761 1012 1801; x_wconf 86' lang='lat' dir='ltr'><strong>causa</strong></span> <span class='ocrx_word' id='word_1_105' title='bbox 1034 1787 1050 1811; x_wconf 96' lang='lat'><strong>,</strong></span> <span class='ocrx_word' id='word_1_106' title='bbox 1073 1746 1529 1801; x_wconf 76' lang='lat' dir='ltr'><strong>circutncisimiem</strong></span> <span class='ocrx_word' id='word_1_107' title='bbox 1550 1785 1565 1810; x_wconf 93' lang='lat'><strong>,</strong></span> <span class='ocrx_word' id='word_1_108' title='bbox 1593 1743 1868 1798; x_wconf 81' lang='lat' dir='ltr'><strong>sabbatum</strong></span> <span class='ocrx_word' id='word_1_109' title='bbox 1888 1783 1904 1809; x_wconf 90' lang='lat'><strong>,</strong></span> <span class='ocrx_word' id='word_1_110' title='bbox 1928 1742 2008 1796; x_wconf 88' lang='lat' dir='ltr'><strong>vel</strong></span> <span class='ocrx_word' id='word_1_111' title='bbox 2030 1741 2188 1811; x_wconf 87' lang='lat' dir='ltr'><strong>quid-</strong></span> 
     </span>
    </p>
   </div>
   <div class='ocr_carea' id='block_1_17' title="bbox 605 1832 2191 1908">
    <p class='ocr_par' dir='ltr' id='par_1_17' title="bbox 605 1832 2191 1908">
     <span class='ocr_line' id='line_1_17' title="bbox 605 1832 2191 1908; baseline -0.002 -19"><span class='ocrx_word' id='word_1_112' title='bbox 605 1839 744 1908; x_wconf 84' lang='lat' dir='ltr'><strong>piam</strong></span> <span class='ocrx_word' id='word_1_113' title='bbox 785 1838 1065 1907; x_wconf 75' lang='lat' dir='ltr'><strong>ejusmodi.</strong></span> <span class='ocrx_word' id='word_1_114' title='bbox 1110 1836 1242 1891; x_wconf 89' lang='lat' dir='ltr'><strong>Cum</strong></span> <span class='ocrx_word' id='word_1_115' title='bbox 1288 1838 1446 1905; x_wconf 78' lang='lat' dir='ltr'><strong>igitur</strong></span> <span class='ocrx_word' id='word_1_116' title='bbox 1491 1836 1679 1890; x_wconf 85' lang='lat' dir='ltr'><strong>Petrus</strong></span> <span class='ocrx_word' id='word_1_117' title='bbox 1726 1835 1795 1889; x_wconf 90' lang='lat' dir='ltr'><strong>ita</strong></span> <span class='ocrx_word' id='word_1_118' title='bbox 1846 1834 2065 1899; x_wconf 83' lang='lat' dir='ltr'><strong>viveret,</strong></span> <span class='ocrx_word' id='word_1_119' title='bbox 2095 1832 2191 1887; x_wconf 84' lang='lat' dir='ltr'><strong>de-</strong></span> 
     </span>
    </p>
   </div>
   <div class='ocr_carea' id='block_1_18' title="bbox 599 1923 2186 1996">
    <p class='ocr_par' dir='ltr' id='par_1_18' title="bbox 599 1923 2186 1996">
     <span class='ocr_line' id='line_1_18' title="bbox 599 1923 2186 1996; baseline -0.004 -13"><span class='ocrx_word' id='word_1_120' title='bbox 599 1929 921 1983; x_wconf 85' lang='lat' dir='ltr'><strong>scenderunt</strong></span> <span class='ocrx_word' id='word_1_121' title='bbox 945 1928 1157 1996; x_wconf 83' lang='lat' dir='ltr'><strong>quidam</strong></span> <span class='ocrx_word' id='word_1_122' title='bbox 1183 1941 1210 1979; x_wconf 88' lang='lat' dir='ltr'><strong>a</strong></span> <span class='ocrx_word' id='word_1_123' title='bbox 1238 1927 1437 1981; x_wconf 80' lang='lat' dir='ltr'><strong>Jacobo</strong></span> <span class='ocrx_word' id='word_1_124' title='bbox 1466 1925 1657 1991; x_wconf 76' lang='lat' dir='ltr'><strong>Juda-i,</strong></span> <span class='ocrx_word' id='word_1_125' title='bbox 1690 1924 1790 1979; x_wconf 90' lang='lat' dir='ltr'><strong>hoc</strong></span> <span class='ocrx_word' id='word_1_126' title='bbox 1819 1934 1899 1979; x_wconf 62' lang='lat' dir='ltr'><strong>est</strong></span> <span class='ocrx_word' id='word_1_127' title='bbox 1927 1941 1994 1979; x_wconf 74' lang='lat' dir='ltr'><strong>ex</strong></span> <span class='ocrx_word' id='word_1_128' title='bbox 2027 1923 2186 1978; x_wconf 68' lang='grc' dir='ltr'><strong>,ποι-ο-</strong></span> 
     </span>
    </p>
   </div>
   <div class='ocr_carea' id='block_1_19' title="bbox 599 2016 2184 2087">
    <p class='ocr_par' dir='ltr' id='par_1_19' title="bbox 599 2016 2184 2087">
     <span class='ocr_line' id='line_1_19' title="bbox 599 2016 2184 2087; baseline -0.001 -19"><span class='ocrx_word' id='word_1_129' title='bbox 599 2016 827 2087; x_wconf 75' lang='lat' dir='ltr'><strong>solytna,</strong></span> <span class='ocrx_word' id='word_1_130' title='bbox 854 2017 965 2086; x_wconf 89' lang='lat' dir='ltr'><strong>qui,</strong></span> <span class='ocrx_word' id='word_1_131' title='bbox 998 2016 1136 2087; x_wconf 87' lang='lat' dir='ltr'><strong>quod</strong></span> <span class='ocrx_word' id='word_1_132' title='bbox 1158 2017 1209 2070; x_wconf 92' lang='lat' dir='ltr'><strong>in</strong></span> <span class='ocrx_word' id='word_1_133' title='bbox 1233 2016 1511 2085; x_wconf 87' lang='lat' dir='ltr'><strong>metropoli</strong></span> <span class='ocrx_word' id='word_1_134' title='bbox 1532 2030 1744 2083; x_wconf 86' lang='lat' dir='ltr'><strong>semper</strong></span> <span class='ocrx_word' id='word_1_135' title='bbox 1765 2016 1959 2069; x_wconf 78' lang='lat' dir='ltr'><strong>versati</strong></span> <span class='ocrx_word' id='word_1_136' title='bbox 1983 2024 2184 2081; x_wconf 86' lang='lat' dir='ltr'><strong>essent,</strong></span> 
     </span>
    </p>
   </div>
   <div class='ocr_carea' id='block_1_20' title="bbox 605 2104 2185 2175">
    <p class='ocr_par' dir='ltr' id='par_1_20' title="bbox 605 2104 2185 2175">
     <span class='ocr_line' id='line_1_20' title="bbox 605 2104 2185 2175; baseline -0.001 -17"><span class='ocrx_word' id='word_1_137' title='bbox 605 2122 776 2174; x_wconf 84' lang='lat' dir='ltr'><strong>neque.</strong></span> <span class='ocrx_word' id='word_1_138' title='bbox 804 2121 1121 2175; x_wconf 88' lang='lat' dir='ltr'><strong>quemquam</strong></span> <span class='ocrx_word' id='word_1_139' title='bbox 1146 2104 1402 2158; x_wconf 77' lang='lat' dir='ltr'><strong>vidissent</strong></span> <span class='ocrx_word' id='word_1_140' title='bbox 1431 2105 1501 2159; x_wconf 88' lang='lat' dir='ltr'><strong>ita</strong></span> <span class='ocrx_word' id='word_1_141' title='bbox 1531 2105 1819 2167; x_wconf 84' lang='lat' dir='ltr'><strong>viventem,</strong></span> <span class='ocrx_word' id='word_1_142' title='bbox 1842 2104 2016 2159; x_wconf 86' lang='lat' dir='ltr'><strong>adhuc</strong></span> <span class='ocrx_word' id='word_1_143' title='bbox 2044 2105 2185 2157; x_wconf 84' lang='lat' dir='ltr'><strong>anti-</strong></span> 
     </span>
    </p>
   </div>
   <div class='ocr_carea' id='block_1_21' title="bbox 602 2194 2189 2263">
    <p class='ocr_par' dir='ltr' id='par_1_21' title="bbox 602 2194 2189 2263">
     <span class='ocr_line' id='line_1_21' title="bbox 602 2194 2189 2263; baseline 0 -17"><span class='ocrx_word' id='word_1_144' title='bbox 602 2194 993 2263; x_wconf 71' lang='lat' dir='ltr'><strong>cipatmnillam</strong></span> <span class='ocrx_word' id='word_1_145' title='bbox 1012 2194 1283 2247; x_wconf 83' lang='lat' dir='ltr'><strong>Judaicam</strong></span> <span class='ocrx_word' id='word_1_146' title='bbox 1307 2194 1610 2261; x_wconf 90' lang='lat' dir='ltr'><strong>opinionem</strong></span> <span class='ocrx_word' id='word_1_147' title='bbox 1630 2194 1945 2255; x_wconf 85' lang='lat' dir='ltr'><strong>retinebant,</strong></span> <span class='ocrx_word' id='word_1_148' title='bbox 1970 2194 2189 2246; x_wconf 88' lang='lat' dir='ltr'><strong>multas-</strong></span> 
     </span>
    </p>
   </div>
   <div class='ocr_carea' id='block_1_22' title="bbox 603 2282 2182 2355">
    <p class='ocr_par' dir='ltr' id='par_1_22' title="bbox 603 2282 2182 2355">
     <span class='ocr_line' id='line_1_22' title="bbox 603 2282 2182 2355; baseline -0.003 -15"><span class='ocrx_word' id='word_1_149' title='bbox 603 2303 707 2355; x_wconf 80' lang='lat' dir='ltr'><strong>q-ue</strong></span> <span class='ocrx_word' id='word_1_150' title='bbox 722 2302 787 2340; x_wconf 73' lang='lat' dir='ltr'><strong>es</strong></span> <span class='ocrx_word' id='word_1_151' title='bbox 811 2285 1272 2340; x_wconf 81' lang='lat' dir='ltr'><strong>observationibus</strong></span> <span class='ocrx_word' id='word_1_152' title='bbox 1293 2284 1395 2337; x_wconf 78' lang='lat' dir='ltr'><strong>illis</strong></span> <span class='ocrx_word' id='word_1_153' title='bbox 1416 2299 1595 2337; x_wconf 86' lang='lat' dir='ltr'><strong>secum</strong></span> <span class='ocrx_word' id='word_1_154' title='bbox 1618 2284 1913 2337; x_wconf 87' lang='lat' dir='ltr'><strong>trahebant.</strong></span> <span class='ocrx_word' id='word_1_155' title='bbox 1937 2282 2049 2337; x_wconf 82' lang='lat' dir='ltr'><strong>Hos</strong></span> <span class='ocrx_word' id='word_1_156' title='bbox 2063 2298 2182 2337; x_wconf 87' lang='lat' dir='ltr'><strong>cum</strong></span> 
     </span>
    </p>
   </div>
   <div class='ocr_carea' id='block_1_23' title="bbox 602 2374 2185 2446">
    <p class='ocr_par' dir='ltr' id='par_1_23' title="bbox 602 2374 2185 2446">
     <span class='ocr_line' id='line_1_23' title="bbox 602 2374 2185 2446; baseline -0.002 -16"><span class='ocrx_word' id='word_1_157' title='bbox 602 2378 821 2432; x_wconf 78' lang='lat' dir='ltr'><strong>vidisset</strong></span> <span class='ocrx_word' id='word_1_158' title='bbox 848 2376 1033 2432; x_wconf 84' lang='lat' dir='ltr'><strong>Petrus</strong></span> <span class='ocrx_word' id='word_1_159' title='bbox 1052 2419 1065 2441; x_wconf 93' lang='lat'><strong>,</strong></span> <span class='ocrx_word' id='word_1_160' title='bbox 1093 2376 1181 2445; x_wconf 85' lang='lat' dir='ltr'><strong>qui</strong></span> <span class='ocrx_word' id='word_1_161' title='bbox 1230 2392 1260 2431; x_wconf 89' lang='lat' dir='ltr'><strong>a</strong></span> <span class='ocrx_word' id='word_1_162' title='bbox 1302 2374 1503 2432; x_wconf 80' lang='lat' dir='ltr'><strong>Jacobo</strong></span> <span class='ocrx_word' id='word_1_163' title='bbox 1528 2384 1581 2429; x_wconf 86' lang='lat' dir='ltr'><strong>et</strong></span> <span class='ocrx_word' id='word_1_164' title='bbox 1609 2374 1937 2446; x_wconf 80' lang='lat' dir='ltr'><strong>.lerosolyma</strong></span> <span class='ocrx_word' id='word_1_165' title='bbox 1964 2374 2185 2429; x_wconf 84' lang='lat' dir='ltr'><strong>descen-</strong></span> 
     </span>
    </p>
   </div>
   <div class='ocr_carea' id='block_1_24' title="bbox 595 2469 2184 2539">
    <p class='ocr_par' dir='ltr' id='par_1_24' title="bbox 595 2469 2184 2539">
     <span class='ocr_line' id='line_1_24' title="bbox 595 2469 2184 2539; baseline -0.003 -13"><span class='ocrx_word' id='word_1_166' title='bbox 595 2470 806 2538; x_wconf 87' lang='lat' dir='ltr'><strong>derant,</strong></span> <span class='ocrx_word' id='word_1_167' title='bbox 834 2472 923 2539; x_wconf 88' lang='lat' dir='ltr'><strong>qui</strong></span> <span class='ocrx_word' id='word_1_168' title='bbox 953 2469 1128 2525; x_wconf 87' lang='lat' dir='ltr'><strong>adhuc</strong></span> <span class='ocrx_word' id='word_1_169' title='bbox 1162 2469 1358 2525; x_wconf 77' lang='lat' dir='ltr'><strong>infirmi</strong></span> <span class='ocrx_word' id='word_1_170' title='bbox 1385 2478 1557 2536; x_wconf 82' lang='lat' dir='ltr'><strong>erant,</strong></span> <span class='ocrx_word' id='word_1_171' title='bbox 1590 2470 1907 2537; x_wconf 90' lang='lat' dir='ltr'><strong>timeretque</strong></span> <span class='ocrx_word' id='word_1_172' title='bbox 1933 2483 2000 2522; x_wconf 92' lang='lat' dir='ltr'><strong>ne</strong></span> <span class='ocrx_word' id='word_1_173' title='bbox 2026 2483 2184 2522; x_wconf 86' lang='lat' dir='ltr'><strong>scan-</strong></span> 
     </span>
    </p>
   </div>
   <div class='ocr_carea' id='block_1_25' title="bbox 599 2560 2183 2631">
    <p class='ocr_par' dir='ltr' id='par_1_25' title="bbox 599 2560 2183 2631">
     <span class='ocr_line' id='line_1_25' title="bbox 599 2560 2183 2631; baseline -0.002 -15"><span class='ocrx_word' id='word_1_174' title='bbox 599 2561 777 2617; x_wconf 83' lang='lat' dir='ltr'><strong>dalum</strong></span> <span class='ocrx_word' id='word_1_175' title='bbox 812 2562 952 2631; x_wconf 89' lang='lat' dir='ltr'><strong>passi</strong></span> <span class='ocrx_word' id='word_1_176' title='bbox 979 2578 1009 2615; x_wconf 88' lang='lat' dir='ltr'><strong>a</strong></span> <span class='ocrx_word' id='word_1_177' title='bbox 1040 2561 1145 2616; x_wconf 79' lang='lat' dir='ltr'><strong>fide</strong></span> <span class='ocrx_word' id='word_1_178' title='bbox 1182 2560 1485 2626; x_wconf 83' lang='lat' dir='ltr'><strong>resilirent,</strong></span> <span class='ocrx_word' id='word_1_179' title='bbox 1524 2570 1755 2615; x_wconf 83' lang='lat' dir='ltr'><strong>mutatus</strong></span> <span class='ocrx_word' id='word_1_180' title='bbox 1780 2569 1861 2614; x_wconf 89' lang='lat' dir='ltr'><strong>est</strong></span> <span class='ocrx_word' id='word_1_181' title='bbox 1887 2574 2089 2621; x_wconf 78' lang='lat' dir='ltr'><strong>rursus,</strong></span> <span class='ocrx_word' id='word_1_182' title='bbox 2129 2567 2183 2613; x_wconf 89' lang='lat' dir='ltr'><strong>et</strong></span> 
     </span>
    </p>
   </div>
   <div class='ocr_carea' id='block_1_26' title="bbox 597 2650 2184 2723">
    <p class='ocr_par' dir='ltr' id='par_1_26' title="bbox 597 2650 2184 2723">
     <span class='ocr_line' id='line_1_26' title="bbox 597 2650 2184 2723; baseline -0.003 -16"><span class='ocrx_word' id='word_1_183' title='bbox 597 2655 797 2707; x_wconf 87' lang='lat' dir='ltr'><strong>omissa</strong></span> <span class='ocrx_word' id='word_1_184' title='bbox 837 2653 1022 2723; x_wconf 86' lang='lat' dir='ltr'><strong>gentili</strong></span> <span class='ocrx_word' id='word_1_185' title='bbox 1050 2653 1171 2707; x_wconf 77' lang='lat' dir='ltr'><strong>vita:</strong></span> <span class='ocrx_word' id='word_1_186' title='bbox 1200 2653 1424 2717; x_wconf 84' lang='lat' dir='ltr'><strong>ratione,</strong></span> <span class='ocrx_word' id='word_1_187' title='bbox 1464 2651 1531 2707; x_wconf 85' lang='lat' dir='ltr'><strong>ad</strong></span> <span class='ocrx_word' id='word_1_188' title='bbox 1563 2653 1793 2723; x_wconf 87' lang='lat' dir='ltr'><strong>priorem</strong></span> <span class='ocrx_word' id='word_1_189' title='bbox 1826 2650 1985 2706; x_wconf 87' lang='lat' dir='ltr'><strong>rediit</strong></span> <span class='ocrx_word' id='word_1_190' title='bbox 2012 2650 2184 2703; x_wconf 81' lang='lat' dir='ltr'><strong>indul-</strong></span> 
     </span>
    </p>
   </div>
   <div class='ocr_carea' id='block_1_27' title="bbox 594 2741 2178 2813">
    <p class='ocr_par' dir='ltr' id='par_1_27' title="bbox 594 2741 2178 2813">
     <span class='ocr_line' id='line_1_27' title="bbox 594 2741 2178 2813; baseline -0.003 -14"><span class='ocrx_word' id='word_1_191' title='bbox 594 2747 826 2813; x_wconf 77' lang='lat' dir='ltr'><strong>gentiam</strong></span> <span class='ocrx_word' id='word_1_192' title='bbox 854 2786 868 2811; x_wconf 95' lang='lat'><strong>,</strong></span> <span class='ocrx_word' id='word_1_193' title='bbox 900 2754 954 2801; x_wconf 89' lang='lat' dir='ltr'><strong>et</strong></span> <span class='ocrx_word' id='word_1_194' title='bbox 992 2746 1229 2799; x_wconf 90' lang='lat' dir='ltr'><strong>ciborum</strong></span> <span class='ocrx_word' id='word_1_195' title='bbox 1262 2745 1660 2799; x_wconf 88' lang='lat' dir='ltr'><strong>observationes</strong></span> <span class='ocrx_word' id='word_1_196' title='bbox 1689 2743 1996 2798; x_wconf 83' lang='lat' dir='ltr'><strong>custodivit.</strong></span> <span class='ocrx_word' id='word_1_197' title='bbox 2027 2741 2178 2795; x_wconf 87' lang='lat' dir='ltr'><strong>Illum</strong></span> 
     </span>
    </p>
   </div>
   <div class='ocr_carea' id='block_1_28' title="bbox 595 2837 2179 2910">
    <p class='ocr_par' dir='ltr' id='par_1_28' title="bbox 595 2837 2179 2910">
     <span class='ocr_line' id='line_1_28' title="bbox 595 2837 2179 2910; baseline -0.003 -17"><span class='ocrx_word' id='word_1_198' title='bbox 595 2854 725 2910; x_wconf 87' lang='lat' dir='ltr'><strong>ergo</strong></span> <span class='ocrx_word' id='word_1_199' title='bbox 745 2838 912 2894; x_wconf 70' lang='grc' dir='ltr'><strong>ειυύωί</strong></span> <span class='ocrx_word' id='word_1_200' title='bbox 938 2855 1059 2895; x_wconf 85' lang='lat' dir='ltr'><strong>eum</strong></span> <span class='ocrx_word' id='word_1_201' title='bbox 1084 2839 1353 2904; x_wconf 85' lang='lat' dir='ltr'><strong>vidissent,</strong></span> <span class='ocrx_word' id='word_1_202' title='bbox 1382 2840 1472 2910; x_wconf 93' lang='lat' dir='ltr'><strong>qui</strong></span> <span class='ocrx_word' id='word_1_203' title='bbox 1496 2837 1789 2894; x_wconf 71' lang='lat' dir='ltr'><strong>Antiochia:</strong></span> <span class='ocrx_word' id='word_1_204' title='bbox 1811 2837 2179 2901; x_wconf 84' lang='lat' dir='ltr'><strong>versabantur,</strong></span> 
     </span>
    </p>
   </div>
   <div class='ocr_carea' id='block_1_29' title="bbox 597 2926 2179 2999">
    <p class='ocr_par' dir='ltr' id='par_1_29' title="bbox 597 2926 2179 2999">
     <span class='ocr_line' id='line_1_29' title="bbox 597 2926 2179 2999; baseline -0.001 -18"><span class='ocrx_word' id='word_1_205' title='bbox 597 2928 648 2982; x_wconf 83' lang='lat' dir='ltr'><strong>id</strong></span> <span class='ocrx_word' id='word_1_206' title='bbox 675 2940 937 2998; x_wconf 81' lang='lat' dir='ltr'><strong>agentem,</strong></span> <span class='ocrx_word' id='word_1_207' title='bbox 961 2944 1133 2999; x_wconf 88' lang='lat' dir='ltr'><strong>neque</strong></span> <span class='ocrx_word' id='word_1_208' title='bbox 1153 2938 1383 2985; x_wconf 91' lang='lat' dir='ltr'><strong>mentem</strong></span> <span class='ocrx_word' id='word_1_209' title='bbox 1404 2930 1524 2998; x_wconf 87' lang='lat' dir='ltr'><strong>ejus</strong></span> <span class='ocrx_word' id='word_1_210' title='bbox 1544 2937 1874 2999; x_wconf 82' lang='lat' dir='ltr'><strong>perspectam</strong></span> <span class='ocrx_word' id='word_1_211' title='bbox 1898 2926 2179 2992; x_wconf 86' lang='lat' dir='ltr'><strong>haberent,</strong></span> 
     </span>
    </p>
   </div>
   <div class='ocr_carea' id='block_1_30' title="bbox 596 3018 2181 3090">
    <p class='ocr_par' dir='ltr' id='par_1_30' title="bbox 596 3018 2181 3090">
     <span class='ocr_line' id='line_1_30' title="bbox 596 3018 2181 3090; baseline -0.001 -17"><span class='ocrx_word' id='word_1_212' title='bbox 596 3034 698 3088; x_wconf 88' lang='lat' dir='ltr'><strong>qua</strong></span> <span class='ocrx_word' id='word_1_213' title='bbox 730 3019 780 3074; x_wconf 89' lang='lat' dir='ltr'><strong>id</strong></span> <span class='ocrx_word' id='word_1_214' title='bbox 809 3020 1017 3090; x_wconf 84' lang='lat' dir='ltr'><strong>agebat,</strong></span> <span class='ocrx_word' id='word_1_215' title='bbox 1049 3019 1259 3075; x_wconf 88' lang='lat' dir='ltr'><strong>abducti</strong></span> <span class='ocrx_word' id='word_1_216' title='bbox 1288 3028 1412 3075; x_wconf 89' lang='lat' dir='ltr'><strong>sunt</strong></span> <span class='ocrx_word' id='word_1_217' title='bbox 1438 3028 1491 3075; x_wconf 90' lang='lat' dir='ltr'><strong>et</strong></span> <span class='ocrx_word' id='word_1_218' title='bbox 1520 3020 1641 3089; x_wconf 84' lang='lat' dir='ltr'><strong>ipsi,</strong></span> <span class='ocrx_word' id='word_1_219' title='bbox 1669 3035 1733 3075; x_wconf 85' lang='lat' dir='ltr'><strong>ac</strong></span> <span class='ocrx_word' id='word_1_220' title='bbox 1762 3028 1978 3090; x_wconf 86' lang='lat' dir='ltr'><strong>propter</strong></span> <span class='ocrx_word' id='word_1_221' title='bbox 2008 3018 2181 3089; x_wconf 89' lang='lat' dir='ltr'><strong>magi-</strong></span> 
     </span>
    </p>
   </div>
   <div class='ocr_carea' id='block_1_31' title="bbox 594 3110 2177 3180">
    <p class='ocr_par' dir='ltr' id='par_1_31' title="bbox 594 3110 2177 3180">
     <span class='ocr_line' id='line_1_31' title="bbox 594 3110 2177 3180; baseline 0.002 -19"><span class='ocrx_word' id='word_1_222' title='bbox 594 3120 762 3163; x_wconf 71' lang='lat' dir='ltr'><strong>strtlm</strong></span> <span class='ocrx_word' id='word_1_223' title='bbox 789 3110 1061 3179; x_wconf 78' lang='lat' dir='ltr'><strong>judaiaare</strong></span> <span class='ocrx_word' id='word_1_224' title='bbox 1077 3110 1420 3179; x_wconf 80' lang='lat' dir='ltr'><strong>cogebantur.</strong></span> <span class='ocrx_word' id='word_1_225' title='bbox 1446 3112 1619 3180; x_wconf 83' lang='lat' dir='ltr'><strong>Atque</strong></span> <span class='ocrx_word' id='word_1_226' title='bbox 1658 3110 1760 3165; x_wconf 88' lang='lat' dir='ltr'><strong>hoc</strong></span> <span class='ocrx_word' id='word_1_227' title='bbox 1788 3121 1891 3174; x_wconf 88' lang='lat' dir='ltr'><strong>est,</strong></span> <span class='ocrx_word' id='word_1_228' title='bbox 1920 3110 2061 3179; x_wconf 88' lang='lat' dir='ltr'><strong>quod</strong></span> <span class='ocrx_word' id='word_1_229' title='bbox 2087 3124 2177 3164; x_wconf 57' lang='lat' dir='ltr'><strong>re.</strong></span> 
     </span>
    </p>
   </div>
   <div class='ocr_carea' id='block_1_32' title="bbox 594 3200 2177 3270">
    <p class='ocr_par' dir='ltr' id='par_1_32' title="bbox 594 3200 2177 3270">
     <span class='ocr_line' id='line_1_32' title="bbox 594 3200 2177 3270; baseline 0.001 -16"><span class='ocrx_word' id='word_1_230' title='bbox 594 3200 875 3270; x_wconf 82' lang='lat' dir='ltr'><strong>prehendit</strong></span> <span class='ocrx_word' id='word_1_231' title='bbox 900 3200 1093 3256; x_wconf 83' lang='lat' dir='ltr'><strong>Paulus</strong></span> <span class='ocrx_word' id='word_1_232' title='bbox 1116 3220 1130 3255; x_wconf 86' lang='lat'><strong>:</strong></span> <span class='ocrx_word' id='word_1_233' title='bbox 1155 3213 1211 3255; x_wconf 93' lang='lat' dir='ltr'><strong>ut</strong></span> <span class='ocrx_word' id='word_1_234' title='bbox 1231 3210 1409 3256; x_wconf 86' lang='lat' dir='ltr'><strong>autem</strong></span> <span class='ocrx_word' id='word_1_235' title='bbox 1436 3202 1630 3255; x_wconf 88' lang='lat' dir='ltr'><strong>clarius</strong></span> <span class='ocrx_word' id='word_1_236' title='bbox 1659 3201 1747 3255; x_wconf 88' lang='lat' dir='ltr'><strong>fiat</strong></span> <span class='ocrx_word' id='word_1_237' title='bbox 1770 3202 1909 3270; x_wconf 92' lang='lat' dir='ltr'><strong>quod</strong></span> <span class='ocrx_word' id='word_1_238' title='bbox 1930 3201 2177 3267; x_wconf 87' lang='lat' dir='ltr'><strong>dicimus,</strong></span> 
     </span>
    </p>
   </div>
   <div class='ocr_carea' id='block_1_33' title="bbox 595 3289 2181 3361">
    <p class='ocr_par' dir='ltr' id='par_1_33' title="bbox 595 3289 2181 3361">
     <span class='ocr_line' id='line_1_33' title="bbox 595 3289 2181 3361; baseline 0 -18"><span class='ocrx_word' id='word_1_239' title='bbox 595 3293 709 3361; x_wconf 87' lang='lat' dir='ltr'><strong>ipsa</strong></span> <span class='ocrx_word' id='word_1_240' title='bbox 740 3292 890 3345; x_wconf 80' lang='lat' dir='ltr'><strong>vobis</strong></span> <span class='ocrx_word' id='word_1_241' title='bbox 918 3292 1207 3359; x_wconf 84' lang='lat' dir='ltr'><strong>apostolica</strong></span> <span class='ocrx_word' id='word_1_242' title='bbox 1235 3291 1394 3345; x_wconf 90' lang='lat' dir='ltr'><strong>verba</strong></span> <span class='ocrx_word' id='word_1_243' title='bbox 1423 3291 1658 3345; x_wconf 74' lang='lat' dir='ltr'><strong>recitabo</strong></span> <span class='ocrx_word' id='word_1_244' title='bbox 1689 3307 1704 3344; x_wconf 92' lang='lat'><strong>:</strong></span> <span class='ocrx_word' id='word_1_245' title='bbox 1734 3289 1859 3344; x_wconf 83' lang='lat' dir='ltr'><strong>Cum</strong></span> <span class='ocrx_word' id='word_1_246' title='bbox 1896 3301 2064 3343; x_wconf 84' lang='lat' dir='ltr'><strong>autem</strong></span> <span class='ocrx_word' id='word_1_247' title='bbox 2098 3308 2181 3343; x_wconf 81' lang='lat' dir='ltr'><strong>ve-</strong></span> 
     </span>
    </p>
   </div>
   <div class='ocr_carea' id='block_1_34' title="bbox 592 3379 2180 3452">
    <p class='ocr_par' dir='ltr' id='par_1_34' title="bbox 592 3379 2180 3452">
     <span class='ocr_line' id='line_1_34' title="bbox 592 3379 2180 3452; baseline 0.001 -18"><span class='ocrx_word' id='word_1_248' title='bbox 592 3382 742 3434; x_wconf 79' lang='lat' dir='ltr'><strong>nisset</strong></span> <span class='ocrx_word' id='word_1_249' title='bbox 798 3379 979 3434; x_wconf 69' lang='lat' dir='ltr'><strong>Petrus</strong></span> <span class='ocrx_word' id='word_1_250' title='bbox 1028 3382 1381 3444; x_wconf 75' lang='lat' dir='ltr'><strong>Antiochiam,</strong></span> <span class='ocrx_word' id='word_1_251' title='bbox 1436 3381 1488 3435; x_wconf 88' lang='lat' dir='ltr'><strong>in</strong></span> <span class='ocrx_word' id='word_1_252' title='bbox 1537 3383 1721 3451; x_wconf 76' lang='lat' dir='ltr'><strong>facient</strong></span> <span class='ocrx_word' id='word_1_253' title='bbox 1750 3383 1794 3434; x_wconf 86' lang='lat' dir='ltr'><strong>ei</strong></span> <span class='ocrx_word' id='word_1_254' title='bbox 1832 3383 2009 3447; x_wconf 84' lang='lat' dir='ltr'><strong>restiti,</strong></span> <span class='ocrx_word' id='word_1_255' title='bbox 2060 3384 2180 3452; x_wconf 83' lang='lat' dir='ltr'><strong>quia</strong></span> 
     </span>
    </p>
   </div>
   <div class='ocr_carea' id='block_1_35' title="bbox 590 3472 2177 3544">
    <p class='ocr_par' dir='ltr' id='par_1_35' title="bbox 590 3472 2177 3544">
     <span class='ocr_line' id='line_1_35' title="bbox 590 3472 2177 3544; baseline 0.002 -20"><span class='ocrx_word' id='word_1_256' title='bbox 590 3474 990 3543; x_wconf 71' lang='lat' dir='ltr'><strong>repreltensibitis</strong></span> <span class='ocrx_word' id='word_1_257' title='bbox 1042 3475 1169 3528; x_wconf 60' lang='grc' dir='ltr'><strong>σα).</strong></span> <span class='ocrx_word' id='word_1_258' title='bbox 1222 3472 1373 3528; x_wconf 84' lang='lat' dir='ltr'><strong>Prius</strong></span> <span class='ocrx_word' id='word_1_259' title='bbox 1416 3475 1547 3527; x_wconf 86' lang='lat' dir='ltr'><strong>enim</strong></span> <span class='ocrx_word' id='word_1_260' title='bbox 1599 3490 1751 3543; x_wconf 83' lang='lat' dir='ltr'><strong>quam</strong></span> <span class='ocrx_word' id='word_1_261' title='bbox 1793 3484 2014 3528; x_wconf 78' lang='lat' dir='ltr'><strong>venirent</strong></span> <span class='ocrx_word' id='word_1_262' title='bbox 2067 3475 2177 3544; x_wconf 77' lang='lat' dir='ltr'><strong>qui-</strong></span> 
     </span>
    </p>
   </div>
   <div class='ocr_carea' id='block_1_36' title="bbox 589 3564 2179 3636">
    <p class='ocr_par' dir='ltr' id='par_1_36' title="bbox 589 3564 2179 3636">
     <span class='ocr_line' id='line_1_36' title="bbox 589 3564 2179 3636; baseline -0.001 -18"><span class='ocrx_word' id='word_1_263' title='bbox 589 3567 706 3618; x_wconf 84' lang='lat' dir='ltr'><strong>dam</strong></span> <span class='ocrx_word' id='word_1_264' title='bbox 754 3581 787 3617; x_wconf 86' lang='lat' dir='ltr'><strong>a</strong></span> <span class='ocrx_word' id='word_1_265' title='bbox 836 3564 1063 3632; x_wconf 71' lang='lat' dir='ltr'><strong>Iacobo,</strong></span> <span class='ocrx_word' id='word_1_266' title='bbox 1112 3565 1212 3619; x_wconf 81' lang='lat' dir='ltr'><strong>hoc</strong></span> <span class='ocrx_word' id='word_1_267' title='bbox 1249 3573 1333 3620; x_wconf 87' lang='lat' dir='ltr'><strong>ost</strong></span> <span class='ocrx_word' id='word_1_268' title='bbox 1372 3564 1754 3636; x_wconf 80' lang='lat' dir='ltr'><strong>Jerosolymis,</strong></span> <span class='ocrx_word' id='word_1_269' title='bbox 1783 3581 1899 3619; x_wconf 80' lang='lat' dir='ltr'><strong>cum</strong></span> <span class='ocrx_word' id='word_1_270' title='bbox 1948 3565 2179 3636; x_wconf 73' lang='lat' dir='ltr'><strong>gentibus</strong></span> 
     </span>
    </p>
   </div>
   <div class='ocr_carea' id='block_1_37' title="bbox 589 3655 2179 3726">
    <p class='ocr_par' dir='ltr' id='par_1_37' title="bbox 589 3655 2179 3726">
     <span class='ocr_line' id='line_1_37' title="bbox 589 3655 2179 3726; baseline 0.001 -18"><span class='ocrx_word' id='word_1_271' title='bbox 589 3656 781 3721; x_wconf 77' lang='lat' dir='ltr'><strong>edebat,</strong></span> <span class='ocrx_word' id='word_1_272' title='bbox 820 3655 922 3711; x_wconf 88' lang='lat' dir='ltr'><strong>hoc</strong></span> <span class='ocrx_word' id='word_1_273' title='bbox 944 3666 1026 3711; x_wconf 83' lang='lat' dir='ltr'><strong>est</strong></span> <span class='ocrx_word' id='word_1_274' title='bbox 1050 3672 1169 3711; x_wconf 90' lang='lat' dir='ltr'><strong>cum</strong></span> <span class='ocrx_word' id='word_1_275' title='bbox 1199 3657 1262 3721; x_wconf 81' lang='lat' dir='ltr'><strong>iis</strong></span> <span class='ocrx_word' id='word_1_276' title='bbox 1289 3658 1377 3726; x_wconf 89' lang='lat' dir='ltr'><strong>qui</strong></span> <span class='ocrx_word' id='word_1_277' title='bbox 1402 3669 1554 3711; x_wconf 90' lang='lat' dir='ltr'><strong>erant</strong></span> <span class='ocrx_word' id='word_1_278' title='bbox 1581 3657 1893 3712; x_wconf 70' lang='lat' dir='ltr'><strong>Antiochizc.</strong></span> <span class='ocrx_word' id='word_1_279' title='bbox 1924 3657 2050 3710; x_wconf 77' lang='lat' dir='ltr'><strong>Cum</strong></span> <span class='ocrx_word' id='word_1_280' title='bbox 2081 3674 2179 3710; x_wconf 88' lang='lat' dir='ltr'><strong>an-</strong></span> 
     </span>
    </p>
   </div>
   <div class='ocr_carea' id='block_1_38' title="bbox 589 3747 2180 3819">
    <p class='ocr_par' dir='ltr' id='par_1_38' title="bbox 589 3747 2180 3819">
     <span class='ocr_line' id='line_1_38' title="bbox 589 3747 2180 3819; baseline -0.002 -16"><span class='ocrx_word' id='word_1_281' title='bbox 589 3759 686 3803; x_wconf 84' lang='lat' dir='ltr'><strong>tem</strong></span> <span class='ocrx_word' id='word_1_282' title='bbox 715 3749 962 3803; x_wconf 77' lang='lat' dir='ltr'><strong>venissent</strong></span> <span class='ocrx_word' id='word_1_283' title='bbox 990 3748 1198 3817; x_wconf 84' lang='lat' dir='ltr'><strong>quidam</strong></span> <span class='ocrx_word' id='word_1_284' title='bbox 1224 3747 1256 3800; x_wconf 89' lang='lat' dir='ltr'><strong><em>J</em></strong></span> <span class='ocrx_word' id='word_1_285' title='bbox 1265 3748 1579 3819; x_wconf 78' lang='lat' dir='ltr'><strong>erosolyntis,</strong></span> <span class='ocrx_word' id='word_1_286' title='bbox 1594 3748 1756 3817; x_wconf 78' lang='lat' dir='ltr'><strong>periti</strong></span> <span class='ocrx_word' id='word_1_287' title='bbox 1783 3748 1913 3818; x_wconf 87' lang='lat' dir='ltr'><strong>legis</strong></span> <span class='ocrx_word' id='word_1_288' title='bbox 1937 3789 1952 3814; x_wconf 93' lang='lat'><strong>,</strong></span> <span class='ocrx_word' id='word_1_289' title='bbox 1978 3748 2180 3802; x_wconf 78' lang='lat' dir='ltr'><strong>subtra-</strong></span> 
     </span>
    </p>
   </div>
   <div class='ocr_carea' id='block_1_39' title="bbox 588 3838 2178 3911">
    <p class='ocr_par' dir='ltr' id='par_1_39' title="bbox 588 3838 2178 3911">
     <span class='ocr_line' id='line_1_39' title="bbox 588 3838 2178 3911; baseline 0.001 -20"><span class='ocrx_word' id='word_1_290' title='bbox 588 3839 735 3892; x_wconf 79' lang='lat' dir='ltr'><strong>hebat</strong></span> <span class='ocrx_word' id='word_1_291' title='bbox 760 3849 807 3893; x_wconf 83' lang='lat' dir='ltr'><strong>et</strong></span> <span class='ocrx_word' id='word_1_292' title='bbox 831 3839 1125 3911; x_wconf 74' lang='lat' dir='ltr'><strong>segregabst</strong></span> <span class='ocrx_word' id='word_1_293' title='bbox 1145 3856 1199 3893; x_wconf 85' lang='lat' dir='ltr'><strong>se</strong></span> <span class='ocrx_word' id='word_1_294' title='bbox 1225 3838 1432 3898; x_wconf 81' lang='lat' dir='ltr'><strong>Petrus.</strong></span> <span class='ocrx_word' id='word_1_295' title='bbox 1474 3842 1652 3893; x_wconf 80' lang='lat' dir='ltr'><strong>timens</strong></span> <span class='ocrx_word' id='word_1_296' title='bbox 1673 3857 1756 3893; x_wconf 90' lang='lat' dir='ltr'><strong>eos</strong></span> <span class='ocrx_word' id='word_1_297' title='bbox 1770 3842 1861 3910; x_wconf 71' lang='lat' dir='ltr'><strong>qui</strong></span> <span class='ocrx_word' id='word_1_298' title='bbox 1883 3856 1944 3893; x_wconf 75' lang='lat' dir='ltr'><strong>ex</strong></span> <span class='ocrx_word' id='word_1_299' title='bbox 1961 3839 2178 3893; x_wconf 77' lang='lat' dir='ltr'><strong>cireum-</strong></span> 
     </span>
    </p>
   </div>
   <div class='ocr_carea' id='block_1_40' title="bbox 587 3928 2177 3999">
    <p class='ocr_par' dir='ltr' id='par_1_40' title="bbox 587 3928 2177 3999">
     <span class='ocr_line' id='line_1_40' title="bbox 587 3928 2177 3999; baseline 0.001 -16"><span class='ocrx_word' id='word_1_300' title='bbox 587 3931 777 3984; x_wconf 81' lang='lat' dir='ltr'><strong>cisione</strong></span> <span class='ocrx_word' id='word_1_301' title='bbox 815 3940 980 3983; x_wconf 84' lang='lat' dir='ltr'><strong>erant.</strong></span> <span class='ocrx_word' id='word_1_302' title='bbox 1012 3930 1319 3997; x_wconf 83' lang='lat' dir='ltr'><strong>Qnosnam?</strong></span> <span class='ocrx_word' id='word_1_303' title='bbox 1359 3930 1463 3985; x_wconf 86' lang='lat' dir='ltr'><strong>Eos</strong></span> <span class='ocrx_word' id='word_1_304' title='bbox 1492 3930 1579 3999; x_wconf 89' lang='lat' dir='ltr'><strong>qui</strong></span> <span class='ocrx_word' id='word_1_305' title='bbox 1608 3945 1635 3983; x_wconf 89' lang='lat' dir='ltr'><strong>a</strong></span> <span class='ocrx_word' id='word_1_306' title='bbox 1658 3928 1860 3984; x_wconf 68' lang='lat' dir='ltr'><strong>Iacobo</strong></span> <span class='ocrx_word' id='word_1_307' title='bbox 1884 3930 2177 3984; x_wconf 83' lang='lat' dir='ltr'><strong>descende-</strong></span> 
     </span>
    </p>
   </div>
   <div class='ocr_carea' id='block_1_41' title="bbox 587 4018 2173 4088">
    <p class='ocr_par' dir='ltr' id='par_1_41' title="bbox 587 4018 2173 4088">
     <span class='ocr_line' id='line_1_41' title="bbox 587 4018 2173 4088; baseline 0.001 -13"><span class='ocrx_word' id='word_1_308' title='bbox 587 4029 742 4085; x_wconf 79' lang='lat' dir='ltr'><strong>rant;</strong></span> <span class='ocrx_word' id='word_1_309' title='bbox 790 4018 861 4074; x_wconf 83' lang='lat' dir='ltr'><strong>Et</strong></span> <span class='ocrx_word' id='word_1_310' title='bbox 898 4021 1272 4073; x_wconf 81' lang='lat' dir='ltr'><strong>abducebantur</strong></span> <span class='ocrx_word' id='word_1_311' title='bbox 1312 4037 1426 4074; x_wconf 83' lang='lat' dir='ltr'><strong>cum</strong></span> <span class='ocrx_word' id='word_1_312' title='bbox 1453 4037 1512 4073; x_wconf 86' lang='lat' dir='ltr'><strong>eo</strong></span> <span class='ocrx_word' id='word_1_313' title='bbox 1539 4022 1703 4073; x_wconf 76' lang='lat' dir='ltr'><strong>cancri</strong></span> <span class='ocrx_word' id='word_1_314' title='bbox 1730 4020 1923 4074; x_wconf 76' lang='lat' dir='ltr'><strong>Judrei.</strong></span> <span class='ocrx_word' id='word_1_315' title='bbox 1951 4020 2173 4088; x_wconf 76' lang='lat' dir='ltr'><strong>Quinam</strong></span> 
     </span>
    </p>
   </div>
   <div class='ocr_carea' id='block_1_42' title="bbox 586 4109 2172 4180">
    <p class='ocr_par' dir='ltr' id='par_1_42' title="bbox 586 4109 2172 4180">
     <span class='ocr_line' id='line_1_42' title="bbox 586 4109 2172 4180; baseline 0 -15"><span class='ocrx_word' id='word_1_316' title='bbox 586 4111 756 4166; x_wconf 68' lang='grc' dir='ltr'><strong>,14ηΙωί</strong></span> <span class='ocrx_word' id='word_1_317' title='bbox 780 4111 805 4165; x_wconf 71' lang='grc' dir='ltr'><strong>ξ’</strong></span> <span class='ocrx_word' id='word_1_318' title='bbox 825 4112 946 4177; x_wconf 87' lang='lat' dir='ltr'><strong>Qui,</strong></span> <span class='ocrx_word' id='word_1_319' title='bbox 966 4113 1269 4179; x_wconf 84' lang='lat' dir='ltr'><strong>priusquam</strong></span> <span class='ocrx_word' id='word_1_320' title='bbox 1291 4109 1727 4180; x_wconf 79' lang='lat' dir='ltr'><strong>Jerosolymitani</strong></span> <span class='ocrx_word' id='word_1_321' title='bbox 1748 4110 2172 4176; x_wconf 82' lang='lat' dir='ltr'><strong>descendissent,</strong></span> 
     </span>
    </p>
   </div>
   <div class='ocr_carea' id='block_1_43' title="bbox 584 4203 2176 4273">
    <p class='ocr_par' dir='ltr' id='par_1_43' title="bbox 584 4203 2176 4273">
     <span class='ocr_line' id='line_1_43' title="bbox 584 4203 2176 4273; baseline -0.001 -15"><span class='ocrx_word' id='word_1_322' title='bbox 584 4204 883 4259; x_wconf 76' lang='lat' dir='ltr'><strong>Antiochia:</strong></span> <span class='ocrx_word' id='word_1_323' title='bbox 910 4203 1189 4273; x_wconf 77' lang='lat' dir='ltr'><strong>degebant,</strong></span> <span class='ocrx_word' id='word_1_324' title='bbox 1218 4218 1318 4257; x_wconf 90' lang='lat' dir='ltr'><strong>nec</strong></span> <span class='ocrx_word' id='word_1_325' title='bbox 1345 4203 1505 4256; x_wconf 88' lang='lat' dir='ltr'><strong>ullam</strong></span> <span class='ocrx_word' id='word_1_326' title='bbox 1533 4204 1960 4258; x_wconf 88' lang='lat' dir='ltr'><strong>observationem</strong></span> <span class='ocrx_word' id='word_1_327' title='bbox 1988 4204 2176 4257; x_wconf 82' lang='lat' dir='ltr'><strong>.Iudai-</strong></span> 
     </span>
    </p>
   </div>
   <div class='ocr_carea' id='block_1_44' title="bbox 587 4293 2177 4351">
    <p class='ocr_par' dir='ltr' id='par_1_44' title="bbox 587 4293 2177 4351">
     <span class='ocr_line' id='line_1_44' title="bbox 587 4293 2177 4351; baseline 0 -2"><span class='ocrx_word' id='word_1_328' title='bbox 587 4312 705 4349; x_wconf 80' lang='lat' dir='ltr'><strong>eam</strong></span> <span class='ocrx_word' id='word_1_329' title='bbox 736 4296 1107 4351; x_wconf 84' lang='lat' dir='ltr'><strong>custodiebant</strong></span> <span class='ocrx_word' id='word_1_330' title='bbox 1136 4311 1150 4347; x_wconf 90' lang='lat'><strong>:</strong></span> <span class='ocrx_word' id='word_1_331' title='bbox 1185 4294 1268 4347; x_wconf 86' lang='lat' dir='ltr'><strong>Ita</strong></span> <span class='ocrx_word' id='word_1_332' title='bbox 1286 4303 1338 4347; x_wconf 88' lang='lat' dir='ltr'><strong>ut</strong></span> <span class='ocrx_word' id='word_1_333' title='bbox 1361 4304 1405 4347; x_wconf 83' lang='lat' dir='ltr'><strong>et</strong></span> <span class='ocrx_word' id='word_1_334' title='bbox 1444 4293 1707 4349; x_wconf 80' lang='lat' dir='ltr'><strong>Barnabas</strong></span> <span class='ocrx_word' id='word_1_335' title='bbox 1737 4295 2001 4348; x_wconf 81' lang='lat' dir='ltr'><strong>duceretur</strong></span> <span class='ocrx_word' id='word_1_336' title='bbox 2023 4295 2084 4348; x_wconf 86' lang='lat' dir='ltr'><strong>ab</strong></span> <span class='ocrx_word' id='word_1_337' title='bbox 2106 4297 2177 4349; x_wconf 86' lang='lat' dir='ltr'><strong>eis</strong></span> 
     </span>
    </p>
   </div>
   <div class='ocr_carea' id='block_1_45' title="bbox 586 4388 2175 4460">
    <p class='ocr_par' dir='ltr' id='par_1_45' title="bbox 586 4388 2175 4460">
     <span class='ocr_line' id='line_1_45' title="bbox 586 4388 2175 4460; baseline -0.001 -17"><span class='ocrx_word' id='word_1_338' title='bbox 586 4393 637 4444; x_wconf 90' lang='lat' dir='ltr'><strong>in</strong></span> <span class='ocrx_word' id='word_1_339' title='bbox 666 4391 809 4443; x_wconf 83' lang='lat' dir='ltr'><strong>illaut</strong></span> <span class='ocrx_word' id='word_1_340' title='bbox 831 4390 1222 4444; x_wconf 83' lang='lat' dir='ltr'><strong>simulationem.</strong></span> <span class='ocrx_word' id='word_1_341' title='bbox 1247 4391 1420 4459; x_wconf 81' lang='lat' dir='ltr'><strong>Atque</strong></span> <span class='ocrx_word' id='word_1_342' title='bbox 1444 4388 1559 4444; x_wconf 70' lang='lat' dir='ltr'><strong>hmo</strong></span> <span class='ocrx_word' id='word_1_343' title='bbox 1577 4389 1790 4459; x_wconf 85' lang='lat' dir='ltr'><strong>quidem</strong></span> <span class='ocrx_word' id='word_1_344' title='bbox 1816 4398 1917 4455; x_wconf 84' lang='lat' dir='ltr'><strong>est,</strong></span> <span class='ocrx_word' id='word_1_345' title='bbox 1940 4406 2059 4460; x_wconf 77' lang='lat' dir='ltr'><strong>qua:</strong></span> <span class='ocrx_word' id='word_1_346' title='bbox 2079 4405 2175 4459; x_wconf 83' lang='lat' dir='ltr'><strong>ap-</strong></span> 
     </span>
    </p>
   </div>
   <div class='ocr_carea' id='block_1_46' title="bbox 588 4483 1141 4553">
    <p class='ocr_par' dir='ltr' id='par_1_46' title="bbox 588 4483 1141 4553">
     <span class='ocr_line' id='line_1_46' title="bbox 588 4483 1141 4553; baseline -0.002 -15"><span class='ocrx_word' id='word_1_347' title='bbox 588 4493 744 4551; x_wconf 83' lang='lat' dir='ltr'><strong>paret</strong></span> <span class='ocrx_word' id='word_1_348' title='bbox 772 4483 1141 4553; x_wconf 80' lang='lat' dir='ltr'><strong>reprehensio.</strong></span> 
     </span>
    </p>
   </div>
   <div class='ocr_carea' id='block_1_47' title="bbox 660 4575 2175 4646">
    <p class='ocr_par' dir='ltr' id='par_1_47' title="bbox 660 4575 2175 4646">
     <span class='ocr_line' id='line_1_47' title="bbox 660 4575 2175 4646; baseline -0.003 -15"><span class='ocrx_word' id='word_1_349' title='bbox 660 4578 745 4631; x_wconf 76' lang='lat' dir='ltr'><strong>l5.</strong></span> <span class='ocrx_word' id='word_1_350' title='bbox 789 4576 1013 4630; x_wconf 74' lang='lat' dir='ltr'><strong>Aliorum</strong></span> <span class='ocrx_word' id='word_1_351' title='bbox 1067 4576 1400 4646; x_wconf 83' lang='lat' dir='ltr'><strong>quorumdam</strong></span> <span class='ocrx_word' id='word_1_352' title='bbox 1435 4575 1732 4631; x_wconf 80' lang='lat' dir='ltr'><strong>solutionem</strong></span> <span class='ocrx_word' id='word_1_353' title='bbox 1786 4575 2061 4646; x_wconf 75' lang='lat' dir='ltr'><strong>pra&#39;ntittit.</strong></span> <span class='ocrx_word' id='word_1_354' title='bbox 2103 4604 2175 4614; x_wconf 96' lang='lat'><strong>—</strong></span> 
     </span>
    </p>
   </div>
   <div class='ocr_carea' id='block_1_48' title="bbox 588 4666 2176 4737">
    <p class='ocr_par' dir='ltr' id='par_1_48' title="bbox 588 4666 2176 4737">
     <span class='ocr_line' id='line_1_48' title="bbox 588 4666 2176 4737; baseline 0.001 -17"><span class='ocrx_word' id='word_1_355' title='bbox 588 4666 755 4720; x_wconf 85' lang='lat' dir='ltr'><strong>Porro</strong></span> <span class='ocrx_word' id='word_1_356' title='bbox 781 4668 825 4721; x_wconf 89' lang='lat' dir='ltr'><strong>si</strong></span> <span class='ocrx_word' id='word_1_357' title='bbox 850 4667 995 4721; x_wconf 89' lang='lat' dir='ltr'><strong>lubet</strong></span> <span class='ocrx_word' id='word_1_358' title='bbox 1021 4708 1036 4733; x_wconf 94' lang='lat'><strong>,</strong></span> <span class='ocrx_word' id='word_1_359' title='bbox 1067 4669 1393 4737; x_wconf 80' lang='lat' dir='ltr'><strong>excogitatas</strong></span> <span class='ocrx_word' id='word_1_360' title='bbox 1418 4668 1577 4723; x_wconf 86' lang='lat' dir='ltr'><strong>etiam</strong></span> <span class='ocrx_word' id='word_1_361' title='bbox 1600 4668 1667 4721; x_wconf 86' lang='lat' dir='ltr'><strong>ab</strong></span> <span class='ocrx_word' id='word_1_362' title='bbox 1690 4667 1811 4722; x_wconf 87' lang='lat' dir='ltr'><strong>aliis</strong></span> <span class='ocrx_word' id='word_1_363' title='bbox 1838 4666 2176 4722; x_wconf 86' lang='lat' dir='ltr'><strong>defensiones</strong></span> 
     </span>
    </p>
   </div>
   <div class='ocr_carea' id='block_1_49' title="bbox 589 4758 2175 4828">
    <p class='ocr_par' dir='ltr' id='par_1_49' title="bbox 589 4758 2175 4828">
     <span class='ocr_line' id='line_1_49' title="bbox 589 4758 2175 4828; baseline 0.002 -19"><span class='ocrx_word' id='word_1_364' title='bbox 589 4758 675 4811; x_wconf 85' lang='lat' dir='ltr'><strong>ubi</strong></span> <span class='ocrx_word' id='word_1_365' title='bbox 708 4758 879 4826; x_wconf 89' lang='lat' dir='ltr'><strong>primo</strong></span> <span class='ocrx_word' id='word_1_366' title='bbox 905 4758 1023 4811; x_wconf 89' lang='lat' dir='ltr'><strong>loco</strong></span> <span class='ocrx_word' id='word_1_367' title='bbox 1051 4774 1280 4828; x_wconf 87' lang='lat' dir='ltr'><strong>posuero</strong></span> <span class='ocrx_word' id='word_1_368' title='bbox 1303 4799 1317 4821; x_wconf 91' lang='lat'><strong>,</strong></span> <span class='ocrx_word' id='word_1_369' title='bbox 1349 4768 1460 4813; x_wconf 90' lang='lat' dir='ltr'><strong>tum</strong></span> <span class='ocrx_word' id='word_1_370' title='bbox 1492 4774 1664 4812; x_wconf 86' lang='lat' dir='ltr'><strong>meam</strong></span> <span class='ocrx_word' id='word_1_371' title='bbox 1705 4774 1918 4828; x_wconf 87' lang='lat' dir='ltr'><strong>quoque</strong></span> <span class='ocrx_word' id='word_1_372' title='bbox 1956 4768 2175 4813; x_wconf 85' lang='lat' dir='ltr'><strong>senten-</strong></span> 
     </span>
    </p>
   </div>
   <div class='ocr_carea' id='block_1_50' title="bbox 588 4847 2172 4921">
    <p class='ocr_par' dir='ltr' id='par_1_50' title="bbox 588 4847 2172 4921">
     <span class='ocr_line' id='line_1_50' title="bbox 588 4847 2172 4921; baseline 0.003 -20"><span class='ocrx_word' id='word_1_373' title='bbox 588 4850 715 4902; x_wconf 85' lang='lat' dir='ltr'><strong>tiam</strong></span> <span class='ocrx_word' id='word_1_374' title='bbox 745 4849 980 4904; x_wconf 81' lang='lat' dir='ltr'><strong>cenabor</strong></span> <span class='ocrx_word' id='word_1_375' title='bbox 1000 4864 1316 4919; x_wconf 78' lang='lat' dir='ltr'><strong>expromere</strong></span> <span class='ocrx_word' id='word_1_376' title='bbox 1342 4891 1358 4916; x_wconf 95' lang='lat'><strong>,</strong></span> <span class='ocrx_word' id='word_1_377' title='bbox 1383 4850 1640 4921; x_wconf 87' lang='lat' dir='ltr'><strong>vobisque</strong></span> <span class='ocrx_word' id='word_1_378' title='bbox 1652 4847 1841 4904; x_wconf 81' lang='lat' dir='ltr'><strong>faciam</strong></span> <span class='ocrx_word' id='word_1_379' title='bbox 1868 4849 2137 4919; x_wconf 85' lang='lat' dir='ltr'><strong>optionem</strong></span> <span class='ocrx_word' id='word_1_380' title='bbox 2157 4891 2172 4912; x_wconf 87' lang='lat'><strong>,</strong></span> 
     </span>
    </p>
   </div>
   <div class='ocr_carea' id='block_1_51' title="bbox 590 4940 2171 5013">
    <p class='ocr_par' dir='ltr' id='par_1_51' title="bbox 590 4940 2171 5013">
     <span class='ocr_line' id='line_1_51' title="bbox 590 4940 2171 5013; baseline 0.003 -24"><span class='ocrx_word' id='word_1_381' title='bbox 590 4951 645 4993; x_wconf 89' lang='lat' dir='ltr'><strong>nt</strong></span> <span class='ocrx_word' id='word_1_382' title='bbox 675 4957 737 4995; x_wconf 73' lang='lat' dir='ltr'><strong>ex</strong></span> <span class='ocrx_word' id='word_1_383' title='bbox 767 4940 852 5006; x_wconf 80' lang='lat' dir='ltr'><strong>iis,</strong></span> <span class='ocrx_word' id='word_1_384' title='bbox 883 4956 1000 5010; x_wconf 81' lang='lat' dir='ltr'><strong>qua:</strong></span> <span class='ocrx_word' id='word_1_385' title='bbox 1029 4940 1171 4996; x_wconf 87' lang='lat' dir='ltr'><strong>dicta</strong></span> <span class='ocrx_word' id='word_1_386' title='bbox 1201 4940 1416 5009; x_wconf 88' lang='lat' dir='ltr'><strong>fuerint,</strong></span> <span class='ocrx_word' id='word_1_387' title='bbox 1435 4940 1577 5013; x_wconf 90' lang='lat' dir='ltr'><strong>quod</strong></span> <span class='ocrx_word' id='word_1_388' title='bbox 1602 4941 1930 5011; x_wconf 89' lang='lat' dir='ltr'><strong>potissimum</strong></span> <span class='ocrx_word' id='word_1_389' title='bbox 1951 4942 2171 5012; x_wconf 80' lang='lat' dir='ltr'><strong>placeat,</strong></span> 
     </span>
    </p>
   </div>
   <div class='ocr_carea' id='block_1_52' title="bbox 589 5030 2174 5102">
    <p class='ocr_par' dir='ltr' id='par_1_52' title="bbox 589 5030 2174 5102">
     <span class='ocr_line' id='line_1_52' title="bbox 589 5030 2174 5102; baseline 0.001 -18"><span class='ocrx_word' id='word_1_390' title='bbox 589 5030 815 5100; x_wconf 76' lang='lat' dir='ltr'><strong>eligatis.</strong></span> <span class='ocrx_word' id='word_1_391' title='bbox 856 5032 972 5096; x_wconf 81' lang='lat' dir='ltr'><strong>Quo</strong></span> <span class='ocrx_word' id='word_1_392' title='bbox 997 5030 1153 5100; x_wconf 82' lang='lat' dir='ltr'><strong>igitur</strong></span> <span class='ocrx_word' id='word_1_393' title='bbox 1190 5040 1343 5100; x_wconf 86' lang='lat' dir='ltr'><strong>pacto</strong></span> <span class='ocrx_word' id='word_1_394' title='bbox 1380 5031 1620 5086; x_wconf 89' lang='lat' dir='ltr'><strong>nonnulli</strong></span> <span class='ocrx_word' id='word_1_395' title='bbox 1663 5030 1802 5086; x_wconf 86' lang='lat' dir='ltr'><strong>hanc</strong></span> <span class='ocrx_word' id='word_1_396' title='bbox 1828 5033 2174 5102; x_wconf 70' lang='lat' dir='ltr'><strong>qumstionem</strong></span> 
     </span>
    </p>
   </div>
   <div class='ocr_carea' id='block_1_53' title="bbox 596 5121 2176 5194">
    <p class='ocr_par' dir='ltr' id='par_1_53' title="bbox 596 5121 2176 5194">
     <span class='ocr_line' id='line_1_53' title="bbox 596 5121 2176 5194; baseline 0.002 -19"><span class='ocrx_word' id='word_1_397' title='bbox 596 5122 907 5175; x_wconf 80' lang='lat' dir='ltr'><strong>solverunt?</strong></span> <span class='ocrx_word' id='word_1_398' title='bbox 936 5121 1051 5177; x_wconf 79' lang='lat' dir='ltr'><strong>Non</strong></span> <span class='ocrx_word' id='word_1_399' title='bbox 1079 5132 1195 5176; x_wconf 89' lang='lat' dir='ltr'><strong>erat</strong></span> <span class='ocrx_word' id='word_1_400' title='bbox 1222 5122 1306 5177; x_wconf 93' lang='lat' dir='ltr'><strong>hic</strong></span> <span class='ocrx_word' id='word_1_401' title='bbox 1334 5122 1543 5190; x_wconf 86' lang='lat' dir='ltr'><strong>Petrus,</strong></span> <span class='ocrx_word' id='word_1_402' title='bbox 1571 5123 1834 5193; x_wconf 78' lang='lat' dir='ltr'><strong>inquiunt,</strong></span> <span class='ocrx_word' id='word_1_403' title='bbox 1859 5122 1949 5178; x_wconf 90' lang='lat' dir='ltr'><strong>ille</strong></span> <span class='ocrx_word' id='word_1_404' title='bbox 1972 5124 2176 5194; x_wconf 87' lang='lat' dir='ltr'><strong>primus</strong></span> 
     </span>
    </p>
   </div>
   <div class='ocr_carea' id='block_1_54' title="bbox 590 5213 2177 5284">
    <p class='ocr_par' dir='ltr' id='par_1_54' title="bbox 590 5213 2177 5284">
     <span class='ocr_line' id='line_1_54' title="bbox 590 5213 2177 5284; baseline 0.001 -17"><span class='ocrx_word' id='word_1_405' title='bbox 590 5213 975 5284; x_wconf 77' lang='lat' dir='ltr'><strong>apostolorum,</strong></span> <span class='ocrx_word' id='word_1_406' title='bbox 1002 5216 1085 5268; x_wconf 86' lang='lat' dir='ltr'><strong>cui</strong></span> <span class='ocrx_word' id='word_1_407' title='bbox 1118 5213 1330 5269; x_wconf 80' lang='lat' dir='ltr'><strong>fuerunt</strong></span> <span class='ocrx_word' id='word_1_408' title='bbox 1364 5229 1494 5270; x_wconf 83' lang='lat' dir='ltr'><strong>oves</strong></span> <span class='ocrx_word' id='word_1_409' title='bbox 1516 5228 1547 5268; x_wconf 87' lang='lat' dir='ltr'><strong>a</strong></span> <span class='ocrx_word' id='word_1_410' title='bbox 1566 5214 1777 5269; x_wconf 84' lang='lat' dir='ltr'><strong>Christo</strong></span> <span class='ocrx_word' id='word_1_411' title='bbox 1802 5213 2016 5270; x_wconf 72' lang='lat' dir='ltr'><strong>credita!</strong></span> <span class='ocrx_word' id='word_1_412' title='bbox 2036 5254 2051 5278; x_wconf 92' lang='lat'><strong>,</strong></span> <span class='ocrx_word' id='word_1_413' title='bbox 2079 5214 2177 5269; x_wconf 88' lang='lat' dir='ltr'><strong>sed</strong></span> 
     </span>
    </p>
   </div>
   <div class='ocr_carea' id='block_1_55' title="bbox 596 5304 2171 5375">
    <p class='ocr_par' dir='ltr' id='par_1_55' title="bbox 596 5304 2171 5375">
     <span class='ocr_line' id='line_1_55' title="bbox 596 5304 2171 5375; baseline 0.003 -20"><span class='ocrx_word' id='word_1_414' title='bbox 596 5305 731 5358; x_wconf 84' lang='lat' dir='ltr'><strong>alius</strong></span> <span class='ocrx_word' id='word_1_415' title='bbox 772 5305 1034 5374; x_wconf 87' lang='lat' dir='ltr'><strong>quispiam</strong></span> <span class='ocrx_word' id='word_1_416' title='bbox 1089 5305 1208 5359; x_wconf 83' lang='lat' dir='ltr'><strong>vilis</strong></span> <span class='ocrx_word' id='word_1_417' title='bbox 1249 5315 1302 5360; x_wconf 93' lang='lat' dir='ltr'><strong>et</strong></span> <span class='ocrx_word' id='word_1_418' title='bbox 1331 5304 1593 5374; x_wconf 74' lang='lat' dir='ltr'><strong>abiectus,</strong></span> <span class='ocrx_word' id='word_1_419' title='bbox 1634 5315 1689 5361; x_wconf 85' lang='lat' dir='ltr'><strong>et</strong></span> <span class='ocrx_word' id='word_1_420' title='bbox 1733 5320 1870 5360; x_wconf 87' lang='lat' dir='ltr'><strong>unus</strong></span> <span class='ocrx_word' id='word_1_421' title='bbox 1917 5320 1949 5361; x_wconf 90' lang='lat' dir='ltr'><strong>e</strong></span> <span class='ocrx_word' id='word_1_422' title='bbox 1994 5305 2171 5375; x_wconf 84' lang='lat' dir='ltr'><strong>vulgo.</strong></span> 
     </span>
    </p>
   </div>
   <div class='ocr_carea' id='block_1_56' title="bbox 598 5394 2176 5463">
    <p class='ocr_par' dir='ltr' id='par_1_56' title="bbox 598 5394 2176 5463">
     <span class='ocr_line' id='line_1_56' title="bbox 598 5394 2176 5463; baseline 0.001 -14"><span class='ocrx_word' id='word_1_423' title='bbox 598 5394 748 5449; x_wconf 78' lang='lat' dir='ltr'><strong>Unde</strong></span> <span class='ocrx_word' id='word_1_424' title='bbox 780 5396 828 5449; x_wconf 90' lang='lat' dir='ltr'><strong>id</strong></span> <span class='ocrx_word' id='word_1_425' title='bbox 850 5396 1097 5450; x_wconf 79' lang='lat' dir='ltr'><strong>constat?</strong></span> <span class='ocrx_word' id='word_1_426' title='bbox 1126 5397 1256 5450; x_wconf 89' lang='lat' dir='ltr'><strong>Cum</strong></span> <span class='ocrx_word' id='word_1_427' title='bbox 1269 5405 1491 5463; x_wconf 63' lang='lat' dir='ltr'><strong>ceteros</strong></span> <span class='ocrx_word' id='word_1_428' title='bbox 1506 5394 1719 5452; x_wconf 68' lang='lat' dir='ltr'><strong>Judaos</strong></span> <span class='ocrx_word' id='word_1_429' title='bbox 1738 5395 1993 5451; x_wconf 83' lang='lat' dir='ltr'><strong>abductos</strong></span> <span class='ocrx_word' id='word_1_430' title='bbox 2016 5395 2176 5451; x_wconf 84' lang='lat' dir='ltr'><strong>fuisse</strong></span> 
     </span>
    </p>
   </div>
   <div class='ocr_carea' id='block_1_57' title="bbox 591 5484 2179 5556">
    <p class='ocr_par' dir='ltr' id='par_1_57' title="bbox 591 5484 2179 5556">
     <span class='ocr_line' id='line_1_57' title="bbox 591 5484 2179 5556; baseline -0.001 -17"><span class='ocrx_word' id='word_1_431' title='bbox 591 5500 711 5540; x_wconf 86' lang='lat' dir='ltr'><strong>cum</strong></span> <span class='ocrx_word' id='word_1_432' title='bbox 746 5486 837 5541; x_wconf 89' lang='lat' dir='ltr'><strong>illo</strong></span> <span class='ocrx_word' id='word_1_433' title='bbox 876 5486 1115 5552; x_wconf 74' lang='lat' dir='ltr'><strong>dixisset,</strong></span> <span class='ocrx_word' id='word_1_434' title='bbox 1144 5486 1335 5556; x_wconf 79' lang='lat' dir='ltr'><strong>adjecit</strong></span> <span class='ocrx_word' id='word_1_435' title='bbox 1357 5526 1374 5551; x_wconf 93' lang='lat'><strong>,</strong></span> <span class='ocrx_word' id='word_1_436' title='bbox 1418 5487 1681 5556; x_wconf 87' lang='lat' dir='ltr'><strong>inquiunt,</strong></span> <span class='ocrx_word' id='word_1_437' title='bbox 1708 5485 1732 5539; x_wconf 86' lang='grc'><em>1</em></span> <span class='ocrx_word' id='word_1_438' title='bbox 1743 5498 1795 5540; x_wconf 82' lang='grc' dir='ltr'><strong>ια</strong></span> <span class='ocrx_word' id='word_1_439' title='bbox 1824 5496 1876 5539; x_wconf 87' lang='lat' dir='ltr'><strong>ut</strong></span> <span class='ocrx_word' id='word_1_440' title='bbox 1905 5496 1949 5539; x_wconf 84' lang='lat' dir='ltr'><strong>et</strong></span> <span class='ocrx_word' id='word_1_441' title='bbox 1980 5484 2179 5539; x_wconf 84' lang='lat' dir='ltr'><strong>Barna-</strong></span> 
     </span>
    </p>
   </div>
   <div class='ocr_carea' id='block_1_58' title="bbox 593 5577 2177 5645">
    <p class='ocr_par' dir='ltr' id='par_1_58' title="bbox 593 5577 2177 5645">
     <span class='ocr_line' id='line_1_58' title="bbox 593 5577 2177 5645; baseline 0.001 -14"><span class='ocrx_word' id='word_1_442' title='bbox 593 5584 678 5633; x_wconf 77' lang='lat' dir='ltr'><strong>Las</strong></span> <span class='ocrx_word' id='word_1_443' title='bbox 722 5581 985 5633; x_wconf 75' lang='lat' dir='ltr'><strong>duceretur</strong></span> <span class='ocrx_word' id='word_1_444' title='bbox 1027 5597 1139 5631; x_wconf 88' lang='lat' dir='ltr'><strong>cum</strong></span> <span class='ocrx_word' id='word_1_445' title='bbox 1186 5581 1254 5633; x_wconf 80' lang='lat' dir='ltr'><strong>eis</strong></span> <span class='ocrx_word' id='word_1_446' title='bbox 1296 5581 1349 5632; x_wconf 85' lang='lat' dir='ltr'><strong>in</strong></span> <span class='ocrx_word' id='word_1_447' title='bbox 1398 5581 1540 5634; x_wconf 85' lang='lat' dir='ltr'><strong>illaut</strong></span> <span class='ocrx_word' id='word_1_448' title='bbox 1592 5579 1983 5633; x_wconf 77' lang='lat' dir='ltr'><strong>simulationem.</strong></span> <span class='ocrx_word' id='word_1_449' title='bbox 2023 5577 2177 5645; x_wconf 82' lang='lat' dir='ltr'><strong>Quod</strong></span> 
     </span>
    </p>
   </div>
   <div class='ocr_carea' id='block_1_59' title="bbox 598 5669 2175 5734">
    <p class='ocr_par' dir='ltr' id='par_1_59' title="bbox 598 5669 2175 5734">
     <span class='ocr_line' id='line_1_59' title="bbox 598 5669 2175 5734; baseline 0.001 -11"><span class='ocrx_word' id='word_1_450' title='bbox 598 5682 768 5723; x_wconf 76' lang='lat' dir='ltr'><strong>autem</strong></span> <span class='ocrx_word' id='word_1_451' title='bbox 798 5670 951 5734; x_wconf 65' lang='lat' dir='ltr'><strong>dixit,</strong></span> <span class='ocrx_word' id='word_1_452' title='bbox 986 5670 1067 5722; x_wconf 83' lang='lat' dir='ltr'><strong>Ita</strong></span> <span class='ocrx_word' id='word_1_453' title='bbox 1103 5680 1153 5723; x_wconf 89' lang='lat' dir='ltr'><strong>ut</strong></span> <span class='ocrx_word' id='word_1_454' title='bbox 1181 5683 1225 5724; x_wconf 82' lang='lat' dir='ltr'><strong>et</strong></span> <span class='ocrx_word' id='word_1_455' title='bbox 1250 5670 1541 5733; x_wconf 78' lang='lat' dir='ltr'><strong>Barnabas,</strong></span> <span class='ocrx_word' id='word_1_456' title='bbox 1575 5669 1772 5725; x_wconf 84' lang='lat' dir='ltr'><strong>indicat</strong></span> <span class='ocrx_word' id='word_1_457' title='bbox 1802 5672 1967 5725; x_wconf 89' lang='lat' dir='ltr'><strong>multo</strong></span> <span class='ocrx_word' id='word_1_458' title='bbox 2007 5669 2175 5726; x_wconf 83' lang='lat' dir='ltr'><strong>fuisse</strong></span> 
     </span>
    </p>
   </div>
   <div class='ocr_carea' id='block_1_60' title="bbox 595 5760 2176 5831">
    <p class='ocr_par' dir='ltr' id='par_1_60' title="bbox 595 5760 2176 5831">
     <span class='ocr_line' id='line_1_60' title="bbox 595 5760 2176 5831; baseline -0.002 -14"><span class='ocrx_word' id='word_1_459' title='bbox 595 5760 880 5817; x_wconf 71' lang='lat' dir='ltr'><strong>mirabilius</strong></span> <span class='ocrx_word' id='word_1_460' title='bbox 929 5762 1078 5830; x_wconf 88' lang='lat' dir='ltr'><strong>illud,</strong></span> <span class='ocrx_word' id='word_1_461' title='bbox 1131 5776 1284 5831; x_wconf 80' lang='lat' dir='ltr'><strong>quant</strong></span> <span class='ocrx_word' id='word_1_462' title='bbox 1327 5762 1539 5817; x_wconf 87' lang='lat' dir='ltr'><strong>Petrum</strong></span> <span class='ocrx_word' id='word_1_463' title='bbox 1588 5762 1867 5818; x_wconf 86' lang='lat' dir='ltr'><strong>abductum</strong></span> <span class='ocrx_word' id='word_1_464' title='bbox 1910 5777 2045 5817; x_wconf 83' lang='lat' dir='ltr'><strong>esse.</strong></span> <span class='ocrx_word' id='word_1_465' title='bbox 2089 5760 2176 5816; x_wconf 88' lang='lat' dir='ltr'><strong>Sic</strong></span> 
     </span>
    </p>
   </div>
   <div class='ocr_carea' id='block_1_61' title="bbox 1377 340 3894 407">
    <p class='ocr_par' dir='ltr' id='par_1_61' title="bbox 1377 340 3894 407">
     <span class='ocr_line' id='line_1_61' title="bbox 1377 340 3894 407; baseline -0.003 -3"><span class='ocrx_word' id='word_1_466' title='bbox 1377 349 1431 405; x_wconf 85' lang='lat' dir='ltr'><strong>S.</strong></span> <span class='ocrx_word' id='word_1_467' title='bbox 1474 348 1750 407; x_wconf 63' lang='lat' dir='ltr'><strong>JOANNIS</strong></span> <span class='ocrx_word' id='word_1_468' title='bbox 1788 340 2257 405; x_wconf 70' lang='lat' dir='ltr'><strong>CHRYSUSTOMI</strong></span> <span class='ocrx_word' id='word_1_469' title='bbox 2297 343 2612 401; x_wconf 71' lang='lat' dir='ltr'><strong>ARCIIIEP.</strong></span> <span class='ocrx_word' id='word_1_470' title='bbox 2655 343 3190 401; x_wconf 69' lang='lat' dir='ltr'><strong>CONS‘I‘ANTINOP.</strong></span> <span class='ocrx_word' id='word_1_471' title='bbox 3797 344 3894 399; x_wconf 49' lang='grc' dir='ltr'><strong>ὅθί</strong></span> 
     </span>
    </p>
   </div>
   <div class='ocr_carea' id='block_1_62' title="bbox 2300 459 3898 532">
    <p class='ocr_par' dir='ltr' id='par_1_62' title="bbox 2300 459 3898 532">
     <span class='ocr_line' id='line_1_62' title="bbox 2300 459 3898 532; baseline 0 -20"><span class='ocrx_word' id='word_1_472' title='bbox 2300 460 2444 513; x_wconf 81' lang='lat' dir='ltr'><strong>enim</strong></span> <span class='ocrx_word' id='word_1_473' title='bbox 2474 461 2723 532; x_wconf 87' lang='lat' dir='ltr'><strong>loquutus</strong></span> <span class='ocrx_word' id='word_1_474' title='bbox 2748 471 2852 526; x_wconf 86' lang='lat' dir='ltr'><strong>est,</strong></span> <span class='ocrx_word' id='word_1_475' title='bbox 2886 471 2942 516; x_wconf 89' lang='lat' dir='ltr'><strong>ut</strong></span> <span class='ocrx_word' id='word_1_476' title='bbox 2966 459 3380 531; x_wconf 85' lang='lat' dir='ltr'><strong>majorcmillum</strong></span> <span class='ocrx_word' id='word_1_477' title='bbox 3397 472 3621 516; x_wconf 84' lang='lat' dir='ltr'><strong>censere</strong></span> <span class='ocrx_word' id='word_1_478' title='bbox 3636 459 3898 522; x_wconf 79' lang='lat' dir='ltr'><strong>videatur,</strong></span> 
     </span>
    </p>
   </div>
   <div class='ocr_carea' id='block_1_63' title="bbox 2298 550 3898 625">
    <p class='ocr_par' dir='ltr' id='par_1_63' title="bbox 2298 550 3898 625">
     <span class='ocr_line' id='line_1_63' title="bbox 2298 550 3898 625; baseline 0.001 -19"><span class='ocrx_word' id='word_1_479' title='bbox 2298 550 2413 606; x_wconf 81' lang='lat' dir='ltr'><strong>Non</strong></span> <span class='ocrx_word' id='word_1_480' title='bbox 2444 553 2603 608; x_wconf 89' lang='lat' dir='ltr'><strong>modo</strong></span> <span class='ocrx_word' id='word_1_481' title='bbox 2630 553 2848 620; x_wconf 81' lang='lat' dir='ltr'><strong>Petrus,</strong></span> <span class='ocrx_word' id='word_1_482' title='bbox 2875 554 3117 625; x_wconf 86' lang='lat' dir='ltr'><strong>inquiens</strong></span> <span class='ocrx_word' id='word_1_483' title='bbox 3141 595 3157 620; x_wconf 94' lang='lat'><strong>,</strong></span> <span class='ocrx_word' id='word_1_484' title='bbox 3185 552 3278 608; x_wconf 88' lang='lat' dir='ltr'><strong>sed</strong></span> <span class='ocrx_word' id='word_1_485' title='bbox 3321 563 3375 609; x_wconf 90' lang='lat' dir='ltr'><strong>ct</strong></span> <span class='ocrx_word' id='word_1_486' title='bbox 3406 551 3678 608; x_wconf 82' lang='lat' dir='ltr'><strong>Barnabas</strong></span> <span class='ocrx_word' id='word_1_487' title='bbox 3710 570 3725 607; x_wconf 89' lang='lat'><strong>:</strong></span> <span class='ocrx_word' id='word_1_488' title='bbox 3751 555 3898 623; x_wconf 78' lang='lat' dir='ltr'><strong>atqui</strong></span> 
     </span>
    </p>
   </div>
   <div class='ocr_carea' id='block_1_64' title="bbox 2300 644 3890 716">
    <p class='ocr_par' dir='ltr' id='par_1_64' title="bbox 2300 644 3890 716">
     <span class='ocr_line' id='line_1_64' title="bbox 2300 644 3890 716; baseline -0.001 -16"><span class='ocrx_word' id='word_1_489' title='bbox 2300 645 2573 701; x_wconf 77' lang='lat' dir='ltr'><strong>Barnabas</strong></span> <span class='ocrx_word' id='word_1_490' title='bbox 2622 646 2783 705; x_wconf 80' lang='lat' dir='ltr'><strong>Petro</strong></span> <span class='ocrx_word' id='word_1_491' title='bbox 2829 648 2920 702; x_wconf 92' lang='lat' dir='ltr'><strong>illo</strong></span> <span class='ocrx_word' id='word_1_492' title='bbox 2972 647 3143 716; x_wconf 89' lang='lat' dir='ltr'><strong>major</strong></span> <span class='ocrx_word' id='word_1_493' title='bbox 3192 663 3299 702; x_wconf 91' lang='lat' dir='ltr'><strong>non</strong></span> <span class='ocrx_word' id='word_1_494' title='bbox 3327 656 3462 702; x_wconf 88' lang='lat' dir='ltr'><strong>erat.</strong></span> <span class='ocrx_word' id='word_1_495' title='bbox 3505 644 3890 702; x_wconf 81' lang='lat' dir='ltr'><strong>Verumtamen</strong></span> 
     </span>
    </p>
   </div>
   <div class='ocr_carea' id='block_1_65' title="bbox 2300 738 3899 809">
    <p class='ocr_par' dir='ltr' id='par_1_65' title="bbox 2300 738 3899 809">
     <span class='ocr_line' id='line_1_65' title="bbox 2300 738 3899 809; baseline 0.001 -16"><span class='ocrx_word' id='word_1_496' title='bbox 2300 754 2405 793; x_wconf 92' lang='lat' dir='ltr'><strong>non</strong></span> <span class='ocrx_word' id='word_1_497' title='bbox 2435 738 2503 793; x_wconf 89' lang='lat' dir='ltr'><strong>ita</strong></span> <span class='ocrx_word' id='word_1_498' title='bbox 2532 753 2591 793; x_wconf 87' lang='lat' dir='ltr'><strong>se</strong></span> <span class='ocrx_word' id='word_1_499' title='bbox 2618 753 2705 793; x_wconf 90' lang='lat' dir='ltr'><strong>res</strong></span> <span class='ocrx_word' id='word_1_500' title='bbox 2737 738 2898 795; x_wconf 73' lang='lat' dir='ltr'><strong>habet</strong></span> <span class='ocrx_word' id='word_1_501' title='bbox 2918 781 2931 801; x_wconf 91' lang='lat'><strong>,</strong></span> <span class='ocrx_word' id='word_1_502' title='bbox 2964 738 3120 809; x_wconf 83' lang='lat' dir='ltr'><strong>plane</strong></span> <span class='ocrx_word' id='word_1_503' title='bbox 3150 739 3218 792; x_wconf 82' lang='lat' dir='ltr'><strong>ita</strong></span> <span class='ocrx_word' id='word_1_504' title='bbox 3264 755 3323 794; x_wconf 92' lang='lat' dir='ltr'><strong>se</strong></span> <span class='ocrx_word' id='word_1_505' title='bbox 3351 757 3457 794; x_wconf 92' lang='lat' dir='ltr'><strong>non</strong></span> <span class='ocrx_word' id='word_1_506' title='bbox 3487 740 3670 795; x_wconf 84' lang='lat' dir='ltr'><strong>habet.</strong></span> <span class='ocrx_word' id='word_1_507' title='bbox 3708 738 3899 808; x_wconf 83' lang='lat' dir='ltr'><strong>Neque</strong></span> 
     </span>
    </p>
   </div>
   <div class='ocr_carea' id='block_1_66' title="bbox 2298 829 3892 899">
    <p class='ocr_par' dir='ltr' id='par_1_66' title="bbox 2298 829 3892 899">
     <span class='ocr_line' id='line_1_66' title="bbox 2298 829 3892 899; baseline 0 -15"><span class='ocrx_word' id='word_1_508' title='bbox 2298 830 2439 884; x_wconf 88' lang='lat' dir='ltr'><strong>enim</strong></span> <span class='ocrx_word' id='word_1_509' title='bbox 2485 846 2550 884; x_wconf 90' lang='lat' dir='ltr'><strong>eo</strong></span> <span class='ocrx_word' id='word_1_510' title='bbox 2578 829 2717 899; x_wconf 89' lang='lat' dir='ltr'><strong>quod</strong></span> <span class='ocrx_word' id='word_1_511' title='bbox 2753 829 3022 884; x_wconf 78' lang='lat' dir='ltr'><strong>Barnabas</strong></span> <span class='ocrx_word' id='word_1_512' title='bbox 3062 830 3232 898; x_wconf 83' lang='lat' dir='ltr'><strong>major</strong></span> <span class='ocrx_word' id='word_1_513' title='bbox 3258 842 3438 893; x_wconf 89' lang='lat' dir='ltr'><strong>esset,</strong></span> <span class='ocrx_word' id='word_1_514' title='bbox 3495 830 3617 885; x_wconf 86' lang='lat' dir='ltr'><strong>ideo</strong></span> <span class='ocrx_word' id='word_1_515' title='bbox 3665 830 3892 884; x_wconf 81' lang='lat' dir='ltr'><strong>miratur</strong></span> 
     </span>
    </p>
   </div>
   <div class='ocr_carea' id='block_1_67' title="bbox 2298 919 3897 991">
    <p class='ocr_par' dir='ltr' id='par_1_67' title="bbox 2298 919 3897 991">
     <span class='ocr_line' id='line_1_67' title="bbox 2298 919 3897 991; baseline 0 -17"><span class='ocrx_word' id='word_1_516' title='bbox 2298 919 2465 990; x_wconf 85' lang='lat' dir='ltr'><strong>magis</strong></span> <span class='ocrx_word' id='word_1_517' title='bbox 2496 935 2509 973; x_wconf 91' lang='lat'><strong>:</strong></span> <span class='ocrx_word' id='word_1_518' title='bbox 2540 919 2633 975; x_wconf 90' lang='lat' dir='ltr'><strong>sed</strong></span> <span class='ocrx_word' id='word_1_519' title='bbox 2687 936 2845 991; x_wconf 83' lang='lat' dir='ltr'><strong>quam</strong></span> <span class='ocrx_word' id='word_1_520' title='bbox 2890 920 2961 974; x_wconf 92' lang='lat' dir='ltr'><strong>ob</strong></span> <span class='ocrx_word' id='word_1_521' title='bbox 3006 919 3447 990; x_wconf 75' lang='lat' dir='ltr'><strong>causamiQnod</strong></span> <span class='ocrx_word' id='word_1_522' title='bbox 3500 921 3752 977; x_wconf 87' lang='lat' dir='ltr'><strong>nimirum</strong></span> <span class='ocrx_word' id='word_1_523' title='bbox 3805 924 3897 977; x_wconf 78' lang='lat' dir='ltr'><strong>illo</strong></span> 
     </span>
    </p>
   </div>
   <div class='ocr_carea' id='block_1_68' title="bbox 2296 1011 3898 1082">
    <p class='ocr_par' dir='ltr' id='par_1_68' title="bbox 2296 1011 3898 1082">
     <span class='ocr_line' id='line_1_68' title="bbox 2296 1011 3898 1082; baseline 0.002 -18"><span class='ocrx_word' id='word_1_524' title='bbox 2296 1011 2513 1082; x_wconf 84' lang='lat' dir='ltr'><strong>quidem</strong></span> <span class='ocrx_word' id='word_1_525' title='bbox 2542 1013 2593 1067; x_wconf 93' lang='lat' dir='ltr'><strong>in</strong></span> <span class='ocrx_word' id='word_1_526' title='bbox 2618 1013 3078 1068; x_wconf 85' lang='lat' dir='ltr'><strong>circnmcisionem</strong></span> <span class='ocrx_word' id='word_1_527' title='bbox 3110 1014 3305 1068; x_wconf 90' lang='lat' dir='ltr'><strong>missus</strong></span> <span class='ocrx_word' id='word_1_528' title='bbox 3334 1022 3497 1080; x_wconf 89' lang='lat' dir='ltr'><strong>esset,</strong></span> <span class='ocrx_word' id='word_1_529' title='bbox 3528 1022 3582 1068; x_wconf 86' lang='lat' dir='ltr'><strong>at</strong></span> <span class='ocrx_word' id='word_1_530' title='bbox 3623 1013 3898 1069; x_wconf 78' lang='lat' dir='ltr'><strong>Barnabas</strong></span> 
     </span>
    </p>
   </div>
   <div class='ocr_carea' id='block_1_69' title="bbox 2297 1105 3898 1176">
    <p class='ocr_par' dir='ltr' id='par_1_69' title="bbox 2297 1105 3898 1176">
     <span class='ocr_line' id='line_1_69' title="bbox 2297 1105 3898 1176; baseline -0.001 -16"><span class='ocrx_word' id='word_1_531' title='bbox 2297 1120 2421 1160; x_wconf 88' lang='lat' dir='ltr'><strong>cum</strong></span> <span class='ocrx_word' id='word_1_532' title='bbox 2453 1105 2617 1159; x_wconf 81' lang='lat' dir='ltr'><strong>Paulo</strong></span> <span class='ocrx_word' id='word_1_533' title='bbox 2643 1105 2888 1175; x_wconf 80' lang='lat' dir='ltr'><strong>gentibus</strong></span> <span class='ocrx_word' id='word_1_534' title='bbox 2914 1106 3249 1176; x_wconf 74' lang='lat' dir='ltr'><strong>prmdicaret,</strong></span> <span class='ocrx_word' id='word_1_535' title='bbox 3278 1115 3331 1159; x_wconf 91' lang='lat' dir='ltr'><strong>et</strong></span> <span class='ocrx_word' id='word_1_536' title='bbox 3355 1107 3550 1175; x_wconf 86' lang='lat' dir='ltr'><strong>ubique</strong></span> <span class='ocrx_word' id='word_1_537' title='bbox 3575 1121 3695 1161; x_wconf 88' lang='lat' dir='ltr'><strong>cum</strong></span> <span class='ocrx_word' id='word_1_538' title='bbox 3730 1106 3898 1160; x_wconf 81' lang='lat' dir='ltr'><strong>Paulo</strong></span> 
     </span>
    </p>
   </div>
   <div class='ocr_carea' id='block_1_70' title="bbox 2296 1196 3895 1267">
    <p class='ocr_par' dir='ltr' id='par_1_70' title="bbox 2296 1196 3895 1267">
     <span class='ocr_line' id='line_1_70' title="bbox 2296 1196 3895 1267; baseline 0.001 -18"><span class='ocrx_word' id='word_1_539' title='bbox 2296 1196 2638 1266; x_wconf 77' lang='lat' dir='ltr'><strong>copularetur</strong></span> <span class='ocrx_word' id='word_1_540' title='bbox 2666 1212 2679 1248; x_wconf 91' lang='lat'>:</span> <span class='ocrx_word' id='word_1_541' title='bbox 2708 1196 3155 1266; x_wconf 82' lang='lat' dir='ltr'><strong>quemadmodum</strong></span> <span class='ocrx_word' id='word_1_542' title='bbox 3206 1198 3365 1267; x_wconf 91' lang='lat' dir='ltr'><strong>igitur</strong></span> <span class='ocrx_word' id='word_1_543' title='bbox 3407 1197 3533 1252; x_wconf 75' lang='lat' dir='ltr'><strong>alibi</strong></span> <span class='ocrx_word' id='word_1_544' title='bbox 3587 1197 3739 1263; x_wconf 89' lang='lat' dir='ltr'><strong>dicit,</strong></span> <span class='ocrx_word' id='word_1_545' title='bbox 3790 1199 3895 1251; x_wconf 79' lang='lat' dir='ltr'><strong>Ant</strong></span> 
     </span>
    </p>
   </div>
   <div class='ocr_carea' id='block_1_71' title="bbox 2294 1285 3897 1359">
    <p class='ocr_par' dir='ltr' id='par_1_71' title="bbox 2294 1285 3897 1359">
     <span class='ocr_line' id='line_1_71' title="bbox 2294 1285 3897 1359; baseline 0 -18"><span class='ocrx_word' id='word_1_546' title='bbox 2294 1304 2384 1357; x_wconf 80' lang='lat' dir='ltr'><strong>ego</strong></span> <span class='ocrx_word' id='word_1_547' title='bbox 2412 1287 2549 1340; x_wconf 85' lang='lat' dir='ltr'><strong>solus</strong></span> <span class='ocrx_word' id='word_1_548' title='bbox 2576 1297 2622 1340; x_wconf 80' lang='lat' dir='ltr'><strong>et</strong></span> <span class='ocrx_word' id='word_1_549' title='bbox 2647 1285 2912 1341; x_wconf 78' lang='lat' dir='ltr'><strong>Barnabas</strong></span> <span class='ocrx_word' id='word_1_550' title='bbox 2940 1304 3039 1341; x_wconf 90' lang='lat' dir='ltr'><strong>non</strong></span> <span class='ocrx_word' id='word_1_551' title='bbox 3066 1288 3307 1343; x_wconf 72' lang='lat' dir='ltr'><strong>habemus</strong></span> <span class='ocrx_word' id='word_1_552' title='bbox 3338 1298 3630 1357; x_wconf 75' lang='lat' dir='ltr'><strong>potestatein</strong></span> <span class='ocrx_word' id='word_1_553' title='bbox 3658 1306 3760 1342; x_wconf 84' lang='lat' dir='ltr'><strong>non</strong></span> <span class='ocrx_word' id='word_1_554' title='bbox 3781 1306 3897 1359; x_wconf 78' lang='lat' dir='ltr'><strong>ope-</strong></span> 
     </span>
    </p>
   </div>
   <div class='ocr_carea' id='block_1_72' title="bbox 2293 1377 3888 1450">
    <p class='ocr_par' dir='ltr' id='par_1_72' title="bbox 2293 1377 3888 1450">
     <span class='ocr_line' id='line_1_72' title="bbox 2293 1377 3888 1450; baseline 0 -18"><span class='ocrx_word' id='word_1_555' title='bbox 2293 1379 2445 1439; x_wconf 81' lang='lat' dir='ltr'><strong>randi</strong></span> <span class='ocrx_word' id='word_1_556' title='bbox 2482 1379 2556 1449; x_wconf 90' lang='lat' dir='ltr'><strong>(l.</strong></span> <span class='ocrx_word' id='word_1_557' title='bbox 2588 1377 2707 1431; x_wconf 86' lang='lat' dir='ltr'><strong>Cor.</strong></span> <span class='ocrx_word' id='word_1_558' title='bbox 2739 1378 2797 1434; x_wconf 84' lang='lat'><strong>9.</strong></span> <span class='ocrx_word' id='word_1_559' title='bbox 2820 1377 2912 1446; x_wconf 78' lang='lat'><strong>6)?</strong></span> <span class='ocrx_word' id='word_1_560' title='bbox 2945 1389 3007 1433; x_wconf 90' lang='lat' dir='ltr'><strong>-et</strong></span> <span class='ocrx_word' id='word_1_561' title='bbox 3037 1394 3243 1441; x_wconf 89' lang='lat' dir='ltr'><strong>rursus,</strong></span> <span class='ocrx_word' id='word_1_562' title='bbox 3269 1379 3484 1433; x_wconf 80' lang='lat' dir='ltr'><strong>Ascendi</strong></span> <span class='ocrx_word' id='word_1_563' title='bbox 3508 1378 3888 1450; x_wconf 80' lang='lat' dir='ltr'><strong>Jerosolymam</strong></span> 
     </span>
    </p>
   </div>
   <div class='ocr_carea' id='block_1_73' title="bbox 2293 1467 3893 1540">
    <p class='ocr_par' dir='ltr' id='par_1_73' title="bbox 2293 1467 3893 1540">
     <span class='ocr_line' id='line_1_73' title="bbox 2293 1467 3893 1540; baseline 0.002 -19"><span class='ocrx_word' id='word_1_564' title='bbox 2293 1482 2406 1522; x_wconf 75' lang='lat' dir='ltr'><strong>mn</strong></span> <span class='ocrx_word' id='word_1_565' title='bbox 2430 1467 2672 1523; x_wconf 80' lang='lat' dir='ltr'><strong>Barnaba</strong></span> <span class='ocrx_word' id='word_1_566' title='bbox 2705 1469 2847 1540; x_wconf 74' lang='lat' dir='ltr'><strong>(Gut.</strong></span> <span class='ocrx_word' id='word_1_567' title='bbox 2876 1470 2943 1525; x_wconf 75' lang='lat'><strong>2.</strong></span> <span class='ocrx_word' id='word_1_568' title='bbox 2971 1472 3026 1538; x_wconf 75' lang='grc' dir='ltr'><strong>ί)</strong></span> <span class='ocrx_word' id='word_1_569' title='bbox 3058 1486 3072 1523; x_wconf 90' lang='lat'><strong>:</strong></span> <span class='ocrx_word' id='word_1_570' title='bbox 3106 1480 3160 1525; x_wconf 89' lang='lat' dir='ltr'><strong>et</strong></span> <span class='ocrx_word' id='word_1_571' title='bbox 3190 1471 3386 1540; x_wconf 87' lang='lat' dir='ltr'><strong>ubique</strong></span> <span class='ocrx_word' id='word_1_572' title='bbox 3412 1470 3557 1525; x_wconf 83' lang='lat' dir='ltr'><strong>vides</strong></span> <span class='ocrx_word' id='word_1_573' title='bbox 3596 1471 3746 1525; x_wconf 91' lang='lat' dir='ltr'><strong>illum</strong></span> <span class='ocrx_word' id='word_1_574' title='bbox 3771 1488 3893 1525; x_wconf 87' lang='lat' dir='ltr'><strong>eum</strong></span> 
     </span>
    </p>
   </div>
   <div class='ocr_carea' id='block_1_74' title="bbox 2294 1556 3895 1633">
    <p class='ocr_par' dir='ltr' id='par_1_74' title="bbox 2294 1556 3895 1633">
     <span class='ocr_line' id='line_1_74' title="bbox 2294 1556 3895 1633; baseline 0.002 -20"><span class='ocrx_word' id='word_1_575' title='bbox 2294 1556 2459 1614; x_wconf 82' lang='lat' dir='ltr'><strong>Paulo</strong></span> <span class='ocrx_word' id='word_1_576' title='bbox 2485 1559 2701 1615; x_wconf 86' lang='lat' dir='ltr'><strong>docere.</strong></span> <span class='ocrx_word' id='word_1_577' title='bbox 2743 1559 2858 1615; x_wconf 87' lang='lat' dir='ltr'><strong>Non</strong></span> <span class='ocrx_word' id='word_1_578' title='bbox 2888 1575 3017 1631; x_wconf 87' lang='lat' dir='ltr'><strong>ergo</strong></span> <span class='ocrx_word' id='word_1_579' title='bbox 3043 1561 3183 1632; x_wconf 92' lang='lat' dir='ltr'><strong>quod</strong></span> <span class='ocrx_word' id='word_1_580' title='bbox 3214 1561 3372 1616; x_wconf 85' lang='lat' dir='ltr'><strong>Petro</strong></span> <span class='ocrx_word' id='word_1_581' title='bbox 3408 1562 3579 1633; x_wconf 82' lang='lat' dir='ltr'><strong>major</strong></span> <span class='ocrx_word' id='word_1_582' title='bbox 3603 1573 3779 1626; x_wconf 87' lang='lat' dir='ltr'><strong>esset,</strong></span> <span class='ocrx_word' id='word_1_583' title='bbox 3809 1562 3895 1616; x_wconf 82' lang='lat' dir='ltr'><strong>id-</strong></span> 
     </span>
    </p>
   </div>
   <div class='ocr_carea' id='block_1_75' title="bbox 2292 1652 3895 1721">
    <p class='ocr_par' dir='ltr' id='par_1_75' title="bbox 2292 1652 3895 1721">
     <span class='ocr_line' id='line_1_75' title="bbox 2292 1652 3895 1721; baseline -0.001 -15"><span class='ocrx_word' id='word_1_584' title='bbox 2292 1652 2436 1707; x_wconf 87' lang='lat' dir='ltr'><strong>circo</strong></span> <span class='ocrx_word' id='word_1_585' title='bbox 2462 1666 2583 1705; x_wconf 88' lang='lat' dir='ltr'><strong>eum</strong></span> <span class='ocrx_word' id='word_1_586' title='bbox 2615 1666 2826 1721; x_wconf 87' lang='lat' dir='ltr'><strong>quoque</strong></span> <span class='ocrx_word' id='word_1_587' title='bbox 2856 1652 3143 1706; x_wconf 88' lang='lat' dir='ltr'><strong>abductum</strong></span> <span class='ocrx_word' id='word_1_588' title='bbox 3166 1666 3285 1707; x_wconf 86' lang='lat' dir='ltr'><strong>esse</strong></span> <span class='ocrx_word' id='word_1_589' title='bbox 3326 1652 3549 1707; x_wconf 72' lang='lat' dir='ltr'><strong>miratur</strong></span> <span class='ocrx_word' id='word_1_590' title='bbox 3584 1670 3595 1705; x_wconf 93' lang='lat'><strong>:</strong></span> <span class='ocrx_word' id='word_1_591' title='bbox 3636 1652 3730 1705; x_wconf 88' lang='lat' dir='ltr'><strong>sed</strong></span> <span class='ocrx_word' id='word_1_592' title='bbox 3751 1652 3895 1721; x_wconf 88' lang='lat' dir='ltr'><strong>quod</strong></span> 
     </span>
    </p>
   </div>
   <div class='ocr_carea' id='block_1_76' title="bbox 2293 1742 3893 1813">
    <p class='ocr_par' dir='ltr' id='par_1_76' title="bbox 2293 1742 3893 1813">
     <span class='ocr_line' id='line_1_76' title="bbox 2293 1742 3893 1813; baseline -0.001 -14"><span class='ocrx_word' id='word_1_593' title='bbox 2293 1743 2340 1799; x_wconf 89' lang='lat' dir='ltr'><strong>is</strong></span> <span class='ocrx_word' id='word_1_594' title='bbox 2362 1742 2450 1813; x_wconf 89' lang='lat' dir='ltr'><strong>qui</strong></span> <span class='ocrx_word' id='word_1_595' title='bbox 2496 1758 2676 1798; x_wconf 86' lang='lat' dir='ltr'><strong>secum</strong></span> <span class='ocrx_word' id='word_1_596' title='bbox 2708 1758 2922 1812; x_wconf 84' lang='lat' dir='ltr'><strong>semper</strong></span> <span class='ocrx_word' id='word_1_597' title='bbox 2947 1742 3308 1813; x_wconf 57' lang='lat' dir='ltr'><strong>praedicabat,</strong></span> <span class='ocrx_word' id='word_1_598' title='bbox 3341 1746 3533 1813; x_wconf 89' lang='lat' dir='ltr'><strong>cuique</strong></span> <span class='ocrx_word' id='word_1_599' title='bbox 3591 1743 3725 1797; x_wconf 87' lang='lat' dir='ltr'><strong>nihil</strong></span> <span class='ocrx_word' id='word_1_600' title='bbox 3775 1753 3893 1797; x_wconf 81' lang='lat' dir='ltr'><strong>erat</strong></span> 
     </span>
    </p>
   </div>
   <div class='ocr_carea' id='block_1_77' title="bbox 2292 1832 3894 1904">
    <p class='ocr_par' dir='ltr' id='par_1_77' title="bbox 2292 1832 3894 1904">
     <span class='ocr_line' id='line_1_77' title="bbox 2292 1832 3894 1904; baseline -0.001 -17"><span class='ocrx_word' id='word_1_601' title='bbox 2292 1847 2576 1888; x_wconf 89' lang='lat' dir='ltr'><strong>commune</strong></span> <span class='ocrx_word' id='word_1_602' title='bbox 2600 1848 2720 1889; x_wconf 89' lang='lat' dir='ltr'><strong>cum</strong></span> <span class='ocrx_word' id='word_1_603' title='bbox 2748 1832 2945 1888; x_wconf 66' lang='lat' dir='ltr'><strong>Judteis</strong></span> <span class='ocrx_word' id='word_1_604' title='bbox 2965 1874 2981 1899; x_wconf 91' lang='lat'><strong>,</strong></span> <span class='ocrx_word' id='word_1_605' title='bbox 3018 1849 3203 1888; x_wconf 83' lang='lat' dir='ltr'><strong>verum</strong></span> <span class='ocrx_word' id='word_1_606' title='bbox 3241 1834 3380 1888; x_wconf 90' lang='lat' dir='ltr'><strong>inter</strong></span> <span class='ocrx_word' id='word_1_607' title='bbox 3418 1843 3603 1904; x_wconf 86' lang='lat' dir='ltr'><strong>gentes</strong></span> <span class='ocrx_word' id='word_1_608' title='bbox 3629 1833 3857 1887; x_wconf 81' lang='lat' dir='ltr'><strong>docebat</strong></span> <span class='ocrx_word' id='word_1_609' title='bbox 3875 1873 3894 1897; x_wconf 86' lang='lat'><strong>,</strong></span> 
     </span>
    </p>
   </div>
   <div class='ocr_carea' id='block_1_78' title="bbox 2295 1928 3893 2001">
    <p class='ocr_par' dir='ltr' id='par_1_78' title="bbox 2295 1928 3893 2001">
     <span class='ocr_line' id='line_1_78' title="bbox 2295 1928 3893 2001; baseline -0.002 -18"><span class='ocrx_word' id='word_1_610' title='bbox 2295 1930 2407 1999; x_wconf 89' lang='lat' dir='ltr'><strong>ipse</strong></span> <span class='ocrx_word' id='word_1_611' title='bbox 2434 1945 2648 2001; x_wconf 88' lang='lat' dir='ltr'><strong>quoque</strong></span> <span class='ocrx_word' id='word_1_612' title='bbox 2673 1940 2820 1986; x_wconf 83' lang='lat' dir='ltr'><strong>esset</strong></span> <span class='ocrx_word' id='word_1_613' title='bbox 2857 1930 3133 1985; x_wconf 72' lang='lat' dir='ltr'><strong>abductus.</strong></span> <span class='ocrx_word' id='word_1_614' title='bbox 3178 1929 3443 1985; x_wconf 74' lang='lat' dir='ltr'><strong>Czcterum</strong></span> <span class='ocrx_word' id='word_1_615' title='bbox 3487 1929 3703 1983; x_wconf 88' lang='lat' dir='ltr'><strong>Petrum</strong></span> <span class='ocrx_word' id='word_1_616' title='bbox 3744 1928 3893 1982; x_wconf 89' lang='lat' dir='ltr'><strong>illum</strong></span> 
     </span>
    </p>
   </div>
   <div class='ocr_carea' id='block_1_79' title="bbox 2294 2021 3892 2091">
    <p class='ocr_par' dir='ltr' id='par_1_79' title="bbox 2294 2021 3892 2091">
     <span class='ocr_line' id='line_1_79' title="bbox 2294 2021 3892 2091; baseline -0.001 -16"><span class='ocrx_word' id='word_1_617' title='bbox 2294 2036 2413 2075; x_wconf 88' lang='lat' dir='ltr'><strong>esse</strong></span> <span class='ocrx_word' id='word_1_618' title='bbox 2438 2021 2504 2077; x_wconf 89' lang='lat' dir='ltr'><strong>de</strong></span> <span class='ocrx_word' id='word_1_619' title='bbox 2536 2038 2641 2091; x_wconf 87' lang='lat' dir='ltr'><strong>quo</strong></span> <span class='ocrx_word' id='word_1_620' title='bbox 2673 2022 2789 2077; x_wconf 82' lang='lat' dir='ltr'><strong>ha-c</strong></span> <span class='ocrx_word' id='word_1_621' title='bbox 2817 2023 2995 2077; x_wconf 87' lang='lat' dir='ltr'><strong>omnia</strong></span> <span class='ocrx_word' id='word_1_622' title='bbox 3039 2024 3185 2084; x_wconf 87' lang='lat' dir='ltr'><strong>dicit,</strong></span> <span class='ocrx_word' id='word_1_623' title='bbox 3213 2038 3336 2075; x_wconf 87' lang='lat' dir='ltr'><strong>cum</strong></span> <span class='ocrx_word' id='word_1_624' title='bbox 3371 2036 3438 2076; x_wconf 80' lang='lat' dir='ltr'><strong>ex</strong></span> <span class='ocrx_word' id='word_1_625' title='bbox 3468 2022 3533 2076; x_wconf 88' lang='lat' dir='ltr'><strong>iis</strong></span> <span class='ocrx_word' id='word_1_626' title='bbox 3581 2037 3703 2091; x_wconf 67' lang='lat' dir='ltr'><strong>qua:</strong></span> <span class='ocrx_word' id='word_1_627' title='bbox 3749 2036 3892 2089; x_wconf 76' lang='lat' dir='ltr'><strong>pra:-</strong></span> 
     </span>
    </p>
   </div>
   <div class='ocr_carea' id='block_1_80' title="bbox 2292 2111 3892 2184">
    <p class='ocr_par' dir='ltr' id='par_1_80' title="bbox 2292 2111 3892 2184">
     <span class='ocr_line' id='line_1_80' title="bbox 2292 2111 3892 2184; baseline -0.002 -18"><span class='ocrx_word' id='word_1_628' title='bbox 2292 2122 2589 2176; x_wconf 87' lang='lat' dir='ltr'><strong>cesscrunt,</strong></span> <span class='ocrx_word' id='word_1_629' title='bbox 2623 2121 2733 2168; x_wconf 90' lang='lat' dir='ltr'><strong>tum</strong></span> <span class='ocrx_word' id='word_1_630' title='bbox 2759 2129 2824 2167; x_wconf 80' lang='lat' dir='ltr'><strong>ex</strong></span> <span class='ocrx_word' id='word_1_631' title='bbox 2849 2114 2911 2168; x_wconf 90' lang='lat' dir='ltr'><strong>iis</strong></span> <span class='ocrx_word' id='word_1_632' title='bbox 2937 2128 3057 2184; x_wconf 64' lang='lat' dir='ltr'><strong>quae</strong></span> <span class='ocrx_word' id='word_1_633' title='bbox 3086 2123 3403 2183; x_wconf 89' lang='lat' dir='ltr'><strong>sequuntur,</strong></span> <span class='ocrx_word' id='word_1_634' title='bbox 3423 2111 3765 2167; x_wconf 82' lang='lat' dir='ltr'><strong>manifestum</strong></span> <span class='ocrx_word' id='word_1_635' title='bbox 3784 2119 3892 2165; x_wconf 86' lang='lat' dir='ltr'><strong>est.</strong></span> 
     </span>
    </p>
   </div>
   <div class='ocr_carea' id='block_1_81' title="bbox 2292 2201 3897 2270">
    <p class='ocr_par' dir='ltr' id='par_1_81' title="bbox 2292 2201 3897 2270">
     <span class='ocr_line' id='line_1_81' title="bbox 2292 2201 3897 2270; baseline -0.001 -16"><span class='ocrx_word' id='word_1_636' title='bbox 2292 2201 2443 2270; x_wconf 90' lang='lat' dir='ltr'><strong>Quod</strong></span> <span class='ocrx_word' id='word_1_637' title='bbox 2472 2203 2613 2256; x_wconf 88' lang='lat' dir='ltr'><strong>cnim</strong></span> <span class='ocrx_word' id='word_1_638' title='bbox 2651 2218 2710 2256; x_wconf 88' lang='lat' dir='ltr'><strong>se</strong></span> <span class='ocrx_word' id='word_1_639' title='bbox 2754 2203 2806 2255; x_wconf 89' lang='lat' dir='ltr'><strong>in</strong></span> <span class='ocrx_word' id='word_1_640' title='bbox 2851 2203 3039 2256; x_wconf 84' lang='lat' dir='ltr'><strong>faciem</strong></span> <span class='ocrx_word' id='word_1_641' title='bbox 3083 2204 3341 2257; x_wconf 83' lang='lat' dir='ltr'><strong>restitisse</strong></span> <span class='ocrx_word' id='word_1_642' title='bbox 3387 2203 3458 2255; x_wconf 89' lang='lat' dir='ltr'><strong>illi</strong></span> <span class='ocrx_word' id='word_1_643' title='bbox 3485 2202 3644 2266; x_wconf 88' lang='lat' dir='ltr'><strong>dicit,</strong></span> <span class='ocrx_word' id='word_1_644' title='bbox 3675 2216 3739 2255; x_wconf 79' lang='lat' dir='ltr'><strong>ac</strong></span> <span class='ocrx_word' id='word_1_645' title='bbox 3794 2216 3897 2270; x_wconf 81' lang='lat' dir='ltr'><strong>pro</strong></span> 
     </span>
    </p>
   </div>
   <div class='ocr_carea' id='block_1_82' title="bbox 2294 2291 3895 2361">
    <p class='ocr_par' dir='ltr' id='par_1_82' title="bbox 2294 2291 3895 2361">
     <span class='ocr_line' id='line_1_82' title="bbox 2294 2291 3895 2361; baseline -0.001 -16"><span class='ocrx_word' id='word_1_646' title='bbox 2294 2306 2487 2361; x_wconf 87' lang='lat' dir='ltr'><strong>magno</strong></span> <span class='ocrx_word' id='word_1_647' title='bbox 2516 2292 2645 2347; x_wconf 89' lang='lat' dir='ltr'><strong>illud</strong></span> <span class='ocrx_word' id='word_1_648' title='bbox 2679 2292 2872 2357; x_wconf 88' lang='lat' dir='ltr'><strong>habet,</strong></span> <span class='ocrx_word' id='word_1_649' title='bbox 2904 2293 3036 2347; x_wconf 88' lang='lat' dir='ltr'><strong>nihil</strong></span> <span class='ocrx_word' id='word_1_650' title='bbox 3065 2292 3207 2346; x_wconf 90' lang='lat' dir='ltr'><strong>aliud</strong></span> <span class='ocrx_word' id='word_1_651' title='bbox 3235 2292 3433 2346; x_wconf 82' lang='lat' dir='ltr'><strong>indicat</strong></span> <span class='ocrx_word' id='word_1_652' title='bbox 3452 2334 3466 2359; x_wconf 92' lang='lat'><strong>,</strong></span> <span class='ocrx_word' id='word_1_653' title='bbox 3492 2292 3592 2346; x_wconf 90' lang='lat' dir='ltr'><strong>nisi</strong></span> <span class='ocrx_word' id='word_1_654' title='bbox 3619 2308 3678 2346; x_wconf 88' lang='lat' dir='ltr'><strong>se</strong></span> <span class='ocrx_word' id='word_1_655' title='bbox 3720 2291 3895 2361; x_wconf 88' lang='lat' dir='ltr'><strong>digni-</strong></span> 
     </span>
    </p>
   </div>
   <div class='ocr_carea' id='block_1_83' title="bbox 2292 2382 3894 2453">
    <p class='ocr_par' dir='ltr' id='par_1_83' title="bbox 2292 2382 3894 2453">
     <span class='ocr_line' id='line_1_83' title="bbox 2292 2382 3894 2453; baseline -0.002 -16"><span class='ocrx_word' id='word_1_656' title='bbox 2292 2392 2452 2437; x_wconf 87' lang='lat' dir='ltr'><strong>tatem</strong></span> <span class='ocrx_word' id='word_1_657' title='bbox 2474 2384 2694 2439; x_wconf 91' lang='lat' dir='ltr'><strong>minime</strong></span> <span class='ocrx_word' id='word_1_658' title='bbox 2722 2384 3008 2439; x_wconf 90' lang='lat' dir='ltr'><strong>reveritum</strong></span> <span class='ocrx_word' id='word_1_659' title='bbox 3036 2399 3155 2439; x_wconf 89' lang='lat' dir='ltr'><strong>esse</strong></span> <span class='ocrx_word' id='word_1_660' title='bbox 3197 2398 3442 2453; x_wconf 78' lang='lat' dir='ltr'><strong>persona:</strong></span> <span class='ocrx_word' id='word_1_661' title='bbox 3471 2397 3486 2435; x_wconf 89' lang='lat'><strong>:</strong></span> <span class='ocrx_word' id='word_1_662' title='bbox 3518 2396 3679 2451; x_wconf 89' lang='lat' dir='ltr'><strong>porro</strong></span> <span class='ocrx_word' id='word_1_663' title='bbox 3726 2382 3792 2435; x_wconf 92' lang='lat' dir='ltr'><strong>de</strong></span> <span class='ocrx_word' id='word_1_664' title='bbox 3816 2383 3894 2434; x_wconf 80' lang='lat' dir='ltr'><strong>al-</strong></span> 
     </span>
    </p>
   </div>
   <div class='ocr_carea' id='block_1_84' title="bbox 2291 2460 3891 2545">
    <p class='ocr_par' dir='ltr' id='par_1_84' title="bbox 2291 2460 3891 2545">
     <span class='ocr_line' id='line_1_84' title="bbox 2291 2460 3891 2545; baseline 0.001 -18"><span class='ocrx_word' id='word_1_665' title='bbox 2291 2482 2405 2528; x_wconf 85' lang='lat' dir='ltr'><strong>tero</strong></span> <span class='ocrx_word' id='word_1_666' title='bbox 2432 2476 2682 2545; x_wconf 83' lang='lat' dir='ltr'><strong>quapiam</strong></span> <span class='ocrx_word' id='word_1_667' title='bbox 2723 2476 2766 2530; x_wconf 89' lang='lat' dir='ltr'><strong>si</strong></span> <span class='ocrx_word' id='word_1_668' title='bbox 2792 2474 3049 2540; x_wconf 73' lang='lat' dir='ltr'><strong>dixisset,</strong></span> <span class='ocrx_word' id='word_1_669' title='bbox 3079 2490 3139 2529; x_wconf 91' lang='lat' dir='ltr'><strong>se</strong></span> <span class='ocrx_word' id='word_1_670' title='bbox 3168 2476 3220 2529; x_wconf 89' lang='lat' dir='ltr'><strong>in</strong></span> <span class='ocrx_word' id='word_1_671' title='bbox 3254 2475 3442 2530; x_wconf 80' lang='lat' dir='ltr'><strong>faciem</strong></span> <span class='ocrx_word' id='word_1_672' title='bbox 3471 2474 3547 2529; x_wconf 88' lang='lat' dir='ltr'><strong>illi</strong></span> <span class='ocrx_word' id='word_1_673' title='bbox 3589 2460 3855 2529; x_wconf 82' lang='lat' dir='ltr'><strong>restitisse</strong></span> <span class='ocrx_word' id='word_1_674' title='bbox 3874 2514 3891 2535; x_wconf 86' lang='lat'>.</span> 
     </span>
    </p>
   </div>
   <div class='ocr_carea' id='block_1_85' title="bbox 2292 2565 3893 2638">
    <p class='ocr_par' dir='ltr' id='par_1_85' title="bbox 2292 2565 3893 2638">
     <span class='ocr_line' id='line_1_85' title="bbox 2292 2565 3893 2638; baseline -0.002 -16"><span class='ocrx_word' id='word_1_675' title='bbox 2292 2582 2628 2638; x_wconf 86' lang='lat' dir='ltr'><strong>nequaquam</strong></span> <span class='ocrx_word' id='word_1_676' title='bbox 2674 2567 2776 2622; x_wconf 91' lang='lat' dir='ltr'><strong>hoc</strong></span> <span class='ocrx_word' id='word_1_677' title='bbox 2806 2582 2902 2638; x_wconf 91' lang='lat' dir='ltr'><strong>pro</strong></span> <span class='ocrx_word' id='word_1_678' title='bbox 2951 2583 3145 2637; x_wconf 88' lang='lat' dir='ltr'><strong>magno</strong></span> <span class='ocrx_word' id='word_1_679' title='bbox 3176 2567 3471 2621; x_wconf 86' lang='lat' dir='ltr'><strong>habuisset.</strong></span> <span class='ocrx_word' id='word_1_680' title='bbox 3526 2567 3791 2621; x_wconf 73' lang='lat' dir='ltr'><strong>Przeterea</strong></span> <span class='ocrx_word' id='word_1_681' title='bbox 3846 2565 3893 2618; x_wconf 85' lang='lat' dir='ltr'><strong>si</strong></span> 
     </span>
    </p>
   </div>
   <div class='ocr_carea' id='block_1_86' title="bbox 2290 2655 3887 2727">
    <p class='ocr_par' dir='ltr' id='par_1_86' title="bbox 2290 2655 3887 2727">
     <span class='ocr_line' id='line_1_86' title="bbox 2290 2655 3887 2727; baseline -0.001 -18"><span class='ocrx_word' id='word_1_682' title='bbox 2290 2657 2551 2727; x_wconf 80' lang='lat' dir='ltr'><strong>quispiam</strong></span> <span class='ocrx_word' id='word_1_683' title='bbox 2581 2657 2717 2710; x_wconf 84' lang='lat' dir='ltr'><strong>alius</strong></span> <span class='ocrx_word' id='word_1_684' title='bbox 2762 2657 2950 2711; x_wconf 85' lang='lat' dir='ltr'><strong>Petrus</strong></span> <span class='ocrx_word' id='word_1_685' title='bbox 2978 2656 3198 2722; x_wconf 86' lang='lat' dir='ltr'><strong>fuisset,</strong></span> <span class='ocrx_word' id='word_1_686' title='bbox 3230 2672 3337 2710; x_wconf 87' lang='lat' dir='ltr'><strong>non</strong></span> <span class='ocrx_word' id='word_1_687' title='bbox 3374 2665 3579 2710; x_wconf 80' lang='lat' dir='ltr'><strong>tantum</strong></span> <span class='ocrx_word' id='word_1_688' title='bbox 3628 2655 3887 2709; x_wconf 81' lang='lat' dir='ltr'><strong>valuisset</strong></span> 
     </span>
    </p>
   </div>
   <div class='ocr_carea' id='block_1_87' title="bbox 2290 2744 3889 2813">
    <p class='ocr_par' dir='ltr' id='par_1_87' title="bbox 2290 2744 3889 2813">
     <span class='ocr_line' id='line_1_87' title="bbox 2290 2744 3889 2813; baseline 0 -14"><span class='ocrx_word' id='word_1_689' title='bbox 2290 2748 2407 2813; x_wconf 87' lang='lat' dir='ltr'><strong>ejus</strong></span> <span class='ocrx_word' id='word_1_690' title='bbox 2445 2748 2693 2811; x_wconf 79' lang='lat' dir='ltr'><strong>mutatio,</strong></span> <span class='ocrx_word' id='word_1_691' title='bbox 2742 2754 2799 2801; x_wconf 89' lang='lat' dir='ltr'><strong>ut</strong></span> <span class='ocrx_word' id='word_1_692' title='bbox 2826 2756 3051 2800; x_wconf 71' lang='lat' dir='ltr'><strong>cmteros</strong></span> <span class='ocrx_word' id='word_1_693' title='bbox 3097 2748 3258 2801; x_wconf 88' lang='lat' dir='ltr'><strong>etiam</strong></span> <span class='ocrx_word' id='word_1_694' title='bbox 3304 2744 3522 2801; x_wconf 75' lang='lat' dir='ltr'><strong>Judtcos</strong></span> <span class='ocrx_word' id='word_1_695' title='bbox 3572 2745 3889 2799; x_wconf 85' lang='lat' dir='ltr'><strong>attraheret.</strong></span> 
     </span>
    </p>
   </div>
   <div class='ocr_carea' id='block_1_88' title="bbox 2288 2834 3889 2907">
    <p class='ocr_par' dir='ltr' id='par_1_88' title="bbox 2288 2834 3889 2907">
     <span class='ocr_line' id='line_1_88' title="bbox 2288 2834 3889 2907; baseline -0.001 -16"><span class='ocrx_word' id='word_1_696' title='bbox 2288 2834 2471 2907; x_wconf 74' lang='lat' dir='ltr'><strong>Neque</strong></span> <span class='ocrx_word' id='word_1_697' title='bbox 2522 2836 2667 2891; x_wconf 90' lang='lat' dir='ltr'><strong>enim</strong></span> <span class='ocrx_word' id='word_1_698' title='bbox 2709 2837 3021 2891; x_wconf 82' lang='lat' dir='ltr'><strong>adhortatus</strong></span> <span class='ocrx_word' id='word_1_699' title='bbox 3062 2847 3163 2901; x_wconf 89' lang='lat' dir='ltr'><strong>est,</strong></span> <span class='ocrx_word' id='word_1_700' title='bbox 3214 2852 3386 2907; x_wconf 88' lang='lat' dir='ltr'><strong>neque</strong></span> <span class='ocrx_word' id='word_1_701' title='bbox 3440 2835 3751 2890; x_wconf 88' lang='lat' dir='ltr'><strong>consuluit:</strong></span> <span class='ocrx_word' id='word_1_702' title='bbox 3794 2835 3889 2890; x_wconf 87' lang='lat' dir='ltr'><strong>sed</strong></span> 
     </span>
    </p>
   </div>
   <div class='ocr_carea' id='block_1_89' title="bbox 2298 2928 3895 2998">
    <p class='ocr_par' dir='ltr' id='par_1_89' title="bbox 2298 2928 3895 2998">
     <span class='ocr_line' id='line_1_89' title="bbox 2298 2928 3895 2998; baseline -0.001 -16"><span class='ocrx_word' id='word_1_703' title='bbox 2298 2938 2503 2983; x_wconf 91' lang='lat' dir='ltr'><strong>tantum</strong></span> <span class='ocrx_word' id='word_1_704' title='bbox 2532 2928 2879 2984; x_wconf 84' lang='lat' dir='ltr'><strong>subtrahebat</strong></span> <span class='ocrx_word' id='word_1_705' title='bbox 2901 2936 2958 2983; x_wconf 88' lang='lat' dir='ltr'><strong>et</strong></span> <span class='ocrx_word' id='word_1_706' title='bbox 2982 2929 3291 2998; x_wconf 85' lang='lat' dir='ltr'><strong>segregabat</strong></span> <span class='ocrx_word' id='word_1_707' title='bbox 3319 2942 3378 2982; x_wconf 87' lang='lat' dir='ltr'><strong>se</strong></span> <span class='ocrx_word' id='word_1_708' title='bbox 3411 2945 3425 2980; x_wconf 91' lang='lat'><strong>:</strong></span> <span class='ocrx_word' id='word_1_709' title='bbox 3452 2937 3611 2997; x_wconf 84' lang='lat' dir='ltr'><strong>atque</strong></span> <span class='ocrx_word' id='word_1_710' title='bbox 3645 2928 3731 2981; x_wconf 82' lang='lat' dir='ltr'><strong>illa</strong></span> <span class='ocrx_word' id='word_1_711' title='bbox 3760 2928 3895 2981; x_wconf 86' lang='lat' dir='ltr'><strong>sub-</strong></span> 
     </span>
    </p>
   </div>
   <div class='ocr_carea' id='block_1_90' title="bbox 2292 3019 3888 3090">
    <p class='ocr_par' dir='ltr' id='par_1_90' title="bbox 2292 3019 3888 3090">
     <span class='ocr_line' id='line_1_90' title="bbox 2292 3019 3888 3090; baseline 0.001 -15"><span class='ocrx_word' id='word_1_712' title='bbox 2292 3020 2481 3075; x_wconf 88' lang='lat' dir='ltr'><strong>tractio</strong></span> <span class='ocrx_word' id='word_1_713' title='bbox 2562 3031 2617 3075; x_wconf 90' lang='lat' dir='ltr'><strong>et</strong></span> <span class='ocrx_word' id='word_1_714' title='bbox 2680 3023 2979 3089; x_wconf 83' lang='lat' dir='ltr'><strong>scgregatio</strong></span> <span class='ocrx_word' id='word_1_715' title='bbox 3040 3029 3266 3076; x_wconf 68' lang='lat' dir='ltr'><strong>carteros</strong></span> <span class='ocrx_word' id='word_1_716' title='bbox 3326 3034 3515 3074; x_wconf 86' lang='lat' dir='ltr'><strong>omnes</strong></span> <span class='ocrx_word' id='word_1_717' title='bbox 3591 3019 3888 3090; x_wconf 76' lang='lat' dir='ltr'><strong>discipulos</strong></span> 
     </span>
    </p>
   </div>
   <div class='ocr_carea' id='block_1_91' title="bbox 2287 3112 3632 3183">
    <p class='ocr_par' dir='ltr' id='par_1_91' title="bbox 2287 3112 3632 3183">
     <span class='ocr_line' id='line_1_91' title="bbox 2287 3112 3632 3183; baseline -0.002 -17"><span class='ocrx_word' id='word_1_718' title='bbox 2287 3112 2555 3169; x_wconf 82' lang='lat' dir='ltr'><strong>attrahere</strong></span> <span class='ocrx_word' id='word_1_719' title='bbox 2584 3114 2752 3181; x_wconf 91' lang='lat' dir='ltr'><strong>potuit</strong></span> <span class='ocrx_word' id='word_1_720' title='bbox 2780 3122 2996 3182; x_wconf 88' lang='lat' dir='ltr'><strong>propter</strong></span> <span class='ocrx_word' id='word_1_721' title='bbox 3014 3128 3257 3183; x_wconf 76' lang='lat' dir='ltr'><strong>persona:</strong></span> <span class='ocrx_word' id='word_1_722' title='bbox 3296 3114 3632 3182; x_wconf 78' lang='lat' dir='ltr'><strong>dignitatem.</strong></span> 
     </span>
    </p>
   </div>
   <div class='ocr_carea' id='block_1_92' title="bbox 2359 3203 3890 3274">
    <p class='ocr_par' dir='ltr' id='par_1_92' title="bbox 2359 3203 3890 3274">
     <span class='ocr_line' id='line_1_92' title="bbox 2359 3203 3890 3274; baseline -0.001 -15"><span class='ocrx_word' id='word_1_723' title='bbox 2359 3203 2446 3259; x_wconf 74' lang='grc'><strong>16.</strong></span> <span class='ocrx_word' id='word_1_724' title='bbox 2488 3204 2661 3258; x_wconf 77' lang='lat' dir='ltr'><strong>Altera</strong></span> <span class='ocrx_word' id='word_1_725' title='bbox 2706 3205 2891 3257; x_wconf 84' lang='lat' dir='ltr'><strong>solutio</strong></span> <span class='ocrx_word' id='word_1_726' title='bbox 2940 3204 3253 3274; x_wconf 70' lang='lat' dir='ltr'><strong>qucstionis,</strong></span> <span class='ocrx_word' id='word_1_727' title='bbox 3301 3220 3394 3256; x_wconf 84' lang='lat' dir='ltr'><strong>cur</strong></span> <span class='ocrx_word' id='word_1_728' title='bbox 3442 3203 3777 3273; x_wconf 72' lang='lat' dir='ltr'><strong>reprehensus</strong></span> <span class='ocrx_word' id='word_1_729' title='bbox 3823 3205 3890 3257; x_wconf 85' lang='lat' dir='ltr'><strong>sit</strong></span> 
     </span>
    </p>
   </div>
   <div class='ocr_carea' id='block_1_93' title="bbox 2288 3291 3887 3365">
    <p class='ocr_par' dir='ltr' id='par_1_93' title="bbox 2288 3291 3887 3365">
     <span class='ocr_line' id='line_1_93' title="bbox 2288 3291 3887 3365; baseline 0.001 -16"><span class='ocrx_word' id='word_1_730' title='bbox 2288 3294 2495 3361; x_wconf 85' lang='lat' dir='ltr'><strong>Petrus,</strong></span> <span class='ocrx_word' id='word_1_731' title='bbox 2517 3312 2615 3364; x_wconf 85' lang='lat' dir='ltr'><strong>quo</strong></span> <span class='ocrx_word' id='word_1_732' title='bbox 2637 3296 2849 3357; x_wconf 65' lang='lat' dir='ltr'><strong>consilio</strong></span> <span class='ocrx_word' id='word_1_733' title='bbox 2876 3293 3077 3349; x_wconf 81' lang='lat' dir='ltr'><strong>Paulus</strong></span> <span class='ocrx_word' id='word_1_734' title='bbox 3105 3292 3309 3348; x_wconf 84' lang='lat' dir='ltr'><strong>Petrum</strong></span> <span class='ocrx_word' id='word_1_735' title='bbox 3328 3304 3583 3365; x_wconf 80' lang='lat' dir='ltr'><strong>argueret.</strong></span> <span class='ocrx_word' id='word_1_736' title='bbox 3610 3323 3680 3333; x_wconf 94' lang='lat'><strong><em>—</em></strong></span> <span class='ocrx_word' id='word_1_737' title='bbox 3700 3291 3887 3362; x_wconf 84' lang='lat' dir='ltr'><strong>itaque</strong></span> 
     </span>
    </p>
   </div>
   <div class='ocr_carea' id='block_1_94' title="bbox 2287 3385 3883 3442">
    <p class='ocr_par' dir='ltr' id='par_1_94' title="bbox 2287 3385 3883 3442">
     <span class='ocr_line' id='line_1_94' title="bbox 2287 3385 3883 3442; baseline -0.001 -1"><span class='ocrx_word' id='word_1_738' title='bbox 2287 3386 2505 3442; x_wconf 91' lang='lat' dir='ltr'><strong>Petrum</strong></span> <span class='ocrx_word' id='word_1_739' title='bbox 2533 3386 2697 3442; x_wconf 86' lang='lat' dir='ltr'><strong>fuisse</strong></span> <span class='ocrx_word' id='word_1_740' title='bbox 2727 3388 2859 3441; x_wconf 84' lang='lat' dir='ltr'><strong>satis</strong></span> <span class='ocrx_word' id='word_1_741' title='bbox 2887 3401 2952 3442; x_wconf 82' lang='lat' dir='ltr'><strong>ex</strong></span> <span class='ocrx_word' id='word_1_742' title='bbox 3007 3386 3091 3439; x_wconf 91' lang='lat' dir='ltr'><strong>bis</strong></span> <span class='ocrx_word' id='word_1_743' title='bbox 3135 3395 3345 3440; x_wconf 88' lang='lat' dir='ltr'><strong>constat</strong></span> <span class='ocrx_word' id='word_1_744' title='bbox 3372 3403 3386 3440; x_wconf 91' lang='lat'>:</span> <span class='ocrx_word' id='word_1_745' title='bbox 3413 3395 3668 3440; x_wconf 79' lang='lat' dir='ltr'><strong>caeterum</strong></span> <span class='ocrx_word' id='word_1_746' title='bbox 3722 3385 3883 3440; x_wconf 84' lang='lat' dir='ltr'><strong>aliam</strong></span> 
     </span>
    </p>
   </div>
   <div class='ocr_carea' id='block_1_95' title="bbox 2285 3477 3887 3549">
    <p class='ocr_par' dir='ltr' id='par_1_95' title="bbox 2285 3477 3887 3549">
     <span class='ocr_line' id='line_1_95' title="bbox 2285 3477 3887 3549; baseline 0.001 -18"><span class='ocrx_word' id='word_1_747' title='bbox 2285 3478 2623 3540; x_wconf 87' lang='lat' dir='ltr'><strong>solutionem,</strong></span> <span class='ocrx_word' id='word_1_748' title='bbox 2668 3477 2712 3532; x_wconf 90' lang='lat' dir='ltr'><strong>si</strong></span> <span class='ocrx_word' id='word_1_749' title='bbox 2745 3478 2951 3542; x_wconf 88' lang='lat' dir='ltr'><strong>velitis,</strong></span> <span class='ocrx_word' id='word_1_750' title='bbox 2986 3477 3250 3533; x_wconf 84' lang='lat' dir='ltr'><strong>dicemus.</strong></span> <span class='ocrx_word' id='word_1_751' title='bbox 3289 3479 3546 3545; x_wconf 66' lang='lat' dir='ltr'><strong>Quantam</strong></span> <span class='ocrx_word' id='word_1_752' title='bbox 3590 3479 3749 3549; x_wconf 88' lang='lat' dir='ltr'><strong>igitur</strong></span> <span class='ocrx_word' id='word_1_753' title='bbox 3800 3490 3887 3534; x_wconf 87' lang='lat' dir='ltr'><strong>est</strong></span> 
     </span>
    </p>
   </div>
   <div class='ocr_carea' id='block_1_96' title="bbox 2284 3567 3881 3639">
    <p class='ocr_par' dir='ltr' id='par_1_96' title="bbox 2284 3567 3881 3639">
     <span class='ocr_line' id='line_1_96' title="bbox 2284 3567 3881 3639; baseline 0.002 -17"><span class='ocrx_word' id='word_1_754' title='bbox 2284 3568 2486 3622; x_wconf 80' lang='lat' dir='ltr'><strong>altera?</strong></span> <span class='ocrx_word' id='word_1_755' title='bbox 2539 3568 2704 3623; x_wconf 77' lang='lat' dir='ltr'><strong>Recte</strong></span> <span class='ocrx_word' id='word_1_756' title='bbox 2754 3567 2969 3624; x_wconf 84' lang='lat' dir='ltr'><strong>Petrum</strong></span> <span class='ocrx_word' id='word_1_757' title='bbox 3018 3569 3447 3638; x_wconf 85' lang='lat' dir='ltr'><strong>reprehendebat</strong></span> <span class='ocrx_word' id='word_1_758' title='bbox 3490 3569 3705 3633; x_wconf 85' lang='lat' dir='ltr'><strong>Paulus,</strong></span> <span class='ocrx_word' id='word_1_759' title='bbox 3736 3570 3881 3639; x_wconf 85' lang='lat' dir='ltr'><strong>quod</strong></span> 
     </span>
    </p>
   </div>
   <div class='ocr_carea' id='block_1_97' title="bbox 2286 3658 3885 3729">
    <p class='ocr_par' dir='ltr' id='par_1_97' title="bbox 2286 3658 3885 3729">
     <span class='ocr_line' id='line_1_97' title="bbox 2286 3658 3885 3729; baseline 0.001 -15"><span class='ocrx_word' id='word_1_760' title='bbox 2286 3660 2421 3714; x_wconf 90' lang='lat' dir='ltr'><strong>ultra</strong></span> <span class='ocrx_word' id='word_1_761' title='bbox 2448 3659 2664 3713; x_wconf 89' lang='lat' dir='ltr'><strong>modum</strong></span> <span class='ocrx_word' id='word_1_762' title='bbox 2705 3658 3034 3729; x_wconf 88' lang='lat' dir='ltr'><strong>indulgentia</strong></span> <span class='ocrx_word' id='word_1_763' title='bbox 3078 3670 3341 3714; x_wconf 90' lang='lat' dir='ltr'><strong>uteretur.</strong></span> <span class='ocrx_word' id='word_1_764' title='bbox 3382 3658 3515 3714; x_wconf 81' lang='lat' dir='ltr'><strong>Nam</strong></span> <span class='ocrx_word' id='word_1_765' title='bbox 3544 3675 3645 3727; x_wconf 86' lang='lat' dir='ltr'><strong>qua</strong></span> <span class='ocrx_word' id='word_1_766' title='bbox 3673 3661 3885 3719; x_wconf 84' lang='lat' dir='ltr'><strong>ratione</strong></span> 
     </span>
    </p>
   </div>
   <div class='ocr_carea' id='block_1_98' title="bbox 2284 3747 3881 3819">
    <p class='ocr_par' dir='ltr' id='par_1_98' title="bbox 2284 3747 3881 3819">
     <span class='ocr_line' id='line_1_98' title="bbox 2284 3747 3881 3819; baseline -0.001 -14"><span class='ocrx_word' id='word_1_767' title='bbox 2284 3749 2398 3819; x_wconf 86' lang='lat' dir='ltr'><strong>ipse</strong></span> <span class='ocrx_word' id='word_1_768' title='bbox 2419 3789 2433 3813; x_wconf 92' lang='lat'><strong>,</strong></span> <span class='ocrx_word' id='word_1_769' title='bbox 2465 3764 2585 3804; x_wconf 91' lang='lat' dir='ltr'><strong>cum</strong></span> <span class='ocrx_word' id='word_1_770' title='bbox 2616 3759 2758 3805; x_wconf 86' lang='lat' dir='ltr'><strong>esset</strong></span> <span class='ocrx_word' id='word_1_771' title='bbox 2776 3748 3143 3819; x_wconf 81' lang='lat' dir='ltr'><strong>Jerosolymis,</strong></span> <span class='ocrx_word' id='word_1_772' title='bbox 3177 3747 3881 3815; x_wconf 60' lang='lat' dir='ltr'><strong>condescendebatludais,</strong></span> 
     </span>
    </p>
   </div>
   <div class='ocr_carea' id='block_1_99' title="bbox 2283 3840 3885 3912">
    <p class='ocr_par' dir='ltr' id='par_1_99' title="bbox 2283 3840 3885 3912">
     <span class='ocr_line' id='line_1_99' title="bbox 2283 3840 3885 3912; baseline 0 -16"><span class='ocrx_word' id='word_1_773' title='bbox 2283 3842 2470 3896; x_wconf 88' lang='lat' dir='ltr'><strong>eadem</strong></span> <span class='ocrx_word' id='word_1_774' title='bbox 2499 3856 2711 3912; x_wconf 89' lang='lat' dir='ltr'><strong>quoque</strong></span> <span class='ocrx_word' id='word_1_775' title='bbox 2760 3841 2909 3896; x_wconf 90' lang='lat' dir='ltr'><strong>illum</strong></span> <span class='ocrx_word' id='word_1_776' title='bbox 2950 3842 3216 3911; x_wconf 89' lang='lat' dir='ltr'><strong>oportuit,</strong></span> <span class='ocrx_word' id='word_1_777' title='bbox 3250 3857 3372 3896; x_wconf 87' lang='lat' dir='ltr'><strong>cum</strong></span> <span class='ocrx_word' id='word_1_778' title='bbox 3416 3840 3758 3895; x_wconf 85' lang='lat' dir='ltr'><strong>Antiochiam</strong></span> <span class='ocrx_word' id='word_1_779' title='bbox 3790 3857 3885 3896; x_wconf 67' lang='grc' dir='ltr'><strong>νεα</strong></span> 
     </span>
    </p>
   </div>
   <div class='ocr_carea' id='block_1_100' title="bbox 2285 3931 3883 4002">
    <p class='ocr_par' dir='ltr' id='par_1_100' title="bbox 2285 3931 3883 4002">
     <span class='ocr_line' id='line_1_100' title="bbox 2285 3931 3883 4002; baseline 0 -15"><span class='ocrx_word' id='word_1_780' title='bbox 2285 3934 2471 3998; x_wconf 81' lang='lat' dir='ltr'><strong>uisset,</strong></span> <span class='ocrx_word' id='word_1_781' title='bbox 2507 3948 2612 3988; x_wconf 92' lang='lat' dir='ltr'><strong>non</strong></span> <span class='ocrx_word' id='word_1_782' title='bbox 2646 3933 2711 3987; x_wconf 90' lang='lat' dir='ltr'><strong>ad</strong></span> <span class='ocrx_word' id='word_1_783' title='bbox 2736 3933 2951 3988; x_wconf 68' lang='lat' dir='ltr'><strong>Judazos</strong></span> <span class='ocrx_word' id='word_1_784' title='bbox 2968 3933 3235 4002; x_wconf 86' lang='lat' dir='ltr'><strong>respicere</strong></span> <span class='ocrx_word' id='word_1_785' title='bbox 3260 3973 3275 3996; x_wconf 93' lang='lat'><strong>,</strong></span> <span class='ocrx_word' id='word_1_786' title='bbox 3303 3932 3395 3986; x_wconf 89' lang='lat' dir='ltr'><strong>sed</strong></span> <span class='ocrx_word' id='word_1_787' title='bbox 3435 3931 3503 3986; x_wconf 89' lang='lat' dir='ltr'><strong>ad</strong></span> <span class='ocrx_word' id='word_1_788' title='bbox 3523 3946 3621 3987; x_wconf 87' lang='lat' dir='ltr'><strong>eos</strong></span> <span class='ocrx_word' id='word_1_789' title='bbox 3640 3934 3732 4002; x_wconf 90' lang='lat' dir='ltr'><strong>qui</strong></span> <span class='ocrx_word' id='word_1_790' title='bbox 3758 3947 3883 3987; x_wconf 87' lang='lat' dir='ltr'><strong>cre-</strong></span> 
     </span>
    </p>
   </div>
   <div class='ocr_carea' id='block_1_101' title="bbox 2282 4023 3886 4095">
    <p class='ocr_par' dir='ltr' id='par_1_101' title="bbox 2282 4023 3886 4095">
     <span class='ocr_line' id='line_1_101' title="bbox 2282 4023 3886 4095; baseline -0.001 -15"><span class='ocrx_word' id='word_1_791' title='bbox 2282 4026 2619 4081; x_wconf 81' lang='lat' dir='ltr'><strong>diderantex</strong></span> <span class='ocrx_word' id='word_1_792' title='bbox 2664 4026 2931 4095; x_wconf 89' lang='lat' dir='ltr'><strong>gentibus.</strong></span> <span class='ocrx_word' id='word_1_793' title='bbox 2972 4023 3043 4080; x_wconf 89' lang='lat' dir='ltr'><strong>Ut</strong></span> <span class='ocrx_word' id='word_1_794' title='bbox 3089 4025 3254 4091; x_wconf 82' lang='lat' dir='ltr'><strong>enim,</strong></span> <span class='ocrx_word' id='word_1_795' title='bbox 3308 4039 3431 4078; x_wconf 88' lang='lat' dir='ltr'><strong>cum</strong></span> <span class='ocrx_word' id='word_1_796' title='bbox 3484 4038 3675 4078; x_wconf 89' lang='lat' dir='ltr'><strong>omnes</strong></span> <span class='ocrx_word' id='word_1_797' title='bbox 3727 4034 3886 4078; x_wconf 87' lang='lat' dir='ltr'><strong>erant</strong></span> 
     </span>
    </p>
   </div>
   <div class='ocr_carea' id='block_1_102' title="bbox 2283 4114 3870 4185">
    <p class='ocr_par' dir='ltr' id='par_1_102' title="bbox 2283 4114 3870 4185">
     <span class='ocr_line' id='line_1_102' title="bbox 2283 4114 3870 4185; baseline -0.002 -13"><span class='ocrx_word' id='word_1_798' title='bbox 2283 4117 2475 4181; x_wconf 68' lang='lat' dir='ltr'><strong>Judzui,</strong></span> <span class='ocrx_word' id='word_1_799' title='bbox 2507 4118 2668 4171; x_wconf 88' lang='lat' dir='ltr'><strong>etiam</strong></span> <span class='ocrx_word' id='word_1_800' title='bbox 2699 4116 2894 4171; x_wconf 88' lang='lat' dir='ltr'><strong>Paulus</strong></span> <span class='ocrx_word' id='word_1_801' title='bbox 2940 4115 3211 4185; x_wconf 81' lang='lat' dir='ltr'><strong>judaizare</strong></span> <span class='ocrx_word' id='word_1_802' title='bbox 3250 4124 3465 4168; x_wconf 88' lang='lat' dir='ltr'><strong>coaetus</strong></span> <span class='ocrx_word' id='word_1_803' title='bbox 3491 4123 3618 4169; x_wconf 78' lang='lat' dir='ltr'><strong>est:</strong></span> <span class='ocrx_word' id='word_1_804' title='bbox 3647 4114 3721 4167; x_wconf 87' lang='lat' dir='ltr'><strong>ita</strong></span> <span class='ocrx_word' id='word_1_805' title='bbox 3746 4127 3870 4169; x_wconf 86' lang='lat' dir='ltr'><strong>cum</strong></span> 
     </span>
    </p>
   </div>
   <div class='ocr_carea' id='block_1_103' title="bbox 2286 4206 3883 4279">
    <p class='ocr_par' dir='ltr' id='par_1_103' title="bbox 2286 4206 3883 4279">
     <span class='ocr_line' id='line_1_103' title="bbox 2286 4206 3883 4279; baseline -0.002 -17"><span class='ocrx_word' id='word_1_806' title='bbox 2286 4209 2465 4278; x_wconf 85' lang='lat' dir='ltr'><strong>plures</strong></span> <span class='ocrx_word' id='word_1_807' title='bbox 2486 4218 2639 4265; x_wconf 86' lang='lat' dir='ltr'><strong>erant</strong></span> <span class='ocrx_word' id='word_1_808' title='bbox 2661 4223 2724 4263; x_wconf 80' lang='lat' dir='ltr'><strong>ex</strong></span> <span class='ocrx_word' id='word_1_809' title='bbox 2752 4207 3020 4279; x_wconf 85' lang='lat' dir='ltr'><strong>gentibus,</strong></span> <span class='ocrx_word' id='word_1_810' title='bbox 3051 4221 3150 4263; x_wconf 90' lang='lat' dir='ltr'><strong>nec</strong></span> <span class='ocrx_word' id='word_1_811' title='bbox 3174 4207 3335 4261; x_wconf 90' lang='lat' dir='ltr'><strong>ullam</strong></span> <span class='ocrx_word' id='word_1_812' title='bbox 3365 4206 3552 4260; x_wconf 82' lang='lat' dir='ltr'><strong>civitas</strong></span> <span class='ocrx_word' id='word_1_813' title='bbox 3582 4207 3883 4260; x_wconf 84' lang='lat' dir='ltr'><strong>necessita-</strong></span> 
     </span>
    </p>
   </div>
   <div class='ocr_carea' id='block_1_104' title="bbox 2290 4296 3886 4369">
    <p class='ocr_par' dir='ltr' id='par_1_104' title="bbox 2290 4296 3886 4369">
     <span class='ocr_line' id='line_1_104' title="bbox 2290 4296 3886 4369; baseline -0.001 -16"><span class='ocrx_word' id='word_1_814' title='bbox 2290 4309 2395 4353; x_wconf 88' lang='lat' dir='ltr'><strong>tem</strong></span> <span class='ocrx_word' id='word_1_815' title='bbox 2444 4299 2785 4369; x_wconf 78' lang='lat' dir='ltr'><strong>indulgentia:</strong></span> <span class='ocrx_word' id='word_1_816' title='bbox 2838 4298 3118 4363; x_wconf 69' lang='lat' dir='ltr'><strong>aﬂ‘erebat,</strong></span> <span class='ocrx_word' id='word_1_817' title='bbox 3173 4314 3278 4353; x_wconf 90' lang='lat' dir='ltr'><strong>non</strong></span> <span class='ocrx_word' id='word_1_818' title='bbox 3334 4296 3615 4366; x_wconf 84' lang='lat' dir='ltr'><strong>oportebat</strong></span> <span class='ocrx_word' id='word_1_819' title='bbox 3662 4307 3886 4367; x_wconf 81' lang='lat' dir='ltr'><strong>propter</strong></span> 
     </span>
    </p>
   </div>
   <div class='ocr_carea' id='block_1_105' title="bbox 2288 4388 3883 4459">
    <p class='ocr_par' dir='ltr' id='par_1_105' title="bbox 2288 4388 3883 4459">
     <span class='ocr_line' id='line_1_105' title="bbox 2288 4388 3883 4459; baseline -0.001 -17"><span class='ocrx_word' id='word_1_820' title='bbox 2288 4406 2484 4459; x_wconf 88' lang='lat' dir='ltr'><strong>paucos</strong></span> <span class='ocrx_word' id='word_1_821' title='bbox 2511 4391 2723 4447; x_wconf 78' lang='lat' dir='ltr'><strong>Judaeos</strong></span> <span class='ocrx_word' id='word_1_822' title='bbox 2747 4390 3003 4446; x_wconf 88' lang='lat' dir='ltr'><strong>seandalo</strong></span> <span class='ocrx_word' id='word_1_823' title='bbox 3029 4404 3149 4444; x_wconf 89' lang='lat' dir='ltr'><strong>esse</strong></span> <span class='ocrx_word' id='word_1_824' title='bbox 3190 4399 3264 4443; x_wconf 88' lang='lat' dir='ltr'><strong>tot</strong></span> <span class='ocrx_word' id='word_1_825' title='bbox 3293 4388 3600 4458; x_wconf 86' lang='lat' dir='ltr'><strong>gentilibus.</strong></span> <span class='ocrx_word' id='word_1_826' title='bbox 3641 4388 3711 4443; x_wconf 90' lang='lat' dir='ltr'><strong>At</strong></span> <span class='ocrx_word' id='word_1_827' title='bbox 3738 4389 3883 4442; x_wconf 91' lang='lat' dir='ltr'><strong>enim</strong></span> 
     </span>
    </p>
   </div>
   <div class='ocr_carea' id='block_1_106' title="bbox 2287 4478 3881 4552">
    <p class='ocr_par' dir='ltr' id='par_1_106' title="bbox 2287 4478 3881 4552">
     <span class='ocr_line' id='line_1_106' title="bbox 2287 4478 3881 4552; baseline -0.002 -18"><span class='ocrx_word' id='word_1_828' title='bbox 2287 4481 2389 4537; x_wconf 89' lang='lat' dir='ltr'><strong>huc</strong></span> <span class='ocrx_word' id='word_1_829' title='bbox 2420 4496 2524 4537; x_wconf 91' lang='lat' dir='ltr'><strong>non</strong></span> <span class='ocrx_word' id='word_1_830' title='bbox 2559 4481 2669 4552; x_wconf 83' lang='lat' dir='ltr'><strong>jam</strong></span> <span class='ocrx_word' id='word_1_831' title='bbox 2696 4481 2891 4537; x_wconf 90' lang='lat' dir='ltr'><strong>solutio</strong></span> <span class='ocrx_word' id='word_1_832' title='bbox 2918 4488 3021 4544; x_wconf 89' lang='lat' dir='ltr'><strong>est,</strong></span> <span class='ocrx_word' id='word_1_833' title='bbox 3052 4479 3147 4535; x_wconf 89' lang='lat' dir='ltr'><strong>sed</strong></span> <span class='ocrx_word' id='word_1_834' title='bbox 3174 4478 3518 4549; x_wconf 73' lang='lat' dir='ltr'><strong>anipliﬁcatio</strong></span> <span class='ocrx_word' id='word_1_835' title='bbox 3544 4478 3881 4549; x_wconf 65' lang='lat' dir='ltr'><strong>quaestionis.</strong></span> 
     </span>
    </p>
   </div>
   <div class='ocr_carea' id='block_1_107' title="bbox 2283 4567 3878 4640">
    <p class='ocr_par' dir='ltr' id='par_1_107' title="bbox 2283 4567 3878 4640">
     <span class='ocr_line' id='line_1_107' title="bbox 2283 4567 3878 4640; baseline -0.001 -14"><span class='ocrx_word' id='word_1_836' title='bbox 2283 4570 2437 4640; x_wconf 85' lang='lat' dir='ltr'><strong>Quod</strong></span> <span class='ocrx_word' id='word_1_837' title='bbox 2491 4573 2631 4627; x_wconf 87' lang='lat' dir='ltr'><strong>enim</strong></span> <span class='ocrx_word' id='word_1_838' title='bbox 2682 4570 2733 4627; x_wconf 91' lang='lat' dir='ltr'><strong>in</strong></span> <span class='ocrx_word' id='word_1_839' title='bbox 2754 4570 2977 4627; x_wconf 76' lang='lat' dir='ltr'><strong>exordio</strong></span> <span class='ocrx_word' id='word_1_840' title='bbox 3001 4570 3111 4625; x_wconf 76' lang='lat' dir='ltr'><strong>dixi</strong></span> <span class='ocrx_word' id='word_1_841' title='bbox 3136 4570 3394 4625; x_wconf 88' lang='lat' dir='ltr'><strong>orationis</strong></span> <span class='ocrx_word' id='word_1_842' title='bbox 3418 4609 3434 4634; x_wconf 94' lang='lat'><strong>,</strong></span> <span class='ocrx_word' id='word_1_843' title='bbox 3462 4582 3568 4623; x_wconf 92' lang='lat' dir='ltr'><strong>non</strong></span> <span class='ocrx_word' id='word_1_844' title='bbox 3614 4567 3665 4622; x_wconf 89' lang='lat' dir='ltr'><strong>id</strong></span> <span class='ocrx_word' id='word_1_845' title='bbox 3715 4568 3878 4624; x_wconf 88' lang='lat' dir='ltr'><strong>nobis</strong></span> 
     </span>
    </p>
   </div>
   <div class='ocr_carea' id='block_1_108' title="bbox 2289 4662 3887 4736">
    <p class='ocr_par' dir='ltr' id='par_1_108' title="bbox 2289 4662 3887 4736">
     <span class='ocr_line' id='line_1_108' title="bbox 2289 4662 3887 4736; baseline -0.001 -17"><span class='ocrx_word' id='word_1_846' title='bbox 2289 4666 2618 4736; x_wconf 88' lang='lat' dir='ltr'><strong>propositum</strong></span> <span class='ocrx_word' id='word_1_847' title='bbox 2646 4673 2728 4721; x_wconf 89' lang='lat' dir='ltr'><strong>est</strong></span> <span class='ocrx_word' id='word_1_848' title='bbox 2752 4706 2765 4727; x_wconf 90' lang='lat'><strong>,</strong></span> <span class='ocrx_word' id='word_1_849' title='bbox 2796 4674 2855 4720; x_wconf 91' lang='lat' dir='ltr'><strong>ut</strong></span> <span class='ocrx_word' id='word_1_850' title='bbox 2891 4662 3238 4720; x_wconf 85' lang='lat' dir='ltr'><strong>ostendamus</strong></span> <span class='ocrx_word' id='word_1_851' title='bbox 3280 4672 3428 4719; x_wconf 87' lang='lat' dir='ltr'><strong>recte</strong></span> <span class='ocrx_word' id='word_1_852' title='bbox 3470 4662 3887 4732; x_wconf 82' lang='lat' dir='ltr'><strong>reprehendisse</strong></span> 
     </span>
    </p>
   </div>
   <div class='ocr_carea' id='block_1_109' title="bbox 2286 4756 3886 4827">
    <p class='ocr_par' dir='ltr' id='par_1_109' title="bbox 2286 4756 3886 4827">
     <span class='ocr_line' id='line_1_109' title="bbox 2286 4756 3886 4827; baseline -0.001 -15"><span class='ocrx_word' id='word_1_853' title='bbox 2286 4759 2544 4822; x_wconf 88' lang='lat' dir='ltr'><strong>Paulum;</strong></span> <span class='ocrx_word' id='word_1_854' title='bbox 2597 4758 2676 4813; x_wconf 87' lang='lat' dir='ltr'><strong>sic</strong></span> <span class='ocrx_word' id='word_1_855' title='bbox 2726 4758 2868 4814; x_wconf 90' lang='lat' dir='ltr'><strong>enim</strong></span> <span class='ocrx_word' id='word_1_856' title='bbox 2916 4757 3092 4812; x_wconf 87' lang='lat' dir='ltr'><strong>adhuc</strong></span> <span class='ocrx_word' id='word_1_857' title='bbox 3141 4756 3364 4812; x_wconf 87' lang='lat' dir='ltr'><strong>restabit</strong></span> <span class='ocrx_word' id='word_1_858' title='bbox 3405 4756 3649 4827; x_wconf 67' lang='lat' dir='ltr'><strong>quaestio.</strong></span> <span class='ocrx_word' id='word_1_859' title='bbox 3692 4756 3886 4811; x_wconf 81' lang='lat' dir='ltr'><strong>Petrus</strong></span> 
     </span>
    </p>
   </div>
   <div class='ocr_carea' id='block_1_110' title="bbox 2283 4846 3880 4915">
    <p class='ocr_par' dir='ltr' id='par_1_110' title="bbox 2283 4846 3880 4915">
     <span class='ocr_line' id='line_1_110' title="bbox 2283 4846 3880 4915; baseline -0.002 -12"><span class='ocrx_word' id='word_1_860' title='bbox 2283 4849 2428 4903; x_wconf 88' lang='lat' dir='ltr'><strong>enim</strong></span> <span class='ocrx_word' id='word_1_861' title='bbox 2458 4848 2717 4902; x_wconf 79' lang='lat' dir='ltr'><strong>obnoxius</strong></span> <span class='ocrx_word' id='word_1_862' title='bbox 2755 4847 3111 4903; x_wconf 88' lang='lat' dir='ltr'><strong>criminationi</strong></span> <span class='ocrx_word' id='word_1_863' title='bbox 3158 4847 3459 4914; x_wconf 87' lang='lat' dir='ltr'><strong>videbitur;</strong></span> <span class='ocrx_word' id='word_1_864' title='bbox 3486 4847 3582 4903; x_wconf 84' lang='lat' dir='ltr'><strong>sed</strong></span> <span class='ocrx_word' id='word_1_865' title='bbox 3619 4846 3674 4902; x_wconf 87' lang='lat' dir='ltr'><strong>id</strong></span> <span class='ocrx_word' id='word_1_866' title='bbox 3704 4850 3880 4915; x_wconf 81' lang='lat' dir='ltr'><strong>potis-</strong></span> 
     </span>
    </p>
   </div>
   <div class='ocr_carea' id='block_1_111' title="bbox 2286 4939 3881 5011">
    <p class='ocr_par' dir='ltr' id='par_1_111' title="bbox 2286 4939 3881 5011">
     <span class='ocr_line' id='line_1_111' title="bbox 2286 4939 3881 5011; baseline 0.001 -17"><span class='ocrx_word' id='word_1_867' title='bbox 2286 4939 2479 4995; x_wconf 87' lang='lat' dir='ltr'><strong>simum</strong></span> <span class='ocrx_word' id='word_1_868' title='bbox 2508 4940 2816 5009; x_wconf 83' lang='lat' dir='ltr'><strong>qu:erimus,</strong></span> <span class='ocrx_word' id='word_1_869' title='bbox 2842 4956 2948 5010; x_wconf 90' lang='lat' dir='ltr'><strong>quo</strong></span> <span class='ocrx_word' id='word_1_870' title='bbox 2979 4950 3135 5010; x_wconf 86' lang='lat' dir='ltr'><strong>pacto</strong></span> <span class='ocrx_word' id='word_1_871' title='bbox 3162 4949 3217 4997; x_wconf 87' lang='lat' dir='ltr'><strong>et</strong></span> <span class='ocrx_word' id='word_1_872' title='bbox 3243 4940 3407 5005; x_wconf 88' lang='lat' dir='ltr'><strong>hunc,</strong></span> <span class='ocrx_word' id='word_1_873' title='bbox 3429 4950 3484 4996; x_wconf 90' lang='lat' dir='ltr'><strong>et</strong></span> <span class='ocrx_word' id='word_1_874' title='bbox 3510 4939 3661 4995; x_wconf 88' lang='lat' dir='ltr'><strong>illum</strong></span> <span class='ocrx_word' id='word_1_875' title='bbox 3694 4956 3881 5011; x_wconf 86' lang='lat' dir='ltr'><strong>repre-</strong></span> 
     </span>
    </p>
   </div>
   <div class='ocr_carea' id='block_1_112' title="bbox 2286 5028 3882 5101">
    <p class='ocr_par' dir='ltr' id='par_1_112' title="bbox 2286 5028 3882 5101">
     <span class='ocr_line' id='line_1_112' title="bbox 2286 5028 3882 5101; baseline 0.001 -18"><span class='ocrx_word' id='word_1_876' title='bbox 2286 5028 2546 5084; x_wconf 88' lang='lat' dir='ltr'><strong>hensione</strong></span> <span class='ocrx_word' id='word_1_877' title='bbox 2584 5028 2887 5089; x_wconf 88' lang='lat' dir='ltr'><strong>liberemus.</strong></span> <span class='ocrx_word' id='word_1_878' title='bbox 2931 5030 3175 5098; x_wconf 83' lang='lat' dir='ltr'><strong>Quonam</strong></span> <span class='ocrx_word' id='word_1_879' title='bbox 3212 5030 3371 5099; x_wconf 89' lang='lat' dir='ltr'><strong>igitur</strong></span> <span class='ocrx_word' id='word_1_880' title='bbox 3391 5040 3549 5101; x_wconf 86' lang='lat' dir='ltr'><strong>pacto</strong></span> <span class='ocrx_word' id='word_1_881' title='bbox 3583 5030 3635 5086; x_wconf 89' lang='lat' dir='ltr'><strong>id</strong></span> <span class='ocrx_word' id='word_1_882' title='bbox 3666 5029 3801 5085; x_wconf 69' lang='lat' dir='ltr'><strong>fiet?</strong></span> <span class='ocrx_word' id='word_1_883' title='bbox 3826 5028 3882 5085; x_wconf 85' lang='lat' dir='ltr'><strong>Si</strong></span> 
     </span>
    </p>
   </div>
   <div class='ocr_carea' id='block_1_113' title="bbox 2284 5120 3885 5192">
    <p class='ocr_par' dir='ltr' id='par_1_113' title="bbox 2284 5120 3885 5192">
     <span class='ocr_line' id='line_1_113' title="bbox 2284 5120 3885 5192; baseline 0.002 -20"><span class='ocrx_word' id='word_1_884' title='bbox 2284 5134 2387 5190; x_wconf 84' lang='lat' dir='ltr'><strong>qua</strong></span> <span class='ocrx_word' id='word_1_885' title='bbox 2414 5129 2593 5175; x_wconf 89' lang='lat' dir='ltr'><strong>mente</strong></span> <span class='ocrx_word' id='word_1_886' title='bbox 2619 5136 2754 5176; x_wconf 88' lang='lat' dir='ltr'><strong>unus</strong></span> <span class='ocrx_word' id='word_1_887' title='bbox 2779 5122 3091 5192; x_wconf 68' lang='lat' dir='ltr'><strong>increpat-it,</strong></span> <span class='ocrx_word' id='word_1_888' title='bbox 3122 5130 3179 5177; x_wconf 91' lang='lat' dir='ltr'><strong>ct</strong></span> <span class='ocrx_word' id='word_1_889' title='bbox 3205 5122 3343 5176; x_wconf 79' lang='lat' dir='ltr'><strong>alter</strong></span> <span class='ocrx_word' id='word_1_890' title='bbox 3372 5120 3530 5176; x_wconf 87' lang='lat' dir='ltr'><strong>fuerit</strong></span> <span class='ocrx_word' id='word_1_891' title='bbox 3554 5121 3885 5189; x_wconf 79' lang='lat' dir='ltr'><strong>increpatus.</strong></span> 
     </span>
    </p>
   </div>
   <div class='ocr_carea' id='block_1_114' title="bbox 2284 5209 3884 5282">
    <p class='ocr_par' dir='ltr' id='par_1_114' title="bbox 2284 5209 3884 5282">
     <span class='ocr_line' id='line_1_114' title="bbox 2284 5209 3884 5282; baseline -0.001 -17"><span class='ocrx_word' id='word_1_892' title='bbox 2284 5209 2584 5277; x_wconf 87' lang='lat' dir='ltr'><strong>discamus,</strong></span> <span class='ocrx_word' id='word_1_893' title='bbox 2615 5220 2671 5267; x_wconf 88' lang='lat' dir='ltr'><strong>et</strong></span> <span class='ocrx_word' id='word_1_894' title='bbox 2693 5212 3013 5267; x_wconf 85' lang='lat' dir='ltr'><strong>sententiam</strong></span> <span class='ocrx_word' id='word_1_895' title='bbox 3035 5212 3178 5266; x_wconf 88' lang='lat' dir='ltr'><strong>illam</strong></span> <span class='ocrx_word' id='word_1_896' title='bbox 3201 5212 3552 5282; x_wconf 76' lang='lat' dir='ltr'><strong>esplicemus.</strong></span> <span class='ocrx_word' id='word_1_897' title='bbox 3592 5210 3725 5279; x_wconf 80' lang='lat' dir='ltr'><strong>Qua:</strong></span> <span class='ocrx_word' id='word_1_898' title='bbox 3760 5219 3884 5265; x_wconf 85' lang='lat' dir='ltr'><strong>tan-</strong></span> 
     </span>
    </p>
   </div>
   <div class='ocr_carea' id='block_1_115' title="bbox 2285 5300 3885 5375">
    <p class='ocr_par' dir='ltr' id='par_1_115' title="bbox 2285 5300 3885 5375">
     <span class='ocr_line' id='line_1_115' title="bbox 2285 5300 3885 5375; baseline -0.003 -17"><span class='ocrx_word' id='word_1_899' title='bbox 2285 5302 2407 5358; x_wconf 89' lang='lat' dir='ltr'><strong>dem</strong></span> <span class='ocrx_word' id='word_1_900' title='bbox 2458 5303 2615 5375; x_wconf 83' lang='lat' dir='ltr'><strong>igitur</strong></span> <span class='ocrx_word' id='word_1_901' title='bbox 2643 5314 2727 5361; x_wconf 88' lang='lat' dir='ltr'><strong>est</strong></span> <span class='ocrx_word' id='word_1_902' title='bbox 2766 5304 2853 5358; x_wconf 87' lang='lat' dir='ltr'><strong>illa</strong></span> <span class='ocrx_word' id='word_1_903' title='bbox 2900 5304 3206 5359; x_wconf 78' lang='lat' dir='ltr'><strong>sententia?</strong></span> <span class='ocrx_word' id='word_1_904' title='bbox 3256 5302 3615 5359; x_wconf 76' lang='lat' dir='ltr'><strong>Vehementer</strong></span> <span class='ocrx_word' id='word_1_905' title='bbox 3664 5300 3885 5370; x_wconf 80' lang='lat' dir='ltr'><strong>optabat</strong></span> 
     </span>
    </p>
   </div>
   <div class='ocr_carea' id='block_1_116' title="bbox 2288 5391 3888 5468">
    <p class='ocr_par' dir='ltr' id='par_1_116' title="bbox 2288 5391 3888 5468">
     <span class='ocr_line' id='line_1_116' title="bbox 2288 5391 3888 5468; baseline -0.003 -17"><span class='ocrx_word' id='word_1_906' title='bbox 2288 5395 2508 5459; x_wconf 88' lang='lat' dir='ltr'><strong>Petrus,</strong></span> <span class='ocrx_word' id='word_1_907' title='bbox 2552 5412 2645 5452; x_wconf 83' lang='lat' dir='ltr'><strong>eos</strong></span> <span class='ocrx_word' id='word_1_908' title='bbox 2669 5397 2760 5467; x_wconf 92' lang='lat' dir='ltr'><strong>qui</strong></span> <span class='ocrx_word' id='word_1_909' title='bbox 2790 5395 3178 5451; x_wconf 85' lang='lat' dir='ltr'><strong>descenderant</strong></span> <span class='ocrx_word' id='word_1_910' title='bbox 3214 5395 3550 5468; x_wconf 81' lang='lat' dir='ltr'><strong>Jcrosulyma</strong></span> <span class='ocrx_word' id='word_1_911' title='bbox 3598 5408 3630 5447; x_wconf 82' lang='lat' dir='ltr'><strong>a</strong></span> <span class='ocrx_word' id='word_1_912' title='bbox 3679 5391 3888 5448; x_wconf 79' lang='lat' dir='ltr'><strong>Jacobo</strong></span> 
     </span>
    </p>
   </div>
   <div class='ocr_carea' id='block_1_117' title="bbox 2296 5480 3887 5554">
    <p class='ocr_par' dir='ltr' id='par_1_117' title="bbox 2296 5480 3887 5554">
     <span class='ocr_line' id='line_1_117' title="bbox 2296 5480 3887 5554; baseline -0.001 -15"><span class='ocrx_word' id='word_1_913' title='bbox 2296 5484 2541 5554; x_wconf 88' lang='lat' dir='ltr'><strong>profecti,</strong></span> <span class='ocrx_word' id='word_1_914' title='bbox 2565 5484 2783 5541; x_wconf 83' lang='lat' dir='ltr'><strong>Judaica</strong></span> <span class='ocrx_word' id='word_1_915' title='bbox 2810 5485 3188 5541; x_wconf 77' lang='lat' dir='ltr'><strong>observatione</strong></span> <span class='ocrx_word' id='word_1_916' title='bbox 3215 5484 3465 5541; x_wconf 84' lang='lat' dir='ltr'><strong>liberare.</strong></span> <span class='ocrx_word' id='word_1_917' title='bbox 3504 5481 3658 5551; x_wconf 86' lang='lat' dir='ltr'><strong>Quod</strong></span> <span class='ocrx_word' id='word_1_918' title='bbox 3677 5482 3722 5537; x_wconf 91' lang='lat' dir='ltr'><strong>si</strong></span> <span class='ocrx_word' id='word_1_919' title='bbox 3746 5480 3887 5537; x_wconf 82' lang='lat' dir='ltr'><strong>hanc</strong></span> 
     </span>
    </p>
   </div>
   <div class='ocr_carea' id='block_1_118' title="bbox 2288 5574 3888 5647">
    <p class='ocr_par' dir='ltr' id='par_1_118' title="bbox 2288 5574 3888 5647">
     <span class='ocr_line' id='line_1_118' title="bbox 2288 5574 3888 5647; baseline -0.004 -14"><span class='ocrx_word' id='word_1_920' title='bbox 2288 5580 2401 5647; x_wconf 86' lang='lat' dir='ltr'><strong>ipse</strong></span> <span class='ocrx_word' id='word_1_921' title='bbox 2427 5579 2745 5633; x_wconf 86' lang='lat' dir='ltr'><strong>sententiam</strong></span> <span class='ocrx_word' id='word_1_922' title='bbox 2772 5576 3173 5643; x_wconf 81' lang='lat' dir='ltr'><strong>introduxisset,</strong></span> <span class='ocrx_word' id='word_1_923' title='bbox 3200 5586 3254 5633; x_wconf 92' lang='lat' dir='ltr'><strong>et</strong></span> <span class='ocrx_word' id='word_1_924' title='bbox 3280 5578 3330 5632; x_wconf 92' lang='lat' dir='ltr'><strong>in</strong></span> <span class='ocrx_word' id='word_1_925' title='bbox 3358 5574 3595 5632; x_wconf 89' lang='lat' dir='ltr'><strong>medium</strong></span> <span class='ocrx_word' id='word_1_926' title='bbox 3636 5587 3888 5645; x_wconf 61' lang='lat' dir='ltr'><strong>prostes-</strong></span> 
     </span>
    </p>
   </div>
   <div class='ocr_carea' id='block_1_119' title="bbox 2287 5665 3889 5735">
    <p class='ocr_par' dir='ltr' id='par_1_119' title="bbox 2287 5665 3889 5735">
     <span class='ocr_line' id='line_1_119' title="bbox 2287 5665 3889 5735; baseline -0.004 -12"><span class='ocrx_word' id='word_1_927' title='bbox 2287 5681 2378 5723; x_wconf 86' lang='lat' dir='ltr'><strong>sus</strong></span> <span class='ocrx_word' id='word_1_928' title='bbox 2397 5665 2650 5734; x_wconf 78' lang='lat' dir='ltr'><strong>dixisset,</strong></span> <span class='ocrx_word' id='word_1_929' title='bbox 2683 5667 2919 5724; x_wconf 81' lang='lat' dir='ltr'><strong>Judaicis</strong></span> <span class='ocrx_word' id='word_1_930' title='bbox 2947 5666 3137 5721; x_wconf 82' lang='lat' dir='ltr'><strong>ritibus</strong></span> <span class='ocrx_word' id='word_1_931' title='bbox 3166 5667 3239 5721; x_wconf 91' lang='lat' dir='ltr'><strong>uti</strong></span> <span class='ocrx_word' id='word_1_932' title='bbox 3283 5666 3514 5722; x_wconf 88' lang='lat' dir='ltr'><strong>desinite</strong></span> <span class='ocrx_word' id='word_1_933' title='bbox 3533 5706 3552 5733; x_wconf 93' lang='lat'><strong>,</strong></span> <span class='ocrx_word' id='word_1_934' title='bbox 3579 5666 3732 5735; x_wconf 78' lang='lat' dir='ltr'><strong>quasi</strong></span> <span class='ocrx_word' id='word_1_935' title='bbox 3756 5678 3889 5720; x_wconf 85' lang='lat' dir='ltr'><strong>eon-</strong></span> 
     </span>
    </p>
   </div>
   <div class='ocr_carea' id='block_1_120' title="bbox 2289 5755 3893 5830">
    <p class='ocr_par' dir='ltr' id='par_1_120' title="bbox 2289 5755 3893 5830">
     <span class='ocr_line' id='line_1_120' title="bbox 2289 5755 3893 5830; baseline -0.002 -17"><span class='ocrx_word' id='word_1_936' title='bbox 2289 5758 2452 5813; x_wconf 83' lang='lat' dir='ltr'><strong>traria</strong></span> <span class='ocrx_word' id='word_1_937' title='bbox 2492 5758 2594 5814; x_wconf 80' lang='lat' dir='ltr'><strong>sibi</strong></span> <span class='ocrx_word' id='word_1_938' title='bbox 2644 5758 2783 5829; x_wconf 87' lang='lat' dir='ltr'><strong>ipsi,</strong></span> <span class='ocrx_word' id='word_1_939' title='bbox 2814 5768 2869 5815; x_wconf 86' lang='lat' dir='ltr'><strong>et</strong></span> <span class='ocrx_word' id='word_1_940' title='bbox 2898 5758 2965 5814; x_wconf 81' lang='lat' dir='ltr'><strong>iis</strong></span> <span class='ocrx_word' id='word_1_941' title='bbox 2988 5756 3255 5827; x_wconf 86' lang='lat' dir='ltr'><strong>omnibus,</strong></span> <span class='ocrx_word' id='word_1_942' title='bbox 3287 5772 3408 5830; x_wconf 63' lang='lat' dir='ltr'><strong>quae</strong></span> <span class='ocrx_word' id='word_1_943' title='bbox 3434 5757 3505 5813; x_wconf 83' lang='lat' dir='ltr'><strong>ab</strong></span> <span class='ocrx_word' id='word_1_944' title='bbox 3532 5756 3649 5828; x_wconf 84' lang='lat' dir='ltr'><strong>ipso</strong></span> <span class='ocrx_word' id='word_1_945' title='bbox 3672 5755 3893 5810; x_wconf 81' lang='lat' dir='ltr'><strong>fuerant</strong></span> 
     </span>
    </p>
   </div>
  </div>
