4194 6302
239 400 343 458 385

232 525 360 571 ante
407 517 635 584 patrata,
662 502 984 579 prtediearet
1005 539 1022 567 ,
1049 492 1330 584 discipulis
1352 488 1467 584 suis
1517 483 1829 584 scandalum

238 576 520 661 attulisset.
563 576 770 656 Rursus
800 594 848 651 si
892 593 1031 649 hanc
1056 587 1125 645 ad
1152 586 1273 643 illos
1303 580 1507 640 Paulus
1528 576 1831 636 oralionem

235 696 519 754 direxisset
536 734 552 759 ,
583 702 918 762 nequaquam
960 679 1385 754 acquievissent,
1432 688 1609 745 neque
1647 669 1835 727 audire

234 788 556 861 potuissent.
598 782 732 839 Nam
757 779 849 851 qui
876 774 1112 847 alioquin
1136 770 1364 829 oderant
1388 767 1571 861 illum,
1601 771 1657 819 et
1678 776 1838 861 aves»

234 854 493 935 sabantur
516 874 587 931 ob
616 871 842 929 similem
871 878 1117 939 sparsum
1145 873 1436 926 rumorem,
1460 856 1629 914 multo
1643 854 1833 925 magis,

237 969 281 1026 si
310 970 477 1024 etiam
524 967 625 1022 ista
674 961 1044 1020 consulentem
1082 953 1379 1020 audissent,
1432 950 1590 1022 plane
1639 946 1838 1001 abhor-

232 1059 491 1118 ruissent.
530 1055 668 1126 Quid
696 1066 828 1123 ergo
854 1048 1051 1105 factum
1075 1043 1197 1101 est?
1223 1041 1440 1099 Judzos
1466 1037 1708 1118 quidem,
1740 1036 1833 1108 qui

233 1157 392 1206 erant
417 1163 448 1204 a
467 1145 689 1207 laccho,
712 1143 889 1198 nullus
916 1139 1129 1195 illorum
1158 1129 1494 1203 increpabat,
1526 1126 1623 1184 sed
1652 1128 1833 1183 incre-

236 1241 507 1311 pationetn
534 1235 736 1307 excipit
763 1233 953 1289 Petrus
971 1242 1004 1285 a
1027 1226 1194 1285 Paulo
1217 1221 1600 1311 reprehensus,
1625 1226 1686 1311 ut
1709 1232 1833 1311 cum

230 1307 594 1401 acoapostolo
620 1332 896 1381 correctus
908 1318 1086 1385 fuerit,
1107 1317 1250 1389 iusta
1272 1328 1393 1371 cum
1422 1310 1615 1368 ﬁducia
1640 1307 1837 1401 deinde

236 1399 406 1494 possit
432 1416 728 1489 discipulos
752 1412 1039 1485 obiurgare
1064 1427 1080 1465 :
1105 1417 1163 1465 et
1204 1405 1447 1478 arguitur
1472 1401 1704 1494 quidem
1729 1399 1836 1457 Pe-

232 1491 368 1577 t'rus,
398 1511 738 1579 corriguntur
756 1512 936 1559 autem
958 1496 1226 1570 discipuli.
1265 1494 1381 1552 Hoc
1410 1493 1573 1551 etiam
1602 1491 1658 1547 iu
1699 1504 1837 1547 coas-

234 1602 496 1660 tractibus
545 1599 607 1655 ﬁt
646 1593 1015 1654 molaribus.
1055 1589 1192 1647 Nam
1240 1587 1287 1645 si
1329 1584 1549 1658 quando
1589 1579 1837 1639 nonnulli

229 1694 470 1752 civilium
499 1691 819 1748 tributorum
842 1684 1047 1755 reliqua
1073 1681 1325 1744 debeant,
1349 1668 1413 1735 ac
1433 1674 1631 1735 deinde
1652 1672 1727 1729 illi
1743 1672 1836 1744 qui

229 1784 472 1843 exacturi
501 1788 629 1838 sunt
668 1778 785 1845 illa,
814 1791 925 1834 non
956 1773 1190 1832 audeant
1208 1813 1235 1841 ,7
1255 1770 1354 1829 sed
1382 1768 1704 1827 erubescant
1744 1780 1839 1822 ve-

232 1878 536 1935 hemeulius
549 1874 669 1931 illos
689 1886 899 1944 urgere,
916 1877 976 1925 ut
987 1868 1247 1939 maiorem
1261 1870 1479 1936 captent
1495 1860 1837 1918 occasionem

229 1986 297 2027 ac
317 1968 624 2025 facultatem
654 1965 759 2022 illis
785 1961 1156 2019 vehementius
1197 1954 1461 2022 instandi,
1504 1969 1536 2010 a
1564 1954 1837 2012 commili-

231 2060 450 2117 tonibus
477 2056 695 2128 spoliari
720 2070 780 2111 se
803 2062 1018 2121 curant,
1057 2058 1114 2108 et
1156 2046 1419 2106 conviciis
1458 2044 1624 2113 allici,
1671 2054 1834 2117 atque

230 2152 354 2209 aliis
381 2147 678 2207 innumeris
701 2146 883 2202 vexari
922 2143 1081 2201 malis
1107 2144 1161 2198 in
1183 2149 1477 2211 conspectu
1504 2138 1747 2206 illorum,
1776 2147 1838 2194 ut

232 2242 362 2297 dum
389 2241 488 2296 ista
519 2239 675 2306 ﬁunt,
698 2251 1035 2309 nequaquam
1060 2250 1129 2291 ex
1156 2247 1235 2299 se,
1255 2240 1349 2287 aut
1376 2245 1472 2287 sua
1498 2239 1712 2303 sponte,
1739 2232 1834 2287 sed

230 2331 479 2402 imposita
500 2345 531 2385 a
558 2329 770 2385 caeteris
796 2324 1117 2382 necessitate
1137 2322 1423 2378 videantur
1448 2320 1571 2377 illos
1599 2336 1833 2392 urgere:

228 2433 286 2479 et
311 2422 454 2477 illata
480 2437 509 2475 a
535 2420 746 2475 eseteris
774 2416 1099 2473 contumelia
1127 2413 1268 2486 apud
1310 2413 1449 2469 alios
1496 2413 1628 2484 ipsis
1668 2412 1837 2469 obno-

226 2516 353 2572 xios
380 2512 745 2571 excusationis
769 2525 953 2566 ansam
977 2507 1300 2580 suppeditat.

304 2609 393 2665 I7.
432 2606 537 2663 Cur
559 2623 614 2661 se
651 2604 802 2676 argui
834 2602 1047 2658 coluerit
1090 2601 1317 2665 Petrus;
1346 2599 1641 2654 simulatam
1667 2599 1833 2670 fuisse

230 2698 669 2768 reprehensionem
682 2695 929 2769 ostendit.
968 2723 1042 2735 —
1081 2692 1193 2747 Hoc
1226 2700 1281 2746 et
1310 2692 1363 2746 in
1392 2690 1560 2746 Paulo
1588 2704 1650 2744 ac
1675 2690 1836 2746 Petro

229 2791 446 2848 accidit.
507 2788 783 2845 Debebunt
848 2786 993 2842 enim
1069 2785 1273 2855 reliqua
1325 2782 1580 2839 nonnulla
1638 2781 1831 2838 Judaei.

232 2886 489 2953 Quanam
519 2882 607 2937 illa
638 2878 839 2952 porro?
864 2877 1125 2933 Nimirum
1167 2886 1219 2930 ut
1251 2889 1281 2929 a
1314 2872 1592 2930 Judaismo
1623 2873 1835 2944 penitus

231 2975 582 3032 abstinerent.
622 2971 750 3027 “me
776 2970 978 3039 reliqua
1004 2968 1194 3024 Petrus
1216 2966 1567 3022 vehementer
1593 2974 1836 3035 repetere

232 3066 503 3137 cupiebat,
532 3073 587 3119 et
616 3077 804 3133 puram
831 3060 900 3116 ab
926 3059 1033 3115 illis
1060 3058 1219 3113 iidem
1240 3056 1479 3128 exigere.
1519 3054 1653 3112 Cum
1676 3056 1839 3127 igitur

235 3159 494 3229 ntajorcm
517 3154 826 3210 facultatem
853 3161 909 3207 et
936 3151 1275 3207 occasionem
1294 3146 1587 3203 exactionis
1602 3146 1839 3217 eiusmo-

234 3248 287 3303 di
314 3246 547 3303 nancisci
572 3244 751 3310 vellet,
776 3257 806 3296 a
834 3240 1000 3297 Paulo
1028 3254 1089 3295 se
1114 3239 1467 3294 vehementer
1492 3236 1753 3307 increpari
1783 3243 1840 3293 et

233 3338 507 3410 obiurgari
534 3336 759 3402 curavit,
792 3342 849 3389 ut
870 3333 988 3389 hac
1020 3330 1268 3386 simulata
1306 3318 1609 3399 increpatio
1636 3328 1838 3399 justam

236 3430 336 3499 ipsi
366 3428 625 3483 adversus
667 3426 787 3481 illos
813 3438 1003 3479 ansam
1044 3430 1101 3479 et
1152 3420 1493 3477 occasionem
1548 3420 1838 3492 praberet.

238 3522 443 3578 Idcirco
462 3520 623 3575 etiam
651 3517 705 3572 in
734 3517 853 3587 ipso
868 3514 1043 3581 initio,
1066 3511 1135 3567 In
1158 3512 1361 3582 faciem,
1390 3511 1596 3583 inquit,
1629 3512 1730 3582 ipsi
1753 3528 1843 3569 rs-

246 3614 374 3677 stiti,
403 3622 458 3669 et
484 3611 571 3667 hic
597 3624 806 3676 mnus,
836 3607 960 3663 Dixi
982 3604 1139 3661 Petro
1165 3620 1337 3660 coruus
1361 3604 1610 3659 omnibus.
1630 3603 1765 3660 Nam
1794 3605 1841 3661 si

238 3705 456 3778 quidem
476 3704 693 3760 Petrum
721 3700 995 3772 corrigere
1018 3698 1278 3754 voluisset
1301 3738 1317 3758 .
1350 3695 1597 3767 privatim
1623 3695 1677 3751 id
1700 3694 1843 3768 egis-

238 3803 344 3861 set,
374 3793 472 3851 sed
496 3792 746 3865 quoniam
775 3804 883 3845 non
929 3787 983 3844 id
1008 3793 1145 3851 erat,
1170 3784 1313 3857 quod
1340 3784 1582 3841 studiose
1623 3794 1847 3855 expete-

241 3886 335 3941 bat
362 3884 608 3955 (noverat
630 3880 776 3939 enim
796 3894 900 3951 qua
921 3885 1103 3934 mente
1123 3885 1316 3932 cuncta
1346 3874 1435 3931 illa
1456 3873 1708 3947 faceret),
1741 3875 1840 3932 sed

242 3992 360 4045 eos,
390 3977 483 4048 qui
507 3976 600 4032 diu
624 3972 1080 4037 claudicaverant,
1111 3968 1354 4026 stabilire
1378 3968 1651 4042 cupiebat,
1674 3967 1843 4025 idcir-

243 4085 311 4127 co
338 4069 393 4126 in
420 4076 711 4141 conspectu
750 4064 991 4122 omnium
1026 4062 1248 4119 adhibet
1292 4061 1731 4131 increpationem.
1774 4062 1847 4117 At

244 4162 439 4220 Petrus
466 4159 715 4225 sustinet,
747 4166 804 4214 et
857 4164 1018 4220 tacet,
1041 4168 1220 4227 neque
1262 4153 1600 4209 contradicit.
1628 4152 1847 4209 Sciebat

244 4252 443 4324 quippe
469 4266 579 4323 quo
606 4250 788 4305 animo
817 4246 1015 4304 Paulus
1042 4245 1368 4315 increparet,
1384 4253 1439 4299 et
1464 4251 1634 4303 totum
1653 4242 1845 4299 Petrus

245 4343 474 4400 tacendo
516 4340 845 4414 perﬁciebat.
884 4338 1016 4409 Eius
1060 4336 1264 4409 quippe
1306 4336 1577 4391 silentium
1629 4334 1846 4392 ludus

245 4434 476 4490 docebat
503 4447 613 4487 non
649 4430 881 4502 amplius
916 4428 1049 4500 legis
1076 4428 1269 4483 ritibus
1296 4426 1680 4483 adhaerendum
1702 4433 1845 4482 esse.

246 4523 435 4597 Neque
459 4524 603 4578 enim
627 4522 883 4592 magister
909 4520 1023 4591 ipse
1045 4518 1301 4575 tacuisset
1316 4557 1333 4585 ,
1359 4518 1669 4589 inquiebant
1689 4558 1707 4586 ,
1742 4516 1847 4573 nisi

246 4615 348 4672 sibi
360 4614 608 4671 conscius
633 4620 797 4677 esset,
821 4612 1017 4668 merito
1040 4624 1100 4665 se
1119 4625 1149 4665 a
1176 4609 1345 4665 Paulo
1366 4610 1529 4665 luisse
1550 4610 1847 4680 reprehen-

246 4723 391 4776 aum.
420 4706 551 4774 Sed,
570 4706 614 4760 si
632 4706 827 4776 placet,
852 4705 1023 4775 ipsam
1038 4702 1516 4773 reprehensionem
1536 4702 1841 4758 audiamus.

248 4798 376 4857 Dixi
402 4796 564 4854 Petro
582 4812 752 4853 coram
782 4796 1013 4850 omnibus
1031 4834 1047 4857 ,
1079 4793 1269 4865 inquit,
1299 4791 1363 4848 Si
1391 4802 1475 4857 tu,
1498 4808 1614 4847 cuin
1630 4791 1849 4849 ludatis

246 4895 342 4962 sis,
383 4890 636 4965 gentiliter
675 4887 817 4943 vivis.
867 4884 1245 4943 Animadverte
1290 4883 1627 4956 prudentiam
1674 4900 1691 4938 :
1740 4899 1848 4940 non

253 4984 389 5040 dixit
411 4982 483 5039 illi
509 4999 524 5037 :
550 4979 686 5035 Male
712 4978 848 5049 agis,
872 4976 998 5031 dum
1039 4974 1253 5046 iudaice
1277 4974 1413 5030 vivis
1444 4974 1576 5030 :sed
1615 4974 1847 5046 priorem

250 5077 371 5145 eius
407 5073 581 5144 arguit
604 5069 1087 5133 conversationem,
1121 5077 1182 5123 ut
1225 5084 1331 5123 non
1357 5067 1468 5137 iam
1492 5084 1557 5124 ex
1584 5070 1848 5124 sententia

251 5162 407 5226 Pauli
446 5159 741 5218 admonitio
789 5170 844 5215 et
890 5158 1200 5223 consilium,
1233 5158 1328 5213 sed
1358 5172 1425 5213 ex
1453 5157 1595 5213 Petri
1644 5158 1850 5229 iudicio

249 5257 363 5328 iam
389 5267 644 5323 expresso
682 5250 929 5307 videatur
968 5249 1173 5305 inferri.
1216 5249 1349 5306 Nam
1370 5251 1418 5305 si
1447 5250 1663 5320 quidem
1684 5252 1851 5307 dixis-

255 5355 361 5409 set,
391 5342 525 5399 Iole
542 5341 657 5412 agis
682 5340 722 5409 ⁸,
741 5340 867 5396 dum
886 5340 1059 5411 legem
1076 5339 1355 5407 observas,
1376 5338 1850 5410 reprehendissent

258 5436 402 5493 Petri
421 5430 667 5503 discipuli
696 5431 847 5501 tiam
877 5445 1005 5486 vero
1048 5444 1171 5485 cum
1214 5430 1458 5497 audiunt,
1489 5446 1594 5486 nou
1634 5447 1756 5489 esse
1785 5451 1850 5490 cx

257 5534 437 5583 mente
465 5522 621 5581 Pauli
666 5521 1083 5578 admonitionem
1136 5522 1301 5588 illam,
1329 5521 1413 5577 vel
1438 5524 1850 5595 correctionem,

257 5618 353 5679 sed
379 5617 552 5689 ipsum
579 5616 797 5671 Petrum
821 5615 892 5671 ita
916 5616 1097 5670 vivere
1123 5614 1359 5677 solitum.
1385 5624 1439 5671 et
1466 5612 1582 5669 haec
1603 5616 1853 5689 dogmata

250 5709 313 5766 in
336 5709 519 5765 animo
547 5706 819 5777 habuisse,
852 5706 1048 5763 vellent
1078 5706 1276 5761 nollent
1302 5745 1319 5772 ,
1342 5705 1624 5778 quiescere
1647 5707 1855 5764 debue-

328 5822 346 5855 ι
381 5822 485 5883 alii,
509 5823 626 5875 bene
647 5822 768 5887 agis.

1251 398 1320 455 IN
1361 398 1589 462 ILLUD,
1632 394 1700 451 IN
1742 390 1997 451 FACIEBI
2040 395 2108 454 El
2153 394 2455 455 RESTITI.

1943 490 2091 541 runt.
2131 482 2422 555 Propterea
2465 495 2641 554 neque
2690 479 2887 537 Petrus
2928 476 3075 540 illam
3100 480 3421 538 anteanam
3450 479 3535 539 in-

1938 574 2192 642 troducit,
2214 589 2400 631 verum
2419 572 2492 629 ab
2504 570 2678 628 altero
2705 585 2767 627 se
2789 568 3028 641 coargui,
3054 567 3159 627 hoc
3178 578 3264 625 est
3284 584 3317 625 a
3342 568 3534 639 Paulo,

1940 669 2221 743 permittit,
2246 677 2303 725 et
2330 667 2473 733 silet,
2503 674 2563 722 ut
2588 664 2831 721 doctrina
2863 662 3072 721 facilius
3098 661 3270 734 possit
3304 662 3536 722 admitti.

2014 761 2104 818 l8.
2142 760 2331 832 Neque
2386 773 2517 816 vero
2561 767 2770 815 tantum
2824 753 2951 812 inde
2999 754 3150 811 Pauli
3199 754 3539 827 prudentiam

1939 864 2187 926 spectare
2214 854 2361 921 licet,
2389 850 2486 909 sed
2504 867 2571 907 ex
2608 851 2674 906 iis
2696 850 2883 915 etiam,
2911 862 3033 919 quc
3068 846 3266 904 deinde
3292 860 3417 904 sunt
3458 846 3543 903 di-

1938 955 2045 1003 cta.
2084 944 2201 1002 Non
2225 944 2370 1001 enim
2399 942 2555 1006 dixit,
2580 940 2739 1007 Situ,
2765 956 2887 996 cum
2912 938 3133 996 Judaeus
3150 938 3247 1005 sis,
3271 939 3543 1011 gentiliter

1938 1039 2175 1103 vivebas,
2206 1047 2263 1096 et
2283 1053 2388 1093 non
2415 1036 2657 1102 iudaice,
2686 1032 2782 1090 sed
2808 1030 2989 1089 Vivis:
3013 1030 3194 1103 itaque
3212 1046 3355 1088 nunc
3375 1032 3542 1088 etiarn

1936 1131 2183 1189 eamdem
2209 1129 2531 1186 sentemiam
2560 1126 2803 1197 sequeris
2832 1123 3118 1197 :quodqne
3143 1123 3365 1179 multam
3400 1123 3544 1194 sapit

1940 1223 2280 1295 prudentiam
2308 1260 2327 1289 ,
2382 1236 2507 1277 mox
2559 1219 2828 1289 adjicitur.
2889 1216 3024 1273 Cum
3074 1216 3219 1272 enim
3267 1215 3540 1285 dixisset,

1941 1317 2208 1373 Gentiliter
2241 1315 2385 1379 uiris,
2414 1330 2534 1369 cum
2579 1310 2798 1367 ludcus
2839 1312 2933 1378 sis,
2955 1325 3064 1365 non
3110 1308 3381 1380 adiunxit,
3432 1309 3545 1367 Cur

1939 1406 2158 1465 Judzos
2177 1405 2336 1476 cogis
2350 1402 2659 1475 judaisare?
2687 1400 2781 1457 sed
2806 1400 2934 1470 quid
2949 1401 2975 1441 ν
2994 1399 3101 1456 Cur
3121 1409 3313 1472 gentes,
3346 1398 3541 1471 inquit,

1949 1501 2091 1571 cogis
2121 1496 2437 1571 judaisare!
2464 1504 2523 1550 ut
2559 1492 2686 1549 dum
2712 1490 2813 1548 sibi
2838 1489 3133 1560 discipulos
3171 1505 3299 1547 suos
3333 1489 3547 1547 videtur

1938 1592 2233 1657 vindicare,
2260 1598 2316 1645 et
2338 1587 2408 1643 de
2441 1584 2692 1659 gentibus
2718 1598 2840 1640 esse
2874 1580 3377 1649 sollicitusJudzeis
3420 1596 3547 1637 sua-

1940 1685 2083 1748 deat.
2110 1693 2171 1739 ut
2201 1680 2509 1751 abantiqua
2558 1674 2947 1734 consuetudine
2972 1674 3248 1732 recedant.
3284 1673 3417 1730 Nam
3471 1674 3545 1730 si-

1940 1778 2198 1835 mulatam
2238 1789 2362 1831 esse
2380 1770 2889 1843 reprehensionem,
2917 1783 2985 1824 ex
3007 1768 3071 1823 iis
3093 1767 3226 1838 ipsis
3252 1782 3375 1839 qua:
3399 1766 3543 1823 dicta

1940 1879 2087 1938 sunt,
2114 1869 2305 1939 liquet.
2344 1865 2480 1923 Cum
2526 1862 2670 1919 enim
2711 1859 2873 1932 paulo
2922 1867 3050 1915 ante
3089 1858 3335 1926 dixisset,
3362 1856 3542 1914 Abdu-

1939 1964 2181 2019 cebsntur
2204 1975 2321 2015 cum
2340 1974 2399 2014 eo
2417 1955 2587 2012 creteri
2611 1953 2815 2019 Judci,
2842 1950 2945 2008 hoc
2975 1950 3095 2007 loco
3118 1950 3218 2018 ait,
3242 1950 3348 2006 Cur
3370 1960 3543 2022 gentes

1939 2048 2411 2126 eogisjutlaisare?
2462 2047 2624 2118 Atqui
2672 2043 2959 2101 dicendum
3000 2051 3141 2110 erat,
3178 2040 3293 2097 Cur
3325 2039 3544 2100 Judmos

1938 2145 2087 2217 cogis
2106 2141 2415 2215 iudaisare?
2442 2140 2546 2208 Qui
2576 2139 2721 2195 enim
2748 2136 2908 2193 simul
2937 2134 3156 2191 abducti
3172 2133 3406 2202 fuerant,
3433 2148 3543 2192 non

1938 2254 2006 2295 ex
2032 2234 2280 2309 gentibus
2309 2241 2464 2290 erant
2490 2273 2507 2299 ,
2532 2221 2629 2287 sed
2668 2227 2863 2286 Judaei.
2911 2226 3292 2284 Verumtamen
3334 2226 3383 2283 si
3440 2226 3546 2284 hoc

1939 2328 2188 2393 dixisset,
2236 2324 2397 2409 pgiqu
2451 2320 2695 2392 asperior
2723 2319 2835 2389 visa
2862 2326 3027 2409 esset
3060 2318 3257 2384 oratio,
3301 2331 3402 2375 nec
3435 2318 3548 2375 ullo

1939 2419 2103 2476 modo
2121 2418 2171 2473 ei
2191 2403 2544 2481 conveniens,
2568 2411 2765 2482 quippe
2780 2408 2873 2482 qui
2893 2403 3133 2481 gentium
3152 2408 3345 2465 doctor
3362 2416 3510 2465 esset
3528 2425 3544 2465 :

1934 2512 2046 2583 iam
2067 2524 2195 2566 vero
2228 2524 2323 2579 per
2350 2504 2588 2577 speciem
2611 2502 2943 2559 defensionis
2971 2511 3025 2558 et
3043 2517 3187 2557 cura:
3212 2515 3430 2556 suorum
3462 2499 3546 2557 di-

1939 2602 2266 2673 scipulorum
2283 2640 2299 2663 ,
2316 2598 2608 2653 immunem
2630 2610 2694 2650 ac
2714 2594 2938 2650 liberam
2948 2592 3374 2664 obiurgationem
3394 2607 3548 2650 suam

1939 2693 2137 2750 reddit.
2158 2693 2334 2763 Atque
2372 2699 2428 2744 ut
2448 2687 2759 2760 intelligatis
2796 2685 3094 2741 orationem
3126 2685 3271 2740 illam
3303 2700 3410 2741 non
3434 2684 3548 2757 iam

1939 2784 2413 2855 reprehensionem
2463 2780 2606 2837 Petri
2646 2778 2845 2846 fuisse,
2868 2777 2963 2834 sed
2994 2777 3415 2834 admonitionem
3436 2818 3453 2844 ,
3486 2792 3551 2834 se

1940 2877 2239 2932 doctrinam
2270 2872 2470 2931 ludatis
2495 2889 2593 2944 per
2645 2871 2881 2942 speciem
2922 2869 3361 2941 reprehensionis
3405 2868 3551 2926 Petri

1941 2968 2234 3025 adhibitam
2256 3009 2273 3036 ,
2308 2967 2430 3022 audi
2458 2982 2579 3037 qua:
2621 2974 2918 3036 sequuntur
2946 2981 2961 3018 :
3008 2962 3123 3018 Nos
3142 2972 3327 3017 natura
3352 2960 3551 3033 Judtei,

1941 3069 1990 3115 et
2027 3076 2129 3115 non
2152 3057 2461 3129 agentibus
2499 3065 2784 3126 peccatores
2810 3052 2958 3123 (Col.
2996 3053 3052 3110 2.
3091 3053 3205 3127 lli).
3243 3053 3380 3110 Hac
3403 3056 3552 3112 enim

1935 3150 2051 3223 iam
2094 3159 2221 3206 sunt
2262 3149 2425 3205 verba
2468 3147 2735 3214 docentis,
2785 3145 3053 3216 nequead
3098 3145 3315 3202 Petrum
3358 3154 3551 3203 cuncta

1940 3241 2272 3308 referuntur,
2295 3239 2390 3295 sed
2408 3240 2712 3295 orationem
2740 3235 2915 3293 reddit
2934 3251 3298 3292 communem.
3317 3237 3374 3295 Si
3398 3239 3546 3295 enim

1944 3342 2214 3404 tamquam
2253 3331 2456 3387 docens
2505 3330 2573 3385 ab
2616 3329 2770 3384 initio
2822 3327 2940 3384 hac
2980 3327 3390 3397 introduxisset,
3443 3344 3553 3387 non

1945 3424 2195 3482 tulissent
2220 3422 2392 3481 ιιιᾱωὶ
2420 3438 2435 3489 ;
2460 3421 2569 3492 iam
2594 3435 2724 3477 vero
2748 3435 2871 3475 eum
2904 3419 3057 3474 initio
3074 3435 3105 3473 a
3126 3419 3554 3489 reprehensione

1944 3516 2131 3584 ducto,
2147 3527 2204 3572 et
2229 3513 2375 3585 quod
2399 3513 2642 3568 videatur
2662 3512 2858 3568 merito
2882 3510 3102 3568 Petrum
3125 3510 3551 3582 reprehendere,

1944 3620 2006 3665 ut
2032 3607 2122 3681 qui
2138 3620 2437 3663 conversos
2453 3620 2521 3660 ex
2545 3602 2798 3674 gentibus
2817 3601 2884 3657 ad
2909 3602 3044 3674 legis
3068 3605 3266 3658 rituum
3288 3602 3555 3659 observa-

1947 3704 2148 3760 tionem
2175 3700 2395 3756 allicere
2413 3696 2688 3753 videretur
2706 3737 2721 3761 ,
2748 3697 2944 3752 transit
2975 3693 3173 3752 deinde
3216 3694 3555 3753 conﬁdenter

1947 3795 2016 3852 ad
2040 3794 2465 3851 admonitionem
2496 3799 2554 3846 et
2577 3790 2898 3863 consilium,
2933 3786 3091 3859 quasi
3131 3787 3203 3843 ab
3244 3790 3362 3859 ipsa
3407 3788 3553 3845 serie

1950 3896 2233 3956 tractuque
2255 3882 2525 3940 sermonis
2543 3896 2611 3937 eo
2634 3866 2851 3937 delatus
2878 3877 3091 3935 fuisset.
3118 3876 3198 3935 Ne
3218 3879 3373 3935 enim
3395 3877 3553 3949 quis-

1946 3979 2091 4051 piam
2118 3977 2256 4034 t'orte
2274 3990 2397 4032 cum
2426 3972 2707 4041 audiisset,
2739 3971 2926 4028 Gsntes
2949 3971 3089 4042 cogis
3102 3968 3397 4043 iudcium,
3421 3970 3555 4027 solis

1950 4071 2059 4127 illis
2089 4076 2303 4141 putaret
2323 4066 2603 4139 iudaisare
2629 4079 2741 4121 non
2778 4078 2904 4122 esse
2947 4063 3308 4134 permissum,
3334 4062 3432 4121 sed
3455 4062 3557 4121 Ju-

1948 4161 2084 4219 daeis
2111 4161 2297 4225 licere.
2318 4158 2617 4217 orationem
2649 4154 2848 4239 redigit
2860 4153 2930 4212 ad
2956 4154 3107 4227 ipsos
3119 4154 3393 4212 doctores.
3413 4154 3557 4228 Quid

1950 4268 2053 4327 ego
2074 4252 2141 4310 de
2163 4252 2434 4324 gentibus,
2466 4250 2659 4323 inquit,
2680 4256 2776 4304 aut
2810 4245 3036 4318 reliquis
3077 4243 3282 4303 ludatis
3321 4245 3557 4319 loquor?

1952 4344 2068 4401 imo
2095 4343 2258 4401 etiam
2278 4341 2529 4399 doctores
2557 4354 2657 4396 nos
2683 4348 2741 4396 et
2762 4337 3035 4411 apostoli-
3060 4336 3247 4409 Neque
3258 4336 3360 4393 hoc
3379 4336 3556 4395 solum

1952 4449 2132 4491 causa:
2178 4434 2577 4488 ﬁrmamentum
2606 4430 2797 4498 alert,
2824 4428 2921 4486 sed
2947 4430 3112 4485 etiam
3159 4428 3303 4500 quod
3350 4442 3450 4485 nos
3487 4444 3557 4489 ex

1954 4524 2189 4597 posteris
2238 4522 2411 4579 Judaei
2450 4522 2670 4594 penitus
2702 4536 2735 4577 a
2783 4520 2904 4592 iege
2948 4519 3381 4577 discesserimus.
3423 4519 3557 4590 Qua:

1955 4616 2115 4673 nobis
2142 4615 2302 4687 igitur
2325 4614 2439 4670 dari
2465 4614 2619 4669 venia
2643 4613 2861 4685 poterit,
2892 4612 2939 4669 si
2968 4618 3201 4669 exteros
3222 4609 3290 4668 ad
3312 4611 3414 4667 hoc
3434 4627 3559 4683 per.

1954 4708 2268 4765 trahamus?
2287 4704 2451 4763 Vides
2474 4716 2535 4762 ut
2558 4705 2776 4763 Judaos
2794 4705 3005 4762 occulte
3036 4714 3243 4778 carpat,
3270 4716 3327 4762 et
3349 4705 3557 4762 doctrio

1955 4814 2080 4854 nam
2110 4796 2406 4870 perfectam
2431 4795 2761 4853 constituat?
2796 4796 2933 4852 Cum
2964 4797 3109 4854 enim
3151 4796 3376 4853 dixisset
3397 4837 3415 4863 ,
3444 4794 3559 4854 Nos

1956 4900 2144 4944 natura
2167 4886 2342 4944 Judci
2368 4928 2386 4954 ,
2406 4896 2457 4943 es
2482 4903 2586 4943 non
2620 4903 2685 4943 ea:
2709 4887 2961 4960 gentibus,
2984 4898 3274 4959 potatores
3298 4904 3320 4943 :
3342 4897 3399 4945 et
3423 4903 3560 4945 cau-

1956 4997 2072 5039 sam
2099 4982 2256 5038 aﬂert
2281 4981 2475 5037 rationi
2503 4989 2926 5037 consentaneam
2944 4980 3016 5037 ob
3039 4996 3201 5051 quam
3225 4995 3259 5035 a
3278 4978 3559 5039 Judaismo

1957 5074 2304 5130 desciverant
2337 5087 2353 5126 :
2385 5072 2652 5139 Scientes,
2679 5072 2817 5143 quod
2853 5087 2957 5126 non
2976 5071 3298 5142 iustiﬁcetur
3324 5069 3479 5125 homo
3497 5087 3564 5131 sa

1958 5168 2193 5238 operibus
2222 5166 2347 5238 legis
2366 5205 2382 5231 ,
2414 5166 2514 5220 nisi
2544 5180 2635 5236 per
2666 5164 2819 5235 ﬁdem
2843 5163 2973 5220 Iesu
2999 5160 3190 5220 Christi
3211 5178 3233 5222 :
3256 5178 3348 5218 nos
3366 5179 3567 5233 quoque

1957 5260 2013 5313 in
2038 5258 2298 5313 Christum
2331 5256 2511 5313 Iesum
2552 5256 2898 5323 credidimus,
2926 5265 2980 5310 ut
3004 5256 3352 5329 justi/iectu"
3373 5272 3438 5314 es
3458 5256 3566 5326 ﬁds

1958 5350 2170 5418 Christi,
2204 5360 2375 5405 etnon
2404 5364 2467 5404 ea:
2493 5350 2729 5417 operibus
2752 5349 2897 5421 legis,
2937 5363 2998 5403 eo
3044 5346 3184 5418 quod
3228 5362 3332 5404 nos
3360 5346 3562 5417 justiﬁ-

1960 5456 2101 5501 cetur
2121 5445 2271 5499 homo
2296 5460 2361 5497 ea:
2386 5442 2624 5513 operibus
2662 5442 2810 5514 legis,
2843 5441 2941 5496 nisi
2965 5456 3056 5512 per
3080 5440 3233 5511 ﬁdem
3258 5437 3387 5494 Jesu
3411 5438 3555 5498 ωτι

1959 5538 2026 5593 m'
2056 5534 2199 5607 (Gal.
2226 5534 2283 5590 ς.
2317 5535 2429 5601 te).

2031 5617 2121 5673 l9.
2156 5615 2538 5685 Infirmitatem
2565 5616 2695 5689 legis
2725 5618 2958 5673 inculcet
2983 5614 3548 5689 apostolum—Vides

1961 5715 2023 5762 ut
2048 5708 2368 5779 frequenter
2385 5707 2726 5763 inﬁrmitatis
2745 5709 2883 5781 legis
2908 5708 3076 5768 faciat
3109 5711 3469 5777 mentionem,
3491 5718 3551 5773 et

1958 5799 2187 5869 iustitiae
2202 5816 2325 5872 qua:
2339 5809 2499 5857 estex
2517 5800 2657 5857 inde?
2672 5798 2736 5857 Et
2751 5802 2954 5861 crebro
2966 5803 3209 5862 inculcat
3219 5818 3283 5863 ea
3295 5802 3544 5871 nomina,
