4194 6302
703 349 809 405 387

700 456 970 524 quodnon
998 465 1081 511 est
1108 454 1543 524 repreliendentis
1562 494 1579 517 .
1606 453 1701 511 sed
1726 453 1969 510 docentis
1997 461 2051 508 et
2076 466 2274 509 consu-

702 550 881 605 lentis.
910 549 1127 613 Verum,
1155 558 1212 604 ut
1237 548 1478 605 dicebam
1502 590 1517 613 ,
1546 549 1590 605 si
1615 550 1829 620 quidem
1852 592 1870 618 ,
1897 560 1954 605 ut
1982 550 2033 604 in
2062 548 2278 604 ludcos

701 638 1079 705 inveberetur,
1110 638 1225 697 ltro
1248 638 1491 705 diceret,
1516 650 1693 695 actum
1723 651 1900 706 esset,
1930 655 1992 695 ac
2021 653 2107 693 res
2134 646 2277 694 esset

695 730 854 800 plane
893 729 1162 799 deplorata
1186 770 1203 797 ,
1232 729 1373 801 quod
1405 730 1479 785 illi
1510 729 1666 800 hujus
1708 730 2006 785 doctrinam
2054 730 2275 784 minime

694 818 896 874 ferrent
923 835 939 873 :
966 819 1216 888 quoniam
1262 830 1439 874 autem
1477 820 1543 874 ad
1574 819 1789 875 Petrum
1815 818 2113 873 orationem
2141 832 2277 872 con-

692 910 879 974 vertit,
911 908 985 962 illi
1008 908 1146 964 clam
1189 909 1465 965 utilitatem
1512 909 1903 981 percipiebant,
1933 907 2059 963 dum
2087 923 2273 977 repre-

691 1000 1013 1055 henderetur
1034 1015 1097 1055 ac
1122 1010 1322 1055 taceret
1340 1000 1549 1067 Petrus,
1566 1001 1786 1071 ejusque
1807 1001 2069 1055 sententia
2099 1000 2273 1055 omnis

690 1091 1027 1161 detegeretur
1061 1107 1165 1145 non
1193 1092 1263 1147 ab
1306 1080 1457 1161 ipso,
1484 1092 1577 1148 sed
1605 1108 1634 1146 a
1665 1092 1973 1162 coapostolo
1994 1132 2007 1155 ,
2037 1100 2091 1146 et
2128 1092 2275 1160 prior

686 1178 806 1249 ejus
834 1183 1167 1237 conuersatio
1194 1183 1246 1236 in
1278 1182 1507 1238 medium
1539 1182 1883 1251 proferretur.
1917 1181 2119 1237 Deinde
2144 1197 2272 1237 vero

687 1288 755 1327 ne
800 1272 940 1342 apud
987 1288 1045 1329 se
1071 1273 1552 1343 dicerentzltaque
1596 1273 1721 1328 licet
1765 1273 1953 1328 Petrus
1986 1280 2042 1327 et
2076 1271 2271 1328 Paulus

682 1378 962 1434 perperam
992 1364 1197 1434 egerint
1216 1380 1235 1419 :
1250 1365 1419 1435 justas
1444 1375 1500 1420 et
1526 1364 1847 1419 indubitatas
1868 1362 2024 1419 aﬁert
2050 1378 2263 1429 causas,

680 1454 754 1508 ob
804 1469 938 1524 quas
986 1452 1235 1509 Judaicis‘
1259 1453 1447 1509 ritibus
1493 1453 1875 1509 adhmreudum
1908 1470 2015 1508 non
2048 1463 2149 1508 est.
2180 1454 2270 1507 Ea:

682 1559 815 1599 vero
858 1553 1016 1609 sunt,
1055 1544 1194 1613 quod
1221 1542 1509 1613 iustiﬁcare
1546 1544 1631 1599 les
1683 1543 1902 1599 minime
1946 1541 2269 1613 possit,sed

687 1636 822 1691 ﬁdes
869 1645 1092 1691 tantum.
1140 1637 1311 1704 Atque
1355 1634 1443 1689 hic
1488 1634 1701 1705 quidem
1741 1634 1849 1691 leni
1888 1649 1953 1690 ac
1997 1634 2269 1690 moderata

685 1725 1179 1781 ntitur'oratione:
1211 1741 1524 1797 progressus
1567 1735 1744 1781 autem
1787 1726 2059 1796 paululum
2100 1727 2267 1781 velte-

671 1818 1002 1871 .mentiorem
1049 1815 1267 1872 adhibet
1305 1825 1361 1872 et
1402 1818 1681 1872 acriorem.
1726 1818 1873 1885 Quod
1913 1819 1957 1872 si
1994 1827 2269 1891 qua-rentes

682 1908 950 1972 iustiﬁcari
988 1907 1040 1959 in
1085 1906 1285 1961 Christo
1330 1907 1520 1961 inventi
1544 1924 1717 1961 stratus
1744 1918 1793 1961 et
1830 1909 2264 1978 ipsi'pcaatores,

683 2016 800 2054 sum
836 1999 1062 2057 Christus
1096 1998 1284 2068 peccati
1325 2000 1637 2053 uinisterest
1670 1998 1861 2069 (Galot.
1881 2000 1938 2056 ἓ.
1968 1998 2092 2067 ιητ
2116 1999 2265 2068 Quod

679 2098 860 2146 autem
886 2091 1015 2146 dicit
1041 2091 1197 2149 talem
1226 2092 1543 2146 sententiam
1573 2091 1731 2147 habet
1762 2110 1775 2145 :
1809 2092 1968 2148 Fides
1988 2093 2261 2161 justiﬁeat,

679 2191 734 2235 et
756 2194 785 2234 a
813 2180 1001 2236 ritibus
1025 2180 1259 2235 ludaicis
1274 2180 1425 2249 jubet
1449 2180 1743 2247 discedere,
1766 2191 1824 2236 ut
1851 2184 1940 2252 qui
1956 2182 2066 2252 jam
2092 2198 2267 2237 cessa-

678 2273 787 2326 rint
811 2290 824 2324 :
846 2272 987 2342 quod
1011 2272 1058 2327 si
1098 2272 1272 2327 adhuc
1300 2273 1385 2326 lex
1412 2273 1639 2341 imperat
1664 2282 1820 2343 atque
1844 2272 2148 2327 dominatur
2171 2313 2184 2337 ,
2213 2283 2267 2329 et

675 2364 765 2432 qui
789 2378 906 2419 eam
930 2361 1244 2429 deseruerit,
1262 2362 1705 2432 prmvaricationis
1726 2372 1807 2419 cst
1834 2345 1977 2428 redi,
1999 2362 2265 2433 Christus,

678 2456 768 2526 qni
792 2457 998 2519 nobis,
1030 2466 1085 2511 ut
1131 2456 1274 2511 illam
1318 2456 1724 2522 desereremus,
1762 2458 2079 2527 imperavit,
2109 2458 2264 2513 nobis

680 2545 1127 2615 praivaricationis
1154 2554 1342 2600 auctor
1368 2543 1530 2601 fuisse
1550 2547 1863 2616 reperietur,
1891 2562 2065 2617 neque
2091 2546 2264 2603 solum

680 2650 782 2689 nos
811 2645 1029 2705 peccato
1058 2651 1166 2689 non
1193 2635 1466 2701 liberasse,
1498 2636 1592 2691 sed
1623 2646 1676 2691 et
1703 2638 1755 2691 in
1785 2647 2058 2707 peccatum
2088 2638 2264 2708 impu-

679 2726 827 2781 lisse.
860 2725 916 2781 Si
957 2727 1100 2781 enim
1142 2726 1212 2781 ob
1256 2725 1413 2782 ﬁdem
1441 2726 1613 2797 legem
1651 2727 1984 2784 deseruimus
2006 2770 2021 2794 ,
2048 2744 2210 2801 porro
2234 2745 2265 2784 a

686 2816 802 2885 lege
847 2815 1160 2871 discessisse
1203 2826 1479 2885 peccatum
1508 2826 1625 2881 est,
1655 2818 1785 2873 ﬁdes
1809 2819 1879 2874 ob
1904 2834 2061 2889 quam
2092 2820 2263 2889 legem

680 2908 1032 2973 deseruimus,
1066 2908 1178 2978 ipsa
1200 2908 1351 2963 nobis
1378 2907 1513 2962 facta
1542 2918 1623 2964 est
1647 2924 1805 2964 causa
1836 2911 2058 2979 peccati.
2086 2908 2266 2977 Quan-

681 3000 751 3054 do
775 3010 950 3055 autem
976 2982 1351 3055 ad‘absurdum
1372 3000 1483 3069 jam
1509 3017 1811 3057 sermonem
1837 3003 2057 3073 redegit,
2089 3019 2263 3074 neque

681 3091 783 3146 ulla
834 3091 1287 3147 demonstratione
1348 3091 1573 3162 indiguit
1618 3092 1685 3147 ad
1747 3092 2118 3157 relutandum,
2166 3094 2261 3149 sed

676 3191 960 3237 contentus
986 3180 1083 3236 luit
1109 3181 1289 3239 dicere
1311 3223 1329 3250 ,
1359 3181 1528 3249 Absit,
1557 3182 1697 3254 quod
1725 3182 2025 3243 absurdius
2055 3186 2109 3239 in
2132 3200 2263 3240 con-

679 3272 819 3327 fesso
862 3282 1048 3327 esset:
1079 3272 1140 3328 Si
1180 3275 1347 3341 enim,
1390 3274 1590 3343 inquit,
1637 3289 1749 3343 qua!
1794 3274 2056 3340 destrinxi,
2082 3276 2264 3327 iterum

681 3366 788 3419 hac
812 3367 1031 3434 ediﬁce,
1055 3367 1485 3431 prevaricatorem
1512 3382 1589 3418 me
1614 3366 1859 3421 constituo
1880 3365 2019 3435 (Gal.
2044 3366 2099 3419 2.
2132 3366 2217 3436 l8)
2247 3385 2261 3421 :

680 3457 733 3509 in
759 3456 1081 3509 contrarium
1109 3457 1373 3511 convertit
1401 3455 1695 3509 orationem
1721 3495 1736 3519 ,
1767 3464 1822 3511 et
1851 3456 2115 3522 ostendit,
2152 3474 2255 3511 non

680 3546 974 3617 transgredi
1004 3546 1173 3615 legem
1197 3587 1213 3611 ,
1244 3545 1336 3599 sed
1366 3546 1534 3616 legem
1565 3562 1668 3599 non
1697 3545 1970 3611 deserere,
1995 3547 2095 3601 hoc
2120 3563 2259 3617 pra:-

675 3638 1022 3691 varicatorem
1052 3636 1312 3700 reddere;
1345 3647 1398 3691 et
1430 3652 1523 3705 per
1552 3638 1782 3704 speciem
1814 3640 2039 3707 promite
2070 3654 2258 3708 perso-

680 3744 761 3783 na:
787 3742 971 3783 rursus
997 3728 1209 3782 Petrum
1232 3727 1492 3797 designat.
1524 3728 1579 3782 In
1610 3744 1714 3796 quo
1739 3729 1880 3783 enim
1908 3730 2095 3784 Petrus
2116 3730 2263 3785 cibo-

682 3834 799 3874 rum
832 3808 1269 3883 observationem
1295 3819 1507 3873 violavit
1532 3860 1548 3881 ,
1573 3820 1662 3888 qui
1697 3820 1963 3897 gentiliter
2006 3830 2263 3888 statuerat

680 3907 901 3962 vivere?
930 3908 1059 3962 Cum
1104 3906 1261 3977 igitur
1303 3908 1369 3962 ad
1415 3908 1627 3963 ludmos
1682 3910 1873 3965 iterum
1923 3910 2176 3975 redierit,
2210 3922 2265 3967 et

676 4012 797 4051 cum
824 3997 925 4051 illis
947 3998 1429 4069 vivat,repcrietur
1461 3999 1722 4056 aediﬁcare
1748 4017 1869 4071 qua:
1906 4002 2260 4058 destruxcrat.

752 4088 841 4142 20.
884 4087 1044 4142 Vides
1071 4102 1177 4157 quo
1202 4099 1356 4157 pacto
1386 4088 1579 4158 ubique
1602 4090 1653 4145 in
1686 4090 2133 4148 condemnatione
2164 4095 2265 4150 Pe-

680 4182 744 4235 tri
776 4179 996 4244 luerent,
1028 4190 1079 4234 et
1108 4182 1337 4249 priorem
1363 4182 1531 4251 ipsius
1555 4185 2012 4239 conversationem
2040 4186 2264 4241 manife-

678 4280 817 4326 stet:
841 4279 896 4325 ut
922 4286 1025 4324 non
1053 4287 1084 4325 a
1109 4271 1285 4341 lingua
1316 4270 1496 4340 Pauli,
1526 4272 1621 4329 sed
1645 4288 1676 4328 a
1706 4284 1885 4332 mente
1913 4274 2077 4344 Petri,
2102 4293 2261 4349 quam

1400 342 1454 399 8.
1492 339 1772 399 JOANNIS
1806 338 2277 396 Clllll'SOSTOlll
2313 339 2635 400 Αιιοιιιερ.
2675 342 3218 401 οοκδτΑΝτιΝον,

3870 351 3977 407 3³⁸8

2381 455 2545 509 rebus
2570 455 2700 527 ipsis
2722 454 3029 511 ostenderat
3046 496 3062 522 ,
3093 454 3263 511 Judci
3288 452 3704 512 admonitionem
3732 459 3979 527 accipere

2381 545 2699 602 videantur?
2723 547 3011 617 Propterea
3037 546 3166 602 dicit
3192 564 3205 601 :
3238 545 3440 602 Tims
3462 563 3547 603 eos
3568 549 3657 618 qui
3677 565 3741 603 α
3766 550 3977 603 σίνηαι·

2379 636 2568 692 eisim
2597 648 2772 704 erasit,
2802 648 2857 693 et
2884 638 3015 708 Quin
3049 640 3384 713 reprehensus
3416 650 3559 704 aut;
3586 651 3642 695 et
3671 642 3823 708 Quod
3870 660 3974 695 non

2378 740 2513 785 recte
2536 730 2813 784 antestaret
2837 730 2908 783 ad
2932 732 3188 787 ueritatem
3212 733 3479 804 evangelii.
3499 733 3614 789 Non
3643 734 3787 806 quod
3818 736 3889 790 ita
3913 751 3973 791 se

2381 820 2600 875 haberet
2626 838 2641 876 :
2666 820 2835 887 absit;
2867 820 2971 876 boc
2990 823 3135 878 enim
3164 824 3410 894 pluribus
3434 824 3926 881 demonstravimus
3955 844 3971 881 :

2377 912 2472 969 sed
2490 913 2937 983 quemadmodum
2967 921 3086 969 tum
3101 917 3357 984 temporis
3380 917 3811 987 reprehendebat
3831 919 3971 971 Pan-

2376 1003 2481 1067 las.
2503 1014 2559 1060 et
2587 1003 2701 1059 lucc
2728 1004 2956 1061 audiens
2985 1005 3176 1061 Petrus
3203 1006 3451 1071 tacebat,
3480 1023 3547 1064 ne
3571 1008 3716 1064 Pauli
3746 1008 3974 1077 diapen-

2375 1095 2637 1150 sationem
2666 1103 2953 1162 everteret,
2977 1102 3033 1150 et
3058 1103 3345 1150 contentus
3368 1103 3483 1150 erat
3508 1097 3657 1165 quasi
3688 1113 3795 1152 non
3818 1106 3971 1152 recte

2374 1192 2589 1253 ageret,
2610 1184 3031 1254 objurgationem
3069 1184 3389 1249 admittere,
3416 1194 3476 1239 ut
3514 1185 3645 1240 illud
3674 1186 3775 1241 sibi
3826 1187 3975 1255 apud

2374 1274 2666 1344 discipulos
2702 1274 3033 1331 excusationi
3074 1284 3257 1331 esset:
3289 1276 3360 1330 ita
3406 1276 3658 1331 nimirum
3699 1293 3839 1332 nunc
3868 1277 3975 1332 iste

2373 1364 2561 1419 eodem
2604 1364 2827 1420 consilio
2864 1379 2973 1434 quo
3013 1364 3231 1419 Petrum
3261 1364 3554 1433 arguebat,
3586 1364 3700 1420 hac
3740 1364 3973 1432 scribit,

2372 1470 2492 1524 qua:
2518 1463 2628 1509 tum
2654 1454 2924 1510 scribebat
2950 1453 3017 1509 ad
3055 1453 3293 1510 Galatas.
3314 1452 3446 1509 Nam
3479 1454 3524 1509 si
3553 1464 3663 1509 tum
3692 1455 3967 1526 obiurgari

2374 1546 2588 1601 Petrum
2612 1585 2629 1613 ,
2655 1556 2710 1601 et
2754 1556 2933 1601 tacere
2958 1585 2975 1613 ,
3006 1546 3137 1601 utile
3161 1544 3362 1600 Judmis
3399 1556 3549 1611 erat,
3580 1546 3751 1601 multo
3795 1548 3972 1618 magis

2372 1652 2516 1693 nunc
2549 1637 2711 1692 etiam
2752 1636 2850 1692 ista
2876 1635 2943 1693 de
2984 1636 3102 1707 ipso
3142 1636 3454 1707 praedicari,
3484 1638 3613 1692 utile
3640 1638 3706 1692 iis
3741 1647 3861 1692 erat
3890 1653 3961 1692 es

2370 1726 2574 1782 Galatia
2598 1766 2614 1791 ,
2639 1726 2731 1796 qui
2759 1726 2975 1781 fuerant
2994 1725 3288 1796 depravati.
3318 1726 3387 1783 Ut
3406 1726 3551 1782 enim
3583 1730 3677 1797 qui
3705 1736 3817 1782 tum
3848 1729 3963 1781 An-

2373 1816 2582 1871 tiochia
2604 1816 2890 1885 degebant,
2913 1830 3033 1870 cum
3057 1815 3254 1870 acriter
3273 1816 3659 1885 reprehensum
3673 1825 3968 1871 cernerent

2362 1906 2585 1961 Petrum
2611 1946 2627 1973 ,
2658 1918 2712 1961 et
2740 1915 3008 1963 tacentem
3033 1946 3051 1973 ,
3077 1905 3317 1976 magistri
3343 1906 3687 1960 accusatione
3724 1906 3969 1975 corrige-

2370 1997 2653 2063 bantur,ac
2666 1997 2910 2053 silentio:
2927 1998 3005 2053 sic
3023 2005 3076 2051 et
3088 2010 3235 2052 nuttc
3252 1995 3476 2062 Galataz,
3494 1996 3584 2067 qui
3598 1996 3790 2052 eodem
3816 2012 3965 2052 mor-

2366 2087 2442 2143 bo
2482 2086 2716 2144 iudaice
2757 2088 3148 2145 observationis
3194 2088 3439 2143 laborant
3462 2128 3477 2152 ,
3500 2096 3555 2142 et
3583 2086 3709 2142 dum
3743 2087 3967 2143 Paulum

2368 2178 2593 2233 audiunt
2620 2178 2736 2233 haec
2764 2178 2831 2234 de
2851 2179 2967 2248 ipso
2989 2178 3275 2243 dicentem,
3305 2186 3487 2246 utpote
3514 2177 3639 2247 quia
3668 2178 3969 2248 reprehen-

2368 2286 2464 2325 sus
2488 2278 2641 2333 erat,
2674 2279 2730 2323 et
2757 2285 2864 2323 non
2890 2278 3035 2324 recte
3058 2270 3361 2323 ambulabat
3384 2268 3451 2323 ad
3482 2270 3760 2324 veritatem
3790 2283 3967 2349 evan-

2367 2365 2516 2434 gelii,
2541 2379 2769 2433 cumque
2790 2372 3005 2433 propter
3026 2360 3143 2416 haec
3164 2361 3473 2430 obiurgatus
3500 2360 3732 2415 siluisset
3756 2376 3773 2414 :
3795 2360 3971 2415 maxi-

2368 2470 2510 2510 mam
2552 2454 2675 2509 indc
2717 2452 3076 2523 percipiebant
3123 2450 3540 2517 doctrinam,ul
3576 2465 3683 2505 non
3729 2451 3969 2520 amplius

2367 2547 2605 2603 ludaicis
2651 2544 2844 2601 ritibus
2884 2544 3242 2598 adlimrerent.
3275 2540 3479 2596 Idcirco
3503 2541 3664 2595 etiam
3691 2539 3892 2596 Paulus
3913 2551 3968 2595 et

2370 2649 2494 2695 tunc
2517 2637 2847 2707 increpavit,
2873 2643 2928 2690 et
2956 2650 3097 2688 nunc
3128 2634 3271 2686 illius
3298 2632 3549 2701 temporis
3574 2630 3970 2701 objurgationis

2368 2731 2691 2785 mentionem
2717 2726 2841 2781 facit
2864 2743 2879 2780 :
2902 2739 3074 2794 neque
3093 2724 3271 2779 minus
3290 2722 3489 2776 idcirco
3512 2720 3730 2775 Petrum
3760 2720 3968 2777 laudari

2366 2817 2637 2881 convenit,
2655 2814 2799 2886 quod
2823 2814 3071 2869 omnibus
3093 2813 3175 2876 iis,
3205 2828 3323 2883 quae
3341 2811 3481 2865 dicta
3504 2818 3631 2866 sunt
3649 2824 3968 2875 ,assensum

2368 2908 2676 2981 prtebucrit.
2706 2905 2799 2960 Ille
2825 2904 2967 2959 enim
2990 2902 3107 2969 luit,
3136 2902 3224 2973 qui
3249 2901 3433 2957 omnia
3455 2900 3726 2971 prastitit,
3758 2901 3853 2970 qui
3879 2915 3970 2955 ao-

2365 3000 2540 3058 cusari
2579 3016 2639 3054 se
2666 3012 2853 3067 passus
2878 3006 2961 3052 est
2984 3038 3001 3064 ,
3026 3006 3082 3052 et
3109 2994 3387 3050 conticuit.
3418 2993 3516 3049 llic
3538 2993 3968 3065 dispensationis

2365 3103 2448 3148 est
2488 3092 2711 3146 fructus.
2747 3088 2825 3145 Ita
2870 3103 2968 3143 nos
3006 3096 3289 3157 utrumque
3332 3086 3692 3156 apostolorum
3735 3085 3970 3142 crimine

2366 3183 2729 3247 liberavimus,
2756 3180 2967 3248 utrique
2990 3193 3121 3233 vero
3144 3177 3330 3231 laudes
3347 3175 3614 3231 debentur
3640 3174 3966 3231 innumera.

2366 3273 2507 3345 quod
2536 3272 2603 3327 ad
2629 3272 2853 3327 aliorum
2882 3270 3107 3325 salutem
3135 3270 3313 3324 omnia
3344 3267 3530 3323 audire
3552 3267 3863 3323 studuerint
3890 3267 3968 3324 sl-

2368 3364 2509 3429 mul,
2537 3378 2601 3419 ac
2628 3362 2827 3417 dicere.
2865 3359 2974 3415 Nos
3017 3367 3196 3415 autem
3234 3358 3490 3428 deinceps
3531 3358 3674 3413 Petri
3708 3364 3770 3412 et
3813 3356 3968 3413 Pauli

2366 3458 2531 3511 Deum
2552 3469 2821 3531 rogemus,
2850 3462 2904 3508 ut
2923 3452 3012 3523 qui
3043 3451 3238 3507 mutuis
3268 3451 3387 3506 illos
3405 3449 3705 3505 concordiae
3724 3448 3969 3504 vinculis

2365 3549 2504 3602 inter
2529 3562 2589 3601 se
2628 3545 2910 3609 devinxit,
2943 3558 3043 3598 nos
3077 3557 3291 3615 quoque
3328 3551 3519 3597 mutuo
3564 3539 3964 3595 vehementiori

2364 3638 2587 3693 caritate
2611 3638 2984 3705 constringat:
3010 3648 3119 3705 quo
3155 3633 3369 3688 tandem
3404 3640 3641 3687 mutuam
3672 3631 3817 3685 inter
3868 3644 3969 3685 nos

2365 3729 2657 3785 secundum
2710 3729 2879 3785 Deum
2936 3727 3277 3783 concordiam
3331 3725 3619 3791 foventes,
3648 3734 3967 3779 sanctorum

2366 3822 2575 3876 illorum
2621 3831 2910 3890 conspectu
2960 3818 3278 3888 dignemur,
3309 3826 3366 3872 et
3407 3817 3460 3872 in
3510 3817 3730 3872 aeternis
3773 3831 3967 3871 eorum

2368 3914 2633 3983 possimus
2661 3910 3016 3966 tabernaculis
3054 3908 3274 3963 inveniri
3299 3950 3315 3973 ,
3344 3908 3511 3978 gratia
3541 3917 3598 3963 et
3628 3906 3965 3977 benignitate

2368 4006 2575 4061 Domini
2614 4004 2783 4059 nostri
2823 4002 2952 4058 Jesu
2996 4001 3195 4057 Christi
3218 4042 3232 4066 ,
3264 4015 3357 4071 per
3383 4014 3541 4069 quem
3574 4040 3590 4065 ,
3618 4007 3668 4053 et
3700 4013 3829 4053 cum
3858 4012 3967 4068 quo

2367 4095 2512 4151 Patri
2540 4106 2593 4150 et
2622 4094 2839 4163 Spiritui
2870 4102 3054 4147 sancto
3078 4131 3093 4153 ,
3120 4090 3289 4160 gloria
3316 4130 3331 4153 ,
3359 4089 3638 4158 imperium
3657 4128 3674 4153 ,
3706 4086 3887 4141 honor
3915 4096 3966 4141 et

2368 4186 2606 4241 adoratio
2630 4226 2647 4254 ,
2674 4200 2815 4241 nunc
2842 4191 2895 4240 ct
2921 4196 3136 4252 semper
3160 4220 3175 4247 ,
3203 4188 3256 4234 et
3285 4179 3340 4235 in
3377 4177 3568 4235 saecula
3614 4178 3963 4233 seculorum.

2368 4279 2562 4333 Amen.

1680 4836 1864 4896 FINIS
1902 4837 2067 4893 T0)"
2106 4836 2657 4905 QUINQUAGESIMI
2696 4834 2915 4891 PRIMI.
