4080 6354
497 424 567 479 ,η
1662 403 1822 459 γιτΑ
1867 404 2199 461 I‘RtiSl‘ithl
2246 406 2587 471 AQUTANI.
3695 415 3767 472 ea

490 530 597 576 tam
631 520 893 585 redoleat,
922 518 1242 578 sublimitas,
1275 516 1632 581 vehementia,
1666 530 1846 570 sermo
1871 530 1997 571 arer
2018 522 2075 571 et
2103 520 2152 579 Α
2180 515 2335 570 nibus
2364 518 2553 573 Galliis
2584 521 2723 575 sicut
2770 518 2971 577 divitiis
3000 521 3229 593 primos,
3277 525 3358 581 sic
3401 525 3552 583 vitiis
3583 529 3768 585 crimi-

489 629 776 681 nerVosus,
812 613 1015 668 rrcbme
1044 614 1120 667 illi
1169 612 1470 675 sententia},
1521 610 1684 665 verba
1730 608 1796 663 ad
1849 624 2074 664 acumen

490 719 566 778 st)
583 708 617 762 li
645 707 826 761 subire
852 708 1130 771 videntur;
1155 714 1315 777 atque
1340 706 1500 762 etiam
1527 705 1695 759 tnulto
1713 704 1881 774 nisgis
1910 704 2076 771 lecto-

488 812 605 854 rem
637 799 905 867 percellit,
938 798 1056 853 sive
1084 797 1408 853 elortttionis
1438 798 1718 867 dignitate,
1750 780 1863 851 sive
1890 795 2078 851 solida:

491 901 547 946 et
578 893 915 947 inconcussas
942 890 1428 962 argumentationis
1460 891 1680 945 viribus.
1709 886 1817 945 Sed
1857 888 1933 945 illi
1965 889 2078 945 suf-

491 983 607 1037 ficit
654 982 922 1038 sermonis
953 984 1034 1037 sui
1070 984 1284 1036 nativus
1335 982 1521 1049 decor,
1572 997 1674 1037 nec
1702 980 1768 1037 ad
1825 991 2076 1037 ornatum

489 1075 719 1131 accersit
748 1087 837 1129 aut
868 1074 923 1130 in
970 1075 1221 1131 eumdem
1253 1090 1445 1128 sonum
1476 1074 1721 1131 cadentia
1752 1074 1936 1140 verba,
1985 1084 2079 1130 aut

491 1166 683 1231 plenos
708 1182 771 1221 ac
800 1180 1118 1221 numero~os
1150 1165 1360 1232 modos,
1391 1176 1483 1221 aut
1511 1166 1799 1238 mquabiles
1827 1165 2078 1223 modula-

491 1272 679 1327 taSque
712 1260 984 1331 periodos,
1016 1270 1109 1315 aut
1136 1259 1367 1331 denique
1390 1260 1633 1315 aﬂcctata
1676 1261 1762 1315 illa
1806 1262 2079 1332 pigmenta

489 1367 611 1421 qua:
638 1369 668 1405 a
701 1351 881 1405 Leone
911 1360 966 1405 et
994 1352 1113 1405 aliis
1153 1350 1392 1421 ejusdem
1423 1351 1523 1405 tl:\'l
1553 1353 1861 1407 auctoribus
1890 1352 1956 1406 ad
1987 1366 2079 1404 sa-

497 1444 737 1497 tietatem
784 1456 954 1513 usque
1011 1443 1347 1514 ingeruntur.
1380 1441 1511 1497 Cum
1554 1454 1698 1498 esset
1741 1458 1929 1498 eorum
1970 1442 2079 1499 dux

493 1535 584 1603 qui
617 1534 938 1591 catholicam
963 1536 1029 1591 de
1056 1536 1237 1591 Gratia
1269 1536 1471 1591 Christi
1499 1535 1799 1591 doctrinam
1852 1535 2079 1590 tueban-

492 1639 596 1692 tur,
622 1643 942 1697 semperque
967 1630 1018 1683 in
1037 1644 1101 1684 eo
1125 1640 1268 1684 totus
1286 1638 1433 1685 esset
1456 1638 1511 1682 ttt
1536 1630 1871 1684 adversarios
1896 1629 2081 1685 Eccle-

492 1725 586 1776 site
618 1722 981 1793 impugnaret,
1013 1732 1106 1779 aut
1133 1740 1251 1779 eam
1276 1725 1345 1779 ab
1386 1723 1600 1778 illorum
1647 1724 1864 1778 incursu
1895 1722 2079 1778 defen-

490 1815 691 1883 deret;
726 1818 1068 1885 lacertosum,
1106 1819 1149 1873 si
1204 1818 1284 1875 sic
1330 1817 1434 1873 dici
1481 1816 1563 1873 fas
1593 1827 1697 1883 est,
1743 1826 1797 1871 et
1848 1816 2081 1872 militare

2180 618 2357 662 natur.

2238 698 2321 755 lit
2349 709 2405 761 ut
2438 701 2529 767 sit,
2563 702 2609 757 is
2649 701 2721 758 de
2745 716 2853 774 quo
2888 704 3131 777 agimus,
3176 723 3298 762 cum
3331 724 3427 777 per
3457 709 3769 768 innumeras

2178 795 2597 850 stevissimarum
2653 798 3080 855 dominationum
3132 801 3579 870 vicissitudines,
3660 822 3767 861 non

2178 889 2517 957 subiectione
2546 893 2817 961 corporis,
2853 892 2947 947 sed
2976 894 3173 949 anima:
3198 896 3397 952 sudore
3422 901 3683 963 serviret,
3717 911 3773 954 et

2176 981 2414 1053 indignis
2446 983 2704 1041 confusus
2749 987 2968 1055 ofﬁciis,
3024 988 3207 1059 pejore
3263 999 3437 1046 status
3470 993 3552 1047 sui
3581 993 3770 1048 condi-

2181 1075 2325 1131 tione
2377 1080 2709 1151 turbaretur,
2759 1095 2881 1163 qute
2936 1092 3061 1135 sunt
3113 1082 3280 1163 ipsius
3330 1084 3492 1139 verba
3549 1084 3766 1156 (Infra,

2183 1188 2238 1239 ῃ.
2290 1171 2414 1238 769,
2465 1172 2615 1242 770),
2674 1180 2841 1244 coepit
2888 1174 3233 1241 erubescere,
3287 1188 3342 1231 et
3370 1177 3637 1233 subtraxit
3684 1194 3769 1243 se,

2181 1274 2439 1334 quantum
2470 1269 2539 1319 ab
2578 1268 2905 1325 instantibus
2932 1267 3371 1336 dominis'licuit,
3421 1270 3475 1323 in
3495 1270 3769 1327 occultum

2182 1360 2404 1428 spiritus
2434 1360 2720 1432 cordisque
2746 1372 3015 1417 secretum
3049 1379 3061 1417 :
3107 1371 3162 1419 et
3186 1364 3524 1435 apprehenso
3551 1374 3769 1422 sancta-

2184 1468 2301 1508 rum
2354 1453 2752 1524 Scripturarum
2786 1456 3083 1521 volumine,
3134 1456 3260 1526 qttid
3292 1458 3395 1511 sibi
3440 1458 3615 1513 adhuc
3652 1460 3770 1530 spei

2183 1558 2492 1618 superesset
2543 1550 2813 1619 inspexit:
2864 1566 2928 1606 ac
2958 1567 3023 1605 ex
3053 1552 3134 1605 his
3164 1553 3364 1607 certior
3406 1553 3574 1607 lactus
3615 1569 3772 1623 para-

2185 1644 2449 1701 tissimam
2494 1659 2713 1717 semper
2744 1647 2823 1703 eis
2864 1662 2985 1703 esse
3033 1648 3123 1703 Dei
3166 1648 3589 1705 misericordiam
3636 1662 3771 1719 quos

2185 1738 2324 1793 male
2353 1746 2484 1793 actae
2515 1739 2635 1793 vita:
2659 1754 2726 1795 ex
2764 1740 2946 1795 animo
2977 1741 3285 1811 paeniteret,
3320 1741 3487 1796 multo
3522 1739 3771 1812 perfusus

2186 1828 2357 1885 imbre
2380 1831 2734 1902 lacrymarum
2761 1834 3036 1903 ingemuit,
3060 1834 3201 1903 quod
3226 1849 3284 1889 se
3303 1832 3398 1887 Βιθί
3430 1833 3768 1902 redemptum

490 1909 763 1966 scribendi
802 1926 972 1980 genus
1024 1920 1268 1980 usurpat,
1322 1926 1517 1979 resque
1556 1910 1861 1966 accuratius
1912 1908 2078 1964 multo

2188 1925 2449 1991 sanguine
2478 1932 2697 1991 peccato
2736 1925 3195 1987 venumdcdisset,
3226 1924 3477 1996 quodque
3518 1925 3619 1979 sibi
3666 1923 3773 1981 ini«

491 2018 652 2073 quam
708 2004 872 2059 verba
929 2004 1234 2074 perpendit.
1300 2004 1435 2059 llinc
1491 2013 1576 2060 est
1627 2004 1769 2074 quod
1821 2004 2084 2061 orationis

496 2098 665 2165 ipsius
696 2098 1017 2167 compositio
1048 2112 1449 2168 nonnumquam
1477 2098 1811 2153 subobscura
1845 2100 1936 2154 sit.
1974 2099 2082 2155 Sed

494 2205 582 2243 res
616 2192 765 2259 ipsm,
801 2192 1145 2259 quantumvis
1176 2193 1435 2246 intricatur
1462 2191 1600 2259 sint,
1633 2206 1726 2247 eas
1768 2192 1859 2246 ille
1904 2203 2082 2248 tamen

493 2282 748 2339 facillime
788 2283 1041 2351 illustrat,
1097 2301 1197 2340 nec
1251 2285 1445 2339 minori
1495 2284 1873 2353 perspicuitate
1922 2301 2082 2357 quam

494 2375 794 2430 acrimonia
843 2377 1277 2433 ennelcat.\‘ere
1326 2379 1505 2449 itaque
1551 2379 1676 2432 illttd
1704 2379 1773 2433 de
1817 2378 2086 2446 Prospero

494 2469 657 2521 statui
693 2479 887 2535 poteSI,
923 2471 1068 2525 illius
1090 2471 1391 2526 orationem
1426 2486 1530 2525 non
1567 2486 1687 2526 esse
1738 2482 1886 2525 tanto
1911 2470 2083 2525 artiﬁ-

494 2560 582 2612 cio
604 2560 960 2627 elaboratam,
1009 2578 1108 2617 nec
1148 2569 1223 2616 tot
1265 2564 1588 2632 eloquentia:
1634 2562 1922 2619 luminibus
1970 2563 2084 2617 dis-

495 2652 743 2722 tinctam,
770 2663 900 2723 quot
931 2654 985 2709 iit
1015 2656 1234 2723 scriptis
1261 2656 1618 2724 quorumdam
1660 2656 1884 2710 aliorum
1925 2672 2081 2725 repe-

495 2746 589 2801 riri
623 2759 857 2814 queant;
890 2748 985 2803 sed
1017 2766 1125 2818 pra:
1155 2766 1213 2806 se
1241 2751 1386 2807 ferre
1432 2751 1601 2806 multo
1642 2751 1764 2823 plus
1813 2750 2082 2816 sanitatis,

496 2839 725 2909 ingenii,
752 2840 1132 2898 vehementia).

570 2929 694 2985 Haec
721 2932 787 2985 de
823 2933 876 2986 S.
910 2933 1162 3002 Prosperi
1215 2934 1357 3007 stylo
1388 2933 1717 3003 prremisisse
1760 2948 1940 3005 operte
1966 2950 2087 3007 pre-

498 3019 632 3074 tium
665 3020 785 3085 fuit,
817 3039 923 3093 quo
950 3027 1151 3079 certius
1185 3025 1261 3079 illi
1304 3026 1682 3095 abjudicetttur
1721 3040 1884 3097 Opera
1939 3042 2089 3099 qua:-

497 3112 620 3169 dam
652 3114 769 3183 ejus
792 3117 1009 3171 nomine
1039 3116 1298 3173 hactenus
1322 3118 1599 3189 inscripta.

1047 3252 1439 3313 ARTICULUS
1477 3255 1546 3312 ll.

843 3367 1092 3437 Prosperi
1108 3373 1353 3441 juventus
1381 3381 1430 3427 et
1455 3374 1737 3429 conversio.

573 3501 757 3555 Exstat
791 3503 1111 3573 opusculum
1141 3505 1437 3574 quoddam,
1465 3505 1551 3561 cui
1582 3506 1789 3568 titulus,
1820 3506 2085 3579 Crit/assio

505 3592 743 3665 Prosperi
773 3596 1021 3667 Aquitani
1046 3595 1208 3657 (Bibl.
1239 3597 1355 3653 PP.
1383 3610 1506 3654 tom.
1541 3599 1679 3664 \‘lil,
1704 3619 1756 3672 p.
1789 3601 1934 3667 195).
1966 3612 2079 3667 aut,

496 3697 555 3739 ut
596 3687 684 3741 alii
735 3688 938 3756 legunt,
989 3689 1197 3745 Tironis
1253 3692 1495 3765 Prospcri
1542 3696 1787 3763 Aquitani
1827 3693 1977 3766 (Lab.
2021 3697 2085 3752 de

495 3778 689 3846 εει-ἑνί.
718 3779 861 3834 Eccl.
898 3793 1018 3835 tant.
1053 3783 1114 3845 Il,
1143 3802 1197 3854 ῃ.
1227 3785 1382 3853 SOI).
1410 3802 1437 3839 a
1461 3787 1670 3842 J:=cobo
1699 3788 1995 3843 Sirtnottdo
2014 3804 2082 3845 ex

492 3884 596 3921 ms.
639 3870 899 3924 Vatitano
928 3874 1132 3928 editum
1165 3891 1304 3930 anno
1338 3876 1492 3933 1619.
1531 3880 1622 3933 list
1646 3880 1771 3934 illud
1806 3881 1937 3934 satis
1962 3881 2081 3937 ele-

492 3974 684 4030 ganter
715 3968 998 4033 scriptum,
1038 3978 1095 4020 ttt
1133 3969 1322 4038 Magno
1363 3969 1628 4041 Prospero
1672 3973 1835 4027 ttibui
1868 3974 2079 4043 possit:

492 4054 593 4108 etsi
614 4053 891 4109 Antelmio
913 4056 1079 4130 (Ilias.
1106 4060 1158 4112 in
1182 4058 1282 4127 0p.
1309 4060 1466 4116 Leon.
1493 4080 1544 4133 p.
1572 4063 1700 4135 5'0)
1724 4064 1774 4117 in
1792 4080 1852 4118 ea
1872 4066 1956 4119 vix
1983 4067 2082 4121 ali-

491 4148 619 4218 quid
644 4150 976 4217 deprehendi
1004 4152 1249 4206 videatur
1275 4155 1524 4223 Prospcti
1550 4159 1690 4230 Stylo
1717 4160 1850 4213 satis
1877 4159 2077 4228 simile,

490 4252 582 4295 aut
628 4242 744 4311 ejus
795 4244 950 4297 fama!
1005 4247 1160 4301 Valde
1212 4260 1680 4303 con~entaneumz
1724 4251 2081 4321 eamdemque

491 4342 644 4389 tanto
673 4352 823 4403 patre
855 4336 1035 4407 indign
1056 4356 1124 4393 -tn
1152 4340 1518 4396 indubitanter
1547 4343 1863 4409 pronuntiet
1893 4342 2079 4400 Ludo-

492 4428 642 4481 vicus
686 4428 849 4484 Ellies
898 4430 1065 4497 llupin
1116 4431 1290 4503 (Tom.
1326 4433 1390 4487 ιν
1414 4453 1465 4504 ρ,
1492 4433 1642 4503 με).
1680 4435 1949 4491 Habemus
1984 4453 2080 4492 au-

491 4526 601 4573 tem
633 4537 698 4575 ex
730 4523 815 4575 illa
849 4524 1098 4592 I‘rosperi
1132 4525 1287 4580 t0nfe
1320 4528 1474 4581 sione
1513 4526 1714 4600 (Infra,
1754 4546 1877 4600 pag.
1906 4530 2012 4587 769
2031 4540 2080 4585 et

492 4614 654 4681 ηιμ),
688 4627 810 4667 eum
847 4616 985 4668 iltlt'l‘
1013 4618 1123 4681 ip~a
1153 4616 1279 4671 vita:
1311 4619 1460 4672 initia
1497 4632 1744 4674 renatum
1780 4622 1830 4676 in
1863 4624 2079 4678 Christo

489 4704 640 4769 Jcsu,
664 4719 740 4769 et,
765 4722 793 4761 a
819 4708 1171 4763 llllSt'l‘lCOI'de
1194 4709 1422 4765 Domino
1449 4711 1672 4767 dimisso
1699 4714 1924 4782 originis
1947 4730 2074 4787 pec-
2106 4690 2159 4752 θ

488 4807 633 4864 cato,
668 4802 814 4869 prius
844 4801 959 4861 ade;
987 4812 1097 4857 tum
1126 4804 1424 4859 libertatem
1455 4822 1613 4876 quam
1645 4806 1840 4861 ferocis
1865 4807 2074 4865 domini

489 4905 520 4943 a
569 4908 677 4963 quo
723 4894 1067 4953 detinebatur
1112 4898 1436 4969 intelligeret
1480 4901 1819 4957 servitutem.
1861 4901 2074 4961 Incusat

485 5001 611 5042 sese
646 4986 788 5055 qttod
832 4999 1105 5057 acceptam
1145 5007 1173 5045 a
1202 4991 1359 5048 Patre
1390 4994 1892 5051 muniﬁcentissimo
1943 4997 2073 5054 sub-

483 5084 741 5135 stantiam
780 5097 843 5136 ea
875 5100 975 5152 qua
1008 5100 1103 5154 par
1129 5097 1243 5141 erat
1294 5102 1419 5142 cura
1467 5103 1692 5144 servare
1742 5092 2067 5161 neglexerit,

483 5176 736 5245 quodque
781 5177 927 5232 vitiis
980 5178 1230 5235 omnibus
1271 5180 1504 5245 deditus,
1560 5182 1613 5236 in
1666 5180 2067 5255 antitiorum,

484 5282 612 5320 mox
651 5269 811 5323 etiam
861 5268 913 5323 in
972 5269 1387 5337 Babyloniorum
1428 5273 1547 5343 jura
1592 5274 1919 5343 transiverit,
1970 5292 2070 5334 nec

484 5359 651 5413 ullum
684 5362 826 5415 aliud
869 5377 1223 5435 prmlct'qUJm
1256 5367 1478 5423 letit'erte
1510 5368 1801 5439 voluptatis
1839 5372 2069 5441 pretium

486 5466 603 5507 sum
634 5454 949 5521 perditionis
981 5458 1271 5527 acceperit.
1306 5460 1417 5526 Qua
1456 5476 1519 5513 ex
1556 5452 1806 5530 loquendi
1839 5463 2070 5529 ratione,

486 5546 646 5601 simul
678 5556 728 5598 et
754 5562 817 5600 ex
844 5548 906 5598 iis
928 5564 1046 5617 qua:
1076 5553 1274 5620 pariter
1300 5552 1367 5606 de
1392 5552 1581 5619 primis
1613 5555 1736 5606 vitre
1764 5570 1873 5607 stne
1914 5555 2070 5610 annis

482 5639 649 5696 refert
695 5638 967 5705 Paulinus,
1000 5643 1125 5709 quid
1152 5642 1328 5715 colligi
1369 5643 1564 5699 debeat
1602 5644 1819 5701 difficile
1849 5656 1931 5700 est
1958 5656 2064 5701 sta-

481 5741 656 5789 tuere.
678 5733 1012 5805 Quamquam
1042 5747 1165 5791 nota
1198 5748 1318 5791 sunt
1348 5755 1467 5806 qua:
1495 5738 1561 5793 dc
1603 5739 1824 5807 perditis
1846 5740 2068 5809 Aquita-

484 5843 679 5883 norum
705 5830 969 5898 imprimis
994 5829 1220 5886 divitum
1244 5832 1485 5887 moribus
1508 5832 1753 5902 deplorat
1782 5832 2066 5889 Salvianus

480 5915 590 5987 (De
611 5918 838 5983 cubem.
863 5921 961 5977 Dei
982 5923 1023 5978 ι.
1055 5937 1149 5988 vn,
1174 5939 1226 5989 ρ.
1255 5921 1378 5990 156,
1402 5923 1548 5990 160),
1574 5924 1699 5979 dum
1720 5923 1839 5980 illos
1863 5924 1914 5981 in
1947 5940 2063 5979 om-

2188 2016 2498 2070 micissimis
2528 2020 2757 2072 serviret
2788 2018 3015 2075 dolens:
3052 2034 3173 2073 mox
3196 2016 3546 2071 eonlirmatus
3572 2028 3624 2072 et
3652 2018 3770 2072 ani-

2187 2118 2364 2164 matus
2415 2111 2694 2165 conStitttit
2747 2112 3055 2179 dirttmpere
3097 2125 3295 2181 graves
3337 2112 3528 2179 quibus
3559 2111 3773 2177 vinctus

2190 2200 2536 2257 detinebatur
2562 2213 2819 2270 catenas;
2848 2215 2902 2259 et
2929 2204 2993 2258 ad
3024 2220 3145 2259 eum
3179 2205 3374 2259 reverti
3408 2220 3436 2258 a
3465 2219 3571 2275 quo
3603 2206 3774 2263 fuerat

2186 2294 2253 2349 ad
2282 2295 2442 2350 vitam
2481 2307 2719 2365 emptus,
2751 2308 2956 2365 petere,
2983 2311 3247 2366 quaerere,
3278 2297 3661 2352 misericordim
3688 2296 3773 2353 di-

2188 2390 2327 2467 vina:
2349 2389 2569 2460 januam
2605 2391 2835 2459 pulsare.
2868 2390 3241 2446 Erubescebat
3267 2389 3485 2459 quidem
3514 2392 3633 2459 quia
3659 2392 3775 2444 ani-

2190 2499 2279 2537 mo
2310 2483 2484 2538 nudus
2512 2492 2651 2549 erat,
2682 2494 2736 2539 et
2768 2484 2900 2539 nihil
2938 2483 3141 2539 habens
3171 2500 3276 2553 quo
3305 2484 3690 2550 membrorum,
3721 2484 3773 2539 id

2188 2583 2295 2641 est,
2326 2591 2532 2630 morum
2582 2590 2823 2645 suorum,
2869 2576 3151 2633 inhonesta
3196 2578 3631 2645 circttmtegeret,
3677 2576 3773 2649 ob.

2189 2680 2389 2721 semita:
2436 2668 2692 2737 egestatis
2744 2666 3008 2723 dedecore
3067 2667 3540 2737 conlundcbatur,
3600 2683 3773 2747 neque

2190 2768 2355 2814 tanta:
2380 2758 2596 2814 familite
2627 2762 2869 2831 tantique
2899 2761 3071 2816 Patris
3100 2773 3447 2833 Conspectum
3476 2761 3655 2815 subire
3682 2777 3776 2817 au-

2191 2853 2371 2909 debat.
2422 2838 2587 2921 Quasi
2635 2872 2753 2909 vero
2784 2855 3003 2927 (inquit)
3036 2854 3357 2910 tolerabilius
3403 2857 3469 2910 sit
3514 2856 3774 2926 judicium

2189 2946 2440 2999 accusatis
2482 2962 2638 3016 quam
2684 2954 2877 3016 sponte
2920 2949 3186 3017 confessis,
3244 2948 3345 3001 reis
3388 2946 3774 3003 contumacibus

2188 3054 2343 3109 quam
2390 3036 2729 3115 supplicibus,
2776 3039 2842 3093 ad
2900 3038 3241 3095 tremendum
3300 3037 3393 3093 Dei
3444 3037 3673 3092 tribunal
3722 3032 3775 3093 in

2190 3145 2369 3191 morte
2412 3134 2655 3187 exhibitis
2684 3150 2839 3206 quam
2870 3143 2997 3190 ante
3027 3134 3230 3187 obitum
3264 3132 3330 3188 ad
3378 3124 3591 3188 Patrem
3622 3134 3774 3188 mise-

2186 3227 2613 3285 rimtdissintuin
2651 3244 2717 3282 ex
2747 3228 2919 3280 animo
2959 3228 3193 3281 reversis.
3231 3226 3365 3283 llinc
3410 3227 3624 3282 tandem
3661 3228 3775 3281 bare

2110 3295 2159 3363 ο
2189 3323 2329 3395 apud
2370 3338 2429 3378 se
2459 3322 2645 3377 Sta'uit
2676 3338 2690 3375 :
2723 3319 2927 3374 Habeat
2967 3320 3301 3390 quarumlibet
3345 3336 3517 3374 cruces
3552 3331 3594 3376 et
3626 3320 3775 3395 igno-

2187 3416 2373 3470 minias
2404 3414 2719 3486 paeuitentia,
2764 3414 2921 3466 let'ior
2954 3413 3047 3465 erit
3090 3412 3227 3484 ignis
3255 3413 3571 3465 verecundia
3620 3429 3773 3491 quam

2187 3510 2451 3580 gebenuw.
2488 3506 2693 3574 Quibus
2724 3508 2901 3561 verbis
2928 3520 2993 3559 an
3026 3505 3288 3575 signiticet
3317 3520 3373 3560 se
3406 3504 3631 3575 publicie
3657 3521 3773 3577 pm-

2189 3601 2429 3655 ttiletttize
2469 3598 2683 3655 labores
2729 3597 2977 3667 amplecti
3036 3597 3377 3663 decrevisse,
3428 3615 3532 3652 non
3591 3598 3771 3653 statim

2186 3691 2602 3747 asseruvrituos.
2658 3688 2966 3745 Verisimile
2996 3697 3174 3744 tatneu
3222 3696 3328 3755 est,
3370 3689 3415 3743 si
3468 3688 3519 3743 id
3562 3687 3771 3743 consilii

2185 3786 2420 3853 cepisset
2450 3784 2707 3854 Prosper,
2738 3785 2971 3854 aliquam
3005 3798 3067 3838 ea
3096 3782 3165 3837 de
3196 3796 3254 3837 re
3289 3783 3340 3836 in
3368 3782 3582 3851 scriptis
3606 3781 3772 3852 ipsius

2184 3878 2587 3936 superlttturam
2621 3876 2784 3930 fuisse
2815 3875 3165 3930 mentionem.

2257 3968 2445 4039 Neque
2470 3982 2599 4023 vero
2628 3968 2672 4022 si
2706 3968 2853 4022 illum
2879 3970 3147 4038 angebant
3168 3967 3364 4021 amissa
3387 3964 3503 4035 ejus
3528 3978 3683 4037 quam
3714 3964 3769 4019 in

2184 4058 2459 4128 Baptismo
2504 4070 2783 4130 acceperat
2812 4060 3000 4129 grati-at
3032 4074 3277 4123 munera,
3320 4059 3443 4113 ideo
3472 4072 3576 4112 non
3618 4067 3769 4129 grato

2182 4154 2367 4207 animo
2394 4153 2651 4207 adorabat
2686 4154 2926 4207 velocem
2954 4152 3315 4223 dignationem
3347 4158 3405 4205 et
3434 4161 3768 4219 properatatn

2182 4245 2550 4313 clementiam,
2594 4260 2697 4313 qua
2728 4244 3021 4298 etiamnum
3068 4241 3365 4297 infantulus
3410 4242 3581 4296 fuerat
3610 4258 3767 4309 rege-

2184 4348 2427 4393 neratus.
2462 4340 2645 4407 Longe
2683 4340 2753 4392 ab
2782 4339 2883 4391 illis
2930 4336 3283 4392 dissentiebat
3312 4334 3403 4403 qui
3448 4334 3512 4389 ad
3539 4350 3767 4389 ext-usa-

2185 4432 2384 4484 tionem
2414 4430 2630 4483 violatio
2670 4428 3092 4501 regenerationis
3132 4429 3311 4482 rudem
3348 4437 3549 4482 trtatem
3592 4416 3769 4479 etint-

2184 4525 2462 4595 prudentes
2514 4540 2673 4577 annos
2718 4524 3082 4590 causabantur,
3145 4523 3279 4579 tanti
3334 4522 3437 4578 sibi
3488 4523 3769 4577 immeritis

2182 4618 2362 4673 collati
2396 4617 2638 4671 beneticii
2678 4616 3043 4671 immemores.

2258 4711 2487 4766 lnnnere
2526 4710 2734 4764 videtur
2778 4725 2836 4765 se
2867 4721 2976 4764 tum
3028 4711 3079 4766 in
3125 4710 3305 4767 medio
3353 4709 3545 4765 aliena:
3590 4710 3768 4781 gentis

2182 4800 2371 4869 luisse,
2396 4818 2517 4858 cum
2547 4801 2613 4858 ad
2644 4802 2808 4857 Deum
2840 4817 3131 4859 conversus
3162 4804 3481 4873 resipiscere
3512 4803 3762 4869 instituit,

2181 4912 2351 4967 seque
2376 4899 2550 4952 solum
2584 4896 2749 4952 fuisse
2775 4909 3133 4965 mutaturum,
3165 4900 3215 4952 ni
3239 4897 3494 4954 Barbarus
3517 4899 3659 4971 regni
3679 4900 3764 4953 sui

2180 4988 2368 5044 limites
2420 4989 2684 5060 dispositis
2730 4998 2976 5043 servasset
3026 4988 3271 5043 excubiis.
3315 4990 3545 5060 Haecque
3580 4990 3648 5045 ab
3671 4993 3765 5049 illo

2177 5083 2399 5157 proprie
2422 5096 2660 5152 vereque
2680 5080 2787 5137 dici
2816 5090 3123 5152 potuerunt.
3161 5083 3369 5138 Etenim
3405 5098 3562 5139 nemo
3589 5088 3766 5141 nescit

2175 5192 2309 5248 quas
2326 5186 2538 5247 strages
2563 5174 2777 5230 collecti
2799 5191 2830 5229 e
2855 5174 3082 5229 diversis
3106 5175 3355 5245 gentibus
3379 5174 3617 5237 Barbari.
3645 5183 3761 5233 tum

2176 5272 2230 5327 in
2264 5270 2516 5326 universa
2548 5268 2741 5334 Gallia,
2769 5278 2879 5322 tum
2908 5268 3141 5324 maxime
3172 5269 3223 5321 in
3252 5266 3536 5339 Aquitania
3560 5271 3763 5328 saeculo

2175 5363 2365 5433 quinto
2394 5364 2613 5420 ineunte
2638 5362 2929 5418 ediderint.
3027 5432 3039 5443 ᾖ

2252 5458 2485 5529 Prosper
2508 5473 2717 5527 quoque
2745 5459 2797 5512 in
2823 5456 3074 5512 Carmine
3096 5455 3162 5511 de
3185 5455 3525 5512 Providentia
3552 5455 3758 5522 divina,

2177 5552 2222 5607 si
2256 5560 2433 5607 tamen
2482 5551 2751 5621 genuinus
2787 5550 2876 5604 ille
2908 5550 3154 5616 l‘rosperi
3186 5549 3325 5603 fetus
3351 5550 3498 5604 ereJi
3538 5548 3759 5613 debeat,

2174 5643 2417 5714 qui-ritur
2446 5642 2634 5696 urbem
2681 5656 2830 5695 suam
2858 5658 2885 5692 a
2918 5640 3070 5695 Getis
3098 5642 3344 5696 incendio
3372 5642 3622 5707 deletam,
3653 5642 3761 5697 sei-

2174 5752 2330 5809 psum
2377 5745 2589 5803 captum
2622 5750 2649 5788 a
2699 5731 2969 5800 Batbaris,
3017 5736 3156 5789 inter
3195 5750 3382 5789 eorum
3427 5743 3631 5790 turmas
3658 5734 3759 5790 ab—

2174 5839 2458 5894 actum,ac
2486 5827 2717 5898 peditem
2750 5828 2826 5882 ire
2852 5838 3119 5883 coactum.
3152 5828 3443 5883 Prtesulem
3470 5844 3622 5882 suum
3652 5845 3757 5886 una

2172 5940 2296 5983 cum
2343 5923 2558 5980 afflictis
2600 5933 2653 5980 et
2708 5923 2926 5980 miseris
2970 5922 3149 5997 gregis
3185 5924 3270 5980 sui
3299 5923 3543 5995 reliquiis
3568 5923 3758 5983 sedem
