4080 6354
452 293 524 349 23
1632 292 1790 349 ΠΥΑ
1830 292 2165 349 PROSPERI
2206 291 2550 362 AQUITANI.

3659 292 3736 353 ιι

454 425 633 469 tamen
661 418 835 482 potest
864 418 919 464 ιιι
947 411 1081 464 banc
1112 409 1534 465 lucubrationem
1567 419 1690 464 ante
1714 417 2037 478 susceperit,
2066 418 2117 476 Α
2143 426 2342 478 summa
2371 410 2643 464 sacerdotii
2676 424 2869 465 nouare
2896 412 3353 480 supereminerent.
3385 409 3559 469 Hodie
3592 411 3732 468 fate-

454 521 618 577 quam
647 503 908 559 doctrinae
936 503 1003 557 de
1034 502 1218 558 Gratia
1246 502 1375 557 satis
1417 518 1662 572 magnam
1691 517 1908 567 operam
1942 503 2041 555 im-

456 598 735 670 pendisset
756 596 951 668 (Antei.
977 596 1190 651 Dissert.
1230 594 1384 664 Oper.
1404 593 1525 649 Leo.
1555 613 1606 665 p.
1632 594 1738 649 405
1756 604 1805 649 et
1828 612 1959 665 scq.,
1982 610 2043 648 ae

453 691 551 745 alii
560 692 596 759 ).

535 785 661 839 llaec
712 784 780 839 de
815 783 1003 854 primis
1051 780 1301 849 Prosperi
1350 781 1503 835 annis
1536 780 1775 835 eruimus
1803 796 1834 833 e
1875 779 2042 834 tribus

458 878 673 946 scriptis
706 894 934 948 quorum
973 878 1285 939 auctoritas,
1319 885 1375 929 ut
1405 890 1504 928 nec
1538 876 1695 943 plane
1726 873 2038 942 rejicieuda,

457 971 533 1028 ita
565 986 663 1027 nec
686 972 818 1025 citra
844 986 1006 1026 omne
1032 971 1248 1022 dubium
1287 967 1613 1021 admittenda
1644 968 1879 1024 visaesn
1909 966 2041 1033 Qum

458 1063 683 1132 posthac
705 1079 732 1115 a
764 1064 918 1117 nobis
940 1061 1163 1116 dicenda
1196 1066 1341 1128 sunt,
1362 1074 1424 1115 ca
1454 1058 1619 1114 certis
1644 1067 1695 1113 et
1726 1056 2042 1112 indubitatis

457 1156 627 1226 ipsius
655 1152 920 1224 Operibus
951 1154 1207 1207 nitentur.

992 1262 1381 1319 Αῐιτιαυιλιδ
1421 1261 1511 1317 ιν.

528 1360 830 1414 Doctiinam
882 1359 945 1412 de
992 1359 1159 1429 gratia
1204 1359 1447 1410 adversus
1502 1353 1945 1426 Semipelngianos

1173 1438 1359 1481 tuetur.

533 1522 724 1578 Utrum
776 1521 979 1575 smvitia
1031 1519 1434 1585 Barbat-nrum,
1482 1532 1549 1571 an
1595 1516 1782 1585 quavis
1828 1514 1931 1570 alia
1982 1529 2041 1571 re

457 1616 771 1684 compulsus
801 1613 1033 1681 Prosper
1063 1628 1125 1665 ex
1152 1611 1436 1677 Aquitania
1468 1611 1804 1679 migraverit,
1842 1608 1889 1660 id
1920 1608 2040 1677 qui-

456 1711 579 1761 dem
613 1724 795 1776 parum
831 1708 1016 1773 liquet.
1049 1704 1179 1758 Illud
1206 1702 1431 1766 certius,
1461 1718 1581 1755 eum
1629 1717 1771 1755 anno
1801 1700 1926 1764 «6‘28,
1951 1699 2036 1753 \‘el

2150 510 2236 555 tur
2277 501 2675 555 eruditissimus
2715 501 2941 572 quisque
2986 502 3189 556 utillunt
3233 520 3356 559 esse
3394 504 3731 571 antiquitatis

2149 604 2554 647 momtmentunt
2588 610 2653 647 ex
2684 610 2791 661 quo
2819 610 2940 647 eum
2971 596 3071 646 alia
3110 608 3174 647 ac
3212 595 3378 648 laicus
3419 599 3730 652 Conditione

2154 684 2319 740 luiSSe
2345 686 2484 740 ellici
2521 696 2698 757 queat.
2734 688 2969 741 llabetnr
2996 704 3056 741 es
3092 704 3197 740 uno
3230 689 3421 742 codice
3454 706 3559 746 nis.
3606 707 3727 744 eum

2143 778 2335 831 relictis
2365 779 2514 832 rebus
2543 778 2876 833 strcularibus
2905 781 2972 831 ad
3000 780 3174 833 divina
3209 795 3262 833 se
3291 782 3499 833 omnino
3528 786 3730 852 negotia

2144 872 2481 924 transtulisse.
2524 869 2733 937 Nempe
2773 888 2839 926 ex
2883 886 3070 926 eorum
3119 886 3351 928 numero
3384 872 3481 925 fuit
3527 877 3615 942 qui
3649 875 3731 927 di-

2144 963 2309 1015 misso
2339 964 2540 1017 smeulo
2575 964 2740 1018 vitam
2772 965 2822 1017 in
2849 979 3066 1017 secessu
3088 967 3340 1034 agebant,
3379 968 3513 1019 nulli
3550 980 3726 1022 tamen

2141 1056 2555 1125 obstringeliaut
2583 1075 2641 1112 se
2670 1061 3036 1112 nmna~terioz
3074 1071 3125 1110 ut
3161 1057 3440 1122 Paulinus,
3474 1060 3726 1113 Pamma-

2142 1146 2298 1200 clttus
2318 1186 2334 1211 ,
2363 1148 2597 1202 Sevi-rus
2636 1146 2912 1215 Sulpicius
2932 1188 2946 1211 ,
2976 1148 3178 1216 aliique
3222 1150 3397 1202 astatis
3439 1149 3680 1217 ejusdem
3708 1193 3724 1216 ,

2142 1238 2232 1306 qui
2287 1236 2670 1291 mouatltorttnt
2724 1238 3085 1308 appellatione
3125 1240 3548 1293 continebantur
3596 1257 3609 1295 :
3662 1256 3726 1296 ac

2139 1328 2275 1382 illud
2307 1329 2521 1398 quidem
2549 1331 2606 1384 S.
2632 1329 2866 1395 Prosper
2895 1341 3109 1384 secutus
3141 1342 3225 1385 est
3249 1331 3465 1385 vivendi
3499 1348 3685 1402 genus.

2212 1421 2321 1475 Nec
2354 1422 2485 1475 illud
2514 1422 2949 1488 pt':eterettndttttt
2979 1424 3210 1487 videtur,
3236 1424 3381 1491 quod
3411 1440 3436 1474 δ
3462 1422 3727 1478 Caroerio

2140 1514 2228 1583 pie
2275 1514 2427 1582 juxta
2460 1523 2516 1568 et
2561 1516 2854 1581 prudenter
2903 1524 2987 1569 est
3032 1516 3409 1583 observation,
3443 1518 3494 1570 itt
3529 1519 3724 1584 praefa-

2143 1605 2288 1661 tione
2331 1604 2492 1679 (Pug.
2524 1606 2580 1677 7)
2628 1608 2679 1661 in
2730 1606 2910 1671 omnia
2959 1607 3107 1661 Marii
3157 1610 3471 1663 Mercatoris
3520 1607 3721 1679 Opera.

2145 1718 2163 1751 ι
2202 1700 2569 1754 Animadverti
2612 1702 2905 1770 aliquando
2952 1702 3065 1773 (ait
3099 1702 3203 1768 ilti)
3254 1717 3352 1757 nec
3382 1703 3500 1756 sine
3533 1720 3724 1771 magna

453 1799 581 1865 42η),
616 1812 705 1853 aut
736 1800 870 1853 forte
896 1798 1004 1867 jam
1035 1795 1167 1861 426,
1204 1798 1253 1851 in
1289 1796 1625 1850 Provinciam
1668 1793 1759 1847 Dei
1790 1808 1916 1846 nutu
1944 1792 2038 1847 dc-
2075 1795 2118 1853 B
2144 1792 2532 1859 admiratione,
2566 1793 2761 1857 Deum,
2795 1797 2884 1863 qui
2910 1806 3054 1847 amat
3084 1795 3361 1847 humilium
3405 1811 3562 1848 manu
3594 1798 3725 1849 resi-

453 1894 673 1947 ductum
703 1895 887 1953 luisse,
924 1904 978 1943 ιιι
1004 1890 1364 1944 Christianam
1412 1887 1479 1941 de
1524 1888 1691 1956 gratia
1736 1884 2034 1939 doctrinam

456 2000 487 2039 a
519 1987 675 2040 beato
705 1984 1005 2053 AttgnStino
1048 1982 1371 2037 elueidatam
1417 1977 1728 2033 defenderet
1768 1992 1830 2031 ac
1863 1990 2039 2032 tuere-

456 2086 562 2133 tnr.
601 2079 752 2134 Ilattc
779 2079 995 2147 quidem
1028 2078 1079 2130 in
1107 2077 1215 2130 illis
1259 2076 1393 2131 locis
1419 2074 1743 2128 vellicaliant
1770 2072 1864 2124 viri
1906 2087 2038 2125 nou-

456 2170 619 2232 nulli,
654 2185 761 2224 tum
810 2171 1092 2239 dignitate,
1144 2178 1256 2221 tum
1303 2168 1514 2220 virtutis
1546 2181 1608 2218 ac
1640 2164 1853 2232 pietatis
1899 2162 2035 2217 fama

452 2262 731 2333 conSpiciii
750 2262 911 2333 (Vide
936 2262 999 2316 S.
1023 2262 1157 2331 Aug.
1186 2259 1376 2327 Vitam,
1399 2258 1427 2329 ᾗ
1451 2257 1574 2324 545,
1598 2268 1720 2311 tom.
1745 2256 1861 2311 XIII
1887 2256 2033 2310 illan.

455 2356 653 2413 Eccles.
666 2360 705 2430 ).

527 2448 655 2502 Erat
687 2448 901 2518 quidem
938 2447 1236 2519 Augustino
1269 2446 1497 2512 Prosper
1526 2445 1731 2517 ignotus
1764 2444 1912 2507 facie,
1945 2458 2035 2496 nec

449 2543 550 2597 nisi
586 2544 759 2595 animo
788 2558 851 2594 ac
879 2558 1107 2594 sermone
1133 2540 1252 2594 unis
1281 2538 1345 2593 ad
1375 2555 1495 2593 eum
1539 2538 1673 2590 datis
1712 2537 2037 2603 vicissimque

449 2635 662 2704 receptis
706 2636 773 2685 ab
804 2650 869 2688 eo
910 2635 1101 2687 litteris
1131 2643 1419 2702 contpertus
1450 2630 1650 2702 (Infra,
1686 2646 1803 2700 pag.
1842 2630 1915 2694 l).
1967 2632 2036 2681 At

448 2727 602 2783 lectis
625 2730 794 2778 sancti
829 2725 923 2779 viti
953 2727 1188 2789 scriptis,
1219 2722 1418 2791 Deique
1447 2722 1812 2775 misericordia
1838 2720 2035 2788 prlL‘Ill-

449 2829 608 2876 cente
639 2822 916 2873 veritatem
953 2820 1195 2879 edoctus,
1230 2834 1325 2886 pro
1350 2834 1411 2871 ea
1436 2816 1638 2869 vitibus
1666 2815 1793 2869 tntis
1831 2832 2031 2884 propu-

449 2914 631 2985 gnavit
660 2912 798 2984 (Pag
849 2914 905 2975 6)
940 2931 952 2965 :
984 2912 1120 2964 adeo
1151 2920 1206 2963 ut
1235 2910 1488 2973 llilarins,
1514 2910 1651 2962 alter
1675 2910 1915 2973 eiusdem
1946 2924 2035 2963 τε·

449 3006 627 3061 ritatis
667 3016 919 3059 strenuus
959 3004 1213 3059 defensor
1254 3004 1318 3056 ad
1362 3005 1753 3072 Angit-tinum,
1794 3002 1878 3055 eui
1919 3011 2034 3055 erat

449 3099 650 3163 notior,
677 3099 999 3167 scripturus,
1024 3114 1143 3151 cum
1181 3097 1448 3163 Prospero
1474 3098 1671 3164 egerit,
1707 3105 1765 3149 ut
1791 3097 1945 3150 simul
1981 3105 2033 3150 et

2144 1898 2288 1939 Stere
2311 1886 2581 1953 superbis,
2616 1885 2786 1941 tribus
2816 1886 3135 1950 ltzeresibus,
3171 1885 3497 1956 Pelagianae,
3531 1886 3723 1942 Nesto-

2143 1976 2307 2030 rianai
2348 1989 2397 2030 et
2434 1976 2789 2041 Massiliensi,
2833 1994 2952 2046 qua:
2991 1994 3099 2046 ιιι-ξιξ
3139 1980 3352 2033 caeteris
3395 1980 3663 2046 superbiai
3689 1996 3721 2035 ει

2142 2067 2390 2123 Patribus
2419 2078 2765 2135 accusantur,
2805 2072 3127 2137 Opposuisse
3157 2070 3385 2138 primunt
3422 2071 3584 2125 laicus
3627 2074 3723 2126 lto-

2142 2162 2319 2214 mines
2350 2177 2363 2213 :
2397 2174 2483 2226 ul,
2516 2162 2657 2230 quod
2701 2163 2777 2214 ait
2814 2164 3136 2230 Apostolus,
3173 2178 3267 2229 per
3294 2164 3719 2231 contemptibilis

2141 2255 2325 2307 mundi
2358 2255 2712 2308 cottlnntlerct
2741 2253 2921 2318 fortia,
2948 2261 3003 2307 et
3027 2256 3280 2307 tumidam
3312 2260 3458 2324 quasi
3484 2254 3721 2309 Pliatao-

2140 2358 2266 2397 num
2300 2347 2593 2411 potentiam
2625 2344 2984 2398 confunderet
3010 2346 3077 2396 alt
3104 2343 3353 2400 inﬁrmis.
3381 2345 3540 2398 Certe
3568 2346 3720 2399 Pela-

2138 2436 2314 2506 gianis
2358 2438 2561 2504 primus
2602 2436 2812 2491 obstitit
2859 2435 3208 2491 Constantius
3253 2454 3319 2491 ex
3366 2437 3566 2491 Vicano
3608 2438 3717 2501 (sic

2138 2527 2282 2581 enim
2326 2528 2609 2597 legendum
2650 2530 2769 2597 est)
2818 2527 3003 2581 Roma:
3056 2529 3324 2585 habitans.
3370 2528 3578 2582 Primus
3612 2528 3716 2583 Ne-

2138 2622 2291 2676 storii
2339 2622 2523 2675 dolum
2575 2623 2804 2686 detexit,
2854 2622 3107 2692 eli-ruque
3146 2624 3399 2689 ostendit,
3441 2623 3599 2675 allisa
3646 2624 3713 2677 ad

2138 2712 2389 2769 ecclesia:
2425 2713 2606 2767 valvas
2635 2715 3025 2781 obtestatione,
3054 2716 3318 2770 Eusebius
3354 2724 3481 2768 tum:
3509 2726 3719 2784 tenipo-

2140 2810 2217 2865 ris
2261 2813 2611 2884 σχῶάστικος
2650 2820 2741 2874 τῆς
2784 2811 3048 2884 βασιλίδος
3091 2815 3611 2879 ιονσταντινοπό).εος,
3662 2824 3719 2869 ut

2139 2902 2377 2971 loquitttr
2409 2904 2784 2970 ‘l'ltenpltanes,
2819 2908 2897 2956 vel
2932 2906 3139 2967 rltetnr,
3172 2916 3230 2960 ιιι
3262 2909 3424 2960 tradit
3455 2906 3719 2973 Niceplto.

2138 3010 2253 3059 rus,
2280 2996 2361 3049 vel
2387 2995 2553 3062 jndex
2580 2995 2832 3059 forensis,
2857 3007 2914 3051 ut
2937 2997 3121 3051 scribit
3142 2996 3420 3053 Leontius.
3451 2998 3717 3055 lteSIitere

2140 3090 2294 3157 primi
2330 3090 2757 3145 Massiliensibus
2804 3091 3136 3163 presbyteris
3167 3092 3289 3147 laici
3328 3094 3436 3146 dtto
3485 3094 3719 3149 l'lilarius

450 3191 565 3258 ipse
591 3204 717 3244 suas
742 3190 806 3243 atl
838 3190 1088 3244 eumdem
1121 3190 1274 3243 daret
1306 3190 1512 3242 litteras
1541 3186 1697 3259 (Pag.
1728 3189 1849 3257 18);
1882 3199 2032 3242 ratus
2057 3180 2103 3243 (Σ
2137 3192 2191 3237 cl
2246 3181 2481 3255 Prnspel‘
2503 3227 2516 3245 .
2548 3197 2979 3255 monuerunlqtte
3020 3186 3376 3255 Augustinum
3428 3186 3671 3255 epistolis
3695 3226 3712 3252 ,

449 3281 603 3335 illum
635 3290 691 3335 et
717 3283 884 3335 sancti
918 3280 1165 3349 prcesnlis
1190 3282 1437 3348 ampliori
1478 3281 1661 3334 notitia
1700 3280 1953 3349 dignum,
1980 3290 2033 3335 et

450 3392 578 3432 eum
609 3392 729 3431 esse
756 3376 845 3442 qui
869 3387 922 3429 et
967 3376 1017 3428 in
1048 3391 1154 3445 quo
1188 3377 1392 3443 positus
1425 3385 1567 3427 esset
1595 3374 2029 3428 adversariorum

448 3484 602 3523 error
628 3472 906 3523 enucleate
938 3480 1302 3537 proponeret,
1337 3477 1393 3522 et
1422 3472 1646 3522 referret
1676 3484 1920 3537 tltlil‘tllllll
1942 3483 2031 3521 es-

447 3575 571 3617 sent
602 3562 653 3615 in
688 3562 805 3615 istis
847 3560 1231 3630 quaestionibus
1263 3560 1577 3613 obscuriora
1598 3601 1612 3623 ,
1643 3570 1697 3613 et
1740 3559 1802 3612 ad
1852 3559 2027 3628 perci-

446 3655 702 3723 piendum
732 3655 1057 3714 dilliciliora,
1087 3668 1207 3722 qua}
1235 3653 1580 3707 ltteidissitnis
1602 3650 2031 3721 expositionibus

449 3760 479 3797 ει
509 3747 957 3814 prmstantissiuio
1000 3748 1230 3799 Doctorc
1263 3746 1458 3813 aperiri
1490 3755 1785 3811 oporteret.

525 3837 817 3891 Enimvero
847 3853 1049 3890 murem
1078 3837 1250 3906 gc~sit
1284 3838 1482 3891 llilstio
1513 3837 1765 3904 Prosper,
1799 3847 1851 3892 et
1877 3837 2025 3892 cele-

449 3926 814 3980 bratissimum
864 3927 1047 3992 illam,
1102 3944 1224 3995 qua:
1281 3930 1577 3981 etiamnum
1627 3936 1833 3993 CXSlilI,
1882 3929 2032 3984 dedit

448 4016 731 4084 epistolam
762 4032 903 4067 anno
936 4016 1040 4069 49.8
1068 4027 1333 4079 exeunte,
1367 4018 1447 4069 vel
1478 4016 1582 4070 4'29
1619 4030 1832 4072 ineunte
1860 4039 1870 4071 :
1903 4036 2031 4088 pro-

449 4109 627 4162 fessus
648 4107 866 4160 scribere
894 4124 946 4159 se
974 4106 1095 4176 [ἰ.Ιεὶ
1122 4125 1222 4175 qua
1254 4106 1485 4160 Ecclesia
1508 4109 1624 4161 eicit
1654 4109 1840 4177 affectu
1864 4110 2022 4181 (Pug.

450 4201 477 4255 1
514 4208 561 4251 ct
588 4200 744 4267 seq.).
781 4199 951 4252 Motus
978 4200 1260 4251 amborum
1290 4200 1468 4251 studio
1498 4198 1704 4268 August
1728 4215 1856 4264 nus,
1891 4201 2029 4256 tluos

447 4292 515 4345 ad
544 4291 765 4344 eo~deut
803 4292 968 4346 libros
996 4294 1061 4345 ile
1092 4291 1576 4347 l’raedeSIiuatione
1600 4294 1945 4359 Sanctorum,
1974 4303 2029 4349 et

448 4384 515 4435 de
568 4383 715 4435 Dono
775 4383 1197 4438 l‘ersevei-2ittti.e
1248 4382 1491 4449 scripsit.
1544 4385 1763 4453 Aliqnas
1815 4402 2027 4455 quoque

446 4476 591 4530 idem
619 4477 845 4530 fortasse
868 4476 930 4529 ad
955 4493 1048 4529 eos
1069 4477 1212 4529 dedit
1242 4477 1471 4539 litteras,
1499 4491 1619 4545 qua:
1644 4477 1859 4546 quidem
1882 4479 2027 4533 exci-

444 4568 638 4622 derunt
672 4566 866 4639 (Infra.
900 4585 1018 4639 pag.
1044 4567 1112 4619 Eli
1142 4578 1189 4622 et
1216 4569 1370 4638 seq.).

517 4659 736 4715 Constat
767 4662 981 4726 quidem
1015 4660 1274 4715 IItlatiuni
1310 4674 1434 4715 IllllC
1459 4661 1719 4729 temporis
1741 4677 1804 4718 ex
1834 4662 2027 4719 ordine

444 4754 703 4809 laicorunt
764 4754 926 4807 fuisse
982 4752 1154 4825 (l’ag.
1208 4754 1308 4814 ιδ.
1345 4755 1444 4824 a),
1492 4755 1723 4822 Prostter
1764 4756 2026 4810 diaconus

444 4848 610 4902 fuisse
633 4847 787 4917 (Pag.
824 4849 869 4912 Ι,
894 4848 960 4916 ει)
990 4863 1053 4901 ex
1083 4864 1148 4903 eo
1178 4848 1399 4901 lor-itan
1442 4847 1609 4903 videri
1644 4856 1847 4917 potest,
1879 4849 2025 4918 quod

441 4941 508 4995 de
541 4942 764 4993 Leutttio
794 4940 1024 4993 diacono
1060 4940 1288 5008 loquens
1329 4939 1552 4994 fratrem
1589 4956 1741 4993 suum
1774 4956 1895 4995 eum
1925 4956 2023 5010 ap-

441 5032 628 5099 pellat,
662 5030 812 5084 etab
842 5030 1142 5098 Angit-tino
1174 5030 1279 5099 (De
1308 5028 1484 5084 Prwd.
1512 5030 1648 5101 SS.)
1675 5042 1729 5084 et
1756 5037 1823 5084 ab
1849 5032 2023 5086 Coele-

439 5125 582 5176 stino
628 5124 773 5192 prior
814 5122 1020 5175 Ililat-io
1059 5123 1389 5179 nominatur.
1432 5123 1541 5176 Nec
1573 5138 1639 5176 ex
1684 5124 1800 5189 ipso
1842 5135 2021 5178 tamen

441 5213 641 5267 lliiario
682 5213 749 5267 de
791 5214 1060 5283 Prospero
1101 5214 1166 5266 ad
1200 5214 1557 5283 Augusduum
1586 5214 1895 5280 setibeute,
1928 5232 2023 5269 tie-

438 5320 544 5371 que
575 5306 641 5357 ab
679 5307 789 5358 ullo
820 5307 927 5358 alio
959 5322 988 5359 e
1026 5305 1300 5359 veteribus
1327 5315 1556 5373 apparet
1583 5321 1704 5360 emn
1736 5307 1900 5361 fuisse
1926 5308 2024 5361 ali-

439 5412 548 5467 quo
598 5398 954 5453 ecclesiastici
1000 5398 1209 5452 ordinis
1253 5396 1421 5465 gradu
1467 5398 1775 5466 insignitum
1819 5396 2015 5469 (Infra,

436 5508 557 5561 pag.
588 5491 704 5555 :23).
734 5490 850 5554 Ipse
875 5501 1103 5545 testatur
1125 5490 1325 5561 (Infra,
1354 5508 1472 5561 pag.
1499 5492 1554 5558 6)
1581 5506 1639 5545 se
1668 5506 1773 5544 non
1796 5490 2015 5558 quidem

436 5586 769 5641 argumentis
821 5598 1072 5649 perterse
1118 5586 1471 5639 scribentium
1521 5585 1590 5638 de
1621 5586 1869 5649 vc-rilate,
1920 5586 2012 5640 sed

433 5675 731 5729 auctoritati
763 5676 1035 5738 imparem,
1067 5692 1124 5728 eo
1152 5677 1289 5743 quod
1312 5679 1525 5729 multum
1552 5677 1649 5747 ipsi
1680 5694 1793 5729 eum
1822 5690 1869 5730 et
1901 5678 2016 5729 riae

430 5770 627 5828 meritis
673 5768 1051 5833 antecellerent,
1099 5778 1145 5821 et
1192 5771 1352 5838 aliqui
1398 5786 1577 5824 eorum
1624 5769 1810 5839 adepto
1850 5786 2015 5841 nuper

2138 3292 2272 3346 quas
2299 3291 2633 3342 eun-equeus
2659 3290 2789 3332 tetas
2817 3278 2887 3332 ita
2921 3278 3183 3346 suspexit,
3215 3288 3271 3331 ιιι
3298 3279 3564 3348 supremis
3604 3296 3718 3335 nta-

2136 3368 2225 3437 ειιί
2253 3370 2439 3437 gratiae
2468 3368 2707 3425 duetoris
2736 3369 3010 3426 laboribus
3039 3369 3389 3441 conjungeret
3410 3372 3559 3442 quasi
3589 3387 3717 3442 sup.

2139 3477 2318 3530 pares.
2358 3480 2376 3513 ι

2206 3554 2308 3622 Qui
2338 3568 2487 3610 Sana:
2516 3555 2584 3611 de
2612 3555 2816 3612 Christi
2844 3557 3013 3628 gratia
3058 3556 3318 3613 doctrinre
3354 3558 3718 3614 adversaban-

2137 3654 2244 3706 tur.
2280 3662 2383 3699 non
2416 3663 2513 3699 eos
2545 3647 2664 3701 libri
2698 3649 2909 3719 utrique
2933 3666 2961 3701 a
2988 3649 3145 3703 beato
3174 3650 3470 3719 Augustino
3496 3652 3559 3703 ad
3589 3650 3719 3705 Pto-

2135 3751 2351 3803 speruat
2403 3749 2456 3793 et
2507 3738 2771 3794 lliliriutu
2812 3740 2999 3809 scripti
3044 3742 3340 3795 auctoritas
3376 3758 3403 3794 a
3445 3743 3714 3797 sententia

2134 3828 2389 3894 dimovit,
2425 3830 2586 3900 ltique
2618 3833 3010 3899 posterioribus
3039 3832 3255 3888 seculis
3294 3833 3716 3904 Semipelztgiani

2136 3923 2331 3975 merito
2361 3934 2487 3976 sunt
2516 3924 2793 3993 appellati.
2830 3923 2949 3979 Non
2985 3924 3219 3979 Roniana
3247 3929 3413 3979 solum
3438 3926 3719 3991 Atricnna-

2131 4030 2229 4084 que
2260 4016 2477 4069 concilia
2526 4014 2722 4087 (Intra,
2773 4033 2894 4085 pag.
2943 4017 3069 4087 89).
3100 4026 3149 4072 et
3189 4036 3279 4088 per
3323 4033 3493 4071 omnes
3534 4018 3719 4070 mundi

2134 4123 2307 4181 partes
2354 4112 2575 4164 universi
2622 4111 2979 4181 promissionis
3028 4111 3128 4180 ﬁlii
3171 4112 3261 4180 qui
3310 4124 3457 4164 extra
3508 4108 3716 4164 Gallias

2136 4202 2520 4265 versabantur,
2551 4205 2641 4257 sed
2680 4204 2733 4256 in
2772 4204 2896 4269 ipsis
2935 4211 3088 4256 etiam
3125 4200 3310 4257 Galliis
3356 4201 3565 4274 plurimi
3594 4218 3716 4255 cum

2134 4293 2267 4345 beati
2298 4293 2571 4364 Augustini
2597 4294 2834 4348 doctrina
2862 4292 3073 4364 (Ibid.),
3102 4296 3234 4347 sicut
3258 4296 3308 4346 in
3339 4304 3443 4346 tota
3472 4296 3604 4363 ﬁde,
3636 4297 3719 4348 ita

2132 4387 2187 4439 in
2218 4389 2400 4458 gratia:
2427 4390 2746 4458 confessione
2764 4388 3142 4456 congruebant,
3173 4398 3218 4441 et
3242 4391 3308 4440 ad
3339 4390 3718 4453 perceptionem

2132 4482 2435 4553 evangelica!
2475 4483 2865 4552 apostoli'caque
2908 4481 3157 4535 doctrina:
3201 4480 3554 4535 saluberrimis
3598 4482 3720 4551 ejus

2053 4571 2565 4641 Ddispntationibus
2608 4575 2981 4629 imbuebantur.
3035 4573 3413 4627 \‘ertuntamt-tt
3462 4591 3493 4628 e
3537 4572 3719 4630 Gallis

2130 4682 2236 4719 non
2273 4666 2423 4733 pauci
2462 4677 2655 4722 sancto
2684 4666 2927 4721 Antistiti
2947 4708 2962 4731 ,
2999 4670 3258 4733 prwcipua
3287 4669 3402 4720 licet
3434 4678 3552 4720 tunc
3581 4678 3721 4722 esset

2130 4758 2297 4824 portio
2351 4755 2553 4809 Domini
2600 4758 2956 4821 sacerdotum,
3003 4758 3215 4811 occultis
3265 4757 3717 4813 susurrationibns

2128 4848 2553 4917 obloquebantur,
2593 4858 2638 4901 et
2685 4858 2839 4919 prout
2880 4862 3193 4921 Opportunas
3236 4850 3525 4917 aliquorum
3555 4866 3719 4907 aures

2125 4940 2467 5007 reperiebant,
2499 4943 2689 5009 scripta
2716 4943 2863 5008 eius,
2902 4943 3084 5012 quibus
3122 4957 3271 4995 error
3300 4940 3719 5012 Pelagianorum

2125 5032 2476 5102 impngnatur,
2507 5032 2844 5101 infatuabant,
2880 5042 3137 5098 lautiaque
3169 5034 3371 5101 pietatis
3411 5037 3517 5086 riro
3548 5050 3719 5106 paga-

2126 5143 2309 5181 norum
2356 5138 2404 5180 et
2448 5126 2852 5181 Haniclueornm
2896 5127 3209 5195 impietatem
3247 5126 3586 5179 ascribebant.
3623 5124 3718 5181 Ita

2123 5220 2175 5272 in
2203 5236 2316 5273 eum
2342 5230 2532 5273 statum
2557 5221 2807 5274 deducere
2834 5236 3042 5273 causam
3070 5218 3314 5273 Ecclesia:
3338 5219 3712 5285 moliebantur,

2125 5321 2177 5365 ut
2207 5315 2328 5365 dum
2357 5312 2633 5366 catholicos
2662 5311 2976 5380 aﬂimtabant
3007 5327 3107 5363 non
3137 5316 3379 5365 veraciter
3410 5327 3501 5377 pro
3529 5313 3716 5382 gratia

2122 5414 2340 5465 locutos,
2377 5402 2691 5470 Pelagianos
2719 5402 2909 5471 injuste
2934 5402 3204 5455 damnatos
3234 5402 3391 5472 fuisse
3419 5402 3713 5473 persuade-

2124 5506 2235 5545 rent
2268 5491 2463 5561 (Infra,
2489 5510 2604 5562 pug.
2633 5492 2780 5561 508).
3515 5549 3519 5553 _
3688 5498 3701 5501 “

2194 5582 2321 5647 Qua:
2345 5585 2387 5635 si
2417 5600 2531 5636 cera
2550 5594 2709 5636 essent
2730 5581 2890 5655 (Pag.
2914 5582 2983 5638 89
3008 5590 3055 5635 et
3076 5581 3231 5653 αφ),
3256 5592 3309 5637 et
3336 5582 3387 5636 in
3410 5582 3587 5652 aliquo
3608 5598 3701 5639 cr-

2118 5685 2287 5728 ratnin
2322 5673 2509 5727 fui-set
2534 5676 2599 5725 alt
2623 5676 2939 5745 Augustino,
2973 5691 3069 5728 cur
3092 5676 3189 5743 ipsi
3226 5674 3692 5742 prmdieatimtibut

2118 5766 2237 5839 ejus
2264 5784 2368 5822 non
2400 5769 2742 5834 νυείειιιιιιιιιι,
2781 5783 2881 5823 nec
2930 5768 3120 5825 saltem
3165 5766 3432 5837 aliquibus
3472 5767 3714 5837 scriptis
