4080 6354
509 342 582 403 st
1691 347 1849 405 Vl'l‘A
1890 314 2226 404 enormem
2261 346 2614 417 AQUITANI.
3716 352 3797 419 an

510 470 739 519 tumant.
774 463 845 521 At
874 463 1017 521 idem
1058 464 1190 522 nihil
1209 463 1420 522 videtur
1441 464 1493 521 in
1528 473 1775 520 sanetum
1816 465 2098 520 Doctorem
2133 470 2171 526 Α
2201 466 2369 533 soluta
2397 466 2715 536 professione
2742 467 3071 539 respondeo;
3098 471 3153 523 in
3176 470 3328 525 nullo
3354 470 3598 528 recedens
3618 487 3657 529 ι
3676 481 3796 530 tra-

508 558 683 627 palutu
717 558 971 613 edidisse.
998 558 1127 627 Qum
1167 573 1296 613 γθιο
1346 558 1564 613 collatio
1618 558 1735 627 eius
1758 570 1838 613 est
1872 572 2100 613 uumeto

511 652 671 704 tertio
694 650 923 717 decima,
953 668 1071 708 eam
1102 668 1246 706 anno
1271 652 1375 706 4‘26
1411 664 1463 708 et
1493 653 1732 721 scripsit,
1755 662 1810 706 et
1833 654 1932 706 sub
1967 669 2097 722 pro-

510 744 627 811 prio
656 745 873 799 nomine
910 746 1098 811 edidit,
1139 748 1267 801 licet
1322 760 1481 814 prava
1514 761 1633 815 qua:
1672 747 1723 800 iu
1770 744 1960 800 eadem
2011 744 2103 799 ha-

508 832 706 887 bentur
728 838 999 907 dogmata,
1020 853 1082 892 es
1108 839 1334 893 alterius
1357 854 1580 907 persona
1607 850 1871 909 proponat
1895 835 2096 910 (Infra,

507 924 658 987 510).
687 928 963 985 Neminem
1017 942 1212 1002 prmter
1253 933 1394 987 liuuc
1419 932 1483 987 ad
1525 950 1721 988 annum
1773 948 1941 1004 usque
1995 931 2100 988 453

506 1022 725 1087 scriptis
764 1038 923 1077 sensa
953 1040 1049 1078 sua
1075 1025 1331 1080 mandare
1350 1041 1536 1079 ausum
1564 1040 1685 1081 esse
1712 1036 1956 1096 apparet.
1997 1024 2103 1079 lta-

507 1130 613 1185 que
646 1126 735 1169 aut
772 1120 1008 1186 scriptor
1045 1118 1163 1182 ille,
1217 1119 1416 1188 dequo
1472 1116 1728 1190 ProSper,
1771 1122 1975 1191 aliquot
1996 1120 2099 1176 sal-

510 1216 615 1263 tetu
641 1224 811 1264 annos
842 1210 1009 1275 siluit,
1033 1210 1339 1266 admoneuti
1365 1213 1628 1282 Prospero
1652 1228 1854 1268 morem
1870 1228 2097 1283 gerens;

437 1318 447 1329 ‘
507 1311 600 1355 aut
627 1303 671 1356 si
702 1304 823 1373 quis
852 1308 1171 1373 promissum
1218 1316 1271 1361 et
1295 1307 1552 1375 jactatum
1583 1324 1612 1361 a
1656 1307 2101 1377 Semipetagiauis

424 1430 443 1472 ρ
509 1393 657 1465 Opus
688 1398 828 1453 idem
861 1409 1022 1469 atque
1052 1402 1262 1456 tertiam
1295 1402 1556 1457 declinato
1597 1404 1939 1458 collationem
1981 1416 2101 1459 esse

510 1489 873 1553 contenderit,
899 1492 944 1545 is
982 1492 1363 1561 epigrammata
1396 1495 1501 1549 duo
1541 1494 1608 1548 de.
1642 1495 1836 1565 quibus
1881 1494 1964 1548 hic
1986 1510 2103 1550 sero

511 1595 605 1635 mo
633 1583 797 1635 estad
828 1600 1025 1638 annum
1049 1584 1155 1638 4'26
1186 1596 1425 1652 revocet,
1454 1586 1521 1640 ad
1553 1587 1874 1651 Prosperuut
1926 1587 2101 1644 Sumi-

508 1674 807 1745 pelagiauis
837 1676 947 1746 jam
977 1688 1086 1731 tutu
1143 1678 1402 1735 indixisse
1454 1679 1655 1735 bellum
1704 1682 1967 1737 concedat
2005 1698 2101 1738 ne-

510 1779 665 1822 cesse
702 1777 804 1823 (38L

2204 560 2324 615 mite
2347 577 2522 614 eorum
2552 561 2908 632 deﬁnitionum
2938 580 3051 634 qua:
3083 565 3137 618 in
3167 565 3328 619 tonui
3348 566 3451 619 riui
3481 567 3795 635 disputatio-

2203 654 2350 707 nibus
2380 655 2723 710 continentur.
2754 655 2821 710 Et
2843 673 2921 709 em
2949 669 3078 711 sunt
3108 658 3506 727 ltesponeiones
3528 658 3598 715 ad
3620 660 3794 727 Gepi-

2204 747 2318 801 tula
2359 749 2736 816 Objectionum
2777 748 3052 805 Gallorum
3093 752 3558 809 calumniantium.
3595 754 3796 810 Harum

2203 847 2491 908 postremae
2518 840 2638 894 duae
2670 842 2963 896 laudantur
2988 859 3019 895 a
3044 842 3331 913 Fulgetrtio
3358 845 3519 917 (Pay.
3549 845 3670 915 εει),
3700 848 3794 917 ηυξ

2202 928 2481 986 Gallorum
2509 934 2845 1001 obiectiones
2871 935 3065 989 librum
3090 937 3379 1007 Augustini
3406 939 3473 994 de
3498 939 3796 995 ιρι-διαύ-

2205 1024 2425 1079 natione
2450 1026 2773 1080 Sanctorum
2805 1028 3143 1095 potissimum
3175 1030 3797 1097 speetareauimadrer—

2206 1114 2288 1169 tit.
2318 1133 2337 1166 ι
2368 1114 2483 1170 Νοη
2529 1127 2706 1172 autem
2750 1119 2964 1188 ignoras
3006 1120 3326 1191 (Meuianum
3366 1121 3582 1193 δαίδων)
3624 1124 3793 1181 etiam

2205 1211 2481 1279 praeterito
2530 1218 2777 1278 tempore
2821 1213 2895 1266 illi
2938 1213 3365 1269 luculentissimo
3405 1216 3575 1269 sancti
3612 1218 3798 1288 Angu.

2202 1304 2330 1357 stini
2355 1303 2541 1375 Operi.
2566 1306 2707 1373 quod
2732 1304 2945 1375 scripsit
2968 1305 3035 1360 de
3063 1305 3545 1363 Prsetlcstiuatione
3569 1308 3798 1366 Sancto-

2204 1409 2347 1455 rum.
2374 1412 2405 1449 a
2433 1396 2753 1465 quibusdam
2783 1396 2948 1453 Gallis
2973 1397 3264 1466 obiectum,
3292 1399 3431 1468 quod
3467 1401 3655 1456 beatus
3686 1406 3797 1456 Au-

2202 1487 2449 1556 gustinus
2486 1489 2537 1541 iu
2574 1490 2871 1545 assertione
2911 1490 3396 1559 praedestinationis
3421 1493 3634 1559 divina,
3672 1508 3798 1561 pee-

2203 1589 2438 1648 Catores,
2471 1598 2577 1637 nou
2624 1583 2688 1637 ad
2730 1585 2905 1638 solum
2950 1585 3359 1653 przedestinatos
3402 1586 3609 1640 diceret
3642 1586 3794 1657 judi-

2204 1675 2369 1743 cium,
2394 1677 2490 1731 sed
2519 1677 2680 1733 etiam
2708 1676 2773 1730 ad
2808 1687 3086 1747 peccatum
3114 1696 3127 1732 :
3162 1680 3315 1745 cuius
3344 1679 3507 1747 dicta,
3526 1683 3647 1749 quia
3677 1682 3794 1750 ipsa

2204 1770 2371 1825 celeri
2396 1783 2698 1840 prtevenms
2720 1781 2803 1825 e~t
2818 1772 2987 1837 obitu,
3008 1771 3232 1841 Prosper
3253 1774 3330 1826 vir
3348 1774 3580 1829 eruditus
3599 1786 3648 1830 et
3672 1792 3796 1830 san-

589 1878 609 1913 i
643 1859 840 1917 Gratia:
883 1862 1223 1919 adversarios
1264 1881 1372 1921 non
1416 1880 1804 1937 compescuere
1848 1868 2096 1937 Prospcri
2134 1868 2177 1929 Β
2206 1872 2317 1918 ctus
2353 1876 2498 1919 recta
2520 1864 2760 1920 defendit
2792 1865 2895 1920 title
2912 1876 2966 1921 et
2991 1868 3211 1934 copioso
3238 1882 3511 1922 Sermone.
3541 1888 3559 1921 ι
3593 1867 3793 1926 lla-cs.

510 1953 771 2006 carmina.
808 1954 1053 2009 ll;rretiti
1084 1958 1250 2022 enim,
1280 1967 1339 2012 ut
1370 1960 1467 2013 bac
1502 1961 1616 2029 ipsa
1648 1961 1713 2015 de
1744 1976 1802 2015 re
1830 1978 1999 2031 agens
2026 1963 2104 2017 ait

511 2043 773 2099 Barottius
803 2046 905 2117 (Ad
930 2066 1016 2102 an.
1052 2050 1199 2118 43!).
1230 2052 1498 2106 confutari
1530 2065 1776 2123 possunt,
1803 2058 1925 2125 quia
1958 2058 2102 2114 leves

510 2150 637 2193 euut
675 2149 731 2195 et
770 2140 1003 2208 iulirmi;
1040 2144 1209 2199 victos
1238 2161 1297 2201 se
1327 2161 1356 2200 a
1394 2149 1620 2203 Veritatc
1655 2150 1811 2205 fateri
1843 2167 1946 2207 uoo
1978 2169 2103 2223 pos-

510 2246 659 2298 sunt,
695 2237 819 2305 quia
857 2238 1153 2303 probantur
1185 2242 1511 2308 pervieaees.
1558 2262 1578 2297 ι
1617 2246 1718 2310 Qui
1754 2257 1928 2299 tamen
1963 2264 2100 2317 pra:-

512 2327 661 2381 Bules
718 2331 1005 2399 Augustini
1055 2332 1301 2389 doctrina
1358 2337 1688 2407 alitptaututn
1736 2344 1991 2397 eotnmoti
2040 2358 2103 2398 ac

510 2424 811 2492 perturbati
860 2423 1092 2490 fuerant,
1148 2428 1199 2483 in
1248 2430 1442 2497 quibus
1490 2433 1721 2489 Hilarius
1771 2436 2103 2492 Arelatensis

510 2518 733 2583 prt'csul.
771 2519 803 2570 ii
843 2528 935 2571 aut
973 2522 1255 2576 veritatem
1299 2524 1511 2578 tandem
1543 2526 1832 2596 aliquando
1863 2544 2102 2598 agnove-

509 2620 656 2672 rant,
700 2620 793 2664 aut
835 2624 986 2666 certe
1030 2616 1178 2669 taciti
1222 2615 1498 2686 quietique
1540 2621 1933 2688 exspectabant
1973 2622 2100 2674 dum

510 2715 629 2755 eam
665 2700 768 2756 sibi
799 2704 1015 2773 aperire
1045 2721 1106 2758 ac
1138 2705 1396 2775 detegere
1420 2710 1732 2778 dignaretur
1762 2710 1903 2765 Deus
1924 2712 2103 2781 (illau-

509 2796 653 2866 gain.
687 2806 811 2851 tom.
843 2798 885 2852 ll
919 2817 971 2869 p.
1004 2800 1155 2869 A73).
1202 2802 1361 2857 Pauci
1407 2806 1620 2871 quidam
1661 2807 1959 2878 presbyteri
2004 2809 2104 2863 Ec.

510 2890 803 2944 clesiaruui
858 2892 1186 2948 dissensioni
1245 2894 1551 2965 studentes,
1604 2898 1903 2951 doctrinam
1964 2900 2104 2954 beati

512 2981 804 3050 Augustini
843 2998 1070 3053 carpere
1099 3002 1205 3040 non
1232 2986 1554 3044 desinebant
1588 2986 1792 3059 (Infra.
1823 3007 1943 3061 pag.
1972 2990 2101 3059 260,

513 3072 668 3143 Elii),
702 3073 1133 3148 objiciebantque
1167 3080 1308 3149 quod
1351 3091 1661 3148 peccatores
1693 3098 1798 3135 non
1829 3083 2005 3137 solum
2037 3084 2105 3138 ad

513 3167 776 3238 judicium
820 3172 1057 3239 peccatis
1093 3171 1355 3239 debitum,
1386 3174 1479 3229 sed
1516 3175 1676 3228 etiam
1715 3175 1780 3228 ad
1824 3184 2102 3244 peceatum

2209 1957 2524 2029 Fulgentius
2554 1959 2704 2014 initio
2731 1962 2921 2029 capitis
2944 1961 3013 2015 50
3042 1962 3159 2016 libri
3194 1963 3349 2030 primi
3377 1963 3445 2016 ad
3473 1963 3794 2019 blonimum.

2752 2073 3135 2130 ARTICUIMS
3173 2073 3259 2129 Vl.

2279 2164 2577 2235 Respondet
2618 2165 2678 2221 S.
2725 2165 2952 2242 Prosper
2998 2169 3265 2242 Vincentio
3302 2179 3352 2225 et
3390 2170 3697 2242 presbyteris

2811 2238 3186 2300 Genuensibus.

2279 2328 2393 2383 Non
2424 2330 2690 2397 sequiores
2714 2331 2765 2384 in
2796 2330 3116 2400 discipulum
3145 2332 3435 2387 adversarii
3460 2333 3610 2388 l'nere
3636 2348 3796 2404 (μησὶ

2205 2420 2260 2475 ἰη
2299 2423 2634 2490 tuagiStrum.
2675 2423 2897 2489 Quiu'aiu
2940 2428 3073 2478 enim
3110 2424 3418 2479 Christianae
3456 2443 3517 2479 ac
3555 2427 3802 2491 fratruo

2206 2514 2472 2568 cltaritatis
2501 2514 2643 2568 obliti
2690 2513 2889 2587 (Infra,
2934 2533 3052 2584 pag.
3094 2516 3221 2579 217,
3256 2518 3310 2569 in
3352 2515 3647 2587 Pratf.).‘in
3677 2528 3804 2573 tmt-

2206 2617 2313 2660 tum
2344 2609 2767 2663 existimationem
2788 2613 2896 2681 ejus
2918 2612 3271 2679 quoquomodo
3294 2611 3559 2665 studebant
3583 2613 3794 2677 ledere,

2204 2714 2262 2755 ut
2304 2718 2451 2756 suam
2492 2720 2546 2756 se
2592 2714 2811 2756 evertere
2846 2705 3064 2757 nocendi
3092 2705 3370 2773 cupiditate
3404 2721 3507 2758 non
3544 2705 3799 2759 viderent.

2205 2796 2551 2851 Conterebam
2574 2797 2727 2859 enim,
2763 2808 2809 2849 et
2837 2797 3077 2867 qualibus
3105 2808 3334 2865 poterant
3362 2796 3625 2851 sententiis
3656 2812 3804 2850 aem-

2208 2888 2589 2955 preliendebant
2616 2890 3054 2958 ineptissimorum
3084 2890 3423 2959 quarumdam
3451 2889 3805 2960 blasphemia-

2206 2999 2319 3035 rum
2358 2982 2657 3054 prodigiosa
2693 2983 2980 3047 mendacia,
3022 2998 3182 3054 eaque
3219 2982 3531 3037 ostendenda
3569 2993 3617 3036 et
3658 2984 3805 3052 inge-

2207 3076 2366 3129 renda
2394 3077 2566 3128 multis
2595 3074 2796 3147 publice
2824 3076 3162 3145 privatimque
3190 3075 3637 3145 circumferebant,
3658 3091 3803 3129 asse-

2209 3180 2375 3223 rentes
2416 3170 2540 3222 talia
2576 3170 2626 3224 in
2670 3169 2911 3240 Prosperi
2952 3186 3102 3223 sensu
3147 3186 3276 3231 esse,
3324 3168 3501 3239 qualia
3540 3168 3805 3224 diabolica

514 3260 689 3329 ipsum
723 3262 921 3319 diceret
955 3266 1364 3333 prmtlcstiuatos
1399 3285 1411 3321 :
1450 3267 1774 3338 PmSperum
1807 3285 2020 3341 quoque
2050 3278 2105 3325 et

2212 3262 2291 3330 (ut
2322 3262 2579 3330 loquitur)
2607 3262 2836 3315 indiculo
2864 3263 3270 3316 continebantur.
3303 3261 3435 3327 (iure
3458 3269 3677 3317 sanctus
3700 3276 3805 3315 no-

515 3355 777 3409 llilariutn
808 3357 1238 3414 criminabantur
1263 3362 1558 3429 pra-dicare
1590 3364 1929 3417 adverSantia
1959 3365 2105 3418 veri-

515 3447 608 3500 lati
644 3446 832 3518 (Fulg.
857 3449 925 3501 ad
964 3448 1107 3503 Mori.
1141 3452 1181 3504 Ι.
1218 3467 1230 3504 t
1262 3469 1307 3506 c.
1340 3451 1464 3521 50).
1497 3454 1695 3508 llortun
1724 3471 1844 3525 qum
1882 3456 1932 3510 iu
1965 3458 2103 3513 beati

512 3540 794 3611 Augu~tini
821 3543 969 3597 libris
996 3543 1324 3601 datnuabilia
1346 3564 1405 3603 se
1434 3551 1699 3616 reperisse
1721 3550 1996 3620 jactaliant
2026 3553 2107 3606 in-

513 3634 752 3689 dieulum
794 3635 1189 3707 confecerunt,
1221 3650 1277 3695 et
1318 3657 1380 3695 ea
1420 3642 1815 3697 distribuerunt
1856 3644 1907 3697 iu
1952 3645 2107 3712 quin-

514 3728 687 3783 decim
732 3729 995 3797 capitula,
1035 3746 1156 3800 quae
1202 3731 1585 3799 damnationis,
1629 3750 1747 3797 seu,
1790 3743 1846 3787 ut
1892 3735 1943 3787 in
1985 3735 2106 3788 aliis

514 3822 677 3876 codd.
716 3824 940 3876 rationis
983 3825 1136 3879 titulo
1174 3835 1541 3894 praenotarunt
1585 3845 1597 3881 :
1640 3826 1693 3881 in
1725 3827 1919 3897 quibus
1952 3828 2107 3895 longe

516 3916 682 3969 alium
722 3924 911 3971 sancto
947 3918 1155 3972 doctori
1186 3934 1404 3974 sensum
1437 3921 1765 3990 attingebant
1803 3923 1872 3975 ab
1910 3937 1975 3974 eo
2015 3922 2105 3990 qui

519 4010 572 4065 in
622 4009 740 4077 ejus
790 4010 1006 4077 scriptis
1043 4011 1213 4065 inerat
1253 4012 1452 4081 (Infra,
1498 4031 1619 4084 pag.
1660 4014 1789 4079 260,
1831 4015 1983 4083 20$).
2030 4014 2107 4069 Ac

518 4102 650 4158 illud
680 4100 898 4170 quidem
932 4117 1073 4155 anno
1102 4100 1197 4155 451
1231 4105 1346 4157 fieri
1376 4104 1566 4172 potuit.
1595 4104 1745 4157 Tunc
1774 4107 1915 4159 enim
1941 4122 1971 4160 e
2000 4091 2105 4161 viia

519 4196 603 4251 vir
628 4206 848 4250 sanctus
881 4196 1225 4265 migraverat,
1255 4214 1413 4265 quem
1448 4198 1677 4266 Prosper
1704 4197 1757 4249 in
1794 4198 2109 4263 pra-latione

518 4290 893 4356 responsionis
930 4290 995 4343 ad
1037 4289 1279 4357 Capitula
1322 4290 1599 4346 Gallorum
1629 4298 1822 4342 sancta-
1855 4291 2111 4344 memoriae

521 4383 835 4448 episcopum
867 4392 1143 4453 nuncupat
1172 4382 1366 4454 (Infra,
1397 4400 1515 4455 pag.
1549 4383 1701 4455 205).
1737 4384 1813 4438 Illi
1843 4393 2020 4440 tamen
2055 4386 2108 4439 in

524 4473 865 4530 defendenda
919 4476 1109 4546 gratia:
1156 4476 1402 4532 doctrina
1459 4491 1743 4530 successor
1792 4470 2113 4532 surrexerat

524 4580 746 4624 sanctus
774 4569 1003 4635 Prosper
1031 4566 1219 4641 (Fulg.
1246 4587 1297 4637 ρ.
1328 4569 1422 4638 εκ)
1451 4588 1464 4621 :
1498 4569 1639 4623 unde
1671 4569 1729 4622 lit
1759 4577 1819 4623 ut
1850 4584 1951 4623 una
1985 4585 2107 4623 eum

525 4676 593 4715 eo
627 4672 682 4715 et
716 4662 876 4717 beato
915 4662 1243 4731 Hieronymo
1282 4662 1346 4717 iis
1384 4671 1773 4717 annnmeretur
1800 4677 1936 4731 quos
1967 4662 2110 4719 Deus
2137 4632 2189 4693 D

526 4752 878 4809 constituerat
909 4769 938 4808 a
976 4756 1174 4822 quibus
1210 4754 1337 4823 quid
1378 4755 1446 4811 de
1484 4754 1583 4809 hoc
1613 4765 1933 4825 argumento
1969 4767 2115 4811 esset

526 4845 857 4901 credendum
888 4844 978 4900 alii
1010 4861 1199 4901 uniues
1239 4849 1598 4902 edocerentur
1635 4846 1892 4917 (Cassiod.
1930 4849 1984 4900 in
2021 4845 2112 4902 Ps.

526 4958 577 5003 ι..
610 4958 732 5010 pag.
767 4939 891 5007 ΠΙ,
925 4939 1006 5008 2).
1040 4940 1105 4995 Et
1136 4955 1266 4996 sane
1304 4940 1493 4995 lubens
1523 4952 1709 4995 uoster
1743 4952 1797 4994 et
1831 4942 2113 5009 c0piosum

526 5047 835 5087 sermonem
870 5040 923 5088 et
965 5031 1119 5085 [idem
1148 5032 1547 5097 integerrimam
1574 5034 1809 5087 exseruit
1844 5034 1896 5087 in
1931 5032 2116 5088 defen-

527 5127 720 5181 dendis
764 5124 1003 5196 magistri
1039 5127 1122 5181 sui
1152 5126 1374 5181 vocibus
1406 5135 1462 5179 et
1495 5127 1801 5181 sententiis.
1842 5126 2114 5195 Scriptum

530 5232 656 5284 ergo
686 5218 741 5272 in
774 5219 946 5273 lucem
972 5217 1161 5281 edidit,
1189 5218 1240 5271 in
1268 5232 1374 5286 quo
1399 5217 1625 5283 singulis
1650 5216 1930 5273 Gallorum
1954 5218 2120 5272 ratio-

532 5310 689 5365 nibus
730 5321 821 5365 aut
859 5311 1121 5380 Capitulis
1160 5311 1437 5380 respondit
1477 5308 1671 5382 (Infra,
1708 5327 1831 5382 pag.
1871 5309 2022 5380 θυι).
2064 5320 2119 5366 et

535 5416 601 5456 ex
640 5400 936 5471 Augustino
976 5406 1113 5472 ipso,
1142 5407 1363 5475 quinam
1396 5419 1557 5458 verus
1596 5419 1659 5457 ac
1696 5405 1939 5457 sincerus
1978 5402 2117 5458 illius

535 5506 677 5548 esset
702 5508 893 5551 sensus
912 5496 1170 5554 ostendit.
1202 5494 1307 5557 Ne.
1334 5496 1600 5566 inquiebat
1634 5496 1723 5557 ibi,
1746 5498 1878 5549 hanc
1904 5511 2120 5565 persua-

534 5590 732 5644 sionem
780 5599 966 5645 tcmere
1009 5593 1122 5661 quis
1164 5592 1398 5663 recipiat,
1441 5600 1488 5645 et
1531 5590 1685 5644 talem
1733 5600 1872 5658 putct
1916 5606 2126 5645 seustmt

536 5683 741 5755 scriptis
759 5681 997 5735 catholici
1017 5686 1180 5738 inesse
1199 5686 1444 5749 doctoris,
1461 5682 1663 5754 qualem
1685 5698 1797 5735 eum
1818 5685 1903 5752 qui
1931 5684 2125 5752 [rustra

538 5776 923 5831 calumniantur
946 5786 1232 5840 ostentant;
1260 5778 1478 5847 singulis
1502 5778 1740 5849 capitulis
1770 5793 1885 5846 qua:
1906 5778 2123 5829 damna-

540 5871 699 5946 tionis
726 5871 885 5941 (alias
914 5871 1158 5939 rationis)
1193 5873 1343 5923 titulo
1382 5878 1734 5939 prcsnotarunt
1774 5870 1909 5925 brevi
1946 5878 1996 5924 et
2034 5868 2127 5924 ab-

2208 3367 2320 3409 SIcr
2347 3354 2481 3423 falso
2507 3355 2558 3409 in
2580 3371 2633 3408 se
2655 3356 2721 3408 ad
2747 3356 3073 3409 ercitandmn
3098 3356 3341 3409 invidiam
3360 3356 3616 3429 jactitari.
3647 3353 3810 3425 facile

2207 3458 2256 3503 et
2278 3449 2959 3520 sufﬁcientersubscriptione
2982 3449 3131 3501 unius
3150 3448 3488 3502 anatltematis
3508 3447 3800 3519 probasset.

2211 3542 2318 3597 Sed
2347 3560 2408 3596 ne
2432 3544 2727 3612 malignitas
2758 3558 2933 3595 eorum
2960 3542 3046 3610 qui
3073 3558 3125 3595 se
3154 3542 3359 3613 gravari
3389 3546 3640 3613 putabant
3669 3542 3714 3594 si
3739 3541 3808 3595 de

2208 3634 2303 3686 illo
2349 3634 2472 3686 bene
2518 3635 2809 3696 sentiretur,
2859 3633 3027 3698 ipsam
3074 3633 3459 3703 subscriptionis
3508 3632 3808 3685 brevitatem

2208 3735 2493 3787 suspectam
2536 3734 2664 3777 esset
2707 3724 2967 3789 habitura,
3014 3726 3354 3777 necessarium
3395 3725 3809 3790 conveniensque

2210 3817 2447 3883 credidit,
2480 3827 2536 3871 ut
2564 3825 2664 3871 sire
2693 3818 2759 3870 ad
2787 3818 3213 3872 calumniantium
3239 3821 3435 3873 animos
3464 3820 3809 3890 mitigandos,

2210 3913 2316 3965 sive
2342 3912 2409 3963 ad
2440 3928 2524 3964 eos
2551 3927 2770 3981 quorum
2797 3914 3009 3966 auribus
3037 3914 3135 3967 tale
3158 3914 3354 3982 aliquid
3383 3915 3690 3968 insenuisset
3718 3915 3809 3968 its-

2209 4004 2503 4066 struendos,
2557 4016 2805 4073 quantum
2857 4007 3132 4078 adjuvante
3184 4006 3401 4060 Domino
3444 4008 3558 4076 fieri
3611 4010 3807 4075 potuit,

2210 4096 2356 4166 plene
2387 4094 2654 4165 lucidvque
2683 4098 2934 4163 panderet
2962 4100 3086 4163 quid
3114 4100 3177 4152 de
3207 4100 3455 4167 perversis
3484 4100 3814 4169 deﬁnitioni-

2212 4189 2303 4239 bus
2324 4188 2607 4258 judicaret.
2645 4187 2933 4257 PTOpOSilis
2962 4191 3125 4260 igitur
3148 4192 3416 4263 sigillatim
3457 4193 3675 4245 sedecim
3717 4208 3817 4247 ca-

2212 4281 2413 4349 pitulis,
2434 4286 2525 4333 sub
2552 4298 2859 4353 unoquoque
2878 4299 3051 4337 eorum
3078 4302 3255 4340 sensus
3280 4287 3378 4349 sui,
3403 4297 3451 4340 et
3478 4286 3622 4353 ﬁdet,
3648 4302 3816 4355 quam

2213 4384 2393 4426 contra
2429 4373 2739 4445 Pelagianos
2768 4392 2830 4431 ea:
2858 4376 3165 4444 Apostolica:
3202 4379 3337 4432 sedis
3373 4379 3681 4432 auctoritate
3716 4381 3821 4433 de-

2214 4463 2470 4535 fendebat,
2504 4469 2655 4521 verba
2680 4486 2869 4537 ponere
2895 4469 3076 4524 maluit
3106 4486 3126 4523 :
3156 4480 3212 4523 ut
3240 4470 3326 4539 qui
3354 4471 3627 4537 paululum
3653 4487 3708 4525 se
3740 4474 3819 4525 ad

2214 4561 2429 4629 legenda
2466 4559 2577 4615 lucc
2614 4563 2953 4635 dignarentur
2980 4580 3249 4632 occupare,
3282 4564 3541 4618 evidenter
3562 4576 3824 4635 agnosce-

2216 4663 2327 4705 rent
2353 4654 2630 4723 impiarum
2660 4659 3101 4726 profanarumque
3117 4656 3418 4724 opinionum
3436 4655 3635 4709 nullum
3661 4660 3824 4712 cordi

2216 4760 2311 4797 suo
2338 4745 2603 4801 inuasisse
2632 4748 2919 4819 vestigium,
2951 4758 3001 4800 ct
3030 4748 3374 4817 blasphemias
3403 4764 3534 4819 quas
3565 4763 3660 4801 sua
3692 4766 3828 4816 per-

2218 4839 2503 4906 spexissent
2535 4840 2853 4905 professione
2880 4841 3143 4904 damnari,
3170 4842 3223 4895 in
3248 4842 3543 4896 earumdem
3572 4854 3826 4910 reperto-

2216 4928 2361 4983 ribus
2390 4942 2648 4984 censerent
2675 4932 2855 4985 debere
2883 4934 3079 5001 puniri.
3105 4933 3230 4988 llaec
3253 4948 3319 4988 ex
3343 4934 3460 5002 ipso
3489 4934 3555 4987 ad
3588 4934 3826 5005 longum

2224 5020 2311 5075 bic
2348 5020 2701 5089 descripsisse
2743 5022 3007 5091 proderit,
3040 5037 3097 5077 ut
3130 5038 3237 5095 quo
3272 5025 3388 5079 zelo
3429 5035 3615 5081 noster
3647 5040 3830 5096 prava

2224 5112 2470 5181 dogmata
2509 5122 2788 5182 respueret
2820 5123 2877 5168 et
2918 5125 3064 5169 recta
3103 5125 3345 5171 tueretur
3386 5117 3680 5173 lectoribus
3727 5122 3830 5172 tiat

2223 5205 2591 5262 manifestum.
2615 5206 2731 5276 Quo
2756 5215 2997 5277 tempore
3031 5209 3082 5263 id
3114 5208 3305 5280 Operis
3325 5210 3627 5267 coniectum
3651 5212 3835 5268 fuerit

2225 5314 2332 5355 non
2362 5299 2527 5370 liquet
2554 5300 2793 5356 omnino.

2302 5393 2472 5462 Hujus
2505 5393 2625 5447 libri
2658 5394 2844 5448 titulus
2873 5404 2977 5461 est,
3010 5394 3119 5453 Pro
3149 5398 3425 5470 Augustini
3452 5398 3685 5453 doctrina
3717 5397 3836 5456 ηε-

2225 5488 2531 5555 sponsiones
2568 5485 2639 5538 ad
2677 5486 2917 5557 Capitula
2963 5487 3319 5559 Objectionum
3361 5489 3839 5547 Vincentianarum

2229 5578 2428 5652 (Infra,
2457 5596 2511 5648 p.
2551 5578 2704 5646 2‘29).
2748 5582 2864 5647 Qun
2893 5596 2959 5634 cx
3009 5581 3163 5634 titulo
3200 5594 3418 5648 apparet
3459 5598 3488 5637 a
3535 5583 3839 5641 Vincentio

2228 5672 2459 5741 quodam
2487 5682 2795 5726 contextum
2830 5672 2999 5728 fuisse
3027 5689 3339 5743 perversum
3373 5676 3514 5731 hunc
3542 5686 3597 5730 et
3626 5678 3841 5735 diabo-

2229 5767 2416 5831 licum,
2451 5776 2508 5821 ut
2537 5767 2648 5834 ipse
2687 5766 2917 5835 PrOSpcr
2945 5784 3065 5821 cum
3100 5782 3294 5820 vocare
3326 5783 3428 5822 non
3465 5767 3693 5833 dubitat,
3727 5752 3840 5825 in-

2229 5865 2490 5922 diculum.
2526 5865 2652 5921 Erat
2681 5875 2807 5921 tunc
2835 5864 3092 5935 temporis
3115 5865 3168 5919 in
3198 5864 3463 5920 Lirinensi
3488 5868 3845 5925 monasterio
