4080 6354
246 304 317 365 29
1427 298 1587 357 VlTA
1627 297 1981 359 euaserat
2016 299 2380 372 sontum.
3470 300 3551 364 so
3636 350 3643 361 .

249 418 568 477 Vincentius
594 417 705 480 ille,
736 415 883 473 edito
911 416 1175 472 adversus
1199 416 1439 471 btet-eses
1468 431 1657 472 omnes
1689 416 1851 470 (Σιοηι-
1879 425 1926 480 Α
1959 419 2228 473 mandatis
2258 419 2497 486 ipsorum
2526 419 2847 488 obsequium
2883 434 3042 495 suum
3086 435 3193 495 non
3232 417 3500 503 subtus/it
3526 432 3547 479 :

249 516 548 573 monitorio
573 528 836 581 perquam
869 512 1118 567 celebris.
1158 510 1375 562 Vossius
1399 512 1486 577 qui
1514 526 1636 567 eum
1667 515 1846 572 Augu-

249 610 501 665 stiniaua:
528 608 793 661 doctrina:
831 603 1098 659 infensum
1128 602 1407 657 contendit
1438 603 1541 673 (De
1570 601 1711 656 Hist.
1747 600 1847 655 Pe-

249 702 356 777 lag.
388 699 431 756 ι.
463 716 480 755 ι
511 717 559 756 c.
593 700 675 769 9).
706 714 769 754 ea
812 699 981 754 fretus
1007 699 1212 751 ratione
1235 712 1338 765 qua
1378 697 1591 764 probari
1632 710 1846 765 quoque

247 807 433 871 posset
460 812 587 853 eum
619 793 903 850 leestini
931 793 1153 860 epistola
1196 793 1458 846 scientem
1490 800 1541 844 et
1572 790 1844 844 volentem

248 892 476 947 abusum
507 889 699 950 fuisse.
732 897 919 942 censet
952 886 1071 939 illas
1101 884 1396 939 calumnias
1425 882 1685 937 adversus
1714 882 1846 935 Pro—

208 980 469 1055 ’sperum
505 983 575 1038 ab
613 981 806 1038 eodem
836 993 960 1034 esse
990 977 1267 1033 conlictas.
1308 976 1423 1043 Qua
1471 978 1523 1029 in
1565 991 1624 1028 re
1656 974 1847 1027 Vossio

198 1076 217 1122 υ
250 1076 613 1149 astipulantur
638 1071 1101 1129 eminentissimus
1130 1069 1391 1123 Henricus
1417 1066 1660 1121 Norisius
1681 1067 1738 1121 S.
1773 1065 1839 1121 Β.

249 1170 316 1227 Ε.
345 1168 643 1226 cardinalis
671 1164 756 1233 (L.
778 1181 815 1219 tt
845 1162 981 1217 (list.
1014 1161 1124 1216 Pet.
1152 1178 1200 1217 c.
1230 1163 1341 1228 fl),
1368 1162 1568 1228 aliique
1587 1159 1676 1227 qtti
1701 1158 1844 1213 hunc

249 1262 595 1317 Vincentium
658 1256 1213 1327 Semipelagianorum
1268 1254 1518 1324 dogmata
1576 1262 1841 1308 sectatum

248 1371 365 1413 esse
391 1354 707 1411 existimant
739 1353 882 1423 (Ant.
920 1348 1056 1404 Diss.
1092 1349 1197 1417 ορ.
1234 1347 1391 1401 Leon.
1426 1366 1477 1416 p.
1505 1346 1659 1416 ιιυ).

317 1449 416 1515 Qui
449 1462 580 1501 vero
609 1446 677 1500 tle
712 1444 830 1512 ejus
861 1442 1102 1497 doctrina
1144 1440 1337 1493 inclitis
1366 1440 1623 1501 sentiunt,
1658 1437 1773 1492 sive
1805 1438 1840 1492 ii

246 1536 609 1612 Augustinum
642 1538 696 1592 iu
729 1536 794 1591 iis
824 1551 941 1604 qua!
970 1534 1037 1590 de
1064 1533 1231 1603 gratia
1262 1543 1385 1586 sunt
1415 1542 1710 1601 sequantur
1737 1531 1840 1585 du-

245 1652 384 1702 cem,
420 1635 535 1689 sive
574 1633 642 1686 ab
674 1631 791 1702 ejus
833 1638 1010 1684 mente
1048 1628 1225 1697 aliqua
1256 1642 1324 1681 ex
1367 1636 1516 1694 parte
1549 1624 1837 1687 recedant;

246 1743 434 1785 omnes
466 1728 615 1782 ineo
658 1724 1021 1785 consentiunt,
1064 1730 1119 1774 ut
1164 1720 1327 1773 alium
1367 1720 1678 1805 perquirunt
1713 1718 1843 1771 Vin-

1954 526 2063 563 non
2091 511 2247 577 quasi
2288 512 2403 577 plus
2445 514 2495 566 in
2538 527 2597 573 se
2626 528 2789 583 quam
2820 513 2873 569 iu
2904 514 3009 581 illis
3038 513 3104 587 ad
3148 512 3263 591 ltgec
3297 510 3552 595 introspi-

1952 603 2145 657 cienda
2176 612 2321 658 esset
2352 602 2573 672 ingenii,
2606 619 2669 658 ac
2712 621 2817 661 non
2858 606 3029 679 magis
3061 606 3112 669 in
3157 588 3258 671 hoc
3297 588 3553 689 catinium

1954 697 2223 753 facultatis
2249 713 2360 755 sua:
2384 698 2699 755 debuissent
2730 700 2831 770 ipsi
2854 715 3108 765 exercere
3136 715 3465 775 mensuram.
3492 710 3551 775 et

1952 791 1999 844 si
2046 791 2223 858 aliqua
2270 806 2369 845 eos
2411 792 2725 849 morabatur
2768 794 3093 859 obscuritas,
3141 793 3434 869 decurrere
3478 774 3548 871 ad

1953 882 2169 938 Patrem
2220 884 2525 950 luminum,
2580 901 2609 939 a
2663 898 2770 953 quo
2827 885 3107 942 descendit
3145 902 3307 943 omne
3362 887 3545 941 datum

1952 978 2218 1045 optimum
2258 989 2312 1034 et
2354 993 2515 1034 omne
2538 979 2740 1034 donum
2785 980 3102 1048 perfectum,
3133 990 3234 1037 cta
3261 995 3367 1051 quo
3389 980 3549 1036 datur

1950 1071 2189 1140 Spiritus
2214 1073 2494 1140 sapientia:
2520 1082 2574 1127 et
2613 1072 2957 1138 intellectus;
2990 1072 3084 1128 sed
3117 1074 3405 1142 adiuvante
3442 1072 3546 1127 Do-

1950 1164 2101 1218 mino
2130 1168 2223 1234 qtti
2263 1167 2584 1233 sapientiam
2628 1173 2847 1233 pratstat
2892 1164 3154 1230 parvulis,
3187 1164 3257 1221 de
3287 1165 3546 1229 Capitulis

1951 1256 2073 1309 istis
2112 1256 2238 1321 quid
2278 1271 2401 1310 cum
2433 1258 2631 1311 sanctis
2659 1268 2711 1311 et
2738 1256 2963 1311 eruditis
2996 1255 3251 1311 fratribus
3292 1256 3541 1321 sentiret,

1949 1346 2192 1403 bretiter
2229 1347 2469 1404 indicare
2508 1351 2817 1420 aggreditur
2859 1365 2875 1405 :
2924 1358 3110 1418 petens
3150 1358 3326 1403 tamen
3356 1366 3424 1407 nc
3453 1350 3544 1407 ubi

1948 1441 2268 1508 simplicitas
2307 1451 2453 1497 esset
2496 1442 2840 1505 obedientim,
2875 1444 3348 1513 pra-sumptioneut
3394 1454 3546 1513 puta-

1948 1546 2072 1589 rent
2110 1552 2230 1590 esse
2265 1535 2548 1591 doctrinm.
2582 1538 2815 1607 llmcque
2846 1546 2969 1607 post
2997 1536 3283 1608 Augustini
3317 1547 3544 1593 mortem

1947 1632 2244 1700 contigere.

2474 1721 2863 1781 ARTICULUS
2903 1724 3014 1779 VII.

244 1824 504 1885 centium,
534 1822 617 1874 cui
650 1820 745 1873 has
772 1817 1107 1883 obiectiones
1139 1814 1449 1869 tribuendas
1474 1814 1659 1868 veiint.
1693 1810 1832 1867 Cen-
1866 1811 1911 1871 Β
1941 1814 2164 1887 Sanctus
2215 1814 2436 1884 Prosper
2486 1815 2703 1869 Romam
2747 1834 2860 1870 cum
2910 1815 3117 1870 Hilario
3170 1817 3535 1887 proﬁciscitur.

242 1930 322 1971 sel
358 1914 619 1970 Bari-nius
645 1913 770 1984 (An.
800 1908 947 1980 451),
981 1924 1138 1978 quem
1169 1917 1220 1961 et
1253 1907 1338 1960 aiii
1375 1917 1673 1975 sequuntur
1698 1904 1834 1975 (Μί-

241 2024 396 2068 ratus,
423 2005 487 2059 de
509 2006 702 2075 Script.
734 2020 853 2075 pag.
886 2002 991 2065 66;
1028 1999 1206 2071 Mattg.
1247 1998 1408 2053 Vind.
1444 2009 1479 2051 t.
1520 1997 1582 2064 Il,
1609 2015 1660 2069 p.
1693 1997 1833 2062 Λαίδι

242 2098 405 2154 qub.
437 2099 502 2150 de
528 2096 723 2165 Script.
755 2105 793 2147 t.
830 2092 891 2157 ll,
925 2111 977 2163 p.
1009 2091 1162 2161 9.52),
1196 2105 1288 2145 eas
1315 2105 1436 2143 esse
1462 2104 1622 2158 posse
1649 2091 1835 2155 cujus-

241 2192 369 2247 dam
410 2190 694 2255 Vincentii,
739 2202 899 2257 quem
945 2196 999 2241 et
1042 2184 1379 2241 sacerdotem
1419 2194 1472 2237 et
1511 2182 1745 2245 Gallum,
1780 2192 1835 2236 ut

242 2286 396 2341 illutn
430 2284 789 2345 Lirinensem,
822 2295 851 2332 a
881 2294 938 2335 se
966 2278 1137 2332 visum
1171 2277 1338 2331 fuisse
1370 2285 1596 2331 testatur
1623 2274 1838 2330 Genna-

241 2378 369 2434 dius
404 2375 502 2447 (De
546 2375 742 2446 Script.
778 2371 923 2427 Eccl.
953 2388 999 2425 c.
1027 2372 1140 2441 80).
1177 2369 1287 2425 Nec
1329 2369 1618 2439 quidquam
1649 2379 1835 2423 vetare

243 2470 519 2525 credimus
564 2484 689 2523 eum
734 2482 853 2521 esse
890 2464 1234 2520 Vincentium
1284 2463 1693 2535 presbyterum,
1742 2462 1833 2531 qui

246 2564 472 2618 nomine
496 2560 798 2617 Constantii
824 2576 917 2614 seu
948 2556 1320 2613 Constantiani
1364 2557 1604 2621 lleensis,
1630 2566 1685 2608 ut
1711 2568 1835 2623 pro-

251 2656 439 2712 babile
462 2664 567 2721 est,
598 2655 857 2724 episcopi,
885 2666 1024 2706 anno
1049 2651 1177 2713 459,
1212 2650 1463 2719 Regiettsi
1504 2650 1715 2721 synodo
1753 2650 1834 2702 in-

257 2750 466 2805 terfuit.
500 2747 611 2804 Etsi
636 2747 778 2803 enim
807 2746 1017 2802 Gelasio
1042 2761 1214 2817 papae,
1247 2745 1339 2814 qui
1368 2760 1507 2799 anno
1538 2743 1643 2799 £90
1674 2743 1830 2806 obiit,

248 2849 528 2911 superstes
569 2839 665 2894 fuit
705 2839 1027 2902 Gennadius,
1060 2854 1168 2892 non
1213 2837 1412 2892 idcirco
1459 2846 1638 2891 tamen
1687 2850 1832 2899 eum,

242 2935 338 3003 qui
362 2949 505 2988 anno
524 2933 630 2989 430
650 2932 941 2997 scribebat,
966 2930 1149 2985 ridere
1178 2944 1283 2985 nun
1308 2929 1498 2995 potuit.
1531 2927 1598 2984 Ut
1621 2936 1703 2982 est
1727 2941 1831 2981 non

245 3041 442 3096 parcus
472 3040 656 3080 eorum
698 3024 947 3080 laudatur
981 3022 1093 3094 qui,
1126 3022 1576 3092 quemadmodum
1612 3021 1745 3089 ipse,
1781 3020 1833 3075 in

244 3118 605 3188 Augustinum
646 3116 827 3172 minus
870 3115 1006 3170 bene
1046 3125 1201 3169 erant
1243 3115 1500 3180 animati;
1533 3114 1673 3166 ltttne
1707 3112 1836 3166 Vin-

241 3211 484 3267 centium
526 3212 600 3264 ait
638 3211 691 3264 in
738 3209 935 3264 divinis
975 3207 1267 3276 Scripturis
1309 3208 1686 3267 exercitatum,
1731 3204 1833 3258 lin-
1861 3194 1909 3259 C

242 3320 401 3375 gnam
444 3304 730 3360 habentem
774 3318 871 3358 usu
907 3300 1163 3372 loquendi
1207 3309 1260 3355 et
1302 3299 1567 3368 majorum
1602 3298 1834 3352 lectione

240 3397 468 3470 politam
526 3414 539 3451 :
592 3404 1015 3451 commentatum
1054 3392 1201 3448 addit
1247 3393 1299 3447 in
1356 3391 1629 3453 Psalmos;
1679 3390 1835 3460 cujus

243 3490 430 3559 operis
462 3489 651 3561 legerit
672 3490 849 3559 aliqua
875 3496 1060 3542 sancto
1091 3486 1295 3541 homini
1327 3482 1683 3546 DeiCaouati,
1718 3486 1835 3554 ipso

238 3584 515 3648 audiente,
567 3584 891 3653 promittens
935 3582 1116 3648 simul,
1162 3581 1205 3635 si
1259 3580 1514 3635 Dominus
1562 3578 1729 3633 vitam
1780 3586 1836 3633 et

238 3675 386 3730 vites
421 3675 596 3743 daret,
625 3690 685 3730 se
722 3674 775 3730 in
808 3684 919 3729 toto
951 3675 1207 3743 psalterio
1242 3673 1429 3729 eodem
1461 3673 1640 3728 studio
1681 3672 1834 3727 labo-

238 3780 515 3833 raturum;
542 3768 789 3823 Massilia:
810 3766 1096 3837 quidemet
1120 3769 1171 3821 in
1195 3768 1312 3821 aliis
1337 3768 1629 3836 provincite
1647 3766 1836 3821 Eccle-

237 3862 337 3916 siis
367 3861 457 3914 die
484 3860 735 3916 Octobris
781 3861 849 3916 15
886 3862 1081 3916 colitur
1109 3871 1326 3915 sanctus
1352 3862 1623 3915 Cannatus
1658 3878 1672 3913 :
1708 3870 1759 3912 at
1789 3860 1834 3913 is

237 3957 531 4025 episcopus
560 3956 907 4010 Massiliensis
936 3955 1159 4020 dicitur,
1191 3964 1246 4009 et
1270 3971 1295 4007 a
1328 3954 1594 4011 Guesna-o
1620 3954 1836 4021 ponitur

238 4063 384 4102 anno
411 4047 503 4103 621
540 4063 566 4100 a
597 4046 929 4101 doctissimis
955 4046 1383 4102 Sammarthanis
1407 4062 1548 4099 anno
1569 4046 1674 4101 480
1702 4048 1830 4099 assi-

236 4150 455 4211 gnatur.
498 4138 640 4193 Νειιὶι
676 4141 728 4193 iu
763 4155 883 4194 eum
926 4138 1221 4194 Guesna'us
1260 4139 1410 4202 citat,
1444 4147 1641 4207 przrler
1673 4139 1832 4193 vitam

238 4234 359 4289 rudi
392 4233 533 4305 stylo
567 4234 927 4302 conscriptam
960 4241 1201 4299 tempore
1230 4233 1485 4287 comitum
1518 4232 1830 4300 provincia,

236 4326 295 4380 in
323 4342 423 4395 qua
452 4335 704 4381 narratur
734 4325 895 4380 fuisse
928 4324 1067 4379 filius
1095 4325 1237 4392 regis
1267 4325 1713 4394 Aquiscxtiensis,
1742 4325 1833 4396 qui

240 4419 454 4473 Sereno
496 4419 784 4480 successit.
832 4427 887 4471 et
932 4416 1380 4472 lconoelastarum
1434 4420 1654 4489 :eqnalis
1711 4420 1827 4473 fuit.

236 4511 413 4566 Porto
448 4522 663 4567 ronsmt
709 4512 972 4565 Serenum
1021 4510 1190 4564 fuisse
1226 4509 1285 4565 S.
1332 4511 1595 4580 Gregorio
1641 4511 1831 4581 Magno

2017 1886 2328 1960 (,:ttlcslitttt_-*_
2365 1889 2597 1960 ponti/v.1?
2638 1902 2905 1957 utrumque
2947 1888 3144 1960 scriptis
3172 1886 3430 1959 defendit.
3469 1887 3545 1942 De

2021 1958 2239 2012 Venerio
2274 1956 2595 2012 MaSsilicnsi
2627 1956 2888 2030 episcopo.

2014 2095 2131 2149 Non
2170 2095 2431 2149 de~titere
2476 2093 2898 2159 Semipelapiani
2949 2093 3270 2162 Prosperum
3304 2105 3359 2151 et
3399 2094 3543 2151 Hila-

1940 2188 2104 2253 rium,
2130 2190 2412 2257 ipsumque
2434 2188 2569 2243 adeo
2595 2188 2948 2256 Augustinum
2972 2188 3173 2244 erroris
3198 2188 3537 2243 insimulare.

1940 2283 2022 2338 Ad
2051 2283 2167 2336 lttec
2188 2297 2248 2335 ea
2279 2280 2653 2335 tantummodo
2674 2282 2826 2349 sequi
2857 2290 2911 2335 et
2944 2282 3172 2349 probare
3206 2298 3265 2335 se
3309 2282 3539 2350 professi

1939 2386 2089 2441 sunt,
2119 2394 2234 2445 (μίαν
2256 2375 2601 2429 sacratissima
2628 2375 2755 2429 beati
2786 2373 3007 2446 apostoli
3033 2373 3175 2428 Petri
3195 2377 3337 2430 sedes
3365 2388 3543 2431 contra

1938 2471 2173 2524 inimicos
2199 2474 2380 2541 gratia
2414 2468 2507 2521 Dei
2536 2486 2626 2538 per
2650 2469 2986 2523 ministerium
3015 2470 3298 2540 pt'trsttlttnt
3325 2486 3541 2525 suorum

1937 2573 2179 2617 sanxerat
2221 2574 2266 2615 et
2297 2564 2561 2615 docuerat.
2595 2562 2961 2615 lieeurrerunt
2990 2563 3153 2632 igitur
3183 2562 3248 2616 ad
3281 2563 3539 2629 διιοηιιοιί-

1939 2672 2057 2710 eam
2096 2657 2279 2709 sedem
2323 2655 2555 2721 Prosper
2592 2665 2643 2706 et
2678 2652 2933 2714 Hilarius,
2968 2665 3024 2707 et
3064 2653 3287 2707 Romam
3316 2654 3540 2722 protecti

1940 2748 2189 2815 querelas
2239 2760 2364 2799 suas
2413 2744 2479 2798 ad
2523 2744 2830 2813 pontiﬁcem
2875 2743 3225 2801 Celestinum
3272 2744 3536 2803 detulere.

1941 2840 2039 2895 llic
2087 2855 2276 2894 eorum
2323 2840 2468 2895 circa
2507 2838 2674 2893 Deum
2715 2837 3133 2893 sollicitudinem
3174 2838 3455 2902 laudavit;
3487 2847 3542 2897 et

1940 2933 2187 3001 quamvis
2219 2933 2318 3002 ipsi
2346 2932 2448 2986 sibi
2482 2930 2663 2986 leliees
2689 2930 3002 2987 viderentur
3044 2945 3180 2997 quos
3209 2931 3540 2999 perSeCtttio-

1941 3041 2065 3081 nem
2088 3037 2306 3097 propter
2322 3025 2583 3095 justitiam
2607 3024 2938 3085 sustinentes
2966 3023 3240 3079 beatitudo
3263 3026 3532 3093 promissa

1943 3118 2225 3183 manebat;
2285 3118 2473 3172 harum
2532 3128 2708 3172 tamen
2765 3116 3137 3187 religiosorum
3190 3118 3535 3186 animarum,

1938 3227 2078 3281 quas
2122 3212 2237 3267 haec
2269 3211 2375 3280 pati
2408 3213 2557 3267 uetas
2586 3220 2725 3277 erat,
2770 3210 3088 3275 afﬂictione,
3128 3212 3253 3279 quia
3296 3214 3539 3268 membra

1938 3320 2034 3360 sua
2083 3315 2256 3365 erant,
2310 3305 2429 3375 pius
2462 3305 2701 3373 pontifex
2751 3306 3147 3363 macerabitur.
3200 3305 3311 3361 Hac
3358 3314 3540 3365 mento

1938 3399 2209 3453 animatus
2236 3402 2504 3453 celebrem
2527 3398 2592 3452 ad
2616 3398 2910 3454 Galliarum
2938 3401 3222 3468 episcopos
3253 3400 3400 3459 dedit
3423 3401 3539 3470 epi-

1940 3491 2155 3553 stulam,
2184 3506 2285 3559 qua
2316 3501 2369 3545 et
2402 3492 2713 3557 praclarum
2742 3491 2926 3556 iudicii
2968 3491 3047 3545 sui
3077 3491 3144 3545 de
3175 3491 3444 3561 Prospero
3474 3507 3539 3551 ac

1942 3582 2146 3636 llilario
2178 3582 2540 3637 te5titnoniutn
2590 3583 2872 3649 impertiit.
2919 3592 2976 3637 et
3009 3585 3289 3651 Augustini
3340 3585 3537 3639 tamam

1940 3680 2108 3731 tuitus
2129 3688 2210 3730 est
2234 3678 2316 3731 his
2342 3676 2523 3732 verbis
2548 3693 2561 3731 :
2588 3677 2929 3746 Augustinum
2950 3684 3144 3730 sancta:
3165 3677 3537 3733 recordationis

1937 3772 2103 3824 virum
2132 3786 2225 3839 pro
2254 3771 2355 3822 rita
2382 3785 2477 3824 sua
2501 3777 2650 3834 atque
2684 3770 2875 3823 meritis
2904 3769 2955 3820 in
2978 3778 3154 3821 nostra
3181 3770 3537 3829 communione

1938 3880 2135 3932 semper
2165 3863 2439 3915 habuimus
2461 3878 2479 3915 :
2502 3877 2593 3914 nec
2619 3876 2859 3923 umquam
2884 3859 3019 3913 hunc
3040 3861 3262 3915 sinistra:
3282 3862 3507 3929 suspicio
3526 3892 3537 3902 -

1940 3957 2020 4007 nis
2042 3956 2223 4007 saltem
2264 3970 2439 4007 rumor
2470 3955 2719 4024 aspersit;
2763 3969 2910 4023 quem
2944 3962 3099 4007 tanta
3145 3953 3373 4009 scientia:
3411 3953 3536 4007 olim

1937 4048 2099 4117 fuisse
2138 4047 2483 4110 metttinimns,
2513 4056 2563 4096 ut
2596 4045 2728 4099 inttr
2772 4045 3039 4107 noagistros
3067 4045 3287 4108 Optimos
3322 4046 3475 4097 etiam
3503 4061 3536 4099 a

1938 4142 2059 4193 meis
2107 4155 2307 4204 semper
2361 4137 2708 4191 decessoribus
2764 4136 3057 4190 habentur.
3114 4134 3253 4190 Bene
3300 4152 3421 4205 ergo
3470 4136 3538 4199 de

1937 4250 1998 4287 eo
2027 4250 2199 4287 omnes
2230 4232 2283 4284 in
2331 4247 2598 4285 commune
2643 4238 3173 4300 sensc.uut;.u'pote
3214 4231 3304 4299 qui
3350 4229 3537 4299 ubique

1937 4328 2135 4380 cunctis
2160 4336 2207 4378 ct
2233 4325 2398 4377 amori
2424 4324 2577 4393 fuerit
2608 4334 2654 4376 et
2684 4324 2889 4376 honori.
2934 4321 3117 4392 Itaque
3142 4321 3297 4391 jubet
3322 4324 3535 4389 cpisco-

1939 4435 2037 4489 pos
2084 4422 2362 4488 imponere
2414 4418 2685 4472 silentiqu
2746 4418 3006 4485 improbis
3052 4417 3533 4473 obtrectatoribus.

1941 4514 2100 4588 Ergo,
2131 4516 2223 4580 ait,
2254 4515 2604 4582 corripiantur
2629 4513 2925 4582 Iutjttlmodi
2947 4528 2966 4566 ,'
2987 4530 3090 4567 non
3115 4513 3179 4565 sit
3201 4512 3280 4566 his
3315 4511 3533 4567 liberum

235 4619 553 4673 supparetu,
586 4614 645 4658 ut
676 4603 902 4672 probant
931 4603 1095 4657 varia:
1136 4602 1377 4671 ejusdem
1421 4604 1476 4657 S.
1520 4618 1672 4673 νίψω
1712 4604 1829 4671 epi-
1857 4586 1913 4648 1)
1935 4586 2122 4660 habere
2144 4623 2235 4675 pro
2258 4608 2518 4659 voluntate
2544 4622 2847 4660 sermonem.
2875 4605 3110 4669 Desinat,
3130 4607 3170 4659 si
3194 4606 3264 4657 ita
3286 4621 3367 4659 res
3389 4615 3529 4669 sunt,

236 4698 394 4754 stulte
436 4697 503 4752 ad
544 4698 807 4752 Serenum
854 4696 1015 4762 datm,
1045 4695 1297 4750 videlicet
1329 4695 1419 4749 lib.
1460 4711 1495 4748 ν
1534 4698 1692 4765 epist.
1736 4696 1826 4757 52.

241 4785 342 4843 ιιι).
386 4804 458 4843 vn
506 4789 667 4858 epist.
716 4785 840 4853 ΗΟ,
872 4786 965 4842 lib.
1008 4801 1061 4841 tit
1102 4788 1262 4858 epi5t.
1306 4786 1363 4851 9,
1401 4798 1453 4841 et
1492 4788 1666 4856 ejttsd.
1708 4787 1830 4841 libri

235 4880 407 4950 opist.
434 4882 523 4939 52.

315 4972 451 5041 Qua:
503 4974 685 5031 Gallos
742 4973 1088 5044 presbyteros
1144 4971 1574 5035 conturbabant,
1634 4972 1827 5028 iisdem

227 5070 407 5127 etiam
448 5063 762 5123 Gcnuenscs
800 5068 1155 5120 movebantur
1179 5064 1371 5137 (Infra,
1408 5084 1460 5136 p.
1487 5066 1640 5135 241).
1667 5069 1733 5123 At
1768 5066 1822 5121 bi

231 5158 620 5231 prudentiores
663 5156 1162 5227 moderatioresque
1202 5173 1261 5212 se
1308 5158 1693 5225 praestiterunt.
1748 5160 1823 5215 Es

232 5256 320 5308 hTs
350 5256 495 5308 enim
526 5252 635 5307 duo
668 5252 926 5306 Camillus
956 5260 1011 5306 et
1039 5250 1382 5319 Theodorus,
1410 5266 1530 5306 cum
1560 5267 1654 5307 eos
1683 5252 1735 5306 in
1766 5253 1829 5308 li-

234 5346 351 5401 luis
394 5346 531 5400 beati
574 5344 864 5417 Augustini
902 5344 970 5401 de
1002 5345 1480 5401 Prtedestinatione
1506 5346 1825 5402 Sanctorum

235 5449 295 5494 et
334 5440 403 5495 de
436 5440 585 5494 Dono
628 5438 1049 5494 Perseverantire
1090 5440 1334 5509 quardam
1369 5440 1581 5493 insolita
1614 5449 1705 5493 aut
1731 5442 1831 5495 titi-

239 5546 341 5586 ltllS
380 5533 523 5586 c’ara
568 5533 891 5597 movissent,
925 5546 988 5585 ea
1029 5531 1095 5584 ad
1138 5531 1351 5585 beatum
1394 5532 1717 5602 Prosperum
1761 5532 1829 5587 de

239 5636 490 5681 contextu
516 5625 895 5691 tiiSthIL'llittniS
924 5634 1183 5689 excerpta
1212 5627 1494 5688 miserunt,
1526 5637 1581 5678 ut
1610 5643 1717 5695 qtto
1749 5626 1829 5679 in-

240 5721 479 5787 tellecm,
504 5735 684 5791 quove
704 5719 913 5790 judicio
936 5719 1024 5773 illa
1050 5719 1348 5789 accepisset
1371 5730 1674 5773 noscerent.
1702 5718 1829 5773 Pre-

238 5815 393 5871 cibus
438 5816 684 5878 illorum,
710 5816 825 5873 vel.
851 5822 910 5867 ut
949 5814 1063 5881 ipse
1104 5828 1215 5889 pra:
1261 5813 1522 5868 modestia
1569 5813 1823 5881 loquitur,

1939 4702 2187 4754 incessere
2244 4701 2441 4752 novitas
2506 4708 2833 4765 vetustatem,
2897 4700 3100 4753 desinat
3174 4696 3528 4754 Ecclesiarttnt

1937 4792 2157 4864 quietem
2186 4792 2484 4859 inquietudo
2511 4790 2735 4844 turbare.
2768 4791 2950 4859 Arguit
2981 4790 3202 4860 insuper
3227 4789 3400 4859 iisque
3431 4790 3533 4845 ius.

1939 4893 2090 4953 putat
2118 4884 2263 4953 quod
2296 4884 2426 4952 ipsis
2458 4883 2756 4937 tacentibus
2787 4882 3082 4950 presbyteri
3113 4882 3185 4939 illi
3215 4897 3376 4949 supra
3406 4884 3527 4951 epi-

1940 4992 2134 5048 scopos
2164 4977 2428 5033 haberent
2446 4978 2654 5047 copiam
2680 4976 3007 5041 disputandi.
3040 4977 3192 5033 Licet
3219 4979 3525 5046 episcopos.

1942 5085 2048 5125 non
2089 5070 2436 5139 presbyteros
2468 5080 2651 5123 notum
2680 5070 2749 5124 sit
2776 5084 2807 5123 a
2841 5069 2952 5125 Deo
2981 5070 3182 5138 positos
3211 5069 3277 5124 ad
3327 5068 3528 5124 docen-

1933 5162 2085 5225 dum,
2131 5176 2228 5215 nee
2248 5161 2302 5216 in
2325 5161 2522 5215 talibus
2565 5162 2874 5231 suspicione
2916 5171 3099 5218 careat
3148 5160 3523 5216 taciturnitas:

1932 5256 2053 5327 quin
2084 5264 2368 5308 occurreret
2403 5255 2621 5319 veritas,
2652 5256 2695 5309 si
2722 5255 2925 5325 falsitas
2949 5256 3263 5325 displiceret.
3307 5250 3527 5307 Subdit-

1934 5364 2039 5419 qne
2070 5364 2232 5417 super
2263 5349 2345 5404 bis
2372 5348 2537 5402 multa
2565 5364 2596 5401 ι
2623 5362 2681 5403 se
2718 5349 2828 5418 jam
2873 5348 3013 5403 dicta
3041 5361 3108 5403 eo
3147 5354 3391 5414 tempore
3417 5362 3526 5417 quo

1934 5442 2001 5495 ad
2053 5442 2254 5507 fratris,
2281 5442 2332 5497 id
2363 5456 2466 5511 est,
2496 5444 2733 5511 episcopi
2778 5440 3014 5506 Tueutii,
3059 5438 3283 5495 dederat
3324 5439 3524 5507 scripta

1938 5547 2254 5604 responsum
2284 5550 2295 5586 :
2320 5533 2513 5600 quibus
2562 5534 2741 5587 verbis
2769 5543 2825 5585 et
2866 5532 3220 5599 sequentibus
3266 5531 3524 5586 suadetur

1936 5626 1987 5680 in
2018 5642 2082 5680 ea
2112 5627 2176 5679 ad
2206 5626 2494 5680 Tuentinnt
2539 5624 2762 5690 epistola
2806 5625 2982 5690 potius
3027 5635 3204 5679 aetum
3247 5624 3410 5678 (ui—se
3451 5623 3522 5679 de

1935 5721 2322 5789 quaestionibus
2348 5737 2465 5789 quin
2505 5718 2729 5789 gratiam
2762 5718 2961 5773 Christi
2996 5727 3324 5787 Spectart'ttt.
3355 5731 3516 5785 quam

1934 5822 2119 5867 contra
2150 5813 2271 5867 illos
2299 5814 2387 5881 qui
2420 5813 2563 5867 viros
2610 5810 2778 5866 laicos
2811 5812 2863 5866 in
2900 5811 3183 5885 episcopos
3218 5810 3329 5865 cito
3356 5808 3517 5866 citius
