4080 6354
474 346 479 349 ‹
503 339 519 391 τ
542 318 618 387 ss
1717 316 1893 377 Vtra
1917 314 2158 379 PROSPI

2298 320 2644 390 AQUl'l'ANI.
3702 314 3715 324 ’
3758 327 3832 389 sit

504 505 511 512 ,
542 453 666 504 erat
688 445 795 503 illis
823 446 1083 502 omnibus
1101 444 1154 501 in
1186 452 1501 501 sanctarum
1530 442 1933 514 Scripturarmn
1958 442 2141 497 studio
2170 447 2220 505 Α
2246 452 2401 498 lentio
2431 461 2586 515 quam
2613 442 2934 516 desperanda
2956 446 3205 500 correctio
3226 488 3237 509 ,
3268 454 3326 501 ut
3370 445 3531 503 donec
3581 445 3835 509 Dominus

544 551 837 612 pra-stare,
869 541 1263 612 impugnandos
1289 539 1552 608 suscepit.
1578 539 1724 607 Quas
1752 542 1915 593 etiam
1941 538 2012 591 ob
2042 538 2144 591 hoc

545 636 723 692 solum
770 637 821 689 in
868 636 1327 706 disceptationem
1357 635 1560 689 assumi
1602 642 1861 703 Oportcrc
1890 632 2142 698 credidit,

547 732 669 802 quia
716 739 894 786 utrum
944 731 1019 785 ita
1054 745 1115 784 se
1159 730 1426 785 haberent
1472 744 1577 782 non
1622 736 1837 795 poterat
1885 725 2143 781 dubitati.

546 821 775 891 Scripta:
804 822 950 877 enim
981 832 1155 885 erant,
1188 833 1243 877 et
1282 819 1524 874 auctoris
1560 820 1645 873 sui
1693 817 1933 873 editione
1973 817 2147 889 publi-

546 922 681 967 cata:
708 931 720 965 :
758 929 859 968 nec
879 915 1012 983 jam,
1049 928 1117 967 an
1143 922 1329 967 essent
1351 911 1701 981 quaerendum
1731 918 1870 975 erat,
1897 899 1991 964 sed
2015 908 2145 977 quid

548 1002 807 1058 docerent
864 1005 965 1071 ipsi
1032 1005 1381 1057 incumbebat
1430 1002 1941 1057 demonstrandum.
2000 999 2147 1053 llius

546 1096 766 1164 quidem
800 1110 997 1151 nomen
1029 1112 1134 1150 non
1161 1095 1457 1162 exprimit;
1488 1105 1543 1148 at
1566 1094 1775 1147 dubitat
1810 1107 1989 1158 nemo,
2018 1092 2146 1161 quin

548 1184 868 1243 Cassmnmn
917 1187 1059 1242 fama
1105 1186 1474 1251 notissimum,
1509 1200 1637 1242 tunc
1676 1187 1939 1255 temporis
1972 1189 2149 1241 adhuc

548 1283 896 1351 superstitem
939 1281 1232 1353 significet.
1284 1283 1503 1337 Librtnn
1538 1295 1669 1350 ergo
1718 1279 1905 1348 edidit,
1950 1280 2005 1332 in
2042 1293 2150 1347 quo

548 1374 780 1446 ipsamet
808 1372 1133 1428 Collationis
1171 1375 1347 1429 tertia:
1390 1374 1613 1428 decima:
1645 1374 1744 1427 viri
1786 1373 1964 1441 hujus,
1996 1372 2150 1441 cujus

550 1467 876 1538 pra-notatio
915 1478 1000 1522 est
1046 1466 1110 1521 de
1138 1464 1465 1521 Protectione
1508 1466 1626 1532 Dei,
1674 1466 1837 1520 verba
1880 1464 2147 1529 referens,

550 1572 765 1613 errores
793 1574 985 1614 omnes
1011 1559 1208 1628 quibus
1232 1559 1320 1613 illa
1353 1568 1529 1614 scatet
1556 1559 1775 1622 relellit,
1802 1561 2153 1628 ostenditque

551 1662 813 1723 quantum
839 1651 907 1705 ab
940 1651 1196 1706 Ecclesiae
1225 1653 1494 1723 dogmatis
1518 1653 1874 1719 discreparet,
1906 1666 1964 1707 et
1991 1667 2152 1723 quam

552 1743 727 1815 ipsum
771 1742 876 1799 sibi
902 1760 1010 1799 non
1041 1754 1317 1800 constaret
1342 1744 1650 1814 hujusmodi
1681 1744 2042 1814 Opuseulum.

2251 552 2343 605 per
2368 535 2611 591 Ecclesia!
2631 538 2907 608 principes,
2932 548 2977 592 et
3002 538 3253 606 legitimos
3271 541 3594 610 judiciorum
3620 558 3837 598 suorum

2248 629 2525 689 ministros,
2556 628 2667 683 [nec
2706 645 2822 699 qua:
2874 646 2963 698 per
2990 647 3274 699 paucorum
3316 633 3606 704 superbiant
3636 644 3682 687 et
3709 652 3838 704 quo-

2247 720 2486 773 rumdam
2509 719 2818 791 imperitiam
2845 732 2960 775 sunt
2990 722 3189 775 turbata
3217 735 3515 796 componat,
3550 728 3692 780 nobis
3724 726 3838 783 Deo

2248 814 2525 885 adjuvante
2558 814 2621 867 sit
2654 814 2882 867 studium
2904 816 3073 884 quieta
3096 817 3420 889 modestaque
3438 820 3681 888 patientia
3704 821 3839 875 odiis

2250 903 2575 957 dilectionem
2623 905 2855 967 reddere,
2910 917 2958 960 et
3002 908 3288 977 ineplorum
3332 910 3492 964 vitare
3535 914 3850 981 conflictus;

2251 998 2513 1049 veritatem
2542 1014 2640 1049 non
2669 997 2918 1060 deserere,
2940 1015 3033 1053 nec
3057 1015 3171 1053 cum
3200 1002 3423 1072 falsitate
3451 1012 3683 1070 certare;
3709 1020 3845 1058 sent-

2253 1103 2442 1155 perque
2484 1105 2515 1141 a
2548 1088 2651 1141 Deo
2679 1101 2850 1157 petere
2876 1096 3008 1145 utin
3050 1092 3284 1145 omnibus
3331 1095 3754 1163 cogitationibus,
3789 1096 3842 1148 in

2256 1178 2492 1233 omnibus
2522 1180 2896 1250 voluntatibus,
2948 1183 3001 1235 in
3050 1186 3283 1238 omnibus
3316 1188 3638 1240 sermonibus
3686 1197 3841 1256 atque

2253 1272 2542 1326 actionibus
2574 1274 2759 1325 nostris
2783 1274 2891 1343 ipse
2914 1283 3079 1329 teneat
3105 1277 3473 1347 principatum,
3507 1279 3595 1349 qui
3622 1280 3755 1332 dixit
3784 1294 3840 1333 se

2255 1379 2364 1420 esse
2404 1365 2623 1436 principi
2630 1381 2734 1419 ttat.

2790 1463 3181 1522 ARTICULUS
3220 1467 3310 1522 IX.

2255 1549 2466 1607 Dealiis
2482 1553 2543 1609 S.
2562 1552 2807 1624 Prosperi
2821 1556 3074 1625 Operibus
3098 1600 3112 1623 ,
3140 1560 3301 1630 deque
3319 1559 3546 1629 ejusdem
3563 1558 3839 1617 Chronico.

2328 1645 2466 1711 Quid
2518 1662 2697 1701 rerum
2728 1653 2899 1714 egerit
2928 1648 3164 1719 Prosper
3190 1654 3258 1706 ab
3295 1666 3437 1707 anno
3484 1653 3608 1719 452,
3654 1669 3762 1726 quo
3788 1656 3843 1710 in

2256 1739 2573 1795 Cassianum
2599 1742 2836 1810 scripsit,
2862 1745 2928 1797 ad
2960 1745 3327 1814 pontificatum
3355 1763 3519 1818 usque
3538 1750 3595 1804 S.
3622 1748 3840 1819 Leonis,

622 1832 699 1890 De
732 1837 834 1891 hoc
864 1836 1113 1905 Prosperi
1154 1836 1327 1892 nostri
1363 1836 1541 1905 Opere
1565 1852 1665 1907 pri)
1693 1836 1910 1907 ingenio
1939 1851 2040 1891 suo
2070 1838 2152 1892 sic
2183 1838 2233 1898 Β
2260 1831 2350 1899 qui
2380 1847 2524 1885 anno
2565 1832 2674 1887 “0
2700 1835 2987 1892 inchoatus
3014 1844 3124 1900 est,
3160 1852 3421 1907 nusquam
3449 1842 3711 1896 occurrit.
3732 1840 3847 1899 Ιῐρο

553 1929 801 2001 loquitur
824 1929 1143 1985 Gennadius
1188 1932 1240 1984 in
1273 1929 1557 2000 Catalogo,
1590 1946 1714 2001 cap.
1740 1932 1832 1999 8i,
1865 1932 2065 2000 quiest
2092 1932 2161 1988 de

552 2017 856 2091 Prostiero:
885 2041 905 2075 ι
941 2021 1068 2091 Legi
1098 2033 1153 2077 et
1182 2022 1377 2078 librum
1403 2026 1667 2078 adversus
1698 2024 1957 2093 opuscula
1978 2064 1993 2089 ,
2024 2040 2159 2093 sup-

506 2106 509 2109 ¹
556 2131 749 2188 pre~so
780 2116 999 2172 nomine
1026 2114 1272 2171 Cassiani
1305 2136 1318 2169 :
1353 2132 1472 2187 qum
1504 2118 1742 2172 Ecclesia
1776 2119 1869 2173 Dei
1903 2118 2159 2173 διιιυιειτία

558 2212 775 2279 probat,
808 2209 900 2264 ille
940 2209 1163 2264 infamat
1202 2209 1417 2266 nociva.
1454 2210 1531 2264 Ite
1571 2226 1695 2265 vera
1743 2211 1886 2265 enim
1928 2211 2163 2265 cassiani

557 2310 615 2359 et
643 2302 895 2372 Prosperi
920 2302 987 2358 de
1012 2305 1187 2374 gratia
1218 2304 1309 2358 Dei
1340 2314 1394 2358 et
1430 2304 1600 2358 libero
1628 2304 1854 2358 arbitrio
1876 2304 2163 2358 sententia:

554 2396 610 2452 in
641 2397 910 2465 aliquibus
954 2395 1058 2449 sibi
1105 2395 1451 2450 inveniuntur
1500 2397 1810 2451 contrarian.
1854 2414 1873 2448 ι
1910 2397 2015 2451 Sed
2041 2396 2161 2449 fru-

559 2500 673 2546 stra
726 2498 813 2545 est
862 2504 984 2559 qua:
1027 2490 1195 2559 priori
1244 2491 1393 2544 allati
1446 2491 1548 2545 loci
1597 2502 1751 2562 parte
1780 2492 1852 2546 de
1904 2492 2163 2547 Ecclesia:

554 2598 720 2639 sensu
753 2582 961 2654 profert
990 2582 1326 2648 Gennadius,
1348 2600 1507 2649 quem
1537 2586 1637 2639 hac
1660 2585 1712 2639 in
1737 2595 1888 2654 parte
1919 2585 2163 2641 Ecclesia

556 2675 674 2745 ipsa
736 2692 843 2732 non
892 2676 1123 2731 obscure
1188 2676 1537 2742 improbavit.
1591 2678 1806 2732 Etenim
1857 2679 2161 2734 Concilium

556 2771 898 2836 Romanum,
946 2770 1163 2825 Gelasio
1208 2772 1497 2838 pontiﬁce,
1529 2782 1588 2825 ut
1631 2773 1847 2839 quidem
1898 2774 2162 2837 creditur,

556 2877 702 2918 anno
732 2861 840 2918 494
870 2863 1136 2929 habitum,
1160 2862 1418 2933 l’rospcri
1447 2863 1649 2931 scripta
1674 2864 1890 2933 probat,
1917 2864 2164 2918 Cassiani

559 2973 693 3014 vero
742 2957 1001 3027 reprobat
1030 2955 1227 3028 (Cone.
1260 2965 1300 3010 t.
1332 2955 1397 3011 IV
1433 2975 1488 3025 p.
1524 2958 1683 3021 1265.
1721 2956 1916 3028 1265).
1948 2956 2166 3013 Cassio-

559 3054 729 3109 dorus
770 3067 987 3122 quoque
1019 3048 1193 3116 (Inst.
1222 3066 1271 3104 c.
1301 3050 1395 3115 ἓξ),
1427 3069 1479 3119 ρ.
1521 3052 1629 3107 245
1649 3051 1687 3120 ),
1716 3050 1942 3105 minime
1972 3066 2168 3117 parcus

560 3147 689 3203 licet
716 3144 956 3201 Cassiani
992 3144 1266 3209 laudator,
1295 3144 1424 3197 dttm
1450 3144 1517 3197 ad
1564 3145 1682 3213 ejus
1726 3145 2016 3199 lectionem
2050 3158 2169 3197 mo.

2267 1924 2502 1980 fortasse
2537 1930 2792 1995 temporis
2821 1929 3102 1984 intervallo
3126 1932 3379 1987 nonnulla
3406 1948 3527 2003 qua:
3550 1935 3844 1991 etiamnum

2264 2026 2487 2072 exstant
2510 2022 2707 2089 scripta
2737 2023 3061 2091 composuit.
3094 2022 3331 2094 Utraque
3361 2025 3583 2081 haeresis
3614 2026 3848 2084 Nestorii

2264 2120 2320 2165 et
2362 2112 2565 2182 Pelagii
2594 2115 2662 2167 ab
2694 2114 2961 2183 Ephesina
2990 2117 3198 2188 synodo
3230 2134 3375 2173 anno
3398 2117 3499 2174 4'5]
3550 2122 3844 2191 proscripta

2264 2204 2459 2269 fuerat,
2512 2222 2631 2259 eum
2676 2207 3002 2277 epigramma
3048 2209 3314 2278 quoddam
3346 2212 3561 2282 scripsit
3590 2212 3844 2283 ProSper,

2264 2297 2409 2367 quod
2464 2299 2741 2365 utriusque
2794 2301 3067 2357 lmreseos
3137 2304 3467 2373 epitaphium
3530 2308 3844 2376 appellavit.

2266 2389 2471 2458 Nempe
2497 2390 2550 2445 in
2584 2392 2685 2446 hoc
2727 2405 2952 2464 utraque
2978 2399 3343 2452 consentiebat
3368 2441 3382 2462 ,
3412 2400 3551 2469 quod
3581 2402 3747 2455 altera
3769 2403 3825 2457 af

2267 2481 2509 2538 ﬁrmaret
2530 2483 2801 2540 Christum
2830 2487 3013 2544 labore
3039 2504 3100 2543 ac
3118 2491 3371 2559 operibus
3390 2498 3501 2547 suis
3517 2493 3849 2549 divinitatem

2265 2591 2619 2631 consecutum
2655 2581 2852 2645 fuisse,
2894 2582 3061 2637 altera
3094 2584 3162 2637 de
3197 2585 3403 2651 justitia
3435 2585 3669 2639 ﬁdelium
3704 2587 3850 2641 idem

2268 2685 2367 2740 pra
2382 2672 2604 2727 dicaret.
2639 2673 2817 2740 Quare
2852 2677 3028 2731 aiebat
3065 2678 3297 2747 Prosper
3330 2679 3700 2734 Nestorianant
3736 2682 3852 2736 ba:-

2266 2764 2453 2829 resint,
2478 2781 2599 2834 qua:
2629 2770 2851 2836 gratiam
2897 2769 2949 2822 itt
2981 2769 3157 2837 capite
3182 2770 3513 2836 destruebat.
3547 2773 3848 2843 Pelagiana:

2268 2860 2608 2926 genitricem,
2634 2876 2754 2929 qua:
2795 2862 3039 2917 eamdem
3077 2866 3302 2933 gratiam
3336 2865 3386 2920 in
3435 2866 3692 2921 membris
3730 2866 3850 2936 ejus

2268 2951 2548 3005 evertebat
2581 2969 2593 3003 :
2624 2952 2725 3007 etsi
2772 2954 2880 3007 alio
2924 2970 3087 3011 sensu
3119 2958 3225 3011 lilia
3255 2958 3358 3013 dici
3390 2959 3633 3023 deberet,
3666 2970 3852 3026 utpote

2268 3058 2388 3114 qua:
2428 3044 2694 3100 damnatis
2740 3047 2958 3102 demum
3017 3049 3314 3119 Pelagianis
3368 3050 3680 3119 prodiisset.
3741 3051 3851 3107 lloc

2270 3136 2411 3192 idem
2440 3140 2769 3207 epitaphium
2799 3156 2829 3195 a
2864 3142 3132 3211 Prospero
3158 3156 3345 3197 nostro
3372 3147 3650 3215 utriusque
3681 3147 3853 3202 hatre-

564 3239 769 3296 nachos
798 3238 1049 3293 alumnos
1073 3253 1202 3292 suos
1228 3238 1569 3304 cohortatur,
1593 3237 1815 3292 eosdem
1851 3245 2028 3291 tamen
2060 3237 2159 3290 ad-
2190 3227 2236 3290 C
2269 3233 2344 3285 Sis
2372 3234 2577 3286 tuumlo
2600 3248 2896 3302 appensom
2932 3247 3145 3304 negarat
3169 3235 3251 3290 Jo.
3279 3236 3568 3293 Garttcrius
3595 3239 3648 3294 iu
3667 3256 3790 3310 cap.
3823 3242 3852 3295 Ἰ

565 3334 800 3391 monitos
824 3332 941 3387 vult
972 3332 1122 3387 illtttn
1152 3340 1312 3387 caute
1341 3332 1630 3386 admodum
1667 3330 1950 3401 legendum
1987 3332 2038 3384 in
2078 3329 2165 3386 bis

564 3442 683 3499 qua»
714 3425 878 3480 habet
905 3425 976 3479 de
1010 3424 1180 3479 libero
1206 3424 1456 3490 arbitrio,
1483 3425 1551 3479 de
1580 3438 1688 3492 quo
1737 3423 1910 3478 fuerat
1935 3439 1965 3476 a
2004 3423 2166 3479 beato

564 3518 839 3589 Prospero
885 3521 1082 3573 merito
1126 3519 1470 3588 redargutus.
1520 3518 1663 3573 Idem
1716 3518 1962 3571 laudibus
2004 3524 2166 3572 ornat

565 3615 878 3682 epise0pum
910 3613 1201 3682 quemdam
1231 3614 1320 3682 qtti
1352 3612 1595 3668 Cassiani
1644 3613 1811 3668 libros
1835 3613 2163 3669 emendave-

565 3715 670 3769 rat,
700 3706 817 3775 ipse
838 3719 1054 3774 quoque
1089 3706 1245 3759 novis
1272 3704 1420 3759 curis
1445 3705 1613 3759 simili
1639 3705 1819 3761 labore.
1852 3704 2166 3774 perfunctus

562 3797 733 3855 fuisse
762 3806 1013 3853 narratur
1038 3798 1178 3867 (Ado
1217 3798 1274 3852 in
1304 3794 1429 3853 Chr.
1458 3807 1498 3852 t.
1535 3796 1647 3862 VII,
1683 3815 1736 3865 p.
1762 3796 1929 3866 556).
1965 3798 2037 3851 De
2063 3797 2166 3851 hoc

567 3905 698 3945 vero
732 3890 875 3960 quod
908 3891 984 3945 ait
1026 3889 1362 3956 Gennadius,
1413 3890 1711 3959 suggillatis
1740 3890 1898 3958 plane
1930 3889 2165 3959 Prospe-

570 3999 692 4039 rum
720 3982 861 4051 quod
886 3984 1147 4038 adversus
1162 3983 1476 4038 Cassianum
1501 3982 1801 4053 scripserit,
1821 3984 1972 4053 rujus
1987 3986 2165 4052 Opera

568 4077 709 4136 falso
730 4078 898 4148 jactat
923 4080 992 4133 ab
1019 4078 1261 4133 Ecclesia
1283 4079 1545 4133 catholica
1574 4094 1693 4134 esse
1726 4079 1983 4146 probata:
2008 4078 2166 4145 Qua:-

568 4189 691 4229 nam
718 4172 818 4228 ista
857 4182 960 4238 est,
995 4170 1163 4239 inquit
1197 4169 1463 4224 Baronius
1496 4171 1627 4243 (An.
1659 4170 1797 4237 466)
1823 4173 1997 4226 locum
2021 4171 2167 4227 Gen-

568 4266 714 4322 nadii
744 4263 1054 4331 confutans,
1096 4263 1335 4318 Eeclrsia
1370 4262 1488 4326 Dei,
1517 4279 1636 4332 quat
1666 4272 1721 4317 ut
1748 4265 2008 4319 catholica
2044 4282 2167 4332 pro-

570 4358 660 4415 bat
688 4355 935 4414 Cassiani
957 4356 1268 4427 Opuscula?
1294 4357 1456 4411 Certe
1486 4372 1590 4410 noo
1624 4357 1849 4412 dicenda
1879 4358 2163 4425 catholica,

568 4454 663 4508 sed
716 4452 1123 4523 Pelagianorum
1174 4450 1437 4505 Ecclesia.
1493 4450 1607 4505 Non
1660 4467 1817 4521 a-quo
1855 4453 2035 4507 animo
2065 4455 2167 4507 lert

569 4546 822 4603 Labbeus
848 4546 892 4600 si
919 4544 1041 4614 quis
1070 4546 1348 4600 societatis
1378 4561 1489 4600 sua:
1516 4544 1758 4601 scholam
1792 4545 2047 4600 Cassiano
2072 4547 2167 4599 ad-

2270 3326 2487 3380 dissert.
2512 3326 2542 3380 7
2566 3325 2633 3380 ad
2666 3328 2811 3381 Marii
2836 3328 3148 3383 Mercatoris
3170 3330 3378 3398 Opera;
3399 3332 3575 3388 simile
3598 3334 3853 3401 quiddam

2270 3420 2539 3489 terrigmati
2572 3420 2800 3489 proferri
2844 3423 3210 3488 contendens,
3243 3439 3363 3477 cum
3394 3424 3591 3479 dicitur
3626 3426 3853 3482 alteram

2270 3510 2519 3568 haeresim
2547 3515 2770 3568 alterius
2799 3514 2964 3568 fuisse
2984 3526 3204 3569 matrem
3238 3516 3395 3570 simul
3417 3528 3469 3570 et
3499 3518 3658 3571 filiam
3687 3536 3701 3572 :
3734 3535 3854 3589 qua:

2270 3607 2548 3676 ingeniose
2595 3608 2815 3678 quidem
2845 3608 2987 3663 dicta
3019 3609 3232 3675 fatetur,
3266 3610 3358 3664 sed
3389 3626 3517 3665 vere
3556 3608 3727 3666 fuisse
3759 3628 3853 3666 ne-

2267 3713 2394 3770 gat;
2426 3699 2657 3769 hincque
2685 3701 2916 3769 probare
2949 3700 3136 3755 nititur
3182 3703 3322 3771 quod
3374 3718 3402 3755 a
3450 3706 3609 3757 tertio
3652 3704 3853 3758 smeulo

2270 3809 2369 3864 per
2413 3793 2603 3848 delirio
2653 3794 2993 3851 Satnosateni
3032 3796 3350 3850 Nt-stot'iano
3396 3797 3569 3851 errori
3626 3798 3851 3868 prmiudi

2268 3886 2495 3953 coeperit
2526 3903 2539 3939 :
2571 3888 2895 3958 subjicilqne
2942 3889 3169 3943 dandam
3211 3904 3277 3943 eo
3308 3890 3599 3944 faciliorem
3638 3890 3850 3945 \eniam

2270 3979 2448 4034 Poene
2477 3992 2682 4047 onstro,
2710 3983 2849 4051 quod
2874 3983 2990 4050 ipse
3016 3999 3230 4053 quoque
3259 3982 3546 4039 Cassianus
3576 3986 3624 4038 in
3657 3983 3850 4039 eodem

2270 4075 2594 4140 pet-caverit.
2642 4085 2694 4129 cl
2724 4090 2875 4129 suam
2918 4077 2969 4130 in
3002 4078 3319 4131 sententiam
3366 4079 3587 4132 traxerit
3614 4078 3852 4133 Leonem

2268 4162 2514 4233 Magnum
2553 4164 2793 4236 aliosque
2823 4168 3161 4235 postmodum
3200 4170 3379 4237 plores
3410 4185 3593 4223 eorum
3618 4170 3827 4224 auctori

2271 4268 2431 4311 talem
2465 4271 2697 4313 secotos.
2733 4260 2936 4326 Quibus
2968 4277 3072 4315 non
3105 4261 3446 4316 Oilrlllllliblls
3477 4263 3581 4317 tale
3608 4263 3854 4331 Opttscu-

2270 4351 2377 4403 lttm
2428 4350 2698 4420 Prospero
2734 4356 2928 4408 aSt-Cl‘it
2956 4354 3257 4408 Antelmius
3282 4356 3502 4410 dissert.
3532 4357 3565 4410 9
3597 4358 3645 4411 in
3674 4360 3851 4423 Opera

2267 4442 2365 4497 SS.
2398 4441 2594 4499 Leonis
2644 4454 2699 4500 et
2750 4447 3031 4516 l’rospcri;
3058 4460 3167 4503 tum
3219 4461 3437 4519 propter
3474 4451 3852 4505 auctmitatem

2272 4536 2515 4592 Cassiani
2558 4549 2612 4593 et
2644 4539 2840 4595 Leutiis
2873 4543 3069 4609 magni,
3094 4545 3285 4612 quibus
3331 4544 3374 4598 si
3402 4544 3503 4598 hoc
3530 4544 3675 4598 lienit
3708 4548 3853 4599 seria

567 4656 757 4697 versus
782 4613 1107 4708 Prosperom
1138 4640 1318 4695 favere
1338 4640 1531 4695 dixerit
1559 4638 1711 4710 (Scr.
1732 4638 1877 4695 Eccl.
1906 4650 1945 4694 t.
1971 4638 2013 4695 11
2038 4658 2159 4712 pag.
2192 4613 2244 4674 D
2269 4633 2679 4699 disserentibus,
2712 4637 2876 4689 multo
2917 4636 3279 4707 indulgentius
3307 4637 3485 4693 Poeta:
3530 4640 3852 4693 condonan-

563 4733 730 4804 954).
791 4735 846 4788 ln
898 4734 1412 4803 congregationibus
1467 4733 1536 4788 de
1588 4731 1811 4789 auxiliis
1871 4735 1975 4789 ltoc
2024 4737 2161 4789 inter

566 4831 840 4891 utrimque
861 4826 1254 4881 contendentes
1282 4828 1402 4881 sine
1429 4826 1533 4882 ulla
1568 4830 1935 4882 controversia
1962 4843 2162 4884 Conve-

565 4919 670 4982 ttit,
688 4919 755 4975 ah
780 4918 1015 4974 Beelesia
1041 4918 1190 4988 rejici
1214 4934 1276 4973 ac
1295 4919 1570 4987 rcprobari
1592 4919 1828 4975 Cassiani
1853 4920 2156 4984 ottiniuttes.

566 5011 648 5067 Ad
681 5011 1045 5067 damnandum
1073 5026 1197 5065 eum
1225 5011 1429 5067 conditi
1456 5021 1582 5066 sunt
1615 5028 1719 5067 non
1749 5012 1902 5082 pauci
1930 5013 2156 5068 Arausi-

560 5120 714 5161 mnte
744 5104 936 5178 synodi
966 5119 1226 5160 canones.

634 5196 921 5253 Cotttltttlit
975 5196 1210 5263 Prostter
1256 5196 1339 5251 bis
1390 5196 1573 5252 verbis
1632 5205 1935 5253 memoratu
1990 5211 2153 5264 quam

564 5289 799 5345 maxime
837 5288 1016 5357 dignis
1048 5286 1263 5360 (Infra,
1294 5305 1414 5357 pag.
1448 5288 1554 5344 369
1594 5296 1643 5342 et
1671 5288 1801 5358 seq.)
1840 5305 1853 5340 :
1886 5286 2157 5358 Sit/ﬁcien-

563 5388 663 5443 ter,
697 5389 750 5431 ut
781 5383 1023 5444 arbitror,
1054 5383 1463 5436 demonstratum
1493 5391 1586 5447 est,
1620 5381 2006 5452 reprehensores
2034 5398 2156 5435 san-

564 5472 634 5526 cti
679 5470 957 5543 Augustini
1000 5484 1046 5529 et
1078 5492 1207 5530 rana
1236 5474 1459 5545 objicere
1478 5518 1492 5541 ,
1522 5483 1569 5527 et
1591 5485 1727 5527 recta
1754 5474 2080 5546 impugnare,
2108 5482 2155 5527 et

566 5579 732 5637 prava
767 5565 1080 5635 defendere,-
1129 5578 1607 5639 peremptorumque
1654 5569 1814 5619 armis
1854 5569 2153 5620 intestinum

565 5656 760 5714 bellum
793 5668 1045 5714 ntocentes
1068 5702 1082 5724 ,
1115 5662 1266 5714 dictis
1293 5660 1479 5715 dirinis
1508 5668 1661 5728 atque
1699 5660 1937 5713 humanis
1966 5662 2157 5713 consti-

562 5752 845 5815 tutiOnibus
872 5752 1138 5807 rebellare.
1171 5752 1401 5820 Quorum
1443 5762 1616 5805 tamen
1642 5796 1657 5820 ,
1695 5752 1823 5806 dum
1850 5755 2023 5807 adhuc
2051 5771 2154 5808 non

524 5886 531 5903 ε
558 5864 736 5925 mea
752 5857 985 5916 fraterna
1010 5848 1243 5905 societate
1282 5845 1452 5913 diuisi,
1488 5844 1759 5902 toleranda
1786 5846 1953 5921 magis
1978 5856 2050 5905 est
2073 5848 2157 5905 in-

2267 4728 2416 4795 dum,
2450 4745 2557 4783 non
2609 4738 2715 4783 tam
2741 4729 2805 4783 ad
2836 4729 3076 4784 bistori:e
3122 4747 3363 4785 normam
3394 4733 3651 4801 loquenti,
3686 4749 3850 4799 quam

2265 4823 2597 4892 consepultis
2623 4823 2896 4877 crt'OliilllS
2941 4824 3132 4879 laxatis
3172 4824 3393 4879 habenis
3438 4826 3762 4895 inflatisqtze,
3795 4838 3853 4882 ιιι

2263 4918 2433 4981 aiunt,
2487 4917 2632 4971 tibiis
2678 4918 2943 4971 illudenli.
2972 4919 3199 4973 Maxime
3240 4936 3360 4974 cum
3403 4919 3517 4973 hac
3561 4921 3856 4986 utrinstpto

2268 5012 2538 5063 ltmresens
2577 5013 2910 5079 comparatio
2938 5028 3042 5065 non
3075 5013 3242 5067 semel
3281 5013 3436 5068 abeo
3466 5025 3716 5081 usurpata
3746 5014 3849 5069 de-

2264 5101 2636 5171 prehendatur
2666 5121 2679 5155 :
2709 5103 2801 5157 St‘d
2854 5114 2908 5159 et
2954 5106 3004 5160 in
3051 5106 3321 5161 Chronico
3348 5107 3463 5176 ipso
3491 5121 3667 5161 narret
3701 5108 3854 5176 quod

2259 5196 2399 5263 apud
2436 5194 2703 5263 Ephesum
2732 5197 3010 5252 Nestorius
3037 5214 3157 5252 cum
3183 5199 3370 5253 Inetesi
3399 5202 3628 5253 nominis
3659 5201 3763 5265 sui,
3795 5210 3855 5255 cl

2260 5302 2380 5342 cum
2424 5290 2609 5343 multis
2657 5290 2977 5360 Pelagianis,
3009 5291 3095 5360 qui
3127 5302 3412 5361 cognatum
3441 5294 3611 5346 errori
3640 5307 3736 5345 suo
3766 5294 3853 5359 iu-

2261 5381 2461 5433 vabant
2480 5380 2695 5449 dogma,
2717 5380 2869 5435 fuerit
2889 5384 3198 5437 damnatus:
3224 5398 3270 5437 et
3294 5385 3429 5438 hanc
3454 5385 3618 5452 ipsam
3646 5385 3846 5441 utrius.

2260 5488 2365 5540 que
2430 5477 2634 5528 erroris
2681 5478 3195 5531 ('OfllCSSBI'HIiOllCIII
3249 5478 3509 5531 Cassiano
3553 5478 3851 5547 exprobret

2259 5564 2381 5619 libri
2413 5568 2672 5619 adventu
2702 5583 2821 5620 eum
2868 5570 3051 5637 scripti
3090 5585 3209 5638 cap.
3239 5569 3300 5623 9.1
3368 5568 3469 5625 Prr
3504 5572 3638 5625 [tunc
3677 5571 3848 5626 uirum

2260 5659 2675 5734 (Ctl'it‘slilllllll)
2697 5664 2849 5717 etiam
2882 5664 3171 5719 Orientales
3214 5665 3458 5722 Ecclesia!
3477 5672 3675 5739 gemina
3703 5678 3846 5738 peste

2257 5767 2493 5826 purgatte
2520 5764 2659 5821 sunt,
2690 5758 2897 5822 quando
2933 5759 3128 5831 (ΓειτὶΗο
3161 5761 3518 5816 Alexandrina:
3566 5763 3705 5819 urbis
3734 5764 3845 5819 Au-

2256 5848 2407 5903 tittiti
2445 5849 2514 5904 ad
2540 5852 2903 5907 exsecrandum
2949 5852 3315 5910 Nestorianam
3344 5858 3651 5928 impietatem
3672 5901 3688 5929 ,
3710 5875 3851 5936 apo-
