4080 6354
318 321 386 383 37
1456 354 1457 357 γ
1508 322 1668 384 vm
1712 326 2048 385 PROSPERI
2090 326 2434 398 AQUITANl.
3518 351 3597 409 33

315 437 500 492 statim
528 436 811 490 auxiliatur
834 445 908 490 est
934 436 1135 507 gladio,
1165 455 1264 509 quo
1291 438 1441 492 etiam
1475 438 1759 511 Pelagiani,
1786 442 1909 492 dum
1937 447 1987 503 Α
2018 456 2147 510 pora
2200 443 2439 513 jucunda
2494 445 2723 515 quadam
2772 446 3037 507 brevitate
3084 451 3328 513 deduxit.
3376 460 3597 521 Eusebii

315 534 545 604 cognatis
596 535 1016 600 cuttgmderaumr
1057 531 1347 597 erratibus,
1391 532 1575 585 iterum
1616 543 1906 603 prosterne-

316 635 509 680 rentur.

386 718 616 787 Scripsit
642 728 837 786 iratior
866 719 981 774 haec
1010 735 1101 775 ses
1130 736 1288 788 supra
1318 729 1529 774 centum
1557 720 1912 790 epigramma-

318 823 385 876 tn,
421 830 537 882 quat
571 813 732 866 effata
760 824 813 867 el.
841 816 1137 867 sententias
1172 814 1391 867 totidem
1428 829 1487 867 cx
1514 814 1830 882 Attgudinu,
1856 819 1915 865 ut

317 908 533 974 pra-fert
581 908 794 967 titulus,
842 909 1191 976 depromptas
1238 908 1494 960 exhibent
1542 906 1756 976 (Infra,
1787 923 1909 976 pag.

316 1000 416 1056 ί»ιὸ
444 1012 491 1053 et
514 1018 602 1070 scq
629 1004 673 1069 ).
710 1001 817 1055 llas
848 1002 1080 1070 primum
1109 1015 1265 1068 prosa
1293 1002 1558 1064 oratione,
1584 1000 1776 1052 deinde
1795 1014 1913 1053 ver-

314 1096 460 1147 sihns
491 1095 774 1162 exprimit.
804 1098 938 1147 (Qum
972 1094 1024 1145 itt
1057 1102 1169 1146 toto
1198 1093 1441 1161 opusculi
1490 1092 1650 1158 hujus
1680 1092 1909 1145 decursu

316 1188 566 1256 Ρωεῃυιί
620 1187 898 1255 ingenium
946 1186 1105 1240 facile
1135 1186 1463 1255 agnoscitur,
1500 1198 1611 1237 tum
1646 1185 1695 1238 itt
1726 1200 1791 1238 eo
1816 1198 1913 1250 po-

315 1280 582 1334 tissimum
613 1280 757 1348 quod
792 1296 855 1334 ex
882 1278 1163 1349 AuguStini
1186 1278 1346 1333 dictis
1375 1278 1657 1332 collectum
1682 1278 1750 1331 sit
1782 1275 1913 1347 (Λη-

313 1379 398 1428 lel.
438 1372 577 1427 Dira.
611 1376 663 1427 in
696 1371 794 1444 Op.
827 1372 985 1425 Leon.
1015 1390 1070 1443 p.
1092 1371 1216 1438 H7,
1260 1371 1365 1425 “8
1387 1372 1425 1441 ).
1458 1370 1537 1425 Ad
1571 1370 1695 1423 illud
1727 1369 1913 1423 elabo—

316 1468 545 1523 randum
570 1465 695 1519 ideo
712 1464 959 1527 accessit,
986 1474 1043 1516 ut
1066 1473 1299 1517 mentem
1324 1463 1491 1516 sacris
1508 1461 1733 1529 loquelis
1757 1476 1911 1515 exer-

312 1569 483 1625 ceret,
508 1558 830 1626 t-mlestique
858 1558 1097 1611 animum
1127 1572 1261 1627 pane
1290 1558 1568 1625 pasceret(
1587 1550 1760 1624 Infra,
1784 1568 1906 1624 pag.

312 1636 439 1715 815,
468 1652 521 1704 in
550 1649 744 1722 Prtef.)
768 1667 782 1703 :

404 1783 702 1836 Necnostrze
716 1784 805 1833 hoc
817 1787 926 1845 Opts
937 1780 1304 1843 cst(inquit)sed
1316 1781 1470 1830 abillo
1482 1783 1691 1832 sumitur
1701 1782 1783 1831 hic
1805 1794 1904 1845 ros,

444 1880 447 1883 ι
471 1851 564 1907 Qui
584 1849 955 1907 siccamrupent
976 1846 1179 1894 fundere
1198 1845 1340 1904 jussit
1363 1858 1530 1903 aquas.

411 1905 469 1960 Ut
494 1905 624 1971 quod
647 1913 693 1957 in
712 1906 940 1958 alfcctnnt
960 1908 1119 1971 cordis
1140 1908 1324 1971 pietate
1350 1908 1577 1971 magistra

466 1969 697 2034 venerit,
720 1973 813 2020 hoc
839 1978 1028 2033 promat
1050 1969 1275 2019 Carnune
1298 1970 1407 2017 taeta
1425 1970 1560 2017 tides.

309 2124 516 2196 Quibus
563 2124 746 2179 verbis
776 2121 1022 2193 pra-ludii
1074 2121 1243 2174 instar
1277 2119 1372 2174 toti
1420 2118 1583 2186 Operi
1618 2116 1903 2187 appositis,

310 2236 415 2291 qua
470 2228 649 2275 tuente
694 2224 1005 2285 susceptum
1034 2229 1065 2267 a
1104 2230 1164 2269 se
1198 2214 1359 2267 fuerit
1399 2216 1545 2279 ()pns
1597 2211 1818 2276 indicat,
1852 2220 1908 2265 et

310 2312 568 2383 quidquid
610 2310 747 2365 τρεῖιί
791 2310 846 2363 in
889 2324 957 2364 eo
1002 2307 1185 2372 fuerit,
1230 2304 1487 2376 quidquid
1539 2303 1715 2373 aliqua
1750 2302 1906 2357 laude

310 2404 530 2475 dignum
564 2404 886 2473 reperiatur,
921 2410 1090 2456 totum
1127 2399 1253 2453 illud
1284 2399 1347 2451 ad
1380 2412 1673 2465 Supernum
1701 2394 1904 2450 fontem

311 2502 455 2556 unde
480 2500 767 2555 efﬂuxerat
794 2497 1021 2552 renuere
1055 2496 1191 2549 velle
1214 2510 1271 2549 se
1302 2504 1653 2563 prote~tatur.

388 2594 610 2650 Videtur
632 2594 862 2663 quodam
898 2594 949 2645 itt
983 2593 1102 2644 loco
1133 2592 1151 2660 (
1179 2586 1351 2657 Infra,
1381 2604 1501 2659 pag.
1541 2587 1641 2640 δδι
1678 2593 1725 2639 et
1748 2584 1902 2655 seq),

323 2686 381 2743 id
402 2686 908 2755 est,ep‘tgramtnatis
924 2684 993 2739 65
1013 2694 1065 2737 et
1079 2683 1169 2749 66,
1188 2681 1549 2751 rlutycltiatttts
1566 2679 1901 2747 impugnare,

331 2789 593 2850 negantes
619 2776 816 2832 (Πιτίηί
846 2792 1059 2831 carnem
1109 2775 1353 2845 ejusdem
1385 2787 1505 2827 cum
1550 2783 1733 2825 nostra
1784 2784 1907 2824 esse

321 2872 661 2927 substantim.
680 2869 827 2926 Unde
856 2868 1154 2938 hncOperis
1173 2867 1274 2922 sub
1293 2864 1756 2921 Chalcedonensis
1778 2875 1907 2916 con-

316 2963 452 3030 cilii,
483 2979 625 3017 anno
669 2964 767 3018 ibi
810 2961 997 3025 habiti,
1042 2973 1281 3029 tempora
1332 2962 1693 3027 eotnpositunt
1742 2955 1907 3011 fuisse

317 3070 424 3112 non
470 3057 739 3111 immerito
788 3056 909 3124 quis
954 3054 1205 3121 colligat,
1255 3068 1377 3107 cum
1423 3050 1672 3120 Prosperi
1731 3048 1904 3101 Vitam

314 3151 476 3205 etiam
527 3148 751 3204 ulterius
799 3147 1025 3219 produci
1082 3154 1365 3216 oporteat,
1412 3151 1471 3198 ut
1520 3150 1705 3211 postea
1756 3139 1906 3196 vide-

311 3243 509 3299 bimus.

380 3337 556 3391 Aliam
589 3337 812 3407 insuper
855 3334 1025 3391 edidit
1070 3334 1464 3389 Collectioncm
1508 3329 1902 3386 sententiarum

311 3427 437 3494 ὅθί,
467 3428 605 3484 alias
630 3430 759 3493 388,
784 3444 854 3484 ex
901 3428 1183 3499 Augustini
1214 3426 1503 3498 Operibus,
1535 3434 1646 3479 lunt
1678 3424 1743 3479 iis
1783 3440 1902 3493 quae

309 3525 605 3578 etiamnum
652 3532 890 3585 exstant,
919 3534 1031 3577 tum
1061 3523 1128 3575 iis
1164 3537 1283 3591 qua:
1325 3519 1731 3576 interciderunt.
1758 3518 1901 3573 illius

309 3629 712 3684 nonnumquam
746 3624 981 3669 tuentem
1027 3614 1280 3684 exprimit
1322 3613 1501 3682 potius
1533 3626 1693 3679 quam
1743 3624 1902 3664 voces

308 3708 495 3763 refert.
526 3707 689 3765 Liber
720 3711 810 3764 ille
836 3710 1186 3763 existimatur
1223 3722 1344 3762 esse
1387 3707 1556 3761 instar
1594 3703 1901 3775 compendii

307 3800 589 3870 cujusdam
615 3802 927 3873 theologiei,
956 3804 1095 3868 quod
1120 3802 1173 3856 itt
1200 3801 1471 3869 pt-Oprium
1494 3815 1647 3854 usuin
1668 3798 1901 3868 Prosper

305 3904 683 3962 contexuerat,
708 3906 768 3951 ut
796 3898 1065 3965 prmcipua
1098 3893 1501 3962 Angustiniana:
1524 3892 1782 3946 doctrina:
1811 3905 1900 3946 ca-

303 3987 414 4057 pita
439 3988 543 4044 sibi
566 3991 777 4044 notiora
796 4000 849 4044 et
880 3989 1049 4058 magis
1077 3986 1358 4042 familiaria
1385 3985 1655 4040 redderet.
1683 3984 1901 4053 Aliquot

303 4094 364 4135 ex
396 4083 502 4137 hoc
529 4083 669 4137 libro
697 4085 981 4139 sententia:
1011 4081 1153 4136 inter
1181 4080 1497 4136 Arausicani
1532 4077 1753 4132 secundi
1775 4093 1901 4132 con-

303 4175 409 4229 cilii
439 4190 681 4232 canones
725 4178 908 4233 relata:
938 4186 1085 4242 sunt,
1112 4184 1167 4231 et
1195 4176 1483 4246 permulta:
1508 4176 1611 4230 sub
1647 4174 1897 4246 l’t-osperi

302 4269 523 4325 nomine
547 4270 788 4324 citantur
812 4286 839 4322 a
865 4268 1046 4323 Floro.

371 4361 504 4430 Ejus
530 4361 799 4429 expositio
827 4363 878 4416 in
907 4369 1209 4431 postremos
1241 4376 1404 4415 unum
1437 4370 1491 4416 et
1514 4362 1895 4432 quinquaginta

303 4456 543 4526 psalmos
572 4457 774 4523 pariter
825 4471 894 4511 ex
922 4456 1221 4527 Augustino
1263 4466 1371 4509 tota
1425 4454 1596 4510 ferme
1644 4464 1895 4524 excerpta

301 4556 401 4601 est.
438 4546 663 4602 Videtur
694 4546 1012 4603 Psalterium
1056 4550 1322 4617 integrum
1354 4547 1517 4601 simili
1561 4548 1769 4602 ratione
1794 4563 1892 4602 cx-

301 4638 571 4708 planasse,
602 4638 871 4710 siquidem
904 4641 1270 4709 praetermisso
1294 4640 1502 4709 p-altno
1526 4654 1653 4706 evtt,
1700 4639 1889 4694 remit-

299 4731 363 4785 tit
409 4732 478 4785 ad
509 4748 571 4786 ea
602 4748 723 4801 qua:
766 4733 836 4787 de
884 4748 971 4787 ινι
1000 4741 1057 4787 ct
1107 4748 1195 4788 ιιι
1224 4732 1455 4787 dixerat.
1495 4731 1576 4785 Atl
1627 4734 1890 4798 psalmum

298 4838 454 4882 uLtv
490 4824 713 4880 disertis
740 4824 920 4880 verbis
949 4836 1109 4893 negat
1146 4825 1413 4893 duplicem
1441 4839 1563 4878 esse
1594 4824 1646 4876 in
1676 4822 1893 4877 Christo

298 4933 587 4987 personam
621 4934 635 4972 :
669 4934 770 4987 qua
800 4918 869 4973 de
894 4933 953 4972 re
981 4934 1101 4973 cum
1136 4917 1264 4971 nihil
1310 4917 1414 4971 hoc
1446 4917 1563 4970 loco
1612 4916 1751 4969 dicat
1780 4918 1889 4969 Au-

294 5011 566 5078 gustinus,
617 5008 963 5063 manifesmm
1018 5017 1103 5063 est
1150 5008 1382 5063 Nestorii
1436 5008 1684 5062 ltzcresim
1736 5007 1822 5062 hic
1861 5023 1891 5061 a

296 5102 571 5171 Prospero
600 5100 772 5157 refelli
802 5117 817 5155 :
845 5115 950 5169 quo
978 5100 1333 5156 fundamento
1358 5100 1409 5154 id
1433 5100 1624 5169 Operis
1646 5115 1791 5153 anno
1818 5098 1895 5153 ci-

296 5195 403 5248 tius
444 5195 552 5249 455
576 5193 962 5263 assignandum
993 5202 1260 5264 putamus.
1294 5194 1346 5246 lu
1399 5193 1498 5247 hoc
1539 5191 1676 5245 libro
1702 5192 1893 5257 depre-

296 5286 860 5341 henditurnervomm
896 5285 1022 5339 illttd
1054 5284 1441 5355 concisumqtte
1462 5282 1673 5338 dicendi
1701 5297 1890 5353 genus,

292 5394 413 5449 quae
456 5379 673 5450 propria
720 5386 805 5434 est
841 5378 1092 5447 Prosperi
1124 5386 1269 5433 nota.
1303 5377 1503 5431 lhidem
1557 5391 1769 5445 quoque
1817 5375 1895 5427 fa-

292 5476 393 5533 cile
420 5476 827 5531 animadvertas
860 5488 1105 5530 sanctum
1130 5478 1302 5529 virum
1335 5492 1441 5529 non
1483 5474 1534 5528 in
1590 5474 1707 5527 sola
1749 5473 1890 5527 circa

294 5568 491 5626 Christi
520 5571 751 5642 gratiam
799 5569 1064 5633 doctrina,
1094 5570 1189 5624 sed
1216 5572 1378 5623 etiam
1409 5569 1460 5622 in
1492 5567 1611 5621 aliis
1640 5566 1891 5621 omnibus

293 5667 551 5737 Capitibus
580 5664 765 5736 magni
792 5664 1075 5735 Augustini
1106 5663 1449 5733 discipulum.

364 5759 719 5829 Aliquantum
756 5757 923 5814 etiam
958 5773 1153 5813 nomen
1193 5773 1349 5813 suum
1392 5754 1795 5811 commendavit
1824 5767 1891 5808 ex

290 5849 591 5937 Chronico,
615 5850 767 5929 quod
792 5850 864 5909 ab
895 5850 1029 5909 orbe
1068 5849 1293 5908 condito
1319 5848 1388 5907 ad
1416 5864 1514 5906 sua
1545 5860 1719 5919 usque
1746 5855 1888 5901 tent-

2012 533 2227 605 quidem
2282 537 2349 589 ad
2396 553 2593 591 annutn
2648 556 2817 608 usque
2862 544 3327 621 336,1licr0nytni
3370 569 3498 607 vero
3525 556 3595 611 ad

2012 626 2141 692 ὅτε,
2173 627 2439 681 (ἷιιτοιιίςει
2482 645 2724 686 secutus.
2756 634 2811 687 ltt
2855 651 2920 690 co
2948 641 3199 694 consult-3
3225 657 3505 702 enumerat
3528 650 3599 707 ab

2013 727 2244 789 utroque
2291 717 2351 774 Gt
2372 720 2521 773 mino
2571 737 2820 795 annoque
2849 726 3053 785 Tiberii
3087 732 3173 800 i5,
3214 736 3304 805 qui
3343 745 3428 792 est
3470 754 3597 797 term

2014 811 2318 901 communis
2353 811 2443 867 9.9.
2472 813 2727 869 EXsIabztt
2760 818 2934 874 solum
2985 834 3251 892 postrema
3286 843 3407 897 pars
3440 830 3598 900 hujus

2016 902 2379 971 Chionici,ea
2405 908 2801 978 scilicetqttatn
2846 913 2913 966 ab
2959 931 3102 971 anno
3152 920 3258 975 578
3307 924 3595 979 deductam

2016 995 2443 1067 lltcronytniano
2484 1000 2719 1071 Prosper
2749 1004 3060 1071 addiderat;
3087 1024 3229 1064 anno
3276 1028 3402 1066 vero
3432 1016 3594 1080 1657,

2016 1087 2285 1157 integrum
2309 1099 2364 1144 et
2384 1090 2694 1145 itltsttlumtlt
2722 1094 2924 1149 editum
2951 1110 3031 1152 est
3056 1116 3082 1153 a
3107 1100 3354 1173 Philippo
3378 1106 3597 1163 Labbco

2015 1178 2070 1233 in
2103 1182 2282 1248 primo
2305 1196 2455 1236 nova:
2483 1198 2596 1237 sute
2627 1185 2980 1243 Bibltodtccte
3008 1206 3139 1246 mss.
3174 1206 3337 1249 tonio.

2084 1271 2167 1327 Ad
2197 1274 2590 1329 conﬁciendum
2636 1275 2940 1334 Chrenicott
2994 1299 3147 1337 suum
3188 1285 3420 1357 Prosper
3452 1290 3598 1347 vide-

2018 1375 2103 1421 tur
2160 1378 2245 1422 ter
2291 1371 2611 1436 accessisse,
2637 1371 2887 1443 illiusque
2938 1387 3073 1441 tres,
3106 1390 3162 1433 ut
3216 1381 3286 1434 ita
3330 1382 3597 1453 dicamus,

2014 1460 2284 1514 editi0ncs
2327 1462 2654 1525 adornasse,
2700 1468 2856 1519 annis
2911 1467 3162 1523 videlicet
3208 1472 3335 1538 455,
3384 1472 3489 1529 645
3544 1484 3599 1531 et

2014 1552 2141 1608 455.
2177 1554 2331 1623 Quod
2360 1572 2424 1610 ex
2473 1572 2539 1610 co
2579 1558 2886 1627 c0njicitnr,
2920 1562 3044 1631 quia
3089 1563 3140 1616 in
3172 1565 3414 1633 pluribus
3448 1566 3599 1623 libris

2013 1645 2211 1700 ibidem
2238 1648 2433 1718 legitur
2462 1649 2825 1719 chronologiat
2857 1652 3021 1707 totius
3050 1654 3454 1724 c0ntpcndium.
3517 1662 3532 1673 '

2084 1740 2326 1794 Alterum
2351 1742 2569 1811 quidem
2596 1742 2789 1812 legitur
2804 1742 3136 1809 Cltronicou,
3162 1750 3305 1817 quod
3332 1750 3599 1821 Prospero

1937 1834 1983 1894 Β
2015 1835 2259 1887 nonnulli
2290 1836 2591 1889 ascribunt.
2626 1837 2720 1891 llis
2747 1849 2925 1892 autem
2965 1840 3015 1893 id
3050 1857 3213 1895 unum
3258 1845 3479 1899 concedi
3507 1863 3601 1915 po-

2012 1937 2137 1993 te5t,
2154 1928 2459 1983 Chronicon
2482 1929 2613 1984 illud
2637 1945 2755 1985 esse
2782 1931 2996 2001 quidem
3016 1934 3269 2003 Prospcri
3294 1940 3484 2003 nostri,
3504 1938 3598 1994 sed

2009 2020 2077 2074 ab
2110 2022 2283 2075 altero
2304 2032 2623 2093 corruptum
2658 2034 2713 2078 et
2740 2026 3115 2095 depravatum,
3138 2031 3228 2096 qtti
3260 2038 3314 2084 et
3346 2030 3397 2085 in
3428 2030 3595 2086 histo-

2009 2112 2088 2167 ria
2116 2112 2268 2167 rudis
2304 2112 2469 2168 fuerit
2509 2126 2560 2169 et
2592 2118 2928 2187 peregrinus,
2959 2128 3015 2174 et
3043 2130 3148 2173 tam
3179 2122 3393 2177 invidus
3418 2126 3599 2193 Angu-

2009 2204 2138 2259 stini
2187 2205 2399 2259 laudtnn
2452 2206 2803 2274 obtrectator,
2836 2228 2996 2281 quam
3040 2212 3273 2284 Prosper
3324 2216 3597 2274 studiosus

2009 2299 2153 2353 illius
2182 2301 2358 2355 cultor
2408 2302 2517 2357 fuit.
2556 2302 2603 2357 Is
2644 2304 2746 2358 sub
2792 2308 3011 2363 nomine
3054 2308 3267 2365 Tironis
3326 2311 3597 2381 Prosperi,

2008 2412 2114 2464 quo
2147 2395 2376 2463 primum
2409 2398 2711 2466 appellatus
2751 2411 2855 2466 est,
2889 2402 3019 2459 licet
3067 2404 3359 2474 immerito,
3391 2422 3422 2461 a
3468 2422 3598 2463 non-

2011 2490 2171 2542 nullis
2206 2490 2471 2544 interdum
2505 2493 2724 2551 cilatur.

2080 2581 2263 2636 Refert
2309 2583 2616 2639 Gennadius
2660 2588 2713 2640 in
2754 2588 3010 2657 Catalogo
3059 2606 3179 2661 cap.
3219 2593 3287 2648 87
3317 2595 3591 2651 conditum

2007 2687 2036 2725 a
2069 2672 2333 2740 Prospero
2357 2676 2520 2730 fuisse
2542 2676 2764 2748 Cyclnnt
2799 2679 3133 2744 Paschaletn,
3170 2696 3289 2753 post
3321 2686 3597 2755 Theophi-

2008 2765 2118 2820 lum
2167 2768 2409 2835 qnidetn.
2458 2768 2775 2840 Eusebium,
2820 2783 2875 2829 et
2917 2775 3293 2848 Hippolytum,
3325 2782 3418 2833 sed
3472 2792 3597 2837 ante

2009 2858 2330 2925 Victorinm,
2368 2861 2469 2919 hoc
2510 2875 2593 2919 est
2625 2866 2767 2921 inter
2806 2882 2980 2922 annos
3010 2869 3116 2924 580
3153 2882 3210 2924 et
3240 2872 3364 2926 457.
3397 2871 3453 2928 Si
3503 2874 3597 2930 ille

2006 2954 2076 3009 8t
2105 2970 2367 3007 annorum
2396 2958 2588 3027 cyclus
2614 2958 2684 3011 sit
2704 2974 2845 3012 anno
2870 2961 2977 3016 582
3010 2963 3279 3025 conditus,
3309 2977 3363 3018 ut
3388 2964 3597 3021 Boche-

2008 3048 2091 3101 rio
2134 3048 2370 3115 videtur,
2407 3050 2715 3106 nullatenus
2760 3053 2828 3107 ab
2857 3054 3125 3124 Aquitano
3172 3057 3471 3127 Prospero,
3502 3059 3595 3129 qui

2006 3156 2149 3194 anno
2178 3142 2285 3197 453
2331 3142 2507 3197 adhuc
2557 3144 2848 3211 scribebat,
2877 3148 3051 3202 editus
3105 3148 3225 3205 fuit.
3249 3150 3344 3205 Sin
3390 3154 3595 3221 minus,

1929 3221 1974 3286 C
2009 3235 2140 3288 satis
2190 3236 2467 3304 probabile
2498 3237 2658 3292 fuerit
2704 3238 3055 3309 l'rosperum,
3087 3258 3248 3314 quem
3299 3246 3399 3299 alia
3451 3247 3596 3303 nulla

2006 3327 2215 3382 ratione
2256 3327 2500 3397 designat
2534 3329 2867 3397 Gennadius,
2903 3335 3052 3388 ilhtttt
3084 3339 3258 3406 ipsum
3286 3353 3408 3394 esse
3436 3354 3595 3409 quem

2003 3428 2344 3488 quattuanle
2370 3422 2545 3490 capite
2585 3425 2921 3493 appellarat:
2952 3430 3252 3495 prmsettim
3304 3445 3424 3484 cum
3472 3446 3596 3486 etil-

2005 3513 2317 3581 hujusmudi
2358 3518 2853 3585 compulationihus
2897 3536 3118 3591 operam
3152 3524 3367 3581 dedisse
3396 3525 3596 3583 indicio

2004 3605 2069 3659 sit
2106 3608 2224 3673 ejus
2255 3606 2587 3675 Chronicon,
2624 3610 2676 3663 in
2705 3626 2810 3680 qtto
2857 3628 2964 3666 non
3009 3616 3175 3670 semel
3207 3617 3417 3688 ryclnm
3448 3619 3595 3673 illum

2004 3698 2073 3755 84
2101 3715 2366 3755 annorum
2388 3717 2803 3759 commemorat.
2837 3705 3023 3777 Neque
3055 3724 3185 3763 vero
3216 3710 3436 3765 aliunde
3460 3713 3595 3768 mul-

2004 3803 2115 3850 imit
2156 3806 2313 3850 notus
2343 3808 2424 3852 est
2455 3798 2544 3853 ille
2574 3799 2757 3869 cyclns
2796 3816 2938 3871 :quo
2988 3811 3166 3857 tamen
3209 3803 3447 3859 Ecclesia
3486 3804 3593 3859 R0-

2004 3905 2160 3943 mana
2198 3889 2393 3943 Leonis
2437 3891 2604 3958 Magni
2653 3903 2815 3949 artate
2864 3908 2956 3947 usa
3006 3894 3242 3950 videtur.
3277 3898 3591 3966 Bnehcrius,

2002 3983 2134 4037 licet
2186 3982 2447 4047 incertus.
2481 3985 2551 4040 ita
2585 3994 2767 4041 tamen
2812 3999 3126 4057 argumenta
3178 3990 3413 4054 deducit,
3441 3992 3593 4058 quasi

2003 4076 2214 4147 cyclnm
2258 4078 2408 4133 illum
2439 4074 2693 4149 PrOSperi
2724 4094 2845 4136 esse
2874 4080 3092 4137 abunde
3132 4095 3473 4153 perspectum
3500 4082 3591 4139 ha~

2001 4170 2177 4227 beret.

2551 4266 2943 4324 ARTICULUS
2983 4267 3031 4323 Χ

2004 4357 2227 4433 Sanctus
2275 4355 2528 4433 Pro-sper;
2540 4361 2715 4414 scribit
2777 4362 3019 4433 aduersus
3080 4360 3434 4431 Ettlyrltianos
3496 4380 3589 4433 pro

2166 4428 2228 4483 S.
2263 4427 2449 4483 Leone.
2483 4427 2614 4503 Ejus
2642 4448 2798 4484 mors.
2836 4430 2958 4483 Non
2986 4433 3085 4501 fuit
3117 4427 3409 4505 episwpus.

2073 4543 2305 4599 Sanctus
2355 4544 2466 4601 Leo
2494 4546 2620 4599 dum
2652 4546 2704 4600 itt
2734 4546 2924 4602 Galliis
2946 4557 3256 4604 versaretur
3286 4565 3428 4605 anno
3456 4550 3586 4621 MO,

1999 4635 2052 4689 in
2099 4651 2367 4692 sumntum
2421 4641 2729 4706 pontificem
2786 4650 3131 4709 assumptus,
3185 4644 3309 4698 inde
3360 4644 3591 4701 fortasse

1998 4727 2329 4796 Prosperum
2362 4741 2602 4784 nostrum
2630 4748 2731 4785 una
2772 4749 2953 4788 secum
2985 4722 3231 4800 abduxit,
3274 4737 3434 4807 enjus
3460 4754 3591 4793 con-

1997 4820 2135 4873 siliis
2162 4833 2410 4876 uterelur
2446 4832 2502 4876 et
2526 4823 2756 4893 calamo,
2794 4824 3256 4896 interrogantibus
3295 4831 3591 4885 consulen-

2000 4914 2251 4984 tibnsqne
2273 4916 2525 4971 Ειιριρείἰς
2554 4932 2808 4986 responsa
2832 4919 3055 4973 daturus
3080 4936 3094 4973 :
3126 4923 3584 4990 quemadmodum

2000 5008 2261 5062 Damasus
2306 5009 2691 5082 lliernnytnunt
2723 5011 2788 5066 ad
2829 5013 2970 5068 idem
3014 5030 3209 5069 munus
3240 5016 3583 5071 adhibuerat.

1999 5100 2089 5155 Ait
2129 5102 2271 5156 enim
2326 5101 2659 5166 Gennadius,
2710 5103 2979 5172 Prosiicro
3034 5108 3238 5176 alioqui
3294 5124 3401 5163 non
3453 5109 3587 5165 satis

1996 5208 2206 5261 aequus,
2245 5212 2264 5245 ι
2302 5195 2551 5263 epistola:
2592 5211 2805 5267 quoque
2839 5214 2987 5267 papa:
3039 5199 3240 5254 Leonis
3295 5201 3585 5257 adversum

1998 5285 2279 5358 Eutychen
2320 5288 2387 5342 de
2432 5304 2557 5343 vera
2603 5289 2806 5343 Christi
2840 5290 3217 5348 lnCarttatione
3245 5293 3310 5347 ad
3336 5294 3584 5352 diverso:

1996 5378 2135 5431 data:
2190 5379 2261 5432 ab
2312 5380 2427 5447 ipso
2478 5380 2693 5435 dictata:
2734 5384 3047 5436 creduntur.
3088 5402 3107 5435 ›
3141 5386 3294 5449 Quod
3345 5390 3509 5441 etiam
3552 5402 3585 5445 a

1996 5471 2304 5526 Marcellino
2353 5472 2419 5525 ad
2486 5486 2683 5527 annum
2726 5476 2834 5530 469
2878 5476 3223 5533 exscribitur.
3293 5479 3348 5534 Id
3403 5492 3583 5537 autem

1997 5566 2340 5636 potissimum
2372 5566 2439 5622 tle
2468 5568 2667 5623 celebri
2721 5570 2810 5623 illa
2863 5569 2929 5621 ad
2980 5568 3301 5628 Flavianum
3351 5575 3582 5643 epis'ola

1994 5658 2135 5712 solet
2174 5658 2396 5724 intelligi
2430 5670 2656 5729 :estqtte
2685 5670 2832 5714 extra
2874 5660 3094 5717 dubium
3127 5680 3288 5721 oinnc
3322 5668 3575 5733 positum,

1994 5751 2392 5820 refragantihus
2436 5753 2561 5808 licet
2612 5751 2948 5810 BA-llarmino
2985 5766 3039 5811 et
3064 5756 3181 5812 aliis
3228 5757 3571 5827 quibusdam.

1997 5842 2175 5901 Potuit
2200 5857 2379 5901 autem
2408 5845 2647 5917 Prosper
2675 5846 2892 5904 illarum
2920 5850 3220 5908 litterarum
3260 5863 3581 5925 argumenta
