4080 6354
551 362 625 429 ω
1718 348 1879 413 νιτΑ
1922 344 2145 410 ruosr

2252 350 2264 405 l
2305 346 2653 419 AQUl‘l‘ANI.
3758 351 3837 414 40

553 494 609 542 et
644 478 795 555 quasi
834 478 1121 536 materiam
1169 470 1566 545 suppeditasse,
1606 485 1767 543 quam
1802 470 2131 537 recognitznn
2163 471 2212 529 Α
2240 480 2561 537 sacrumque
2591 467 2712 534 ejus
2751 478 2948 535 Corpus
2988 468 3227 521 assPrvat
3260 465 3311 522 in
3344 467 3645 537 percelehri
3671 469 3838 524 abha-

554 575 666 633 Leo
696 576 836 647 stylo
866 586 965 627 suo
990 579 1045 624 et
1088 570 1336 622 oratione
1376 563 1640 629 VCSlit'l‘ll,
1668 563 1975 616 venustiore
2019 558 2140 630 qui—

554 667 676 721 dem
720 666 809 720 illa
859 673 913 719 ct
962 662 1233 716 ornatiora
1274 672 1434 727 quam
1482 655 1736 722 Prosperi
1773 672 1784 706 :
1817 666 2141 723 quamquam

556 759 645 815 hic
676 762 727 812 in
758 758 807 811 id
837 769 1049 825 quoque
1076 754 1301 808 fortasse
1331 748 1656 812 incubuerit,
1688 754 1748 801 ut
1777 746 1841 799 ad
1876 744 2142 813 pontiﬁcis

555 854 639 907 Cui
669 868 886 921 operam
917 863 1069 902 suam
1107 845 1400 917 przttstabat
1429 845 1627 915 stylum
1656 856 1719 896 ac
1748 838 2019 894 scribendi
2051 852 2144 906 ge-

559 960 659 999 nus
689 944 867 999 coal'ot
886 953 1053 995 maret
1074 956 1253 993 suum.
1279 937 1387 992 Hac
1413 937 1481 991 dc
1507 952 1669 990 causa
1698 933 1767 987 ab
1797 932 1990 987 Adone
2016 931 2137 1003 (du.

556 1038 684 1107 £58)
704 1041 931 1105 altisque
963 1034 1231 1102 sequioris
1254 1034 1350 1085 ωνὶ
1377 1029 1739 1097 scriptoribus
1760 1025 1957 1079 dicitur
1979 1026 2145 1077 fuisse

558 1132 740 1186 Leonis
786 1129 963 1197 Magni
1002 1128 1255 1189 notarius,
1289 1140 1385 1178 seu
1417 1122 1785 1175 amanuensis.
1820 1118 1962 1173 Fieri
1998 1116 2140 1171 enim

558 1233 731 1292 potest
768 1231 823 1275 ut
853 1222 931 1275 illi
976 1221 1027 1274 in
1058 1218 1360 1273 scribendis
1393 1228 1503 1270 tum
1533 1213 1801 1284 epistolis,
1832 1224 1940 1265 tum
1982 1212 2143 1263 etiam

556 1316 913 1372 conrionihus
955 1313 1244 1367 fanndatns
1275 1311 1364 1365 sit.
1399 1309 1558 1364 Certe
1592 1311 1643 1362 in
1693 1307 1831 1361 libro
1871 1314 1996 1359 ante
2039 1304 2147 1359 900

556 1425 730 1462 annos
803 1422 963 1461 tuanu
1026 1413 1248 1459 eutt‘ato
1313 1401 1564 1469 Pro~peri
1633 1415 1830 1454 nomen
1903 1413 2015 1467 pra:
2086 1410 2146 1451 se

560 1506 663 1557 [ert
690 1517 873 1556 sermo
903 1514 1124 1565 quartus
1155 1500 1206 1549 in
1230 1497 1317 1549 die
1349 1496 1725 1549 anniversario
1757 1489 2147 1560 assumptionis

559 1596 755 1651 Leonis
781 1594 845 1647 ad
878 1592 1094 1661 ptmtilic
1114 1602 1266 1653 itum,
1296 1601 1347 1643 et
1392 1594 1623 1642 fortasse
1648 1588 1761 1640 alii.
1794 1585 1921 1639 little
1944 1583 2146 1639 misti-

557 1706 708 1744 ntaro
751 1690 874 1742 beet
910 1703 1031 1740 eum
1073 1700 1318 1755 magnam
1351 1692 1558 1751 partem
1590 1681 1912 1735 su~tinuisse
1956 1694 2144 1732 eorum

557 1800 676 1854 qua:
718 1783 880 1852 gessit
930 1780 981 1833 in
1018 1779 1335 1848 Pelagianos
1387 1775 1610 1844 Magnus
1639 1774 1789 1827 Leo:
1827 1773 2148 1838 videturque

2247 563 2319 616 tia
2344 579 2371 614 a
2398 564 2677 616 comitissa
2704 560 2959 616 Mathilde
2985 562 3223 615 instituta
3259 579 3398 632 :quo
3432 575 3608 617 tamen
3633 580 3697 618 ex
3729 564 3835 621 alia

2246 656 2491 725 ejusdem
2558 655 2708 708 urbis
2758 654 2975 709 basilica
3032 657 3100 709 ab
3172 656 3404 726 ipsomct
3462 658 3512 710 in
3572 656 3835 714 honorem

2247 750 2306 807 S.
2338 749 2672 821 Apollinaris
2703 758 2980 805 exstructa
3022 748 3241 803 allatum
3280 750 3389 818 jam
3443 750 3567 805 inde
3621 767 3648 803 a
3693 753 3839 821 regis

2247 844 2562 912 Luitprandi
2605 842 2942 911 temporibus
2988 855 3256 898 narratur.
3291 842 3457 913 Hujus
3501 844 3835 913 epitaphium

2247 956 2277 995 a
2310 939 2500 993 Vossio
2526 937 2689 1003 (Hist.
2723 937 2905 1010 Pelag.
2936 938 2973 992 ι.
3006 954 3043 1001 ι,
3069 955 3116 992 c.
3144 939 3229 1005 18)
3255 937 3508 1004 refertur,
3538 941 3681 1009 quod
3714 940 3839 995 idco

2246 1035 2613 1104 compositum
2666 1034 2859 1097 fuerat,
2895 1042 2952 1087 nt
3001 1048 3141 1087 novo
3190 1031 3577 1087 inscriberetur
3625 1034 3837 1088 tumulo

2248 1128 2335 1195 qui
2371 1136 2657 1195 propterea
2692 1127 3016 1180 constitutus
3047 1125 3239 1190 fuerat,
3272 1127 3411 1194 quod
3444 1136 3681 1182 veterem
3724 1138 3836 1181 tur-

2248 1220 2324 1273 ris
2361 1218 2640 1283 cujusdam
2691 1219 2843 1272 ruina
2888 1218 3317 1271 comminuisset.
3362 1219 3429 1271 At
3479 1218 3608 1271 illud
3668 1218 3841 1283 epita-

2251 1313 2430 1382 phiutn
2462 1314 2514 1366 in
2547 1314 2662 1365 inde
2694 1311 3105 1365 Carmelitarum
3134 1311 3371 1377 οοιιεμίεἱ
3402 1312 3542 1367 idem
3573 1312 3836 1368 afﬁrmat.

2252 1405 2491 1459 llahetur
2540 1405 2677 1474 apud
2732 1405 2944 1459 Surium
2977 1404 3073 1468 (23
3127 1404 3279 1473 Jun.)
3316 1404 3431 1458 Vita
3476 1406 3533 1460 S.
3588 1405 3842 1476 Prosperi

2250 1499 2533 1568 Regiensis
2561 1516 2589 1553 a
2623 1486 2889 1553 Flaminio
2919 1499 3118 1568 proprii
3150 1500 3347 1569 ingenii
3390 1500 3611 1556 lihidEne
3650 1503 3843 1557 meris-

2248 1610 2352 1661 qne
2388 1593 2718 1660 conjec-turis
2752 1594 2914 1645 dtu-to
2944 1593 3275 1661 conscripta,
3306 1594 3382 1648 ait
3414 1593 3659 1650 Labbeus
3688 1596 3838 1667 (Scr.

2251 1683 2397 1739 Eccl.
2421 1696 2544 1740 tom.
2571 1684 2634 1745 ll,
2662 1704 2715 1756 ρ.
2743 1684 2894 1753 249).
2924 1686 2994 1740 De
3008 1702 3068 1741 ea
3086 1687 3328 1741 severius
3354 1689 3514 1741 etiam
3538 1700 3617 1742 est
3644 1689 3843 1748 Ntttisil

2246 1777 2507 1847 judicium
2536 1776 2697 1846 (Hist.
2732 1776 2846 1831 I’rl.
2871 1779 2909 1831 ι.
2936 1794 2995 1846 tt,
3020 1795 3065 1831 c.
3097 1777 3205 1847 15).
3236 1778 3281 1832 Is
3304 1795 3483 1834 censet
3514 1780 3840 1852 Prospernm

559 1880 677 1931 Ado
705 1875 907 1943 pariter
956 1873 1030 1926 illi
1065 1871 1303 1926 tribucre
1333 1884 1452 1935 qua!
1492 1885 1520 1920 τι
1560 1868 1739 1922 Lcmle
1778 1866 1989 1921 fuerat“
2034 1875 2145 1918 lum
2181 1865 2225 1926 Β
2256 1874 2396 1925 hunc
2422 1872 2643 1924 forsitan
2676 1886 2795 1924 esse
2825 1880 3101 1925 auctorem
3133 1872 3249 1924 libri
3280 1872 3346 1927 de
3380 1873 3843 1932 Promissionihus

566 1968 619 2022 in
656 1967 1043 2038 Entychianos,
1082 1977 1192 2016 tum
1223 1964 1273 2016 in
1323 1960 1640 2026 Pelagianos
1690 1970 1919 2027 scripta;
1975 1972 2150 2025 neque

562 2062 687 2117 huic
716 2060 1041 2115 contradicit
1081 2055 1379 2111 cardinalis
1417 2053 1659 2108 Νιιιίμίιις
1687 2050 1858 2121 (Hist.
1889 2050 2071 2121 Pelag.
2108 2050 2147 2104 ι.

566 2172 624 2218 ιι,
654 2172 701 2209 c.
732 2155 836 2225 15).
867 2153 997 2208 Illud
1027 2167 1156 2205 vero
1189 2152 1239 2202 in
1280 2149 1506 2202 historia
1547 2164 1656 2201 non
1693 2147 1973 2210 omissum,
2004 2144 2147 2211 quod

562 2265 683 2304 cum
720 2248 902 2302 lttnme
932 2243 1176 2299 nonnulli
1211 2240 1548 2309 Pelagianam
1575 2242 1821 2294 Iueresim
1853 2239 2031 2293 denuo
2061 2252 2153 2292 su-

562 2344 759 2398 scitare
788 2347 1137 2396 conarentur.
1164 2350 1422 2405 suamque
1449 2349 1510 2389 ea
1545 2335 1613 2387 de
1658 2349 1717 2386 re
1749 2343 1986 2388 mentem
2033 2332 2153 2387 ausi

564 2443 747 2490 essent
795 2432 1126 2501 patefacere:
1160 2428 1398 2495 Prosper
1443 2427 1623 2480 statim
1656 2425 1868 2480 libellos
1897 2424 2155 2481 obtulerit

564 2536 679 2581 tum
714 2526 877 2581 Leoni
903 2525 1080 2579 adhuc
1105 2520 1407 2586 superstiti,
1445 2530 1555 2573 tum
1587 2521 1931 2588 imperatoris
1965 2518 2154 2572 minis-

563 2621 681 2684 tris,
722 2616 1113 2685 perfeceritque
1141 2623 1195 2666 ut
1227 2613 1439 2666 illorum
1473 2609 1749 2664 hominum
1781 2618 2008 2664 conatus
2035 2608 2150 2664 ina-

560 2728 656 2769 nes
685 2712 929 2781 irritique
958 2706 1276 2763 Ceciderint.

634 2804 710 2860 Ex
758 2805 821 2859 iis
868 2817 986 2873 qua!
1016 2801 1083 2855 de
1108 2798 1358 2867 Prosperi
1389 2798 1666 2853 Chronico
1695 2796 1951 2859 diximus,
1981 2796 2152 2864 liquet

561 2915 683 2955 enm
730 2898 906 2950 adhuc
934 2895 1131 2947 vixisse
1177 2906 1318 2945 anno
1356 2889 1485 2945 455.
1534 2888 1783 2943 Labbetts
1830 2892 2151 2955 insequente

560 3008 704 3049 anno
735 3002 1001 3045 tnoitnum
1032 2998 1317 3058 propterea
1352 2996 1540 3056 putat;
1570 2986 1712 3056 quod
1745 2986 1987 3040 ser-ibens
2008 2999 2151 3037 anno

560 3087 686 3149 457,
722 3084 992 3139 Victorius
1036 3084 1198 3135 virum
1252 3092 1489 3133 sanctum
1535 3095 1595 3132 ac
1638 3078 1982 3132 venetabdem
2026 3092 2148 3131 eum

561 3178 819 3248 appellet,
852 3191 955 3246 qua
996 3189 1066 3228 ex
1107 3188 1165 3228 re
1212 3170 1457 3241 proiecto
1488 3170 1619 3223 illud
1652 3171 1703 3225 cl
1729 3171 1776 3224 ci
1810 3170 2015 3238 nequit.
2048 3175 2153 3223 Ac-

2254 1972 2309 2017 et
2336 1964 2790 2017 Praedictionibus
2823 1981 2836 2016 :
2867 1965 3024 2032 cujus
3056 1967 3131 2019 rei
3166 1966 3369 2019 nullum
3408 1969 3675 2035 peculiare
3713 1983 3845 2040 sup-

2254 2060 2388 2127 petit
2420 2066 2817 2126 argnmeutum.
2866 2056 3165 2111 Flaminius
3211 2070 3261 2113 et
3306 2059 3567 2125 Ughellus
3598 2072 3843 2117 statuunt

2253 2165 2373 2203 eum
2400 2166 2427 2201 a
2459 2150 2518 2204 S.
2548 2149 2726 2205 Leone
2755 2149 3068 2220 episcopum
3103 2152 3267 2237 fuisse
3295 2166 3556 2215 creatum,
3594 2171 3843 2227 annoque

2254 2241 2359 2296 456
2398 2254 2665 2296 mortuum
2707 2258 2849 2298 esse.
2879 2243 3044 2312 Cujus
3073 2244 3199 2298 anni
3232 2254 3356 2299 uota
3384 2262 3415 2301 e
3449 2261 3648 2317 magno
3677 2250 3839 2305 forsi-

2256 2344 2345 2388 tan
2393 2334 2665 2401 Prosjiero
2699 2336 2977 2406 desumpta
3021 2336 3118 2391 fuit
3152 2355 3165 2389 :
3199 2338 3649 2405 quemadmodum
3684 2342 3843 2409 hujus

2254 2427 2623 2497 episcopatum
2656 2429 2721 2481 ab
2752 2430 2927 2483 altero
2953 2429 3042 2483 illo
3078 2432 3300 2485 mutuati
3334 2442 3478 2489 sunt.
3505 2434 3841 2490 Tritltemius

2255 2530 2432 2576 tamen
2470 2522 2794 2588 Prospcrum
2847 2537 3219 2577 successorem
3273 2527 3509 2594 assignat
3554 2525 3841 2595 Faventio,

2252 2614 2342 2683 qui
2395 2629 2542 2668 anno
2580 2615 2675 2668 451
2718 2615 2768 2669 iu
2809 2615 3042 2668 concilio
3085 2615 3468 2671 Mediolanensi
3507 2618 3667 2683 sedit,
3703 2630 3845 2674 tant-

2253 2724 2413 2776 quam
2470 2711 2698 2762 antistes
2756 2708 3057 2779 Regicnsis.
3099 2709 3331 2764 Medium
3376 2712 3516 2767 inter
3558 2727 3651 2767 eos
3698 2714 3843 2770 locat

2253 2798 2515 2870 Ughellus
2570 2799 2861 2868 Elpidium.
2895 2800 3065 2855 Porro
3117 2801 3234 2855 dies
3292 2801 3422 2857 testa
3486 2804 3541 2860 S.
3587 2804 3843 2876 Prosperi

2253 2892 2431 2960 agitur
2458 2891 2528 2944 ‘25
2558 2892 2725 2959 Junii,
2760 2907 2863 2963 qua
2893 2893 2981 2947 die
3012 2895 3191 2965 magni
3224 2894 3474 2965 PrUSperi
3516 2896 3710 2953 festum
3750 2915 3841 2955 ce-

2252 2984 2451 3039 lebrari
2483 2995 2719 3055 putatur.

2331 3077 2404 3132 De
2435 3078 2704 3147 Prospero
2738 3080 2939 3147 pariter
2967 3079 3132 3135 festus
3164 3081 3279 3135 dies
3320 3083 3579 3138 recolitur
3608 3095 3841 3151 quotan-

2257 3168 2340 3223 nis
2370 3170 2458 3223 die
2483 3167 2554 3222 24
2582 3167 2900 3223 Novembris
2930 3187 2978 3237 at
3000 3173 3068 3226 ud
3092 3171 3390 3229 Canonicos
3412 3178 3686 3245 regulares
3717 3176 3843 3231 Gal-

561 3274 703 3327 eedit
735 3272 874 3338 quod
918 3268 1262 3323 Marcellinus
1288 3280 1429 3318 anno
1461 3262 1568 3318 463
1605 3266 1671 3317 de
1697 3262 1966 3331 Prospero
2007 3272 2147 3314 tam-
2177 3246 2223 3307 C
2257 3264 2447 3317 limum
2474 3262 2810 3330 ιιοιῙεείηηηη
2855 3266 3310 3334 συνετρςηιίοηίδ,
3336 3276 3389 3321 οι
3436 3269 3485 3321 in
3521 3271 3683 3338 rogali
3725 3285 3837 3323 σω-

561 3384 722 3437 quam
767 3364 945 3417 adhuc
988 3362 1279 3430 supchtitc
1332 3359 1659 3412 mentionem
1692 3354 1873 3410 faciat.
1912 3355 2061 3409 Illum
2092 3354 2145 3410 iu

564 3462 615 3515 id
664 3474 834 3528 mque
882 3466 1092 3519 tempus
1131 3452 1334 3507 vixisse
1369 3465 1474 3504 n0n
1506 3448 1715 3503 inﬁt-itu
1748 3457 1878 3502 eunt
1906 3446 2149 3503 Norisius

562 3550 731 3620 (Ηᾱδι.
784 3550 963 3620 Pelag.
998 3549 1038 3603 Ι.
1068 3562 1126 3611 ιι,
1159 3562 1206 3603 c.
1252 3546 1340 3614 Η)
1390 3553 1445 3598 et
1477 3543 1775 3597 Bttcher-ius
1806 3540 1974 3613 (Cycl.
2022 3559 2146 3613 pag.

564 3642 718 3715 Mt),
747 3643 835 3714 qui
870 3644 1031 3697 nmlta
1063 3639 1285 3708 Scripsit
1316 3638 1366 3689 in
1402 3635 1715 3691 Victoriam.

636 3739 917 3807 llncnsqne
955 3734 1082 3789 nihil
1109 3742 1193 3788 est
1228 3749 1255 3783 ει
1295 3731 1449 3785 nobis
1488 3729 1854 3793 observatum,
1879 3742 2053 3797 neque
2084 3727 2151 3782 ab

565 3832 677 3885 ullo
717 3844 960 3883 veterum
1012 3827 1299 3895 quidquam
1348 3838 1673 3893 accepimus,
1706 3821 1847 3875 unde
1896 3829 2151 3890 appareat

564 3924 893 3987 Prospernm
936 3922 1099 3973 luis~e
1140 3919 1304 3989 gradu
1337 3933 1399 3972 ac
1433 3917 1625 3971 ordne
1666 3916 1815 3970 lairis
1838 3928 1927 3969 aut
1961 3931 2152 3970 Imma-

562 4020 679 4072 cbis
710 4016 1068 4081 Superiorem.
1100 4012 1297 4066 Volunt
1336 4022 1512 4065 tamen
1566 4011 1902 4065 recentiores
1953 4025 2148 4080 prope-

565 4112 781 4167 modum
811 4122 999 4162 omucs
1032 4122 1152 4161 eum
1186 4104 1350 4159 fuisse
1372 4106 1683 4173 episcopum
1712 4105 1826 4157 sive
1863 4103 2149 4157 Reiensem

563 4207 616 4259 in
652 4204 956 4265 Pr0viocit,
988 4201 1103 4255 sive
1146 4199 1466 4265 lli-gicnsem
1515 4198 1567 4251 in
1600 4196 1750 4268 Long
1791 4196 1995 4251 hardia.
2023 4196 2152 4263 Qui-

563 4298 661 4352 htts
688 4302 729 4351 si
762 4309 1005 4364 opponas
1039 4309 1067 4346 a
1109 4304 1351 4347 veterum
1385 4289 1534 4343 nullo
1584 4289 1632 4341 ei
1680 4291 1858 4342 datam
1903 4288 2144 4355 episcopi

562 4390 1002 4461 appellationem,
1029 4395 1296 4457 reponunt
1328 4385 1377 4438 id
1410 4384 1534 4438 inde
1556 4382 1817 4436 aceidism
1841 4382 1982 4439 quod
2008 4392 2154 4435 vete-

563 4486 710 4539 ribus
742 4484 832 4536 ille
873 4481 1083 4535 nonnisi
1130 4494 1196 4533 ex
1248 4478 1400 4531 libris
1448 4477 1559 4529 suis
1606 4483 1729 4529 ante
1775 4476 2149 4541 epi~copatum

562 4578 705 4648 scrip
731 4578 793 4639 is,
815 4576 1059 4643 adeoque
1078 4574 1313 4643 epismpi
1348 4571 1558 4624 titulum
1586 4584 1690 4623 non
1716 4568 2147 4636 pra-ferentibus,

2256 3358 2419 3411 nubo
2448 3360 2506 3411 S.
2543 3356 2772 3410 Victoris
2813 3357 3159 3423 Parisiensis,
3190 3360 3276 3428 qui
3318 3361 3435 3414 dies
3476 3361 3844 3419 translationis

2253 3452 2545 3521 cs‘Sehujus
2570 3460 2659 3505 aut
2680 3452 2903 3508 alterius
2932 3453 3174 3523 Prospcri
3192 3476 3216 3506 a
3241 3456 3513 3511 nonnullis
3540 3469 3839 3525 reputatur.

2326 3546 2424 3614 Qui
2458 3561 2588 3601 vero
2629 3562 2748 3600 cum
2792 3546 3080 3601 Reienst-m
3105 3549 3414 3619 episcopum
3450 3552 3615 3607 fuisse
3658 3554 3846 3605 rotae-

2252 3652 2400 3705 runt,
2436 3640 2499 3693 iis
2530 3640 2599 3694 ita
2635 3640 2905 3695 sentiendi
2938 3641 3111 3695 locmn
3161 3645 3386 3710 pra~buit
3438 3644 3687 3713 l'rosperi
3728 3646 3844 3717 epi-

2253 3734 2403 3801 scapi
2463 3748 2657 3787 nouten
2691 3776 2704 3797 ,
2754 3736 2842 3803 qui
2901 3734 3150 3788 COIlCIltiS
3206 3735 3714 3805 Carpenttn-amensi
3789 3748 3843 3795 et

2258 3823 2581 3878 Vasionensi
2612 3825 2965 3892 subscripsit:
3002 3843 3119 3895 qua:
3162 3828 3379 3898 quidem
3421 3831 3647 3885 eoncilia
3696 3834 3843 3887 circa

2253 3932 2453 3971 annum
2483 3917 2591 3972 ΜΞ
2619 3918 2797 3971 habita
2823 3919 2895 3972 illi
2922 3920 3213 3975 tinxerunt.
3242 3921 3375 3975 Cum
3408 3940 3537 3977 vero
3577 3926 3736 3979 hodie
3762 3926 3845 3979 in-

2256 4020 2337 4064 ter
2363 4009 2603 4064 eruditos
2626 4010 2932 4077 ειιιινριιίίιι,
2951 4012 3035 4065 illa
3061 4028 3201 4065 anno
3225 4011 3327 4068 59.7
3348 4024 3438 4068 aut
3464 4013 3568 4069 5‘29
3600 4018 3847 4071 celebra-

2258 4115 2332 4168 ta,
2359 4103 2592 4169 Prosper
2620 4104 2711 4158 ille
2756 4106 2846 4173 qui
2881 4106 2946 4161 iis
2978 4106 3323 4175 sub~cripsit.
3348 4110 3521 4163 altero
3564 4110 3723 4175 longe
3774 4111 3849 4165 sit.

2256 4199 2524 4265 po~terior
2544 4212 2765 4251 necesse
2787 4210 2885 4251 ρει.
2920 4199 3143 4253 Accedit
3165 4202 3305 4265 quod
3332 4202 3597 4256 Maximus
3625 4204 3846 4258 Ιιυίυιιεὶ

2259 4289 2515 4344 lict-lesia'.
2551 4301 2780 4359 prmerat
2812 4293 3028 4346 vivente
3070 4293 3245 4347 adhuc
3278 4295 3483 4349 llilario
3513 4298 3846 4364 Arelatensi,

2257 4380 2359 4434 hoc
2390 4395 2470 4436 est
2505 4394 2630 4437 ante
2660 4400 2856 4437 annum
2887 4384 3012 4449 450.
3048 4384 3214 4440 inuno
3240 4398 3366 4441 ante
3397 4404 3595 4442 annum
3630 4390 3851 4449 £59m".

2256 4475 2382 4541 435,
2420 4484 2478 4528 ιιι
2504 4474 2931 4530 demonstratum
2976 4493 3003 4529 a
3050 4478 3204 4532 nobis
3243 4490 3345 4534 Cal.
3378 4480 3557 4550 Itaque
3603 4487 3850 4543 permnl-

2259 4576 2371 4619 tnnt
2416 4566 2570 4619 ahest
2598 4569 2723 4634 quin
2777 4568 3030 4638 Prosper,
3074 4574 3161 4639 qui
3189 4587 3331 4625 anno
3358 4589 3503 4627 certe
3533 4573 3641 4630 455
3667 4578 3850 4634 adhuc

561 4670 718 4724 [ιιρειιίι
750 4668 1015 4735 cognitus,
1060 4668 1125 4719 At.
1172 4664 1416 4730 profecto
1457 4662 1571 4715 hmc
1626 4661 1764 4714 ratio
1820 4661 2017 4713 nullius
2066 4671 2149 4715 est
2177 4636 2229 4697 D
2257 4659 2493 4720 vivebat,
2526 4660 2689 4713 fuerit
2709 4662 2828 4730 ejus
2852 4662 3129 4720 decessor.
3164 4674 3220 4717 ut
3243 4666 3349 4719 vult
3386 4668 3643 4720 Barooius
3674 4670 3844 4735 (Ann.

562 4762 795 4823 roboris,
850 4762 969 4813 sive
1021 4756 1294 4813 Gelasium
1344 4764 1580 4825 spectes,
1613 4753 1726 4806 sive
1786 4752 2144 4822 Cennadium,

562 4868 653 4912 aut
684 4855 1047 4924 Fulgentimn,
1081 4865 1173 4908 aut
1217 4853 1377 4907 etiam
1408 4850 1812 4906 Cassiodorum.
1846 4849 1907 4903 lli
1958 4864 2147 4903 oinnes

560 4949 661 5002 viri
689 4946 938 5001 doctrina
980 4945 1242 5014 insignes,
1287 4946 1661 5012 Prosperoquc
1705 4952 1864 4996 a-tate
1917 4941 2145 5009 proximi

563 5042 814 5113 ignorare
845 5055 951 5092 non
982 5048 1274 5107 potuerunt
1303 5051 1369 5089 an
1405 5036 1484 5090 vir
1512 5037 1641 5090 tanti
1680 5036 1914 5089 nominis
1957 5034 2149 5090 fuisset

563 5149 733 5189 necne
762 5133 1070 5201 cpiscopus.
1105 5130 1258 5197 Quod
1288 5127 1354 5182 ad
1389 5128 1683 5182 Victoriam
1708 5129 1920 5191 attinet,
1955 5132 1999 5181 is
2029 5128 2148 5196 qui-

563 5227 682 5281 dem
707 5243 770 5281 ea
799 5227 865 5277 de
894 5241 953 5279 re
976 5223 1140 5276 silere
1170 5223 1397 5277 fortasse
1426 5222 1718 5284 diceretur,
1743 5222 1881 5290 quod
1916 5221 2149 5289 Prosper

565 5319 779 5372 nonnisi
814 5328 927 5383 post
960 5330 1159 5370 annum
1190 5313 1293 5369 457
1335 5313 1401 5367 ad
1437 5313 1799 5384 episcopalem
1831 5313 2145 5383 dignitatem

562 5420 779 5464 evectus
813 5410 993 5463 fuerit.

635 5501 771 5556 Illud
822 5501 1066 5569 profecto
1112 5500 1260 5554 lalszc
1298 5499 1387 5552 isti
1436 5498 1503 5553 de
1549 5497 1801 5563 Prosperi
1833 5496 2147 5566 episcopatu

563 5594 804 5665 opinioni
848 5603 1022 5646 ortum
1051 5593 1223 5658 dedit,
1250 5592 1393 5661 quod
1433 5593 1569 5644 alter
1602 5590 1761 5644 interit
1785 5589 2026 5655 ejusdem
2054 5604 2152 5643 no-

563 5688 726 5742 minis
768 5685 1056 5756 episcopus
1104 5685 1385 5755 Regiensis
1427 5684 1478 5738 in
1523 5682 1897 5743 Lonuobardia
1942 5700 1955 5735 :
2008 5683 2149 5750 quod

561 5781 775 5851 quidem
800 5779 1015 5833 videtur
1043 5779 1097 5832 in
1129 5779 1353 5833 dubium
1384 5776 1624 5831 revocari
1650 5776 1738 5828 vix
1773 5790 1953 5837 ιιοεεε.
1974 5775 2153 5846 Siqui-

560 5872 684 5933 dem
724 5888 849 5930 eum
892 5872 1177 5945 Regiensis
1213 5871 1465 5935 Ecclesia
1505 5877 1797 5942 patronum
1837 5882 2147 5943 veneratur,

2252 4752 2403 4821 466).
2435 4753 2516 4809 Ex
2563 4755 2601 4809 ὃ
2668 4754 2892 4810 Sidonio
2947 4758 3083 4827 (Lb.
3112 4774 3220 4822 rm,
3266 4777 3346 4824 ep.
3380 4758 3478 4829 25)
3530 4776 3649 4818 oste
3690 4764 3853 4819 ditur

2254 4844 2534 4911 Fausmm,
2567 4848 2657 4916 qui
2698 4860 2888 4902 8;ιιι(’10
2918 4850 3183 4921 Prospero
3213 4866 3490 4921 superstes
3519 4854 3633 4909 fuit.
3672 4856 3853 4912 Eduxi-

2254 4953 2341 4990 mo
2372 4939 2724 4993 succes~isse.
2761 4939 2941 5005 Quare
2972 4940 3087 4994 ﬁeri
3120 4944 3303 5012 nequit
3333 4957 3390 4999 ut
3418 4946 3651 5016 Prosper
3680 4949 3851 5004 fuerit

2252 5029 2540 5100 episcopus
2581 5030 2848 5085 lieieusis.

2786 5124 3175 5183 ARTICULUS
3216 5128 3305 5183 XI.

2327 5212 2405 5265 De
2422 5215 2726 5282 quibusdam
2754 5217 2992 5284 operibus
3012 5230 3191 5272 sancto
3221 5220 3477 5291 Prospero
3506 5226 3769 5293 ascriptis.

2327 5308 2467 5361 Nihil
2496 5309 2726 5378 amplius
2753 5310 3034 5364 dicendum
3067 5316 3306 5373 videtur.
3337 5319 3448 5371 sive
3488 5320 3554 5371 de.
3586 5326 3730 5373 veris
3765 5324 3851 5377 in-

2255 5400 2512 5454 tluhitatis
2534 5416 2620 5466 pte
2649 5401 2903 5470 Prosperi
2926 5408 3202 5472 operibus,
3235 5409 3348 5459 sive
3382 5411 3447 5465 de
3475 5413 3592 5464 alii~
3615 5428 3735 5483 quae
3770 5418 3851 5471 illi

2257 5496 2419 5548 tribui
2452 5512 2610 5563 posse
2633 5498 2926 5563 probabilis
2950 5500 3124 5569 aliqua
3147 5505 3281 5556 ratio
3310 5522 3369 5559 su
3392 5506 3550 5561 ideal.
3578 5507 3852 5574 Superest

2254 5598 2400 5643 utea
2431 5604 2953 5658 commemorentur,
2982 5612 3101 5664 qnte
3132 5602 3379 5663 quanrvis
3425 5614 3634 5655 constet
3684 5605 3754 5656 ah
3783 5623 3857 5661 eo

2252 5686 2449 5752 scripta
2499 5700 2604 5738 non
2636 5702 2790 5749 esse.
2840 5688 2941 5741 sub
2987 5704 3105 5753 ejus
3140 5702 3316 5746 tamen
3364 5694 3580 5749 nomine
3630 5698 3855 5766 vulgata

2251 5788 2395 5831 sunt.
2447 5777 2631 5847 Neque
2663 5796 2723 5833 ea
2753 5791 2881 5836 sunt
2923 5782 3211 5851 ignobilia,
3261 5787 3426 5843 immo
3469 5807 3573 5846 non
3614 5807 3855 5862 partem

2253 5871 2306 5929 in
2339 5871 2575 5929 Ecclesia
2599 5876 2979 5933 auctoritatem
3014 5890 3309 5937 consecuta
3338 5892 3486 5948 sunt.
