4080 6354
546 370 619 432 I3
979 363 1502 427 SCIIOEVEMANNI
1545 356 1820 420 NOTITH
1864 347 2686 416 HISTORlCO-LITTERAMA
2725 352 2792 410 IN
2835 353 2897 412 S.
2936 349 3379 412 PROSPERUM.
3770 349 3849 412 η

545 449 819 557 ῥτοερθω
853 485 1154 542 tribuuntur
1183 484 1260 539 illi
1286 483 1411 537 libri
1442 479 1642 556 (Dupin
1667 488 1739 535 to.
1764 478 1854 542 iV,
1885 495 2004 550 pag.
2033 473 2141 530 452
2169 528 2171 534 ,

2281 473 2448 546 na'ysi
2478 471 2898 541 comprehendit
2931 468 3131 542 (Dupin
3157 482 3228 524 to.
3253 468 3341 530 IV.
3375 489 3433 539 μ.
3453 468 3620 526 45181
3646 469 3844 540 seem).

547 589 596 634 et
617 578 770 650 seq.).
810 580 1006 634 Eorum
1032 579 1073 631 si
1115 587 1388 648 spectetur
1411 575 1584 647 stylus
1607 589 1670 626 ac
1703 587 1881 627 ternm
1915 579 2152 624 tractan—

549 672 741 730 darum
775 673 935 734 ratio,
970 668 1146 724 videri
1194 669 1412 739 quidem
1469 668 1609 722 inter
1643 665 1840 720 Leonis
1871 679 2035 728 opera
2074 677 2155 716 re-

548 767 800 824 ferendos
827 785 836 819 :
859 766 990 820 nbil
1024 763 1210 819 aﬂ'erri
1240 745 1425 834 poSse,
1451 777 1612 834 quam
1638 760 1707 814 ob
1730 774 1842 814 retu
1871 756 1922 811 ei
1945 755 2156 826 abjudi-

548 870 761 915 centur.
804 858 910 912 Sed
949 857 1098 911 nullo
1128 872 1349 927 quoque
1398 862 1719 925 argumento
1773 860 1926 907 certo
1975 849 2153 905 eidem

549 951 762 1004 asseri:
798 933 1020 1017 'quippe
1080 931 1217 1018 quos
1267 947 1474 1014 absque
1527 945 1746 1000 nomine
1802 944 2042 998 auctoris
2100 941 2153 996 in

549 1043 724 1095 lucem
775 1040 1043 1107 prodiisse
1089 1049 1335 1107 constet,
1373 1038 1602 1107 ﬁerique
1635 1037 1890 1106 perfacile
1920 1035 2158 1103 poluerit

551 1145 608 1188 tit
664 1134 818 1188 multi
881 1145 1011 1188 tunc
1057 1133 1324 1202 temporis
1367 1140 1423 1186 et
1453 1131 1642 1185 [totum
1671 1139 1726 1184 et
1754 1129 1875 1183 aliis
1924 1128 1978 1181 itt
2024 1125 2158 1181 locis

550 1225 779 1291 fuerint,
807 1241 1036 1295 quorum
1063 1225 1334 1280 scribendi
1365 1226 1503 1278 ratio
1537 1223 1734 1277 Leonis
1757 1221 1956 1292 stylnm
1981 1219 2154 1273 reti-r-

549 1327 632 1373 ret
662 1333 725 1372 ac
756 1319 1050 1373 redoleret.
1091 1321 1270 1386 Atque
1312 1315 1416 1371 hoc
1466 1314 1688 1385 quidem
1720 1313 1773 1368 in
1806 1323 1949 1367 statu
1980 1319 2032 1366 et
2055 1309 2156 1364 sita

549 1430 636 1474 est
656 1419 958 1474 etiamnum
985 1428 1040 1475 et
1081 1419 1172 1472 ditt
1203 1432 1520 1472 rcmansura
1567 1416 1781 1471 videtur
1823 1411 2160 1484 percelebris

551 1523 645 1579 illa
669 1535 722 1580 et
752 1523 1122 1593 vulgatiSsima
1155 1523 1406 1594 qu:estio.
1449 1519 1796 1576 Existimavit
1834 1516 2156 1574 eminentis-

552 1627 724 1683 simus
748 1624 996 1681 Norisius
1025 1624 1195 1695 (Hist.
1250 1623 1366 1678 Pet.
1394 1624 1435 1677 ι.
1461 1637 1496 1676 tt
1527 1639 1576 1679 c.
1611 1621 1700 1691 14)
1746 1621 2005 1676 librorum
2057 1620 2156 1675 lto-

553 1745 672 1785 rum
701 1729 1028 1798 scriptorem
1062 1729 1115 1782 in
1148 1724 1508 1795 capianaudis
1549 1724 1613 1779 iis
1659 1739 1782 1794 qua:
1814 1723 1880 1778 ad
1927 1721 2158 1793 gratiam

553 1831 850 1901 pertinent,
890 1844 996 1884 non
1031 1829 1192 1883 aliam
1235 1827 1412 1884 solum
1446 1826 1585 1882 viam
1633 1824 1772 1881 inire
1801 1825 1869 1880 ab
1898 1839 1963 1879 ea
1995 1837 2157 1894 quam

555 1930 896 2000 Augustinus
923 1941 974 1985 et
1005 1929 1244 2000 Prosper
1277 1938 1524 1994 tenuere,
1555 1928 1650 1983 sed
1679 1937 1737 1982 et
1764 1928 1832 1982 de
1862 1926 1977 1995 ipsa
2005 1941 2064 1979 re
2091 1923 2163 1978 ab

556 2044 793 2105 utroque
848 2035 1122 2091 nonnullis
1153 2036 1205 2089 in
1239 2035 1509 2105 capitibus
1550 2032 1844 2088 dissidere.
1895 2031 2164 2101 iicposuit

556 2135 882 2204 Quesnellus
910 2135 1059 2206 (Leo.
1109 2146 1183 2192 to.
1213 2133 1278 2198 11,
1324 2154 1381 2208 p.
1409 2135 1507 2191 581
1559 2143 1607 2189 et
1643 2133 1778 2203 seq.)
1830 2132 2156 2200 scriptorem

555 2235 707 2292 illum
742 2241 1050 2293 nullatenus
1076 2239 1145 2293 ab
1187 2237 1474 2310 Augustini
1520 2236 1760 2306 placitis,
1813 2233 1882 2288 ab
1916 2231 2162 2287 Ecclesia

555 2342 921 2410 comprobatis
951 2350 1008 2398 et
1035 2341 1307 2411 adoptalis
1331 2381 1347 2405 ,
1399 2339 1715 2396 recessisse.
1748 2339 1862 2404 Quit
1909 2353 1962 2390 in
1991 2350 2051 2390 re
2092 2334 2162 2390 ab

522 2441 662 2499 'IIOC
722 2457 943 2510 prorsus
990 2452 1135 2498 stare
1181 2442 1403 2498 videtur
1455 2441 1765 2496 Ludovicus
1822 2437 2016 2507 anin,
2069 2434 2162 2504 qui

558 2548 916 2604 quaecumque
956 2535 1062 2589 boc
1109 2551 1276 2605 opere
1321 2536 1674 2590 continentur
1729 2531 1865 2586 satis
1911 2528 2166 2583 uberiore

567 2641 2289 2668 _________________.___

2324 568 2398 624 lia
2423 569 2657 623 cencinit
2686 567 2859 638 stylns
2885 565 3136 634 epistula:
3162 567 3227 618 ad
3261 565 3680 629 Demetriadem,
3707 567 3851 634 sty'o

2253 661 2517 717 librorum
2549 661 2619 716 de
2648 660 2944 714 Vocatione
2973 655 3253 722 Gentium,
3289 668 3344 711 ut
3377 657 3557 712 eidrm
3591 659 3855 712 bat-tenus

2253 755 2463 810 auctori
2519 765 2808 818 utrumque
2847 767 2982 820 Opus
3033 755 3231 806 merito
3260 750 3332 802 sit
3363 751 3685 819 ascriptum,
3737 747 3857 805 sive

2254 863 2374 903 cum
2412 846 2700 901 Ambrosio
2730 845 2935 908 datum,
2970 844 3084 897 site
3133 857 3253 898 cum
3283 841 3575 911 Prospero.
3606 839 3857 896 Nurisius

2252 942 2423 1014 (Hist.
2462 942 2574 996 Pel.
2606 941 2644 995 ι.
2677 941 2735 1009 ιι)
2765 939 2980 1009 quidem
3022 937 3306 1008 epistolam
3349 935 3414 990 ad
3446 936 3856 990 Demetriadem

2255 1051 2446 1090 sancto
2469 1036 2740 1103 Prospero
2763 1033 3030 1102 adjudicat
3052 1049 3067 1098 ;
3087 1029 3424 1087 vertunalios
3450 1028 3860 1100 bujusaueturi-

2260 1142 2338 1186 tas
2362 1147 2391 1184 a
2421 1131 2652 1198 pristina
2679 1128 2953 1184 sententia
2988 1125 3214 1181 ιιιίηἱιιιθ
3242 1124 3474 1194 depulit,
3519 1124 3695 1191 iisque
3726 1123 3859 1178 item

2260 1233 2317 1278 nt
2346 1233 2505 1277 antea
2556 1223 2669 1275 visa
2703 1229 2786 1274 est
2834 1218 2950 1272 lucc
2977 1217 3208 1284 epistola
3254 1218 3503 1270 oratione
3560 1216 3750 1271 eadem
3795 1228 3861 1271 ac

2259 1314 2406 1385 5!on
2434 1320 2655 1368 exarata
2682 1325 2746 1364 ac
2778 1308 2903 1365 libri
2933 1309 3004 1364 de
3029 1308 3329 1364 Vocatione
3357 1306 3637 1371 Gentium,
3674 1302 3860 1378 proin-

2261 1406 2438 1475 dcqne
2479 1405 2654 1459 eidem
2678 1403 2934 1470 scriptori
2969 1401 3280 1456 tribuenda.

2333 1499 2538 1556 Scribit
2567 1496 2904 1552 Tritbemius
2958 1493 3182 1566 (Script.
3237 1491 3388 1548 Eccl.
3417 1510 3472 1566 ρ.
3505 1490 3598 1563 37)
3628 1491 3864 1560 Prospe-

2262 1608 2381 1648 ruzu
2413 1591 2519 1646 alia
2551 1591 2777 1660 insuper
2811 1587 3071 1642 nonnulla
3102 1571 3432 1656 scripsi~sei
3466 1584 3663 1638 lituum
3697 1595 3865 1637 unum

2263 1684 2634 1752 Epistolarum
2686 1681 2753 1735 ad
2809 1679 3096 1744 diversos;
3151 1679 3347 1732 librum
3400 1693 3564 1729 nntun
3613 1675 3681 1729 de
3720 1671 3867 1728 Vris

2265 1776 2611 1840 lllustribus,
2643 1790 2706 1830 ac
2755 1774 2823 1832 de
2849 1773 3173 1842 (Iaptivitate
3218 1770 3408 1824 Roma:
3441 1769 3635 1823 librum
3671 1780 3864 1820 unum.

2189 1864 2237 1924 Β
2267 1869 2376 1924 Hos
2405 1884 2537 1924 vero
2573 1868 2746 1922 libros
2785 1883 2812 1920 a
2845 1865 3154 1922 Tritbetnio
3184 1878 3450 1933 nusquam
3504 1862 3777 1927 inspcctos
3797 1870 3869 1913 eo

2270 1961 2574 2018 verisimile
2603 1970 2713 2030 est,
2745 1962 2887 2030 quod
2932 1974 3118 2014 eorum
3155 1955 3306 2012 initia
3350 1971 3456 2010 non
3504 1953 3626 2022 subj
3651 1955 3778 2010 ciat.
3810 1958 3872 2005 ut

2263 2068 2622 2113 c'eterorunt.
2648 2053 2904 2124 Alirqnin
2939 2053 3218 2109 recentior
3248 2061 3330 2106 est
3360 2051 3450 2106 il!e
3481 2064 3641 2118 quam
3668 2061 3718 2100 ut
3749 2047 3872 2115 ejus

2266 2149 2588 2206 testimonio
2616 2150 2902 2217 quisquam
2948 2148 3176 2202 nitatur.
3220 2144 3386 2200 Addit
3432 2157 3647 2211 qunqtte
3688 2143 3871 2195 idem:

2275 2261 2293 2295 ι
2345 2243 2463 2298 Alia
2497 2241 2726 2311 insuper
2755 2240 3012 2292 nonnulla
3063 2236 3352 2304 scripsisse
3404 2234 3635 2299 dicitur;
3681 2232 3774 2286 sed
3805 2229 3877 2285 ad

2271 2348 2466 2389 manus
2498 2344 2718 2388 nostras
2749 2348 2856 2386 non
2889 2339 3180 2385 venerunt.
3219 2348 3237 2381 ι
3292 2328 3370 2383 De
3399 2325 3595 2397 quibus
3643 2321 3879 2394 proinde

2267 2443 2388 2482 eum
2425 2427 2501 2481 illi
2529 2426 2662 2482 nibil
2703 2425 2970 2496 suspicari
3026 2422 3276 2487 licuerit,
3326 2438 3425 2476 nec
3470 2421 3624 2474 nobis
3668 2433 3767 2489 par
3792 2425 3879 2472 ter

2271 2523 2571 2594 quidquam
2595 2521 2860 2592 augurari
2892 2531 2976 2574 est
3005 2518 3270 2574 baetcnns
3299 2529 3640 2569 conces~uut.

2299 2622 3861 2654 Μ

612 2751 1097 2836 NOTITIA
1197 2689 2603 2832 HISTORICO-LITTERARIA
2702 2733 2827 2817 IN
2925 2730 3013 2815 s.
3082 2720 3854 2814 PROSPERUM.

1473 2879 1878 2950 (Scluenemanni
1899 2875 2134 2928 Bibliotlt.
2163 2871 2292 2922 Hist.
2319 2869 2435 2920 Litt.
2463 2870 2572 2920 Pat.
2595 2868 2709 2920 Lat.
2734 2875 2838 2920 tom
2862 2867 2954 2931 ιι.)

1214 3080 1242 3154 §
1283 3080 1325 3135 I.
1375 3077 1514 3133 Vita.

635 3179 882 3252 Aquitani
911 3175 1132 3232 nomine
1155 3174 1508 3246 distinguitur
1542 3172 1610 3227 ab
1639 3171 1757 3226 aliis
1791 3169 1931 3224 haud
1960 3165 2169 3223 incele-

564 3274 752 3330 l-ribus
778 3272 1019 3341 ejusdem
1048 3270 1222 3324 artatis
1249 3268 1630 3340 scriptoribus,
1664 3269 1804 3321 inter
1831 3281 1970 3336 quos
1998 3263 2171 3319 notis-

564 3368 738 3422 simus
786 3365 1024 3435 Prosper
1079 3362 1203 3418 Tiro
1252 3373 1449 3434 pocla,
1501 3361 1656 3431 cujus
1706 3359 1853 3414 Beda
1903 3357 2168 3421 meminit,

567 3461 828 3530 cujusque
858 3473 1157 3527 cognomen
1186 3457 1288 3528 ipsi
1320 3456 1587 3525 Aquitano
1607 3454 1870 3524 attingere
1895 3452 2171 3522 quondam

567 3569 733 3607 ausus
786 3561 873 3607 est
925 3551 1269 3606 Sirmondus.
1337 3549 1506 3604 Nazus
1554 3558 1638 3605 est
1685 3560 1922 3604 exeunte
1970 3549 2176 3604 sarculo

567 3656 762 3718 quarto
806 3654 899 3699 aut
941 3645 1116 3714 quinti
1163 3644 1346 3708 initio,
1397 3643 1450 3696 in
1491 3643 1801 3711 Aquitania.
1855 3644 1960 3697 Sed
1987 3660 2086 3714 qua
2119 3643 2174 3699 iu

570 3739 705 3794 urbe
721 3750 810 3793 aut
835 3738 958 3794 loco
978 3749 1085 3792 tam
1109 3737 1305 3806 amplre
1326 3735 1488 3806 h-tjus
1512 3737 1823 3806 prerinriaz.
1846 3753 1950 3792 non
1977 3738 2174 3806 liquet;

571 3831 730 3884 sicuti
762 3831 828 3884 de
870 3833 1192 3900 parentibus
1218 3873 1232 3895 ,
1263 3831 1587 3886 educatione
1628 3845 1788 3903 atque
1815 3833 1985 3903 prima
2014 3844 2178 3889 actate

573 3921 692 3990 ejus
721 3937 875 3991 neque
926 3923 1105 3977 omnia
1152 3924 1491 3991 ignorantur.
1552 3928 1804 3980 Attamen
1850 3941 1914 3981 es
1952 3927 2014 3980 iis
2056 3941 2179 3996 qua:

575 4011 793 4082 reliquit
821 4012 1020 4081 ingenii
1053 4013 1136 4066 sui
1169 4016 1532 4069 monumentis
1559 4016 1690 4070 satis
1722 4029 1865 4084 patet
1887 4032 2011 4073 eum
2037 4017 2178 4073 baud

577 4104 771 4159 leviter
794 4105 1113 4160 liberalibus
1141 4106 1333 4158 studiis
1357 4116 1408 4160 et
1435 4107 1649 4162 artibus
1679 4109 1951 4182 ingenuis.
1982 4111 2178 4179 praeci-

579 4211 685 4264 pue
718 4200 977 4266 poeticas.
1009 4196 1338 4253 incubuisse.
1384 4198 1708 4268 Aquitania,
1750 4203 2016 4257 incertum
2053 4203 2178 4274 qui-

578 4287 678 4344 bus
707 4288 774 4344 de
804 4290 983 4344 causis
1033 4289 1218 4346 relicta
1241 4333 1255 4356 ,
1289 4292 1340 4344 in
1376 4292 1662 4348 Provincia
1716 4293 2049 4350 domicilitun
2085 4310 2181 4364 po-

579 4381 708 4447 suit,
743 4381 832 4436 ttbi
865 4391 1013 4438 cette
1036 4381 1148 4452 jam
1170 4399 1320 4460 anno
1344 4383 1450 4440 428
1482 4389 1960 4456 commorabatur,
1999 4389 2180 4459 ibique

581 4473 1018 4529 concertationes
1059 4489 1182 4530 suas
1228 4491 1327 4545 pro
1364 4476 1613 4534 dnctrina
1656 4479 1947 4550 Augustini
1989 4493 2181 4537 contra

2192 3067 2242 3134 C
2272 3070 2562 3124 θυεστιονεδ
2593 3068 2809 3123 Patrum
2847 3068 3084 3138 opinioni
3114 3075 3163 3122 et
3199 3065 3444 3122 Eccfesiae
3470 3065 3641 3121 sensui
3667 3063 3888 3118 adversa

2274 3171 2472 3230 putent,
2504 3163 2745 3232 pericula
2790 3179 2908 3232 quae
2948 3161 3076 3230 ipsis
3121 3176 3187 3217 ex
3242 3163 3458 3216 illorttnt
3499 3162 3748 3215 caecitate
3793 3165 3888 3218 aut

2276 3257 2544 3327 pravitate
2593 3255 2883 3311 imminere
2931 3254 3263 3320 videantur,
3315 3264 3369 3308 et
3424 3248 3890 3324 quemadmodum

2274 3350 2342 3406 iis
2385 3350 2546 3404 reniti
2587 3348 2876 3419 coeperint,
2918 3348 3240 3413 declarant;
3297 3345 3531 3418 denique
3570 3354 3627 3398 ut
3671 3357 3890 3398 suarum

2276 3444 2696 3516 disputationum
2726 3443 2973 3516 prasidio
3013 3442 3251 3514 ipsorum
3291 3442 3593 3495 tenuitatem
3636 3437 3890 3494 roborars

2276 3538 2420 3602 velit,
2457 3549 2670 3608 rogant.
2702 3540 2780 3593 Ac
2809 3541 3144 3610 Augustinus
3175 3555 3308 3593 sane
3337 3538 3477 3593 votis
3505 3554 3694 3592 eorum
3725 3536 3892 3593 obse-

2278 3642 2506 3685 cuturus
2553 3631 2618 3686 ad
2671 3645 2769 3686 eos
2825 3631 3024 3686 direxit
3073 3631 3243 3686 libros
3286 3632 3354 3686 de
3403 3631 3893 3686 Prii-destinatione

2280 3736 2590 3778 sanctorum
2623 3736 2677 3780 et
2711 3727 2860 3780 Dono
2892 3727 3334 3796 perseverantia}.
3369 3725 3476 3782 Sed
3505 3741 3628 3780 cum
3659 3735 3896 3794 uterque

2283 3825 2433 3872 tanto
2459 3817 2657 3873 ardore
2690 3819 2938 3884 ﬂagraret
2965 3859 2977 3880 ,
3012 3836 3110 3873 nec
3137 3828 3318 3875 tamen
3352 3817 3650 3874 adversarii
3681 3817 3896 3873 crebris

2282 3910 2742 3981 disputatioiiibns
2772 3929 2834 3968 ac
2864 3913 3082 3978 scriptis
3121 3913 3264 3968 ﬂecti
3299 3924 3553 3979 possent,
3587 3915 3752 3966 ambo
3785 3909 3898 3968 Βο-

2284 4020 2426 4060 mam
2459 4017 2852 4074 perrexerunt,
2885 4021 3089 4076 eosque
3127 4007 3266 4077 apud
3307 4006 3666 4062 Caelestinum
3700 4019 3901 4075 papam

2282 4099 2569 4153 calumniae
2599 4101 2650 4154 in
2681 4100 3038 4166 At'gllsiillllm
3063 4112 3114 4155 et
3141 4104 3416 4156 baue~cos
3449 4109 3796 4162 accusarunt,
3826 4097 3904 4154 ab

2283 4206 2459 4261 eoque
2489 4207 2540 4245 a.
2571 4192 2668 4247 451
2706 4193 3065 4247 obtinuerunt
3096 4195 3366 4249 celebrem
3404 4195 3546 4247 illam
3577 4193 3643 4246 ad
3677 4193 3904 4260 episco-

2288 4299 2385 4351 pos
2412 4282 2710 4339 G:.lliarum
2747 4288 3059 4351 epistolam,
3091 4287 3143 4340 in
3177 4302 3278 4356 qna
3312 4302 3406 4341 eos
3435 4298 3674 4356 graviter
3704 4299 3906 4356 repre-

2285 4374 2494 4442 hendit,
2530 4378 2688 4448 quod.
2726 4379 3060 4432 auctoritatis
3093 4394 3204 4433 sum
3236 4388 3343 4433 tam
3376 4391 3566 4450 parum
3594 4392 3906 4451 memores,

2287 4470 2641 4542 presbyteros
2672 4486 2838 4524 noras
2862 4483 2912 4526 et
2944 4471 3372 4543 indiscipiinatas
3399 4471 3728 4542 quastionce
3756 4484 3910 4542 quoo'

578 4561 845 4620 Joannem
894 4564 1208 4620 Cassianum
1241 4567 1489 4638 aliosque
1529 4571 1617 4639 qui
1647 4587 1767 4627 eam
1820 4575 2176 4642 reSpnebant,
2207 4553 2257 4613 Ῐ)
2283 4563 2562 4633 quomodo
2586 4566 2829 4633 proferre
2862 4567 3042 4620 sinant
3067 4608 3082 4632 ,
3113 4580 3272 4636 atque
3319 4577 3503 4622 monet
3533 4576 3584 4619 ut
3621 4565 3688 4619 iis
3718 4565 3912 4622 silen-

582 4653 776 4710 Galliae
799 4673 893 4710 seu
925 4655 1223 4713 Prorincim
1254 4658 1422 4731 magis
1448 4663 1796 4733 presbyteros
1824 4679 2049 4720 exorsus
2075 4675 2174 4724 est.

583 4744 741 4801 Fovit
768 4746 871 4802 hoc
897 4747 1016 4816 ejus
1057 4749 1108 4802 itt
1141 4748 1499 4820 Augustinum
1531 4751 1631 4807 bac
1661 4768 1725 4808 ex
1762 4765 1911 4824 parte
1941 4759 2179 4812 studium

585 4837 822 4893 Hilarius
848 4839 1098 4909 quidam,
1131 4843 1219 4896 cui
1244 4883 1259 4908 ,
1289 4843 1545 4913 quoniam
1578 4845 1646 4899 de
1677 4848 1837 4902 rebus
1868 4849 2184 4907 domesticis

585 4931 702 5001 ejus
727 4930 856 4985 nihil
883 4934 1117 5004 amplius
1140 4945 1372 4998 constat,
1397 4922 1593 4991 abibac
1619 4939 1729 5005 ipsa
1758 4955 1880 4994 cum
1915 4943 2184 5012 Prospero

585 5023 980 5078 coosuetudine
1011 5022 1348 5096 Prosperiani
1378 5042 1576 5084 nomen
1611 5030 1835 5086 inditum
1866 5033 1980 5088 fuit.
2013 5035 2185 5090 Dede-

584 5127 672 5172 rat
703 5118 921 5187 quidem
956 5117 1186 5189 Prosper
1211 5119 1323 5190 jam
1356 5131 1512 5176 antea
1547 5127 1612 5176 ad
1642 5124 1997 5196 Augustinum
2033 5129 2182 5184 litte-

587 5226 677 5265 ras
716 5227 811 5282 per
841 5209 1128 5269 Leontium
1154 5213 1464 5280 diaconum,
1498 5217 1566 5271 ab
1603 5233 1778 5286 eoque
1809 5223 2184 5287 responsorias

592 5315 897 5375 acceperat.
953 5305 1051 5359 llic
1089 5317 1270 5360 au'etn
1298 5348 1314 5370 ,
1352 5309 1440 5379 qui
1485 5307 1600 5376 ipse
1631 5312 1904 5381 quondam
1934 5327 2056 5367 eum
2088 5313 2188 5368 do-

591 5402 744 5449 ctore
774 5397 1109 5466 liipponensi
1142 5410 1391 5454 versatus
1419 5410 1558 5468 erat,
1591 5413 1647 5455 ut
1675 5404 1928 5458 cunnlem
1961 5409 2187 5477 propius

592 5490 772 5542 amico
800 5493 1110 5550 admoveret
1139 5503 1192 5549 et
1221 5497 1568 5558 conciliaret,
1609 5497 1938 5562 ProSperum
1976 5501 2190 5570 itupulit

592 5587 655 5634 ut
681 5579 860 5634 denuo
899 5599 1082 5640 secum
1123 5587 1335 5642 litteras
1367 5588 1432 5641 ad
1462 5605 1585 5644 cum
1618 5591 1887 5647 scribctct
1909 5635 1924 5657 ,
1958 5593 2008 5646 id
2041 5594 2186 5664 quod

591 5687 740 5729 anno
765 5671 872 5729 428
906 5689 998 5730 seu
1045 5676 1152 5732 429
1199 5680 1446 5748 contigit.
1497 5679 1554 5735 In
1587 5681 1653 5736 iis
1686 5683 1847 5751 igitur
1890 5686 2190 5753 Augustino

594 5779 876 5838 exponunt
909 5783 1025 5838 qua
1051 5769 1103 5823 in
1131 5771 1336 5842 scriptis
1364 5774 1473 5844 ejus
1505 5784 1684 5829 contra
1725 5775 2039 5849 Pelagianos
2068 5795 2194 5834 con-

598 5860 718 5925 ditis
749 5860 968 5924 silarimi
1016 5864 1160 5928 apud
1212 5863 1504 5923 Massiliam
1544 5869 1809 5930 constituti
1859 5873 2103 5929 monac/ti
2142 5883 2195 5933 et

2288 4658 2421 4712 tium
2471 4659 2782 4728 imponant,
2840 4674 2939 4713 nec
2985 4659 3301 4713 memoriam
3355 4658 3681 4725 Augustini,
3730 4671 3915 4720 quem

2233 4825 2237 4834 Ι
2288 4755 2533 4819 impense
2567 4753 2770 4820 laudat,
2805 4754 2966 4822 afﬂigi
2999 4757 3290 4825 patiantur.
3325 4753 3435 4808 l'lac
3473 4753 3635 4821 igitur
3659 4750 3918 4822 opistoll

2289 4847 2411 4902 freti
2445 4850 2496 4900 itt
2528 4848 2759 4904 Galliam
2794 4857 3137 4902 revertuntur
3159 4892 3173 4913 ,
3215 4857 3473 4916 tantoque
3507 4845 3743 4900 alacrius
3775 4860 3922 4901 sus-

2288 4953 2500 5011 ceptam
2550 4951 2739 4997 contra
2793 4941 3264 5011 Semipclugittnos
3320 4955 3535 4995 Causam
3594 4937 3924 4996 defendere

2290 5036 2640 5103 studuerunt,
2670 5035 3043 5106 imptimisqne
3067 5035 3301 5104 Prosper
3325 5035 3538 5102 scriptis
3560 5030 3926 5089 contendere

2289 5130 2493 5199 cmpit,
2525 5147 2754 5202 quorum
2788 5133 2932 5184 varia
2979 5133 3121 5185 intra
3170 5131 3271 5185 boc
3319 5140 3531 5193 tempus
3582 5128 3783 5183 emissa
3833 5126 3929 5185 ad

2292 5237 2536 5279 DOSII'am
2593 5222 2909 5278 memoriam
2969 5231 3357 5292 pervenerunt.
3408 5219 3930 5279 Percrebresccnte

2292 5327 2474 5371 autem
2502 5315 2572 5371 de
2601 5315 2846 5368 doctrina
2876 5322 2934 5370 et
2952 5313 3149 5382 pietate
3179 5313 3294 5383 ejus
3325 5310 3769 5381 fama,cveni~se
3796 5327 3930 5367 vo-

2293 5411 2430 5473 lunt,
2459 5422 2515 5464 ttt
2545 5426 2571 5462 a
2599 5409 2780 5465 Lemne
2819 5409 3207 5466 arcbidiacono
3232 5407 3480 5486 Routano
3512 5408 3652 5462 inter
3678 5404 3936 5468 Actium

2292 5514 2350 5560 ct
2374 5505 2627 5560 Albinum
2653 5506 2704 5560 in
2732 5505 2918 5559 Galliis
2939 5505 3208 5559 amicitias
3234 5504 3635 5573 redintegrante
3661 5502 3712 5556 in
3745 5503 3936 5562 fatui.

2295 5597 2583 5654 liaritatcm
2628 5600 2984 5670 reciperetur,
3018 5608 3072 5655 et
3101 5614 3221 5654 cum
3270 5599 3316 5652 is
3347 5597 3415 5654 ab
3442 5595 3634 5652 eodem
3679 5598 3939 5666 negotio

2295 5693 2362 5748 ad
2392 5694 2761 5762 occupandam
2801 5693 2984 5750 sedem
3016 5692 3373 5766 apostolicam
3422 5700 3685 5772 evocatus
3730 5701 3942 5757 esset.

2296 5783 2526 5839 Romani
2571 5803 2678 5840 una
2724 5786 3084 5842 adduceretur
3135 5795 3190 5844 et
3233 5769 3524 5842 ornaretur
3549 5797 3777 5839 munere
3805 5799 3947 5842 no-

2298 5879 2422 5942 tarii
2440 5878 2737 5940 pontiﬁcis.
2765 5879 3058 5940 Enimvero
3077 5883 3170 5940 oui
3192 5883 3269 5940 sic
3292 5885 3558 5942 statuunt.
3580 5875 3708 5938 coni
3749 5893 3950 5950 ctnn
