4080 6354
554 372 626 435 47

973 371 1496 435 εῡιιαεκειιλκκι
1534 367 1814 431 NOTl‘l‘l.\
1858 346 2138 433 ntsroatt

2243 356 2678 432 trrreaaau
2719 369 2786 429 IN
2827 370 2886 431 s.
2947 360 3389 429 PROSPERUM.

3763 368 3833 430 88

556 490 697 546 Diss.
732 502 772 547 ι.
804 491 843 543 Il
873 508 924 558 ῃ.
957 491 1060 545 7-ίῦ
1090 508 1241 561 seqq.
1265 490 1537 545 Antelmio
1572 498 1751 544 tamen
1784 488 2148 559 astipulantur
2173 493 2224 550 Α
2252 488 2433 557 itaque
2464 487 2554 557 qui
2583 487 2922 557 suppositum
2947 485 3116 540 hocce
3140 483 3447 540 Chronicon
3468 481 3834 551 Propperiano

554 584 797 639 editores
830 586 1101 638 novi~sitni
1135 585 1368 651 Operntn
1411 583 1683 651 Pro-peri.

629 674 720 729 Vl.
772 675 1163 728 I’t'trtert'torum
1226 675 1361 728 sxdis
1414 675 1718 746 apostolica:
1784 675 2139 746 episcoporum

552 769 895 823 Arn-rorantes
919 770 982 821 de
1001 767 1182 820 Gratia
1210 767 1303 819 Dei
1321 779 1368 821 et
1395 769 1572 822 Libero
1594 770 1805 822 uolunta
1830 769 1873 821 is
1894 768 2137 835 Arbitrio,

554 879 673 925 qua!
708 862 868 928 Voigt)
916 862 1102 924 sitinter
1137 863 1311 913 solent
1353 863 1595 928 ειιὶςιιιιςι·
1624 860 1906 915 Εωῐθὸιὶιιί
1958 863 2138 930 ponii-

556 955 673 1005 licis
722 954 784 1004 :nl
831 957 1119 1021 episCtrpos
1150 954 1353 1007 Gallos.
1388 952 1639 1008 Collecta:
1688 963 1945 1018 putantur
1987 954 2138 1009 circa

554 1060 753 1097 annum
788 1047 909 1099 451.
946 1045 1157 1098 Plinius
1187 1062 1279 1099 eas
1312 1046 1595 1117 Dionysius
1628 1046 1867 1115 Exiguus
1902 1048 2143 1115 vulgavit

554 1147 605 1189 et
636 1138 877 1204 epistol.t-
906 1137 1190 1192 (Imlestini
1215 1138 1465 1205 subjecit.
1499 1138 1651 1192 Illum
1683 1152 1862 1193 autem
1907 1153 1974 1192 ex
2003 1136 2141 1192 scri-

552 1228 657 1279 niis
701 1228 957 1281 Romanis
984 1244 1076 1283 eas
1116 1230 1412 1296 stnnpsisse
1441 1228 1739 1283 llormiulte
1772 1244 1922 1298 papas
1953 1228 2143 1298 impri-

551 1326 655 1375 mis
688 1324 999 1375 te~timouio
1044 1324 1415 1377 demonstrant
1464 1323 1759 1378 Balleriuii.
1802 1322 1911 1377 Nec
1960 1334 2138 1377 tamen

550 1408 830 1468 leestini
862 1415 1031 1483 ipsius
1076 1424 1222 1475 sunt,
1270 1415 1723 1481 quemadmodum
1771 1431 1869 1470 nec
1918 1414 2137 1483 Leonis,

552 1517 611 1561 ιιι
642 1508 797 1561 iidem
841 1509 1121 1561 evicerunt
1164 1509 1215 1561 in
1247 1508 1728 1562 Observatiunibus
1769 1508 1835 1562 ad
1868 1508 2138 1563 laudatam

550 1595 828 1664 QuiPSnelli
856 1598 1292 1651 dis-er'latiorrcllr
1325 1606 1361 1649 l.
1392 1597 1431 1651 ΙΙ
1463 1616 1514 1664 ιι.
1546 1597 1648 1652 719
1672 1612 1825 1667 seqq.
1857 1598 2135 1665 Antelmii,

549 1692 637 1760 qui
685 1691 947 1757 l’t0~|t0rtr
978 1691 1205 1753 asserit,
1253 1690 1574 1745 St‘lllt‘ttliatll
1624 1705 1840 1746 secutus
1867 1701 1924 1747 et
1971 1694 2142 1762 magis

550 1783 709 1834 etiam
742 1784 1066 1836 conlit-mare
1093 1784 1299 1835 studuit
1325 1783 1523 1851 Pagius
1546 1783 1609 1835 ad
1631 1799 1682 1837 τι.
1707 1782 1833 1850 451,
1868 1800 2018 1842 num.
2046 1785 2138 1840 49.

2244 581 2448 637 nomini
2480 588 2765 650 putarent,
2799 588 2857 634 ut
2886 578 3012 634 inde
3056 587 3171 632 tum
3202 578 3337 648 ipse,
3371 586 3481 630 tum
3505 576 3834 643 Augu~tinus

2243 674 2299 730 in
2325 685 2694 739 contemptum
2738 684 2794 727 et
2833 672 3089 727 invidiam
3118 670 3539 725 adducerentur.
3570 668 3676 727 Sed
3708 686 3833 741 pro-

2249 766 2479 822 biliilior
2503 775 2588 822 est
2615 764 2907 831 sententia,
2935 781 3097 835 quam
3131 762 3440 819 Antelmius
3475 779 3690 835 quoque
3719 774 3837 822 tue-

2254 868 2361 924 tur,
2406 858 2611 926 absque
2657 856 2846 912 fraude
2874 872 2903 911 a
2937 856 3206 926 Pro-pero
3252 854 3487 927 quodam
3535 855 3621 910 rel
3667 856 3832 911 etiam

2251 952 2393 1006 alius
2422 950 2662 1005 nominis
2684 958 2905 1004 auctore
2930 950 3312 1019 cornpositnm,
3342 958 3395 1003 et
3424 947 3545 1017 quia
3571 949 3623 1003 in
3650 964 3837 1005 exem-

2251 1043 2489 1114 plaribus
2540 1042 2759 1097 nomine
2805 1052 3041 1106 careret,
3090 1039 3367 1110 Prosperi,
3400 1056 3559 1110 quem
3590 1040 3835 1110 ejusdem

2249 1135 2428 1192 artatis
2450 1135 2756 1190 Clrronieon
2786 1132 3073 1205 scripsisse
3096 1134 3271 1202 palam
3304 1132 3610 1198 constabat,
3638 1148 3837 1191 nomen

2251 1229 2303 1286 ei
2351 1228 2577 1283 inditum
2627 1230 2825 1295 fuisse;
2878 1228 2962 1282 vel
2996 1226 3227 1298 denique
3255 1228 3547 1297 genuinum
3586 1226 3840 1297 Prosperi

2250 1327 2565 1382 (llrrouicnn
2614 1342 2644 1380 a
2685 1323 3123 1394 Semipelagiano
3169 1322 3401 1393 qtrodant
3457 1323 3511 1376 in
3568 1322 3838 1391 privatum

2249 1433 2406 1472 usum
2438 1419 2516 1473 sic
2546 1418 2930 1485 interpolatum
2960 1424 3017 1472 et
3040 1415 3365 1471 dirniuuturu
3390 1427 3534 1481 esse,
3576 1413 3840 1485 quemad-

2248 1511 2469 1567 modum
2500 1527 2643 1566 nunc
2668 1518 2968 1579 comparet.

2321 1604 2427 1661 Sed
2477 1606 2731 1676 quoniam
2773 1603 3029 1659 Autelmii
3079 1601 3238 1657 toties
3267 1601 3320 1656 in
3354 1600 3437 1655 Itis
3469 1600 3671 1655 mentio
3698 1599 3838 1659 facta

2247 1709 2355 1763 est,
2383 1699 2487 1753 alia
2517 1698 2739 1769 insuper
2766 1697 2885 1767 ejus
2927 1695 3110 1764 opinio
3150 1710 3257 1748 non
3287 1693 3624 1764 praetermitti
3653 1692 3838 1760 debet,

2247 1803 2369 1859 quae
2397 1804 2587 1844 omnes
2615 1790 2839 1843 omnino
2868 1786 3064 1841 Leoiiis
3095 1800 3246 1854 papa:
3279 1785 3682 1839 lucubratioires
3710 1784 3838 1839 Pro-

548 1876 691 1930 ldenr
716 1877 1066 1929 Constantius
1102 1876 1220 1931 fecit
1246 1878 1333 1947 (in
1369 1878 1741 1932 admonitione
1768 1879 1835 1931 ad
1868 1879 2139 1933 laudatam
2172 1877 2219 1937 B
2247 1896 2409 1950 spero
2442 1889 2716 1951 tamquam
2751 1879 2960 1935 notario
2988 1876 3185 1932 Leonis
3211 1876 3563 1946 adjudicavit,
3598 1890 3841 1945 magnas.

549 1968 825 2022 (Σωιθςιὶιιί
876 1970 1187 2035 epistolam)
1222 1973 1549 2039 itlSIlpCl‘que
1590 1969 1934 2023 occasionem
1982 1970 2144 2038 hujus

548 2058 940 2113 ltrcubratioiiis
987 2060 1314 2129 investigare
1345 2074 1573 2115 conatus
1610 2072 1714 2115 est.
1763 2066 1937 2132 Atque
1970 2062 2144 2118 Balle-

547 2152 672 2206 rinii
723 2155 882 2206 etiam
937 2153 1060 2208 huic
1101 2155 1387 2209 sententia:
1437 2156 1706 2209 calculum
1754 2156 1993 2223 adjicere
2034 2174 2140 2211 non

548 2245 896 2311 dubitarunt,
950 2248 1019 2299 ita
1056 2256 1234 2300 tamen
1267 2257 1325 2301 ut
1357 2248 1408 2300 in
1444 2246 1717 2300 nonnullis
1755 2263 1782 2300 a
1822 2246 2143 2304 Constantio
2178 2242 2181 2245 ἰ

547 2336 889 2391 dissidere-nt.
942 2337 1026 2394 Cl‘.
1074 2341 1230 2394 tlbss.
1266 2338 1320 2393 in
1353 2339 1490 2393 Diss.
1524 2342 1555 2395 ἲ)
1582 2340 1786 2407 Quesn.
1820 2350 1859 2393 ι.
1907 2338 1949 2396 ll
1996 2341 2137 2412 Opp.

547 2428 747 2484 Leonis
781 2448 900 2502 pag.
936 2432 1042 2489 719
1074 2450 1224 2503 seqq.

617 2522 850 2576 Onnnuo
895 2540 996 2577 non
1047 2524 1115 2578 ad
1145 2540 1260 2578 eum
1286 2527 1583 2590 pertinent:
1612 2526 1755 2580 Libri
1786 2537 1886 2583 tres
1915 2528 1980 2581 de
2013 2526 2137 2582 Vita

547 2614 972 2686 Contemplativa,
1027 2618 1116 2687 qni
1166 2621 1348 2673 verius
1392 2620 1591 2675 Juliani
1639 2621 1870 2676 Pomerii
1920 2627 2139 2678 nomine

545 2706 939 2777 insigniuutur;
990 2709 1052 2762 de
1112 2709 1546 2766 Promissionibus
1599 2724 1648 2768 ct
1701 2713 2139 2770 Prtetlictionibus

545 2791 663 2856 Dri.
716 2800 905 2852 incerti
953 2801 1209 2866 anCtoris',
1257 2810 1314 2856 et
1362 2802 1651 2857 Chronicon
1701 2806 1942 2868 alterum,
1989 2808 2135 2873 quod
2177 2810 2181 2815 ’

544 2890 704 2955 Vulgo
747 2888 1241 2945 Pseudocltrouicon
1287 2894 1370 2948 vel
1418 2896 1583 2949 etiam
1616 2895 1849 2973 ‘Tironis
1890 2897 2138 2969 Proxperi

543 2980 837 3033 CIr-onicon
865 2982 1081 3035 dicitur.
1116 2983 1336 3037 Orditur
1364 3002 1391 3037 a
1427 3002 1599 3059 morte
1630 2987 1872 3043 Valentis
1904 2992 2138 3061 impera-

541 3075 698 3137 τοι-ῖς,
723 3085 776 3127 et
799 3073 865 3125 ad
892 3075 1457 3140 captamaGeuscriCo
1484 3078 1684 3134 Urbem
1712 3081 1968 3149 procedit.
1997 3082 2134 3138 Cum

543 3167 793 3232 superius
825 3166 1058 3220 iudicato
1088 3184 1193 3222 non
1243 3185 1408 3237 pauca
1454 3174 1669 3241 quidem
1701 3177 2009 3228 communia
2042 3179 2136 3231 lia-

2247 1989 2353 2043 que
2383 1975 2433 2028 ei
2464 1990 2586 2030 ctrru
2620 1971 2914 2042 Quesncllo
2938 1971 3060 2025 lites
3090 1970 3367 2024 excitarit.
3401 1968 3689 2037 Ρτυροςι.ἰι
3716 1983 3838 2023 eam

2246 2068 2298 2120 in
2324 2067 2515 2121 eodem
2542 2083 2705 2137 quem
2729 2076 2889 2120 antea
2917 2062 3464 2119 commemoravirmrs
3488 2060 3643 2123 libro,
3661 2059 3838 2128 cujus,

2245 2175 2368 2214 cum
2400 2161 2682 2215 rarissime
2704 2158 2813 2230 janr
2845 2154 3083 2213 occurrit
3111 2155 3165 2211 irt
3191 2152 3564 2219 bibliothecis,
3590 2154 3839 2207 notitiam

2245 2252 2349 2307 ltoc
2380 2254 2500 2307 loco
2531 2253 2903 2323 appendamus
2928 2268 2941 2303 :

2318 2345 2396 2400 De
2439 2347 2567 2400 reris
2617 2336 2869 2409 Opert'bus
2918 2340 3025 2399 SS.
3076 2339 3291 2394 Patrum
3342 2336 3524 2392 Leonis
3571 2334 3753 2409 Magni
3791 2342 3843 2388 et

2246 2439 2499 2511 Prosperi
2526 2440 2770 2505 Aquitani
2800 2438 3195 2492 Dissertatioues
3218 2432 3440 2497 Critiae,
3474 2431 3655 2500 quibus
3678 2426 3837 2494 Cupi-

2243 2532 2351 2584 lula
2395 2532 2457 2583 de
2487 2531 2656 2601 gratia
2705 2528 2821 2594 Dei,
2871 2527 3165 2599 Epistolam
3193 2524 3263 2578 ad
3308 2522 3708 2584 Demetriadem,
3742 2537 3838 2575 nec

2244 2638 2345 2675 non
2375 2625 2503 2675 duos
2530 2623 2596 2675 de
2628 2620 2907 2675 Vocutione
2949 2621 3175 2673 omnium
3204 2616 3446 2672 Gentium
3488 2614 3647 2668 libros
3679 2612 3841 2667 Leoni

2242 2730 2407 2783 nuper
2426 2715 2679 2783 ascriptos
2696 2712 2962 2784 abjudicat
2982 2721 3029 2766 et
3054 2709 3317 2777 Prospero
3338 2707 3654 2777 postliminio
3682 2704 3835 2759 resti-

2249 2809 2344 2860 tuit
2372 2805 2635 2876 Iosephus
2664 2805 2976 2859 Autelmius.
2999 2803 3269 2856 Accessere
3296 2815 3411 2854 cum
3442 2798 3606 2867 ipsius
3626 2796 3837 2867 judicio

2242 2899 2307 2952 de
2338 2898 2525 2951 cilebri
2558 2898 2741 2952 Ltonis
2772 2899 2839 2949 ad
2872 2895 3209 2957 Flavianum,
3253 2901 3300 2946 et
3344 2893 3462 2946 aliis
3490 2892 3557 2944 ad
3588 2892 3839 2955 diversos,

2244 2990 2508 3061 Prospero
2529 2990 2735 3044 dictatis
2758 2991 2811 3043 in
2839 3005 2997 3042 causa
3026 2986 3278 3057 Eutyclris
3300 2985 3599 3052 ueterisque
3628 2982 3842 3050 Episto-

2243 3084 2328 3147 lis,
2358 3092 2465 3136 etc.
2504 3080 2721 3136 Parisiis
2754 3081 2898 3150 apud
2933 3076 3209 3132 Dezultier.
3242 3075 3401 3138 5689,
3435 3072 3521 3126 4ο.

2313 3176 2517 3229 Aucror
2564 3183 2686 3227 orltt
2736 3169 3148 3240 Forojnliensis,
3200 3176 3357 3221 natus
3405 3181 3458 3220 a.
3510 3164 3667 3233 16l8,
3716 3174 3842 3234 post

544 3256 658 3320 bet,
699 3257 794 3311 sed
827 3262 983 3327 looge
1014 3259 1166 3326 plina
1198 3262 1266 3313 ab
1290 3263 1481 3317 eodem
1510 3264 1747 3331 diversa,
1777 3277 1830 3322 et
1858 3267 2133 3338 praecipue
2160 3251 2209 3316 C
2240 3268 2484 3324 confecta
2516 3267 2693 3321 studia
2726 3268 2777 3318 in
2827 3264 2958 3318 urbe
3010 3263 3184 3333 patria
3229 3259 3545 3321 canonicus,
3578 3258 3646 3310 ab
3694 3272 3841 3313 anno

548 3349 669 3413 line,
696 3350 838 3419 quod
870 3366 973 3403 non
1004 3367 1100 3417 per
1129 3354 1402 3419 consules,
1438 3356 1532 3410 sed
1560 3356 1707 3422 juxta
1746 3360 2131 3427 imperatorum

542 3443 739 3495 seriem
762 3440 1028 3510 digestum
1055 3443 1143 3498 sit.
1172 3445 1433 3508 l‘itbmus,
1463 3446 1552 3516 qui
1578 3451 1806 3518 primum
1834 3452 1961 3505 illud
1985 3455 2136 3508 evul-

541 3535 709 3604 gavit,
744 3536 919 3602 ipsum
968 3550 1154 3591 verum
1188 3539 1438 3608 l'rosper-i
1470 3542 1781 3596 Clnonicon
1813 3559 1954 3610 esse,
1989 3548 2135 3611 ejus-

540 3642 644 3697 que
676 3627 811 3680 adeo
839 3628 1113 3696 iugi-nium
1143 3629 1349 3686 referre
1376 3634 1673 3698 contendit,
1720 3643 1777 3687 ut
1807 3652 1911 3688 non
1947 3638 2137 3693 imme-

540 3721 648 3773 rito
693 3721 793 3774 sibi
840 3720 1087 3776 videatur
1137 3727 1443 3779 membrum
1491 3741 1612 3782 esse
1656 3728 1937 3796 amplioris
1989 3736 2131 3799 ejus,

542 3814 681 3878 quod
717 3814 887 3881 ipsius
932 3816 1152 3871 nomine
1200 3819 1269 3871 ab
1301 3820 1433 3874 urbe
1482 3820 1698 3875 Condito
1744 3823 1811 3876 ad
1851 3834 2063 3893 captam
2104 3841 2133 3878 a

543 3903 802 3958 Vaudalis
834 3905 1029 3961 Urbem
1055 3908 1369 3964 Gennadius
1394 3912 1590 3981 legisse
1620 3923 1872 3981 testatur;
1899 3926 1952 3969 et
1975 3917 2137 3971 mire-

542 4007 630 4050 tur
659 3997 818 4065 adeo,
852 4000 994 4052 unde
1042 3999 1243 4053 factum
1286 4004 1357 4056 sit
1397 4016 1453 4057 ut
1494 4005 1640 4058 aliud
1686 4004 1991 4061 Clrronicon
2038 4024 2137 4079 per

543 4091 794 4143 consules
823 4090 1090 4160 digestum
1126 4094 1176 4146 in
1227 4095 1480 4149 ornnibos
1513 4096 1917 4168 llierunymiani
1961 4102 2134 4155 Chro-

544 4181 649 4233 ιιίοί
669 4182 999 4235 editionibus
1018 4181 1267 4252 Prosperi
1291 4188 1506 4241 nomine
1523 4189 1898 4259 subjnngatur.
1923 4192 2136 4250 Pitliazo

545 4275 792 4327 assentiri
841 4278 985 4329 risus
1016 4286 1100 4329 est
1131 4277 1404 4332 Labbeus.
1435 4280 1540 4333 Sed
1576 4280 1871 4337 lluclterius
1897 4298 1947 4339 et
1980 4300 2136 4353 saga-

543 4366 719 4420 ciores
768 4383 888 4422 cum
920 4386 987 4424 eo
1012 4371 1112 4424 viri
1157 4373 1482 4435 docuerunt,
1514 4376 1796 4430 eunlosum
1827 4387 1880 4432 et
1918 4388 2137 4447 pertur-

544 4458 726 4513 batum
768 4460 927 4530 lmjus
952 4461 1206 4517 Clrronici
1236 4465 1507 4527 ordinem,
1543 4468 1822 4523 innumera
1855 4472 2048 4526 menda
2080 4474 2133 4528 in

544 4564 748 4607 rectam
775 4557 1143 4626 clirouologire
1170 4560 1456 4625 rationem,
1490 4559 1815 4616 levissimam
1838 4575 1893 4616 et
1921 4576 2135 4619 tantum

2240 3370 2418 3416 autem
2448 3358 2589 3415 1684
2615 3356 2856 3427 episctrpi
2898 3356 3198 3410 Pamiensis
3227 3354 3277 3409 J.
3312 3351 3371 3405 Β.
3398 3351 3466 3405 de
3496 3348 3842 3405 Vertbamol

2243 3468 2470 3524 magnus
2499 3451 2730 3507 vicarius
2757 3460 2813 3505 et
2841 3449 3093 3503 ofﬁcialis
3116 3445 3190 3518 (τ’
3227 3444 3408 3511 1697),
3438 3442 3717 3510 Quesnelli
3749 3455 3844 3497 as-

2240 3547 2573 3603 sertionibus
2598 3546 2815 3599 obviam
2840 3542 3037 3605 iturus,
3064 3555 3158 3608 per
3188 3550 3298 3592 tres
3323 3537 3529 3605 priores
3560 3534 3844 3589 Disserta-

2242 3642 2441 3707 tiones,
2476 3640 2575 3693 tria
2609 3636 2770 3693 modo
2801 3635 3017 3689 laudata
3045 3632 3309 3699 Upuscula
3358 3629 3627 3698 Prospero
3657 3626 3840 3682 riudi-

2241 3749 2367 3789 care
2388 3743 2635 3797 conatus,
2665 3741 2855 3799 quarta
2879 3726 3077 3783 Leonis
3105 3724 3276 3795 Magni
3303 3724 3437 3777 duas
3461 3730 3649 3777 contra
3676 3720 3841 3775 Pela-

2242 3830 2434 3896 gianos
2489 3825 2752 3895 epistolas
2810 3819 3161 3891 aggreditur,
3208 3832 3436 3887 quarum
3487 3815 3714 3867 alteram
3769 3812 3845 3868 ad

2240 3916 2557 3972 Janu:rr;um
2615 3913 2939 3982 Quesnellus
3001 3909 3368 3964 authenticam
3429 3906 3839 3971 declararerat,

2241 4013 2466 4066 alteram
2492 4010 2557 4064 ad
2584 4009 2882 4078 Septimum
2912 4002 3344 4074 supposititiam;
3373 4001 3677 4053 Antelnrus
3706 4011 3849 4053 vero

2243 4104 2601 4176 posteriorem
2633 4117 2842 4164 veram,
2894 4097 3126 4167 priorem
3177 4096 3242 4148 ad
3292 4093 3608 4148 Jamrariurn
3659 4091 3853 4145 [ictam

2204 4206 2207 4207 ⁷
2241 4213 2365 4253 esse
2394 4195 2694 4251 contendit.
2744 4192 3135 4247 Dissertatione
3174 4188 3360 4256 quinta
3412 4182 3754 4238 Gennadiurn
3785 4192 3857 4238 et

2240 4291 2379 4343 alios
2408 4290 2682 4355 antiquos,
2728 4286 2815 4354 qui
2859 4285 3143 4352 epistolam
3184 4278 3382 4333 Leonis
3413 4276 3476 4328 ad
3520 4273 3857 4327 Flavianum

2242 4385 2294 4438 in
2340 4397 2503 4437 causa
2557 4379 2816 4451 Entyelris
2845 4378 3023 4448 (apud
3073 4375 3327 4429 Ballerin.
3355 4370 3457 4441 28)
3487 4384 3515 4421 a
3563 4367 3863 4433 Prospero

2242 4488 2517 4546 tamquam
2548 4477 2664 4542 eine
2697 4472 2911 4526 notario
2957 4470 3215 4524 dietaram
3267 4465 3541 4526 scribunt,
3573 4460 3866 4516 adversus

2243 4571 2630 4627 Bellartninum
2656 4567 3041 4634 Lablieumqne
3070 4562 3332 4626 vindicat,
3359 4570 3409 4613 et
3440 4572 3547 4610 non
3575 4556 3753 4610 solum
3786 4554 3863 4611 in

546 4648 858 4700 nonnullam
891 4646 960 4701 de
991 4647 1294 4718 Pelagianis
1325 4652 1680 4721 rueutionerrr,
1711 4654 1945 4724 denique
1991 4663 2134 4726 (ιιιοά
2162 4637 2219 4698 Ῐ)
2246 4673 2369 4726 nuc,
2399 4666 2492 4717 sed
2540 4674 2594 4717 ei
2638 4662 2691 4714 in
2737 4660 2858 4712 aliis
2904 4656 3096 4710 Leonis
3139 4652 3383 4723 epistolis
3416 4648 3559 4702 baud
3607 4648 3868 4701 olnt-trra

544 4738 598 4792 id
644 4755 803 4792 unum
834 4740 902 4794 de
933 4742 1237 4809 AuguSIitro
1267 4743 1320 4796 in
1353 4759 1419 4797 eo
1449 4746 1797 4811 observetur,
1843 4750 1985 4818 quod
2021 4751 2139 4819 plu-

544 4850 679 4889 rima
715 4835 866 4890 libris
912 4838 1211 4891 innumeris
1254 4839 1597 4909 disseruerit,
1630 4850 1687 4897 et
1720 4843 2139 4900 l’rzedeetiuato-

544 4943 663 4981 rom
726 4926 974 4991 lia-resis,
1032 4928 1299 4996 Prospero
1355 4943 1507 4986 certo
1559 4934 1762 4988 certius
1816 4935 2022 5005 ignota,
2069 4954 2135 4993 ex

476 5044 483 5049 -
543 5022 845 5077 Auxustino
909 5022 1226 5092 (Augustini
1288 5023 1434 5077 libris
1482 5026 1759 5081 intrudere
1814 5043 1977 5083 ausus
2039 5029 2139 5084 fuit

543 5115 810 5185 Priimus)
857 5125 975 5171 orta
1027 5118 1288 5169 diratur:
1338 5120 1451 5173 lta‘c
1498 5120 1709 5190 singula
1763 5122 1984 5176 totidem
2013 5138 2136 5179 e550

542 5221 855 5271 argumenta
909 5226 1029 5280 qua:
1074 5209 1344 5277 Prospero
1394 5212 1671 5282 indignum
1721 5224 1775 5268 et
1819 5214 1887 5267 ab
1919 5215 2136 5283 ingenio

542 5301 660 5368 ejus
717 5304 950 5357 alienum
1011 5307 1304 5366 evincaut:
1361 5306 1816 5375 quemadmodum
1865 5308 2135 5363 luculenta

543 5395 807 5459 narratio,
852 5409 904 5449 et
948 5396 1105 5461 ordo,
1152 5399 1423 5464 praecipue
1462 5409 1641 5453 autem
1672 5399 1904 5467 diligens
1948 5416 2133 5457 rerum

544 5481 604 5539 S.
627 5487 903 5554 Augustini
926 5499 981 5541 et
1010 5490 1285 5545 bmrcseos
1318 5491 1618 5561 Pelagiana:
1645 5494 1918 5559 tractatio,
1940 5501 1996 5547 et
2024 5506 2133 5550 tam

543 5575 830 5648 Augustini
858 5597 1014 5649 quam
1060 5583 1254 5638 Leonis
1285 5586 1496 5640 neunisi
1540 5601 1661 5641 cum
1707 5601 1916 5641 summa
1968 5602 2135 5644 vene-

543 5670 759 5725 ratione
781 5677 1229 5730 commemoratio
1252 5676 1305 5730 in
1333 5678 1506 5731 altero
1525 5676 1648 5748 (pro
1666 5680 1902 5748 genuino
1926 5678 2131 5753 habito)

545 5760 868 5831 discipulmn
918 5764 1206 5836 Augustini
1256 5776 1314 5824 et
1363 5767 1626 5826 doctrina:
1681 5772 1799 5840 ejus
1848 5772 1916 5828 de
1960 5774 2132 5844 gratia

542 5849 884 5919 defensorem
905 5858 1155 5921 omnibus
1177 5862 1580 5932 agnoscendum
1599 5863 1867 5936 praebeat.
1887 5863 2133 5930 Fuerunt

2242 4757 2366 4829 styli
2400 4752 2743 4821 Prosperiani
2770 4749 2994 4820 vestigia
3032 4748 3182 4814 depr.
3204 4742 3411 4798 hendit.
3442 4740 3549 4794 Nec.
3578 4739 3867 4807 pauciora

2243 4849 2297 4903 in
2330 4845 2688 4902 Sermouibns
2718 4842 2880 4909 bujns
2906 4835 3272 4892 similitudinis
3316 4832 3509 4886 indicia
3540 4844 3874 4897 agruoscere

2243 4940 2346 4995 sibi
2378 4939 2544 5003 risus,
2570 4938 2622 4988 in
2653 4934 3042 4988 Dissertatione
3072 4939 3224 4983 sexta
3251 4924 3395 4979 varii
3428 4924 3624 4990 promit
3649 4935 3876 4975 errem-

2244 5032 2353 5102 pla,
2387 5028 2654 5097 imprimis
2684 5041 2751 5081 ex
2783 5038 3037 5079 sermone
3069 5022 3101 5074 ι
3132 5020 3257 5089 (ed.
3292 5014 3534 5084 Quesn.)
3571 5018 3620 5065 iu
3655 5010 3877 5070 Natali

2244 5123 2445 5180 Leonis
2475 5131 2530 5176 et
2556 5136 2623 5175 ex
2653 5116 2996 5174 sermonibus
3021 5114 3089 5169 de
3121 5112 3378 5167 Collectis
3417 5116 3473 5161 et
3499 5104 3739 5170 Jejunio.
3792 5107 3878 5162 In

2242 5228 2435 5271 causas
2460 5220 2639 5269 autem
2674 5210 2835 5279 hujus
2879 5210 2953 5263 rei
2987 5206 3284 5276 inquirens,
3321 5199 3586 5268 potiorem
3629 5195 3887 5263 jutbcat

2243 5323 2448 5363 morenr
2479 5306 2654 5361 atatis
2684 5304 2861 5366 istius,
2907 5315 3016 5371 quo
3063 5311 3347 5351 sermones
3372 5294 3441 5345 ab
3467 5291 3537 5345 ali
3563 5306 3588 5345 s
3616 5290 3884 5359 episco.

2243 5400 2329 5471 pis
2346 5398 2653 5455 recitandos
2677 5398 2990 5466 lrequenter
3013 5388 3195 5458 expeti
3216 5384 3620 5444 consueverint,
3648 5382 3694 5430 si
3720 5398 3751 5448 q
3768 5384 3891 5439 ni-

2241 5493 2365 5547 dem
2415 5488 2731 5549 Gennadius
2799 5493 3027 5541 testetu-r
3077 5481 3389 5539 Salviunnm
3457 5474 3895 5545 presbyterum

2244 5585 2445 5643 multas
2476 5600 2573 5654 pro
2598 5580 2869 5653 Qpi>Cﬂ§$i8
2898 5575 3149 5633 bomilias
3180 5568 3574 5642 coutpttSuisse,
3602 5566 3898 5637 indeque

2244 5680 2476 5752 magistri
2506 5678 2870 5751 episcoporum
2899 5671 3137 5736 laudem,
3168 5681 3297 5732 non,
3345 5674 3400 5718 ut
3431 5662 3596 5731 vulgo
3626 5659 3903 5733 solum,

2242 5773 2366 5846 quia
2387 5771 2670 5830 Salonium
2692 5779 2748 5825 et
2770 5765 3043 5823 Verauum
3070 5762 3361 5835 episcopos
3386 5756 3443 5814 in
3470 5755 3909 5816 adolescentia

2242 5867 2535 5936 docuerat.
2585 5869 2921 5937 reportasse.
2968 5858 3109 5922 Hinc
3161 5856 3405 5934 colligit,
3464 5860 3617 5913 tanto
3667 5852 3917 5927 magis

3052 5992 3059 5999 '
3082 5985 3225 6012 “iV-ﬂ“
3245 5986 3273 6011 ‘,
3302 5994 3377 6017 τι..
