4080 6354
2748 236 2849 269 (πυ

264 340 328 406 57
702 304 1227 397 scamoniam
1263 331 1539 393 NOTITIA
1582 327 2394 394 BlSTORlCO-LIT‘I‘ERARIA
2435 335 2506 396 IN
2541 337 2598 396 s.
2642 336 3079 399 rnosrtziiuu.
3472 343 3545 401 ει
3584 420 3589 427 ι

266 468 373 524 Viri
404 460 697 518 carissimi
725 458 945 515 Tironis
974 454 1226 527 Prosperi
1258 454 1513 524 Aquitani
1543 452 1852 509 Clironicon
1879 448 1933 511 Α
1959 448 2143 519 Neque
2166 454 2309 509 enim
2339 455 2668 513 Benedictini
2694 461 2865 514 solum
2911 462 2962 515 in
2998 460 3227 517 llisloria
3259 461 3546 519 Litteraria

267 564 528 629 integium
570 555 639 608 ab
669 554 881 609 Adamn
905 550 971 603 ad
1016 550 1238 603 Ruinam
1267 560 1478 616 captam
1507 562 1535 598 a
1558 545 1853 601 Genserico

268 653 459 709 Wand.
509 664 670 717 rege,
724 648 779 701 in
829 645 963 699 duas
1015 652 1199 712 partes
1248 640 1620 695 distributum.
1674 636 1853 691 Prima

268 762 412 819 ριιη,
446 746 514 795 ali
544 752 665 794 ortu
700 753 879 793 rerum
906 735 971 789 ad
1006 744 1238 788 mortem
1266 732 1504 787 Valentis
1530 746 1653 785 cum
1682 745 1855 784 anno-

268 840 466 892 tatioiie
495 833 806 894 consulunt,
836 845 973 882 nunc
1002 828 1223 895 primum
1269 826 1408 878 edita
1441 840 1505 878 ea:
1534 823 1687 878 variis
1714 822 1858 876 codi-

270 934 406 985 cibus
436 932 638 981 rataiuo
660 923 907 979 exaratis.
946 922 1075 975 Pars
1103 918 1285 978 altera.
1319 919 1388 972 ab
1417 934 1469 972 a.
1501 918 1605 973 579
1633 918 1700 972 ad
1725 916 1855 984 455,

269 1023 470 1075 auctior
498 1030 651 1087 atque
681 1014 996 1069 cumulatior
1034 1014 1086 1066 in
1121 1012 1354 1081 pluribus
1388 1028 1541 1079 quam
1571 1026 1684 1075 quia
1709 1021 1861 1065 antea

272 1114 477 1179 vulgata
508 1122 601 1164 est.
638 1108 894 1177 Ejusdem
921 1104 1212 1159 alteriusve
1247 1104 1495 1172 Prosperi
1528 1100 1858 1167 Cltrouicon,

273 1206 436 1261 editio
466 1203 748 1257 Pitltmuna
777 1201 1057 1253 emendata
1103 1199 1288 1252 multis
1331 1197 1383 1251 in
1414 1198 1569 1257 locis.
1597 1211 1660 1251 et
1690 1195 1858 1251 colla-

276 1298 420 1352 tione
457 1293 705 1346 rodit-nni
737 1306 863 1345 mss.
894 1290 1082 1344 Omnia
1114 1290 1165 1343 in
1197 1289 1333 1343 Bibl.
1364 1304 1499 1344 nova
1526 1304 1657 1344 mss.
1694 1288 1860 1344 libro-

274 1406 385 1445 rttin
424 1386 656 1454 Philippi
693 1384 887 1438 |.:tbbei
924 1392 1071 1436 tumo
1098 1382 1138 1449 Ι,
1164 1397 1317 1452 pagg.
1342 1381 1538 1437 16-60.

346 1483 505 1537 1671.
542 1480 779 1541 Parisiis,
819 1479 1104 1547 sumptibus
1148 1476 1293 1531 Petri
1324 1476 1603 1550 Variquel;
1654 1479 1859 1553 iri-for.

276 1576 339 1631 Ι).
364 1576 616 1640 l’rtisperi
649 1572 887 1640 PlllsC(lpl
922 1570 1245 1639 ΙῖΙιιιείιιιιεὶε
1268 1570 1469 1641 Opera,
1495 1588 1614 1642 qua:
1642 1574 1862 1643 quidem

275 1667 439 1722 editio
463 1662 757 1718 innumeris
784 1677 953 1731 prope
974 1677 1047 1728 qn
1070 1661 1171 1716 bits
1195 1661 1564 1729 pra-cedentes
1584 1665 1865 1721 scateliant

276 1757 488 1814 mendis
540 1755 642 1809 fuit
687 1765 1039 1823 perpurgant;
1072 1763 1424 1809 accesserunt
1453 1754 1677 1824 Heptadi
1717 1758 1864 1811 Prat-

1957 542 2143 599 Gztllim
2171 544 2287 614 ejus
2326 549 2716 613 meminerunt.
2761 551 2856 605 sed
2892 552 2993 622 ipsi
3039 553 3277 607 editores
3324 552 3551 608 Parisini

1958 633 2013 689 in
2044 637 2453 704 pmmonitione
2470 640 2535 692 ad
2560 642 2726 697 hocce
2746 642 2975 698 Carmen
2998 644 3219 699 disertis
3244 645 3418 698 verbis
3440 643 3547 699 Ι.οσ

1958 728 2101 783 vatili
2132 746 2251 783 eam
2285 732 2552 800 prodiisse
2594 734 2863 801 iudicant;
2893 736 3019 804 quin
3054 736 3169 807 ipse
3207 736 3449 791 Clericus
3496 737 3550 791 in

1963 822 2114 892 prtel'.
2142 823 2207 877 ad
2231 826 2585 894 appendicem
2610 826 3051 898 Augustiuiaitain
3073 838 3299 885 testatur
3324 828 3546 885 Lovauii

1962 917 2135 972 editas
2165 916 2330 973 l'uiSse
2364 919 2527 974 liasce
2554 920 2806 991 Steyartii
2839 933 3012 979 notas.

2035 1012 2194 1068 1705.
2245 996 2564 1085 Autiterpiat,
2598 1015 2740 1079 apud
2782 1013 2989 1070 Petrum
3040 1016 3291 1083 Mortier;
3337 1014 3546 1087 in-[ol°.

1962 1104 2142 1159 Satn-ti
2173 1105 2422 1175 Prospei-i
2461 1109 2764 1178 Aquilauici
2793 1108 3023 1164 Carmen
3056 1116 3173 1184 Περὶ
3198 1113 3551 1187 ’Λχαρὶστων,

1965 1195 2068 1251 ltoc
2088 1206 2191 1263 est,
2212 1198 2280 1252 de
2309 1199 2555 1269 lngratis,
2575 1211 2864 1255 accurante
2892 1212 2947 1256 ct
2969 1202 3272 1257 illustrauit:
3304 1202 3555 1264 tlicolugo

1966 1288 2311 1353 Lovaniensi,
2342 1292 2394 1345 in
2425 1294 2722 1363 appendice
2748 1294 3133 1361 AttgiiSiiiiiana
3160 1312 3253 1347 srti
3278 1304 3425 1348 tonio
3461 1293 3554 1349 XII

1964 1380 2200 1452 Opertzin
2233 1384 2512 1453 Augustini
2561 1398 2781 1441 curante
2824 1385 2979 1441 Joan.
3022 1386 3252 1452 Cletiro,
3284 1404 3369 1455 pp.
3411 1386 3553 1442 1-39.

2037 1476 2179 1528 Ante
2207 1476 2409 1541 omnia,
2442 1462 2614 1545 inquit
2648 1479 2886 1533 Clericus
2928 1479 2978 1534 in
3022 1478 3333 1547 pra-latione
3359 1479 3423 1531 ad
3456 1480 3557 1533 lioc

1965 1565 2249 1631 Volumen,
2279 1578 2403 1621 ante
2447 1569 2625 1622 omnia
2669 1570 2842 1625 oculis
2894 1587 2955 1626 se
2999 1571 3217 1640 subjicit
3272 1571 3556 1639 legi-udum

1968 1656 2163 1712 Poema
2196 1660 2252 1714 S.
2286 1658 2535 1729 Prosperi
2568 1662 2634 1717 de
2660 1661 2911 1732 logi-aiis,
2942 1664 2993 1717 iit
3031 1680 3138 1732 quo
3164 1666 3462 1718 doctrinam
3496 1662 3555 1719 S.

1967 1750 2274 1821 Augustini,
2325 1752 2523 1824 Pelagii
2569 1765 2622 1809 et
2660 1757 2963 1827 praesertim
3005 1757 3561 1828 Settiipelagianonim

275 1852 448 1905 stilum
478 1865 505 1901 a
530 1846 833 1915 Tlieopliilo
883 1846 1176 1915 Itaynaudo
1219 1846 1381 1901 editae
1418 1855 1473 1901 et
1504 1846 1726 1915 posthac
1765 1864 1865 1905 δει-
1895 1837 1943 1897 Β
1970 1844 2213 1899 versibus
2240 1848 2455 1917 quidem
2487 1864 2591 1901 non
2634 1850 2874 1919 optimis.
2909 1852 3003 1906 sed
3029 1850 3305 1905 intellectu
3341 1852 3561 1907 minime

276 1945 417 2015 pius.
453 1942 507 1996 li.
544 1943 579 1995 Ι.
612 1951 664 1997 el
692 1955 742 1993 a.
775 1955 901 1992 vero
927 1939 1110 1992 ultima
1135 1939 1252 1992 vice
1283 1954 1510 1995 recusat.

345 2035 510 2090 “5'7.
544 2031 809 2099 Lugduni,
840 2031 981 2099 apud
1013 2030 1355 2096 Anissonios;
1404 2030 1612 2102 in-[ol°.
1638 2031 1869 2102 Prospe-

277 2128 417 2182 ri....
452 2123 724 2191 Opuscula
767 2122 976 2175 diversa
1008 2123 1185 2175 soluta
1240 2121 1491 2176 oratione
1527 2133 1582 2176 et
1626 2122 1869 2180 carmine

276 2220 501 2283 scripta,
543 2233 609 2271 ex
650 2214 1020 2284 recognitione
1056 2212 1280 2267 Joannis
1322 2212 1579 2279 Olivai-ii;
1624 2213 1866 2283 ejusdem

276 2311 389 2367 site
418 2309 671 2378 Pio~peri
702 2306 922 2361 Tiiouis
946 2304 1280 2373 Chronicou,
1325 2321 1389 2361 ex
1433 2306 1671 2363 editione
1701 2308 1866 2366 llenr.

277 2400 477 2457 CtltlSll
537 2414 636 2455 nec
686 2415 792 2451 non
845 2396 1155 2452 Chronic-on
1199 2397 1568 2463 Pitliteauum;
1617 2400 1670 2454 iu
1727 2400 1865 2455 Bibl.

282 2492 420 2547 Matt.
462 2492 567 2545 ΙΨ.
596 2502 742 2543 Ionio
771 2488 912 2553 VIII,
946 2505 1100 2559 pagg.
1136 2487 1323 2544 1-205.

354 2584 514 2638 1690.
554 2581 789 2645 Parisiis,
822 2580 965 2649 apud
996 2579 1187 2636 Frauc.
1218 2581 1465 2655 Muguet;
1496 2584 1549 2637 in
1580 2584 1703 2654 (01°.
1732 2584 1868 2640 Pro-

283 2680 432 2742 επεὶ
461 2676 702 2738 Aquitani
723 2691 817 2743 pro
838 2675 1157 2743 Augustino,
1172 2684 1359 2730 contra
1379 2676 1592 2745 iniquus
1609 2676 1869 2734 doctrina:

289 2769 438 2821 illius
470 2768 539 2818 de
581 2766 749 2835 gratia
776 2779 828 2820 et
861 2766 1334 2835 prmdestiuatioue
1388 2769 1818 2837 reprehensores
1850 2812 1867 2839 ,

288 2856 641 2927 Apotogettea
681 2857 959 2927 opuscula;
1017 2873 1117 2914 nec
1156 2872 1263 2913 non
1323 2858 1569 2928 eiusdem
1615 2860 1871 2929 Prosperi

284 2949 426 3004 liber
478 2949 876 3005 Seiiteutfaruni
923 2966 992 3006 ex
1040 2952 1361 3022 Augustino;
1417 2952 1469 3007 iii
1499 2970 1554 3009 iii
1590 2966 1746 3024 parte
1774 2972 1870 3027 ap-

281 3042 524 3113 pendicia
567 3043 632 3097 ad
674 3054 713 3099 t.
761 3043 812 3100 Χ
855 3043 1089 3116 Operum
1140 3046 1198 3101 S.
1246 3047 1528 3117 Augustini
1556 3050 1871 3105 curantibus

279 3137 562 3191 monachis
590 3154 621 3193 e
646 3153 904 3210 congreg.
954 3140 1014 3194 S.
1067 3140 1232 3195 Mauri
1269 3142 1335 3196 ad
1363 3142 1419 3199 S.
1451 3142 1782 3201 Germanum
1814 3146 1868 3202 in

279 3227 487 3295 Pratis;
519 3231 570 3283 in
594 3229 680 3283 ed.
713 3231 978 3301 Antucrp.
1007 3247 1059 3300 p.
1087 3232 1342 3288 “0-170.

349 3321 896 3394 Comprebcuduntur
949 3342 1052 3380 una
1099 3342 1116 3380 :
1170 3325 1227 3382 1⁸
1257 3328 1478 3396 epistola
1524 3330 1595 3382 ad
1623 3329 1872 3399 Ruﬁnum

281 3418 561 3487 recognita
590 3417 655 3471 ad
683 3419 1117 3486 antiquissimum
1139 3422 1417 3488 exemplar
1440 3420 1727 3477 “emensis
1771 3424 1870 3479 ab-

282 3506 440 3564 batia:
463 3510 521 3561 S.
550 3506 778 3578 Remigii
802 3525 817 3574 ;
845 3508 910 3563 2°
938 3510 1064 3564 liber
1093 3520 1275 3565 contra
1306 3510 1621 3567 Collatorem
1640 3515 1873 3586 casdga-

284 3615 367 3659 tus
403 3622 473 3660 ex
512 3606 885 3662 vetustissimo
915 3607 1101 3662 codice
1142 3605 1454 3663 Corbeiensi
1492 3618 1550 3664 et
1574 3610 1869 3666 secundum

286 3696 513 3764 eptimas
539 3697 844 3767 editiones,
875 3699 1025 3754 velut
1058 3698 1449 3769 Moguntiuam,
1480 3699 1872 3757 Lovauieiisem

287 3800 335 3843 ct
367 3794 844 3857 Anttierpieitsem.

356 3882 517 3938 1699.
548 3882 698 3955 Tm].
728 3882 798 3936 ad
832 3882 999 3937 thcu.
1027 3896 1078 3939 et
1106 3883 1277 3957 Lugd.
1310 3883 1426 3939 Bat.
1486 3885 1625 3955 apud
1678 3885 1871 3943 Franc.

290 3974 530 4028 llnluiam
586 3986 640 4030 ct
685 3976 908 4030 Petrum
935 3992 1034 4031 van
1076 3976 1173 4032 tler
1212 3980 1326 4043 Aa;
1376 3977 1579 4045 in-fol'.
1623 3976 1875 4045 Prosperi

288 4070 422 4137 Aqu.
456 4066 765 4125 Cltronicou
799 4070 1071 4141 integrum
1111 4070 1261 4139 juxta
1289 4069 1626 4124 Lablieaitam
1675 4070 1875 4125 editio-

289 4178 404 4217 nem
458 4177 777 4231 expressum
821 4181 836 4219 :
888 4164 941 4218 in
992 4163 1152 4218 Joau.
1192 4164 1323 4220 Geo.
1362 4164 1561 4220 Gravii
1594 4163 1875 4221 Thesauro

290 4256 507 4327 Antiqq.
538 4256 698 4311 Rom.
736 4266 776 4311 t.
812 4256 907 4321 XI,
933 4273 986 4327 p.
1019 4256 1127 4313 369
1153 4272 1307 4327 seqq.

869 4367 1087 4408 ελεεοιο
1120 4368 1154 4409 ἰ
1167 4368 1274 4408 νιιι.

358 4446 516 4501 1705.
560 4444 803 4511 Loranii,
845 4446 983 4516 apud
1015 4445 1290 4518 AZgidium
1320 4445 1779 4517 Deuique;in-8°.
1810 4446 1872 4502 D.

1969 1936 2280 1993 difﬁcilibus
2311 1940 2549 2009 exponit.
2587 1940 2690 1995 Eos
2731 1951 2910 1996 tamen
2943 1944 3185 1997 eruditus
3213 1944 3562 2001 Lemniensis

1970 2028 2259 2098 theologus
2294 2041 2377 2085 sat
2406 2030 2697 2099 diligenter
2737 2034 3102 2089 illustravcrat
3130 2036 3271 2090 tiOtis
3310 2051 3441 2104 quas
3473 2036 3561 2091 ltic

1970 2123 2145 2179 vides.
2182 2124 2270 2178 Ea:
2295 2136 2453 2188 natm,
2490 2126 2761 2182 Viriducti
2788 2144 2946 2182 manu
2979 2128 3278 2183 emendata:
3298 2140 3351 2182 et
3367 2140 3561 2186 aectaa.

1971 2232 2002 2270 a
2036 2217 2188 2272 nobis
2217 2218 2377 2273 edita:
2406 2231 2527 2274 sunt
2568 2222 2755 2291 quales
2792 2224 3121 2278 transmissa:
3168 2222 3399 2287 fuerant,
3443 2225 3564 2279 sino

1973 2311 2077 2365 ulla
2129 2311 2403 2368 atldilioue
2452 2324 2547 2368 aut
2594 2317 2955 2371 detractione.
3008 2318 3174 2371 Eiaut
3220 2318 3367 2386 ptius
3405 2318 3566 2373 edita:

1971 2402 2217 2469 Lovauii,
2272 2421 2575 2477 nomenque
2620 2408 2977 2477 pra-ferebant
3021 2409 3233 2464 Martini
3282 2412 3562 2483 Steyartii,

1971 2500 2061 2567 qui
2091 2497 2369 2567 theologus
2421 2500 2519 2553 fuit
2564 2501 2683 2569 ejus
2727 2502 3054 2566 Aczidentiae,
3103 2520 3207 2557 non
3257 2506 3326 2557 ita
3361 2505 3563 2572 pridem

1974 2600 2239 2654 mortuus,
2267 2601 2316 2643 et
2348 2591 2437 2657 qui
2467 2591 2665 2646 dicitur
2691 2594 2919 2662 primum
2952 2594 3115 2649 fuisse
3145 2597 3195 2648 in
3234 2611 3416 2649 eorum
3440 2612 3562 2663 par-

1974 2681 2114 2736 tibus
2140 2682 2230 2751 qui
2273 2681 2715 2751 Augustinianani
2757 2686 3056 2739 doctrinam
3103 2696 3340 2745 tuentur,
3369 2686 3565 2743 deinde

1974 2773 2027 2826 iii
2054 2783 2231 2839 partes
2258 2773 2555 2828 eontratias
2588 2775 2884 2839 trausiisse,
2930 2775 3072 2846 quod
3123 2777 3255 2830 satis
3305 2775 3465 2845 liquet
3496 2792 3566 2831 ex

1973 2865 2138 2919 variis
2175 2864 2374 2919 libellis
2419 2865 2661 2933 Gallicis,
2702 2868 2898 2937 quibus
2938 2882 3061 2922 eum
3112 2870 3440 2937 oppugnat-it
3485 2868 3568 2923 vir

1972 2957 2366 3013 disertissimus
2424 2960 2674 3013 Antonius
2704 2960 2970 3014 Arnuldus
2990 2959 3180 3015 doctor
3210 2959 3562 3027 SUI‘liOI-iCllS,

1973 3049 2482 3120 Augiistiiii‘anarum
2518 3052 2749 3121 partium
2783 3052 2834 3107 in
2865 3052 3038 3108 Gallia
3084 3053 3243 3107 facile
3289 3056 3566 3123 princeps.

1974 3140 2179 3198 Nomen
2200 3154 2376 3197 tamen
2390 3143 2637 3213 Stcyartli
2661 3143 2830 3199 deleri
2849 3145 3131 3199 induerint
3148 3149 3240 3215 qui
3255 3145 3569 3215 opusculum

1897 3222 1945 3287 C
1976 3230 2079 3286 hoc
2106 3232 2173 3286 ad
2221 3232 2565 3301 bibliopolaui
2591 3236 2925 3304 (appendicis
2965 3235 3123 3305 hujus
3150 3237 3570 3308 redemptorem)

1975 3325 2421 3392 transmiserunt;
2448 3328 2589 3395 quod
2633 3344 2731 3383 nos
2760 3329 3104 3385 dissimulare
3138 3347 3243 3385 non
3277 3334 3570 3400 potuimus.

2048 3417 2209 3474 l'i'll.
2261 3420 2502 3482 Parisiis,
2533 3430 2724 3487 sumpt.
2755 3419 2900 3476 Citii.
2938 3421 3167 3493 Desprcs
3191 3435 3238 3477 et
3260 3425 3419 3478 Joan.
3447 3423 3573 3480 Des-

1975 3522 2199 3576 marts;
2250 3513 2463 3583 iii-fol0.
2497 3512 2681 3569 Sancti
2739 3512 2993 3584 Prosperi
3050 3518 3327 3583 Aquitani,
3372 3517 3429 3571 S.
3460 3519 3571 3570 Au-

1973 3604 2172 3673 gustini
2198 3603 2471 3674 discipuli,
2489 3604 2547 3660 S.
2571 3603 2765 3659 Leonis
2794 3620 2944 3675 papa:
2967 3605 3123 3674 pritui
3148 3606 3365 3667 notarii,
3394 3604 3570 3671 Opera

1974 3698 2177 3762 omnia,
2208 3700 2273 3751 ad
2305 3696 2704 3766 ntanuscriptos
2724 3698 2963 3761 codices,
2998 3711 3098 3752 nec
3126 3712 3234 3750 non
3266 3698 3333 3750 ad
3377 3695 3569 3749 editio-

1976 3804 2073 3844 nes
2096 3789 2434 3858 antiquiores
2464 3798 2521 3843 et
2554 3788 2931 3858 castigatiores
2950 3788 3261 3853 emendata,
3287 3803 3431 3841 nunc
3459 3786 3571 3857 pri-

1976 3898 2122 3938 mum
2180 3882 2479 3938 secundum
2527 3882 2771 3936 ordinent
2820 3890 3122 3948 temporum
3170 3881 3471 3951 disposita,
3514 3887 3573 3937 et

1976 3976 2243 4033 Chronico
2283 3978 2493 4045 integro
2535 3974 2778 4045 ejusdem
2798 4016 2814 4041 ,
2845 3974 2915 4029 ab
2946 3986 3073 4031 ortu
3099 3991 3278 4031 rerum
3306 3989 3475 4044 usque
3500 3972 3569 4028 ad

1977 4071 2182 4125 obitum
2230 4068 2589 4125 Valentiniani
2638 4084 2695 4123 ιιι
2738 4079 2796 4124 et
2847 4069 3070 4124 Romam
3104 4084 3135 4123 a
3188 4067 3442 4121 \‘andatis
3479 4081 3571 4121 ca-

1977 4173 2121 4233 ptam
2155 4163 2481 4231 pertinente.
2506 4160 2851 4232 locupletata.
2870 4162 3073 4228 Quibus
3102 4160 3398 4230 pra'l‘igitur
3418 4159 3566 4227 ejus-

1975 4254 2101 4309 dem
2129 4253 2187 4308 S.
2224 4253 2474 4322 Prtisperi
2506 4252 2758 4322 Aquitani
2794 4253 2934 4316 Vita,
2964 4268 3030 4307 ex
3066 4252 3332 4322 Operibus
3370 4252 3568 4322 ipsius,

1976 4356 2033 4401 et
2071 4346 2404 4415 Scriptorum
2454 4345 2945 4401 ecclesiasticorum
2985 4345 3136 4400 libris
3175 4344 3517 4398 concinnata.

2052 4438 2304 4493 Editores
2332 4437 2571 4493 Joannes
2594 4436 2670 4493 Le
2708 4436 2853 4492 Brun
2879 4437 2947 4493 de
2979 4437 3208 4492 Dlarcite
3238 4445 3295 4492 et
3321 4436 3382 4491 D.
3422 4435 3573 4493 Man-

289 4536 535 4607 Prosperi
565 4536 867 4602 Aquitanici
900 4536 1017 4591 Peri
1042 4537 1399 4603 Acltariston;
1429 4537 1531 4593 line
1556 4547 1661 4604 est,
1691 4538 1759 4592 de
1790 4537 1877 4592 In-
1906 4597 1947 4607 _
1980 4530 2157 4602 gelius
2187 4528 2515 4600 (Mangeaut)
2538 4529 2682 4584 hunc
2711 4531 2870 4583 linem
2904 4529 3006 4583 sibi
3050 4530 3104 4584 in
3130 4528 3441 4583 adornanda
3471 4531 3573 4586 liae

288 4597 447 4699 grati;-
471 4632 734 4696 Carmen,
774 4643 1084 4687 accuratum
1124 4642 1180 4689 et
1221 4633 1363 4686 notis
1407 4633 1769 4688 miscellancis
1815 4634 1879 4687 il-
1906 4597 1957 4659 υ
1983 4624 2221 4679 editione
2252 4623 2417 4679 fuisse
2454 4621 2805 4693 prtiﬁlettttlr.
2835 4633 2893 4677 ut
2919 4630 3177 4693 quantum
3212 4623 3325 4677 lieli
3361 4623 3571 4689 potuis-

287 4725 565 4779 lttstrattitn
600 4741 629 4779 τι
658 4726 883 4780 Martini)
908 4724 1181 4797 Sleyartio
1210 4726 1507 4797 (Steyacrt)
1561 4728 1614 4781 in
1645 4737 1792 4783 tomo
1812 4726 1881 4783 ΙΙΙ
1981 4728 2085 4785 εει,
2117 4717 2470 4787 θωβιίδδίηδθν
2494 4716 2905 4787 θθδδίῧδηίδδίίηδ
2935 4727 2989 4772 οι
3018 4718 3222 4787 “pum”
3252 4716 3444 4771 ⁰¹¹¹ί¹¹θ
3464 4716 3575 4771 di"

288 4818 683 4887 Opusculmuiu
713 4832 807 4872 seu
840 4816 1291 4872 Lticubratioiiuni
1324 4817 1599 4890 Sieyartii.

360 4910 435 4963 lie
486 4917 733 4972 auctore,
796 4907 1019 4963 doctore
1054 4910 1325 4977 quondam
1368 4910 1653 4980 theologia
1708 4910 1880 4967 Lova-

288 5003 480 5063 iiieiisi.
516 5002 606 5071 qui
635 5016 880 5069 magnam
912 5002 1142 5055 nominis
1181 5003 1551 5059 celebritatem
1584 5005 1721 5073 apud
1748 5020 1877 5062 suos

287 5096 539 5160 obtinuit,
561 5094 841 5148 adeundus
864 5093 1018 5149 Joan.
1050 5096 1372 5151 lt'ranciscus
1392 5096 1640 5167 Foppens
1664 5099 1713 5151 in
1740 5100 1874 5155 Bibl.

288 5188 505 5257 lielg'n-a
532 5205 582 5257 p.
610 5188 737 5251 86!,
764 5186 853 5240 tibi
882 5198 935 5243 et
975 5189 1181 5258 eiiigies
1217 5188 1333 5258 ejus
1370 5193 1641 5245 cernitur:
1675 5204 1759 5246 est
1783 5206 1877 5247 au-

286 5288 391 5333 tem
436 5281 521 5336 liic
560 5284 613 5335 in
665 5280 916 5348 Prosperi
974 5282 1216 5336 lilielfum
1265 5283 1685 5339 commentarius
1730 5286 1878 5354 Opus

288 5379 653 5444 posthumuin.
689 5373 871 5442 Neque
898 5375 1040 5428 enim
1069 5376 1320 5437 seorsim.
1353 5375 1447 5431 sed
1471 5376 1525 5430 in
1550 5377 1716 5431 haece
1736 5381 1879 5447 0pc-

286 5480 402 5518 rum
433 5466 548 5533 ejus
576 5462 819 5519 editione
868 5467 1011 5529 (qua:
1055 5464 1118 5517 γι
1168 5467 1328 5518 tomis
1368 5468 1604 5536 constat)
1641 5468 1874 5537 primum

290 5557 505 5622 prodit.
530 5555 681 5609 Nom:
707 5568 837 5608 vero
858 5568 1047 5609 omnes
1070 5555 1328 5611 traducta:
1354 5566 1481 5610 sunt
1510 5557 1563 5611 in
1586 5558 1877 5614 editionem

287 5647 669 5702 Parisiensem.
707 5645 867 5699 Errat
911 5645 1071 5715 igitur
1112 5646 1269 5701 Joan.
1321 5648 1442 5701 Alli.
1495 5647 1803 5716 Fabricius,
1835 5651 1882 5705 si

288 5739 575 5795 editionem
610 5738 1001 5792 Loranicnsem
1029 5738 1384 5811 Steyartianu:
1417 5742 1803 5796 lucubrationis
1826 5758 1881 5799 re

284 5846 406 5889 vera
452 5831 844 5891 Aiustelodami
889 5845 996 5890 non
1038 5830 1264 5891 Lovauii
1306 5834 1574 5905 prodiisse
1623 5836 1876 5896 alllriuat.

1984 4812 2157 4877 posita
2185 4811 2422 4880 prodiret
2450 4826 2464 4865 :
2493 4819 2548 4866 et
2575 4818 2632 4865 ut
2677 4810 2839 4864 etiam
2857 4825 2923 4864 ex
2942 4811 3029 4863 illa
3047 4810 3247 4881 aliquid
3270 4808 3570 4878 ailjuineuti

1982 4905 2275 4961 lectoribus
2307 4904 2815 4958 subministrarctur
2840 4903 2905 4957 ad
2928 4904 3131 4959 erroris
3156 4904 3571 4975 Semipelagiaui

1983 4996 2264 5052 historiam
2293 4995 2502 5064 plenius
2538 4994 2996 5063 cognoscendam.
3027 4996 3369 5066 Quapropter
3401 4995 3573 5064 primo

1987 5090 2041 5145 in
2064 5105 2183 5144 eam
2202 5088 2540 5143 contulerunt
2568 5086 2829 5157 quidquid
2856 5089 3208 5154 geituiuorum
3235 5089 3291 5143 S.
3326 5086 3571 5152 l'rosperi

1984 5180 2219 5250 Operuni
2253 5179 2516 5233 hactenus
2547 5178 2602 5231 in
2636 5178 2809 5233 lucent
2861 5180 3156 5248 prodierat,
3210 5192 3313 5231 non
3354 5175 3574 5232 omissis

1984 5273 2335 5329 Confessimie
2366 5285 2525 5340 quam
2557 5270 2785 5339 primum
2809 5272 3097 5341 evu'gavit,
3119 5277 3171 5323 et
3199 5268 3468 5323 Llu-ouico
3494 5268 3573 5324 in-

1986 5375 2159 5432 tegro.
2192 5363 2333 5434 quod
2379 5377 2569 5417 omnes
2618 5364 2927 5432 superiores
2970 5362 3207 5416 editores
3236 5369 3570 5430 spreverant.

1984 5458 2328 5526 Castigarunt
2355 5454 2552 5509 deinde
2584 5455 2825 5524 singulos
2854 5453 3012 5522 liujus
3036 5452 3289 5507 editionis
3318 5454 3484 5507 libros
3506 5451 3570 5507 ad

1985 5551 2144 5605 ﬁdem
2177 5549 2469 5604 editionum
2499 5550 2865 5615 probatioriim
2907 5556 2961 5600 et
3010 5555 3087 5599 tot
3126 5562 3254 5601 mss.
3297 5557 3421 5613 quot
3478 5561 3571 5611 per

1985 5645 2223 5699 concessi
2244 5642 2502 5712 temporis
2523 5642 2794 5710 angustias
2811 5639 3049 5708 repet-ire
3067 5650 3121 5694 et
3134 5641 3381 5696 conferre
3400 5638 3569 5696 licuit.

1986 5742 2112 5797 Erat
2150 5740 2294 5794 enim
2335 5740 2384 5792 in
2428 5736 2618 5791 litteris
2663 5734 2825 5801 regiis
2864 5735 3007 5789 datis
3038 5735 3092 5790 d.
3135 5734 3203 5789 14
3255 5732 3567 5786 Decembris

1989 5834 2149 5901 1709,
2192 5847 2309 5905 qua:
2342 5830 2497 5901 hujus
2522 5828 2860 5898 aliorumque
2892 5828 3156 5886 librorum
3183 5825 3570 5896 ιιιῳιιιιιειιιιοο
