4080 6354
349 298 421 361 69
1509 288 1843 354 ΕΡΙΞΪΟῘΛ
1890 297 1929 351 Α

2038 288 2502 352 λυϐἴετῐκωί.
3578 289 3651 353 70

350 416 437 487 qtti
478 423 723 473 sanctam
780 423 943 485 atque
990 413 1343 485 apostolicam
1390 410 1651 464 doctrina:
1708 420 1815 462 tuzr
1854 422 1950 462 au-
1980 414 2024 471 Α
2057 406 2387 461 testimoniis
2418 406 2721 459 divinarum
2771 400 3183 475 Scripturarum
3226 404 3485 461 instrnrta
3518 422 3645 474 pio.

347 511 656 565 Ctotitatetu
688 520 851 566 antea
877 510 1264 577 sequebantur,
1300 506 1752 575 intelligentiores
1777 503 1947 556 multo

347 606 846 674 instructioresque
874 615 999 657 sunt
1028 602 1180 665 facti;
1207 603 1276 654 ita
1308 602 1396 669 qui
1428 598 1799 668 persuasionis
1830 609 1944 649 sua

346 696 788 764 impediebantur
840 697 1102 754 olneuro,
1156 693 1461 747 aversiores
1516 707 1675 759 quam
1733 687 1947 742 inerant

347 800 721 841 recesserunt.
751 789 993 854 Quorum
1027 798 1133 839 tant
1159 788 1384 855 abrupta
1418 781 1685 836 dissensio
1712 784 1943 852 primum

347 897 462 949 pro,
489 889 571 933 ter
605 883 756 949 ipsos
800 878 1085 933 metuenda
1117 890 1220 943 cst,
1268 895 1333 930 ne
1376 887 1483 930 tam
1514 874 1674 929 claris
1728 881 1946 939 tamque

344 988 503 1041 egreg
532 972 577 1025 is
627 973 680 1026 in
727 973 971 1041 ontnium
1004 972 1265 1024 virtutum
1320 968 1501 1022 studio
1549 968 1677 1019 viris
1723 966 1945 1033 spiritus

345 1061 652 1132 Pelagianze
678 1063 973 1132 impietatis
1005 1062 1191 1115 iliudat
1221 1079 1232 1113 :
1270 1070 1295 1098 ⁸
1327 1059 1524 1114 deinde
1549 1074 1617 1113 ne
1640 1058 1942 1126 simplice-

345 1170 432 1209 res
464 1155 686 1227 quique,
717 1155 856 1215 apud
900 1172 1035 1225 quos
1082 1154 1278 1207 horum
1313 1166 1503 1222 magna
1549 1160 1634 1205 est
1663 1150 1729 1203 de
1763 1148 1943 1217 prohi-

344 1250 466 1297 tatis
497 1230 959 1315 contemplatione
990 1230 1050 1316 ~3
1094 1243 1422 1309 reverentia,
1460 1241 1564 1295 hoc
1609 1239 1939 1293 tutissimum

342 1320 439 1390 sibi
462 1318 769 1409 .zcsdmcnt,
800 1337 941 1403 quod
974 1338 1201 1390 audiunt
1232 1350 1329 1390 eos
1370 1350 1601 1405 quorum
1642 1334 1942 1389 auctorita-

324 1438 448 1503 tem
464 1418 467 1425 ’
482 1408 602 1503 xsine
616 1416 837 1494 'jndicio
866 1416 1166 1497 sequuntu.r
1199 1443 1315 1482 i~se
1327 1442 1468 1483 rere.

493 1498 621 1572 liam
655 1522 802 1573 enim
853 1521 1095 1591 ipsorum
1129 1520 1374 1575 deﬁnitio
1399 1535 1461 1575 ac
1510 1519 1779 1589 professio
1805 1526 1887 1573 est
1922 1535 1935 1570 :

330 1590 567 1701 pontem
595 1616 817 1685 quidem
852 1616 1125 1669 hominem
1151 1615 1319 1669 Adam
1348 1624 1605 1681 peccante
1644 1628 1934 1682 peccasse;

328 1702 389 1781 et
418 1710 693 1777 neminem
738 1725 835 1779 per
857 1724 1017 1779 opera
1046 1722 1167 1787 sua,
1199 1708 1292 1761 sed
1326 1724 1421 1777 per
1455 1708 1543 1760 Dei
1575 1710 1804 1779 gratiam
1849 1720 1935 1761 re-

2058 499 2301 560 ferimus,
2333 514 2419 563 ac,
2454 498 2752 551 St'Clllltilttll
2792 498 3018 550 immani
3046 498 3096 551 di
3133 498 3472 567 putationum
3530 510 3646 553 tua-

2053 608 2195 655 rum,
2226 588 2251 626 ά
2282 590 2481 658 aliquid
2516 593 2681 644 etiam
2713 590 2812 658 ipsi
2843 606 2955 660 quo
3000 592 3399 648 concludantur
3450 591 3647 648 astrui-

2054 698 2204 745 nius;
2238 683 2656 735 olisinatiotn-m
2700 699 2853 737 suam
2910 695 3179 737 vetustate
3226 686 3546 739 defendunt.
3589 693 3647 741 et

2052 792 2112 830 ea
2150 792 2265 845 qtt.L'
2290 776 2357 828 de
2393 777 2449 841 Et
2474 775 2630 829 istola
2665 778 2894 843 apostoli
2928 777 3077 831 Pauli
3110 778 3368 833 Romanis
3399 781 3646 835 scriben-

2054 867 2118 921 tis
2156 868 2219 921 ad
2264 869 2756 921 muniit-stationem
2789 869 2985 923 divina:
3023 873 3210 939 gratia!
3261 870 3645 937 pra-venientis

2048 950 2349 1017 cli-etorum
2412 964 2604 1016 menita
2666 962 3037 1030 proferuntur,
3090 979 3117 1017 a
3178 966 3330 1019 nullo
3385 979 3644 1035 nnq-tam

2049 1054 2311 1109 cei-iesias
2338 1055 2541 1109 icorum
2574 1054 2645 1108 ita
2679 1068 2803 1109 esse
2837 1056 3107 1109 intellecta
3137 1065 3193 1110 nt
3226 1072 3366 1111 nunc
3398 1060 3641 1112 sentiun-

2050 1159 2135 1203 tur
2164 1149 2219 1222 Α
2244 1151 2535 1204 afiirtuanl.
2564 1149 2811 1220 Cumque
2832 1163 2884 1203 ut
2921 1148 3022 1217 ipsi
3047 1164 3109 1204 ea
3143 1161 3417 1221 exponant
3447 1164 3644 1205 secun-

2048 1243 2173 1296 tltun
2209 1260 2438 1314 quorum
2474 1243 2644 1297 velint
2670 1258 2831 1298 sensa
2857 1243 3224 1309 deposcimus,
3257 1244 3388 1299 nihil
3414 1261 3473 1299 se
3506 1257 3637 1315 pro-

2047 1335 2271 1391 ﬁ‘Cttlnl‘
2320 1336 2597 1391 invenis-e
2646 1336 2787 1401 quod
2844 1336 3080 1405 placeat.
3132 1344 3187 1390 et
3225 1336 3294 1391 de
3344 1338 3427 1390 lus
3472 1334 3643 1392 taceri

2044 1429 2269 1496 exigunt
2325 1445 2551 1497 quorum
2606 1427 3189 1483 altitudinem.nullus
3246 1429 3511 1492 attigerit.
3558 1428 3641 1485 Eo

2046 1531 2319 1586 postremo
2363 1518 2662 1587 pervicacia
2707 1530 2814 1570 tota
2867 1519 3169 1581 descendit,
3229 1528 3287 1572 ut
3328 1520 3490 1573 [idem
3542 1534 3641 1575 uo-

2044 1620 2211 1663 strain
2240 1612 2584 1664 :l‘tiiiit'nlititti
2620 1612 2959 1665 audientium
2986 1614 3320 1667 contrariam
3354 1628 3475 1667 esse
3506 1612 3640 1668 dell-

2046 1706 2224 1770 niant;
2252 1722 2315 1760 ac
2359 1705 2437 1759 sie
2473 1705 2633 1761 etiam
2677 1706 2721 1761 si
2765 1723 2891 1760 vera
2934 1711 3025 1770 sit,
3081 1723 3187 1761 non
3237 1706 3637 1775 proiiiendam:

326 1799 692 1877 generatione
712 1799 1226 1873 saliari;universis
1254 1812 1433 1853 tamen
1466 1800 1782 1853 hominilms
1810 1813 1934 1867 pro-
1973 1804 2013 1862 Β
2043 1796 2166 1866 tpiia
2226 1811 2277 1851 et
2331 1802 2640 1865 perniciose
2690 1816 2795 1852 non
2861 1800 3170 1869 recipienda
3229 1801 3536 1867 tradantur,
3583 1808 3640 1857 et

324 1878 679 1962 'pitiationezu
711 1910 829 1961 qua-
852 1901 935 1946 est
965 1892 1016 1945 in
1050 1901 1394 1945 sacramento
1417 1893 1699 1961 sanguinis
1727 1891 1932 1945 Christi

324 1972 451 2039 isine
478 1960 801 2057 exceptione
847 2001 968 2038 esse
1014 1986 1384 2052 propositam;
1421 1995 1476 2037 ιιι
1511 1985 1834 2053 quicumque
1863 1984 1932 2037 ad

335 2077 501 2132 ﬁdem
539 2086 596 2131 et
649 2079 713 2131 ad
761 2078 1083 2145 baptismum
1136 2078 1395 2131 accedere
1454 2079 1752 2138 voluerint,
1800 2076 1934 2131 salvi

332 2186 454 2225 esse
487 2170 716 2240 possint.
747 2170 850 2239 Qui
882 2183 1061 2225 autem
1094 2171 1357 2224 credituri
1387 2184 1533 2236 sunt,
1567 2171 1729 2240 quive
1768 2172 1819 2224 iu
1866 2186 1931 2225 ea

333 2264 456 2330 liJe,
491 2283 611 2331 qua:
666 2265 928 2332 deinceps
977 2281 1073 2336 per
1119 2264 1213 2318 Dei
1267 2266 1495 2335 gratiam
1552 2266 1623 2318 sit
1672 2264 1930 2332 iuvanda,

334 2356 581 2431 mansuri
613 2369 764 2419 sunt,
796 2356 1079 2424 prascisse
1108 2371 1237 2410 ante
1260 2360 1443 2410 nnnidi
1485 2359 1933 2411 constitutionem

338 2445 533 2511 ilettm,
566 2459 623 2501 et
652 2466 747 2503 eos
776 2450 1197 2519 prmilestinas‘se
1243 2451 1293 2503 in
1332 2467 1553 2517 regnum
1586 2465 1767 2512 suum,
1798 2465 1936 2521 quos

326 2544 506 2608 gratis
539 2554 785 2603 voeatos,
819 2543 1011 2612 dignos
1044 2540 1253 2595 futuros
1281 2542 1569 2606 electione,
1623 2552 1675 2595 et
1720 2541 1789 2594 de
1834 2541 1936 2596 hac

320 2612 450 2683 "vita
480 2614 624 2686 bono
668 2632 773 2687 line
802 2647 1126 2687 excessuros
1168 2648 1290 2687 esse
1323 2634 1657 2704 pr:eviderit.
1698 2632 1935 2700 Ideoque

344 2739 565 2779 omnem
605 2728 874 2781 hominem
903 2727 967 2781 ad
1011 2726 1349 2784 credendum
1384 2742 1437 2783 et
1480 2728 1546 2782 ad
1598 2730 1932 2796 Sperandnm

347 2813 547 2869 divinis
585 2816 1003 2873 institutionibus
1055 2819 1365 2885 admoneri,
1415 2828 1472 2873 ut
1518 2819 1587 2876 de
1617 2822 1931 2889 apprehen-

340 2908 517 2963 denda
550 2912 655 2964 vita
696 2921 894 2966 mterna
942 2929 1101 2968 nemo
1147 2914 1424 2985 desperet,
1458 2930 1581 2970 cum
1616 2916 1933 2970 voluntaria

334 2998 615 3056 devotioni
645 3006 1014 3060 remuneratio
1039 3005 1108 3059 sit
1142 3019 1346 3077 parata.
1385 3008 1497 3061 lloc
1522 3018 1701 3061 autem
1734 3021 1934 3078 propo-

328 3094 498 3149 situm
528 3097 828 3150 vocationis
858 3097 979 3164 Dei,
1004 3114 1113 3169 quo
1154 3098 1237 3153 vei
1276 3110 1401 3153 ante
1452 3100 1635 3153 mundi
1690 3100 1927 3168 initium,

2044 1892 2191 1944 nullo
2218 1893 2456 1957 pericnio
2482 1909 2601 1962 quze
2634 1893 2861 1961 inteiligi
2908 1905 3182 1957 nequeant
3230 1896 3633 1947 conticeautur.

2112 1984 2422 2052 4.0nidant
2468 2003 2597 2042 vero
2632 1987 2825 2041 horum
2885 1988 2936 2041 in
2998 1998 3202 2041 lanlnllt
3253 2004 3281 2041 a
3335 1987 3641 2057 Pelagianis

2040 2081 2252 2133 scmi.is
2283 2098 2386 2133 non
2418 2079 2713 2145 declinant,
2761 2092 2816 2133 ut
2844 2096 2965 2134 eum
3015 2080 3079 2134 ad
3123 2082 3488 2135 conlitenilam
3515 2094 3636 2134 eam

2040 2171 2243 2226 Chrisu
2274 2174 2499 2241 gratiam
2529 2190 2649 2244 qum
2676 2176 2855 2227 omnia
2881 2177 3170 2243 pnevcniat
3191 2176 3381 2229 merita
3409 2176 3638 2235 humana

2039 2278 2322 2331 cogimur,
2348 2285 2413 2319 ne
2438 2266 2480 2319 si
2510 2267 2717 2320 meritis
2746 2267 3009 2331 redditur,
3032 2272 3227 2323 ll‘ttSlra
3260 2269 3432 2337 gratia
3466 2268 3639 2323 nomi-

2041 2366 2229 2421 netur;
2258 2357 2322 2410 ail
2342 2357 2711 2412 conditionem
2736 2359 2875 2414 hanc
2903 2360 3007 2415 veli
3033 2372 3067 2413 ιι
3093 2362 3515 2431 uniuscujusque
3542 2364 3637 2415 lto-

2038 2449 2513 2518 utinispertinerc,
2548 2452 2597 2503 in
2644 2466 2744 2520 qui
2783 2468 2907 2505 eum
2953 2452 3081 2505 nihil
3111 2453 3258 2521 prius
3308 2460 3634 2519 merentem,

2038 2542 2160 2606 quia
2220 2557 2319 2593 nec
2369 2543 2725 2607 existentem,
2763 2544 2913 2597 liberi
2964 2544 3175 2597 arbitrii
3218 2556 3269 2599 ct
3316 2545 3635 2600 rationalem

2035 2641 2203 2699 gratia
2230 2632 2503 2685 Creatoris
2537 2635 2803 2696 instituat,
2848 2644 2900 2687 ut
2954 2650 3049 2702 per
3077 2634 3467 2688 discretionem
3506 2634 3634 2688 boni

2033 2736 2097 2775 ac
2157 2722 2302 2788 mali,
2339 2734 2393 2777 et
2422 2722 2486 2777 ad
2523 2725 2887 2793 Cognitiouetn
2915 2723 3034 2788 Dei,
3074 2736 3129 2778 et
3158 2728 3222 2778 ad
3260 2724 3631 2779 obedientiam

2040 2816 2417 2869 mandatorum
2450 2818 2569 2885 ejus
2610 2818 2776 2888 possit
2805 2833 2957 2871 suam
2990 2817 3225 2887 dirigere
3267 2817 3627 2885 rolitntatem,

2039 2923 2203 2978 atque
2228 2912 2294 2963 ad
2326 2909 2463 2966 hanc
2506 2914 2733 2982 gratiam
2783 2928 2889 2982 qua
2933 2912 2986 2966 in
3041 2912 3261 2967 Christo
3294 2912 3633 2967 renascimur

2034 3005 2346 3073 pervenire,
2402 3019 2500 3074 per
2542 3006 2842 3058 naturalem
2881 3003 3093 3059 scilicet
3143 3004 3480 3071 facultatem,
3542 3020 3634 3072 pe-

2037 3096 2223 3159 ti-uilo,
2259 3096 2575 3165 quaerendo,
2608 3096 2917 3165 pul-ando:
2954 3107 3008 3150 ut
3058 3097 3181 3151 ideo
3210 3096 3463 3163 accipiat,
3510 3094 3636 3151 ideo

329 3184 416 3241 vel
448 3188 501 3240 in
547 3176 657 3257 ipsa
688 3190 1008 3245 conditione
1036 3192 1252 3262 generis
1282 3192 1527 3257 lnnnani,
1552 3192 1927 3262 eligendorum
1959 3184 2005 3246 C
2040 3187 2276 3243 inteniat
2305 3230 2317 3249 ,
2378 3190 2500 3244 ideo
2558 3189 2813 3254 introeat,
2878 3194 3005 3261 quia
3054 3190 3197 3246 bono
3241 3206 3451 3245 natura:
3499 3191 3637 3245 bene

320 3290 379 3349 et
406 3281 827 3351 rejiciendorum
870 3284 1076 3339 dicitur
1121 3288 1258 3339 facta
1288 3285 1573 3351 discretio,
1604 3299 1684 3354 nt,
1735 3303 1931 3343 secun-

326 3370 453 3425 dum
490 3375 632 3447 quod
682 3377 885 3445 placuit
922 3377 1190 3443 Creatori,
1224 3378 1315 3433 alii
1365 3396 1489 3434 vasa
1541 3380 1784 3445 honoris,
1838 3381 1931 3438 aiii

324 3476 451 3521 Vasa
480 3468 829 3523 contumelia:
860 3469 967 3523 sint
991 3471 1181 3536 creati,
1214 3481 1268 3526 et
1310 3471 1475 3541 lapsis
1506 3486 1695 3527 euram
1740 3488 1927 3529 resur-

324 3556 487 3626 gendi
530 3558 806 3639 adimere,
855 3571 909 3618 et
949 3566 1154 3619 sanctis
1200 3567 1543 3620 occasionem
1590 3568 1794 3636 teporis
1844 3567 1928 3622 at-

326 3648 468 3706 ierre
503 3670 520 3707 :
550 3668 616 3707 eo
647 3653 793 3725 quod
839 3657 890 3710 in
932 3667 1159 3726 utraque
1204 3670 1361 3727 parte
1406 3658 1717 3730 snperliuus
1772 3660 1926 3715 lahor

322 3743 414 3807 sit,
444 3744 490 3798 si
521 3761 696 3817 neque
746 3747 977 3813 reiectus
1027 3750 1135 3803 ulla
1178 3738 1439 3805 industria
1485 3753 1651 3822 possit
1684 3754 1910 3819 intrare,

323 3850 501 3903 neque
529 3838 737 3893 eli-ctus
768 3841 873 3894 ulla
898 3842 1217 3913 negligentia
1253 3844 1427 3915 possit
1450 3844 1725 3899 excidere.
1762 3847 1914 3914 Quo-

327 3945 440 4000 quo
471 3930 619 3986 enim
646 3932 807 3988 modo
836 3950 894 3988 se
924 3937 1152 4004 egerint,
1184 3952 1291 3989 non
1322 3950 1481 4005 posse
1512 3937 1655 3991 aliud
1684 3953 1807 4008 erga
1831 3952 1928 3993 eos

323 4039 491 4094 quam
522 4025 666 4082 Deus
696 4027 970 4095 deﬁnivit,
1003 4031 1251 4086 accidere
1284 4048 1297 4085 :
1344 4043 1399 4087 et
1428 4033 1528 4087 Sub
1581 4035 1783 4088 incerta
1829 4048 1927 4103 spe

321 4129 547 4172 cursum
596 4135 703 4174 non
741 4136 900 4192 posse
945 4138 1067 4177 esse.
1094 4133 1469 4190 constantem;
1522 4142 1643 4181 cum
1678 4126 1722 4180 si
1779 4127 1925 4182 aliud

319 4206 523 4266 habeat
573 4214 1010 4283 praadcsnnantis
1050 4216 1266 4283 electio,
1298 4235 1447 4274 cassa
1507 4222 1575 4273 sit
1627 4222 1924 4277 annitentis

321 4299 580 4358 intentio.
622 4303 913 4361 Removeri
966 4310 1145 4379 itaque
1175 4327 1395 4365 onmem
1440 4312 1785 4381 industriam,
1820 4314 1923 4369 tol-

320 4391 468 4463 lique
522 4394 772 4463 virtutes,
808 4398 853 4453 si
912 4399 1005 4455 Dei
1034 4403 1352 4457 constitutio
1400 4404 1665 4460 humanas
1706 4422 1922 4477 pracve-

321 4485 441 4540 niat
492 4488 851 4546 voluntates:
882 4502 937 4547 et
981 4495 1082 4549 sub
1112 4484 1226 4551 hoc
1277 4498 1773 4567 prmdestinationis
1818 4517 1918 4556 no-

2038 3296 2191 3346 usus,
2244 3281 2311 3335 ad
2369 3279 2531 3335 istam
2580 3283 2879 3337 salvantcni
2911 3286 3141 3353 gratiam
3183 3284 3406 3339 initialis
3448 3283 3636 3353 gratia

2034 3390 2137 3443 ope
2176 3380 2439 3429 merui-rit
2479 3380 2789 3445 pervenire.
2828 3377 3173 3448 PrOpOsitum
3212 3391 3391 3433 autem
3438 3393 3635 3435 vocan-

2034 3470 2103 3523 tis
2135 3470 2321 3539 gratit-
2354 3470 2405 3523 in
2440 3472 2540 3523 hoc
2562 3472 2783 3525 omnino
2824 3472 3111 3537 deliniant,
3143 3474 3286 3543 quod
3334 3473 3475 3527 Deus
3501 3488 3634 3528 cun-

2033 3562 2269 3616 stituerit
2299 3565 2500 3617 nullum
2534 3563 2585 3618 in
2615 3579 2839 3633 regnum
2868 3580 3025 3619 suum
3058 3566 3159 3620 nisi
3196 3582 3293 3634 per
3321 3581 3634 3621 sacramen-

2034 3665 2145 3709 tum
2198 3656 2631 3723 regeneraiiOnis
2691 3674 2993 3724 a~sumere,
3049 3669 3104 3713 et
3164 3661 3229 3712 ad
3293 3656 3393 3713 hoc
3440 3661 3632 3717 sa'ntis

2032 3746 2231 3802 donum
2260 3765 2450 3804 omnes
2483 3750 2731 3803 homines
2765 3751 3170 3813 universaliter,
3197 3752 3311 3805 sive
3340 3766 3437 3819 per
3474 3762 3630 3807 natu-

2032 3841 2224 3906 ralem,
2260 3842 2373 3895 sive
2417 3857 2513 3909 per
2544 3844 2801 3909 SCt‘iplztm
2836 3843 3032 3912 legem,
3067 3844 3180 3895 sive
3213 3859 3309 3912 per
3352 3843 3628 3913 evangeli-

2030 3949 2147 3987 cam
2203 3934 2648 4004 prmdicationem
2706 3937 2887 3990 venari
2941 3954 2954 3990 :
3004 3945 3161 3991 utet
3217 3940 3304 4005 qui
3360 3939 3632 3995 riiluerint

2031 4027 2163 4081 [iant
2194 4027 2285 4081 illi:
2317 4027 2435 4091 Dei,
2468 4039 2521 4082 et
2565 4028 2966 4084 inexcusabiles
3005 4028 3115 4085 sint
3153 4029 3243 4099 qui
3291 4030 3479 4085 lidi-les
3508 4044 3630 4086 esse

2031 4120 2496 4190 noluerint:quia
2542 4120 2753 4189 justitia
2801 4122 2893 4175 Dei
2926 4121 2977 4176 in
3024 4138 3092 4176 eo
3143 4124 3233 4189 sit,
3290 4133 3347 4177 ut
3400 4124 3487 4195 qui
3520 4141 3628 4180 non

2028 4213 2367 4267 crediderint
2416 4224 2669 4282 pereant;
2712 4214 2927 4268 bonitas
2965 4216 3019 4268 in
3052 4229 3119 4270 eo
3144 4227 3423 4284 appareat,
3454 4217 3498 4270 si
3530 4230 3625 4273 ne-

2030 4306 2231 4357 minem
2286 4306 2513 4369 repellat
2540 4322 2568 4358 a
2602 4304 2733 4370 vita,
2785 4306 2879 4359 sed
2920 4305 3291 4360 iudichrenter
3336 4307 3622 4363 universos

2034 4399 2171 4451 velit
2214 4399 2395 4450 salvos
2431 4397 2568 4463 licri,
2598 4398 2729 4453 etin
2772 4398 3103 4467 agnitionem
3136 4398 3385 4454 veritatis
3413 4400 3622 4458 Venire.

2026 4486 2145 4543 Jam
2210 4488 2297 4545 hic
2352 4490 2634 4558 proferunt
2693 4491 3001 4546 testimonia
3067 4493 3266 4563 quibus
3318 4493 3625 4550 divinarum

321 4578 489 4645 mine,
520 4578 736 4637 fatalem
794 4586 1083 4655 quamdam
1133 4587 1318 4643 induci
1362 4592 1779 4659 necessitatem;
1830 4602 1925 4650 aut
1952 4580 2002 4641 Β
2030 4583 2437 4651 Scripturarum
2470 4584 2778 4637 cohortatio
2820 4585 2887 4637 ad
2918 4584 3285 4640 obedientium
3316 4586 3501 4641 incitat
3528 4587 3625 4643 ho-

319 4667 662 4729 diversarum
711 4685 1026 4732 naturarum
1060 4681 1165 4735 dici
1221 4681 1509 4736 Dominum
1548 4667 1913 4752 conditorem,

318 4762 365 4817 si
391 4778 556 4819 nemo
584 4766 728 4821 aliud
758 4770 928 4838 possit
957 4786 1080 4825 esse
1106 4788 1267 4843 quam
1295 4772 1321 4811 ι)
1355 4773 1529 4829 factus
1557 4788 1659 4829 est.
1685 4787 1706 4815 ε
1739 4776 1919 4847 thue

317 4852 538 4910 brevius
564 4873 631 4913 ac
660 4860 873 4928 plenius
897 4863 1041 4933 quod
1074 4864 1373 4934 opinantur
1416 4882 1709 4937 expoiiam,
1757 4871 1921 4939 quid-

316 4946 447 5017 quid
473 4948 525 5002 in
557 4950 703 5004 libro
739 4954 841 5008 hoc
876 4969 943 5010 ex
984 4957 1474 5013 centradiccntiutn
1506 4975 1669 5014 sensu
1720 4964 1923 5019 sancti-

316 5046 401 5093 tas
426 5050 514 5097 tua
543 5041 648 5097 sibi
679 5048 957 5115 opposuit,
987 5048 1247 5118 quidquid
1273 5051 1436 5106 etiam
1468 5052 1521 5106 in
1547 5050 1699 5108 libris
1728 5064 1917 5111 contra

311 5128 588 5189 lulianum
631 5137 699 5191 ab
729 5140 847 5208 ipso
885 5140 986 5215 sub
1030 5142 1130 5197 hac
1170 5150 1467 5214 quaestione
1499 5147 1771 5215 objectqu
1826 5165 1920 5217 po-

321 5227 639 5303 tentissime
688 5230 1010 5298 debellasti,
1070 5239 1175 5307 hoc
1228 5248 1398 5291 totum
1452 5239 1670 5294 abistis
1718 5240 1919 5296 sanctis

316 5316 765 5379 intentiosis~ime
806 5330 1207 5385 conclamatur.
1268 5330 1328 5385 Et
1386 5347 1510 5387 cum
1580 5345 1772 5387 contra
1824 5350 1919 5390 eos

315 5412 517 5483 scripta
562 5416 925 5507 beatitudinis
976 5429 1082 5476 tua:
1112 5420 1471 5479 validissimis
1516 5435 1570 5480 et
1618 5426 1919 5481 innumeris

390 5570 423 5645 ξ
453 5569 621 5645 Abest
646 5586 753 5626 vox
797 5572 913 5628 lucc
942 5574 1126 5628 deinde
1162 5590 1201 5630 .a
1256 5590 1387 5631 mss.
1434 5575 1571 5645 lieg.
1618 5577 1831 5632 duobus
1860 5586 1917 5633 et

314 5639 630 5783 ξιιμ,βίιὲ
672 5659 804 5700 sane
835 5662 903 5702 ex
941 5648 1097 5735 lapsu
1124 5639 1568 5719 amanuensiuni,
1600 5660 1659 5706 ut
1711 5651 1921 5721 patebit

406 5728 518 5768 eutt
634 5730 747 5771 tun.
986 5744 989 5751 -
1118 5738 1133 5747 ἠ
1302 5732 1307 5741 ³

388 5787 418 5831 υ
446 5784 550 5847 ιιι.
573 5785 713 5861 Reg.
743 5802 907 5861 unus.
945 5789 1118 5865 factu
1145 5792 1234 5852 sit.

2034 4677 2237 4729 niinum
2291 4675 2619 4739 voluntates,
2664 4678 2755 4745 qui
2803 4692 2872 4731 ex
2925 4677 3105 4733 libero
3132 4680 3379 4743 arbitrio,
3415 4690 3505 4734 aut
3550 4680 3626 4737 fa-

2030 4772 2175 4823 ciant
2210 4768 2299 4839 qui
2345 4769 2627 4839 julzentnr,
2682 4781 2775 4824 aut
2826 4771 3100 4841 negligant
3135 4789 3149 4825 :
3182 4784 3236 4827 et
3283 4790 3625 4846 consequens

2031 4870 2221 4931 putant
2248 4870 2302 4914 nt
2341 4862 2465 4930 quia
2510 4862 2889 4931 prmvatiralor
2922 4863 3041 4916 ideo
3093 4863 3294 4920 dicitur
3344 4881 3447 4920 ton
3496 4871 3626 4923 obe-

2028 4953 2196 5021 dissc,
2228 4956 2345 5024 quia
2378 4954 2570 5017 noluit,
2606 4956 2778 5009 lidelis
2819 4971 3033 5025 quoque
3081 4972 3185 5011 non
3234 4958 3514 5013 dulntetnr
3554 4958 3627 5013 ob

2028 5048 2134 5105 hoc
2162 5049 2390 5103 devotus
2423 5048 2589 5101 fuisse
2615 5091 2628 5114 ,
2662 5049 2783 5118 quia
2835 5048 3041 5112 Voluit;
3075 5060 3129 5103 et
3162 5062 3424 5117 quantum
3472 5053 3623 5116 ouis-

2029 5158 2131 5210 que
2162 5142 2225 5194 ad
2262 5140 2487 5203 malum,
2514 5149 2719 5192 tan'um
2755 5139 2949 5193 habeat
2982 5140 3255 5195 incultatis
3282 5142 3347 5195 ad
3381 5143 3579 5195 bonum
3608 5158 3623 5209 ;

2030 5237 2251 5305 parique
2276 5245 2554 5286 momento
2586 5230 2825 5283 anituum
2849 5247 2908 5285 se
2942 5231 3023 5285 vel
3058 5234 3123 5285 ad
3158 5231 3282 5283 vitia
3315 5246 3362 5283 vi
3384 5231 3397 5283 l
3423 5235 3487 5285 ad
3518 5234 3624 5287 vir-

2029 5339 2170 5381 tutcs
2224 5342 2463 5388 movere,
2514 5341 2675 5395 quctn
2732 5326 2869 5379 bona
2911 5332 3253 5393 appetentem
3306 5328 3479 5395 gratia
3529 5326 3623 5384 Dei
3696 5387 3713 5406 .

2029 5421 2226 5488 foveat,
2258 5421 2398 5475 mala
2444 5429 2745 5477 sectantem
2793 5419 3067 5475 damnatio
3092 5417 3237 5487 justa
3270 5434 3394 5475 susc
3420 5421 3550 5491 piat.

2103 5587 2125 5616 ο
2158 5576 2249 5633 Sic
2294 5590 2424 5630 mss.
2467 5574 2577 5629 duo
2628 5576 2759 5644 Reg.
2812 5587 2859 5627 et
2901 5570 3054 5627 Co’h.
3106 5589 3264 5645 unis,
3314 5578 3443 5633 item
3485 5578 3617 5635 edit.

2028 5649 2190 5725 huius
2220 5649 2463 5725 epi~tola2
2498 5658 2646 5701 tumo
2678 5651 2722 5699 λ
2753 5649 2992 5715 Opi-ium
3015 5648 3075 5703 S.
3108 5652 3247 5723 Aug.
3282 5666 3410 5707 nov.
3445 5652 3619 5725 edit;

2025 5722 2186 5777 ﬁlias.
2213 5722 2374 5783 Atque
2406 5728 2479 5772 ut.
3210 5722 3213 5723 ⁷
3442 5738 3447 5749 ι

2103 5786 2134 5834 ὀ
2153 5791 2253 5850 51,,
2278 5792 2411 5865 ttcg.
2438 5803 2597 5858 unus,
2621 5786 2771 5846 aliud
2795 5790 2975 5857 etiam.

2946 5993 2981 6008 4·
3016 5990 3055 6011 εἰ
