4080 6354
535 298 604 371 ‘tt
1272 253 1274 255 b
1769 296 1825 355 s.
1868 281 2122 353 rt‘tosrr

2239 296 2272 351 Δ
2287 286 2566 364 ΟΗΙΤΑΝῙ
3745 294 3824 356 ’72

608 426 660 480 δ,
686 424 930 492 cumque
968 422 1108 476 inter
1139 418 1255 471 Im:
1295 410 1767 471 innumerabilium
1802 412 1905 464 illis
1937 411 2119 463 tntilti-
2148 412 2201 471 Α
2228 410 2331 465 ritu
2362 410 2702 467 credulitatis
2728 413 3060 481 necopcriut.
3093 409 3149 467 lu
3185 410 3337 467 istam
3381 428 3511 469 vero
3542 413 3662 469 talis
3693 434 3821 479 κινει-

537 519 664 573 tudo
698 518 948 585 obiicitur
988 513 1331 584 parvolormu
1365 510 1451 579 qui
1499 507 1704 575 utique.
1747 514 1974 573 excepto
2014 507 2126 556 ori-

536 611 698 680 ginali
730 618 972 675 peccatu,
1005 609 1104 661 sub
1134 620 1239 675 quo
1271 618 1463 657 omnes
1502 599 1749 654 homines
1791 597 2039 651 similiter
2071 596 2123 649 in

536 705 693 776 primi
730 702 959 755 il‘llllillis
1000 696 1348 751 ιΙιιιιιΙιὲιιὶοιιθ
1379 702 1700 754 nascuntur,
1736 690 1912 744 inulas
1943 688 2125 741 adhuc

539 798 799 850 habentes
828 794 1157 854 voluntates,
1195 788 1369 842 nullas
1411 785 1658 857 proprias
1705 784 1969 841 actiones.
2015 794 2124 834 non

536 891 655 942 sine
688 888 777 941 Dei
821 884 1027 954 judicio
1073 892 1455 945 secernuntur,
1490 889 1547 931 ut
1574 886 1699 931 ante
1736 873 2124 930 discretionem

536 982 659 1035 boni
711 996 773 1031 at:
802 979 853 1050 5
898 976 1022 1030 mali
1053 977 1121 1030 de
1154 990 1251 1027 usu
1310 976 1433 1027 vita:
1476 972 1629 1026 istius
1679 966 1981 1030 auferendi,
2034 961 2126 1019 alii

541 1090 635 1139 per
662 1090 701 1124 r-
723 1071 1131 1141 gt-neratioucm
1162 1067 1302 1121 inter
1330 1066 1569 1120 caelestis
1602 1061 1749 1133 regni
1782 1068 2127 1114 assumantur

537 1166 806 1229 heredes,
839 1164 928 1218 alii
961 1165 1080 1218 sine
1125 1162 1395 1231 baptiSmo
1427 1165 1568 1214 inter
1611 1157 1802 1211 mortis
1849 1162 2125 1223 perpetua

536 1265 815 1313 transeant
844 1255 1119 1310 debitores
1145 1274 1159 1308 :
1194 1255 1327 1310 tales
1352 1253 1503 1307 aiunt
1534 1252 1705 1321 perdi,
1740 1249 1981 1317 talesque
2012 1246 2123 1299 sal-

534 1353 675 1415 Vari,
724 1355 911 1419 qtta'es
964 1347 1171 1402 futuros
1222 1346 1343 1401 illos
1390 1348 1441 1398 in
1486 1343 1644 1397 anuis
1694 1340 2022 1409 majmihm,
2079 1337 2126 1392 si

535 1445 601 1500 ad
638 1438 1237 1498 ιιιξῑίιιιιιισὲριδνιιιψιιιιιι’
1268 1450 1359 1494 ειιιι
1404 1452 1507 1495 em.
1537 1436 1761 1492 scientia
1792 1434 1971 1489 divina
1998 1446 2126 1501 prte-

538 1541 750 1595 ritlerit.
791 1538 897 1592 Nec
936 1534 1288 1591 considerant
1317 1549 1374 1587 se
1402 1534 1630 1601 gratiam
1670 1530 1788 1596 Dei,
1818 1544 1979 1597 quam
2028 1540 2125 1580 co-

537 1634 746 1693 mitem,
774 1646 877 1682 non
933 1629 1184 1697 praeviam
1234 1626 1589 1679 humanorum
1629 1624 1815 1674 volunt
1862 1635 1983 1674 esse
2016 1632 2128 1673 me-

536 1727 785 1785 ritorum,
829 1724 992 1775 etiatn
1044 1721 1149 1775 illis
1202 1720 1573 1771 Voluntatihus
1604 1716 1860 1778 subdere,
1893 1728 2025 1783 quas
2056 1711 2125 1765 ab

2230 503 2316 559 tiae
2367 505 2801 573 praadit'atioucm
2834 506 2884 559 hi
2919 524 3144 572 quorum
3174 508 3603 563 l‘ttttll’ﬂtilt‘liillle
3646 508 3821 563 Hiien-

2229 595 2432 661 dimur,
2476 616 2598 653 cum
2650 601 2797 668 prius
2849 604 3071 655 meliora
3128 584 3416 665 sentirent,
3469 602 3591 655 ideo
3627 618 3685 655 se
3736 602 3821 658 vel

2230 693 2464 748 maxime
2511 697 2898 761 contulerunt;
2952 696 3075 765 quia
3123 697 3167 749 si
3210 696 3597 763 proﬁterentur
3644 696 3714 749 ab
3755 711 3817 750 ea

2228 787 2411 842 omnia
2446 788 2584 843 bona
2617 791 2811 843 tnerita
2845 788 3159 857 praweniri,
3194 801 3248 843 et
3279 789 3347 844 ab
3381 790 3492 859 ipsa
3526 801 3581 844 ut
3614 792 3824 856 possint

2229 896 2351 937 esse
2376 882 2599 946 donari;
2630 884 2687 954 6
2732 888 3057 938 necessitate
3082 882 3467 947 concederent,
3506 884 3695 949 “cum,
3731 898 3822 935 se-

2228 976 2465 1029 cundmn
2516 981 2853 1043 prepositqu
2903 988 2958 1030 et
3004 976 3292 1031 consilium
3338 975 3637 1030 Voluntatis
3684 993 3818 1045 sitm,

2229 1072 2442 1126 occulto
2481 1070 2712 1141 judicio,
2756 1079 2815 1125 et
2840 1086 3006 1141 opere
3037 1070 3346 1135 manifesto,
3380 1070 3525 1124 aliud
3558 1085 3649 1123 ras
3692 1088 3826 1121 ron-

2229 1164 2361 1221 dere
2400 1166 2451 1219 iu
2492 1170 2778 1229 honorem,
2831 1165 2977 1220 aliud
3012 1168 3063 1219 in
3107 1166 3493 1219 contumeliam
3534 1163 3712 1229 (Nam.
3744 1178 3819 1229 Ix,

2227 1257 2324 1326 2|)
2346 1274 2360 1319 :
2385 1260 2511 1329 quia
2536 1273 2697 1314 nemo
2721 1258 2822 1313 nisi
2850 1274 2945 1327 per
2964 1258 3190 1329 gratiam
3212 1260 3560 1329 justilicetur,
3582 1266 3637 1310 et
3662 1273 3824 1311 nemo

2230 1350 2331 1406 nisi
2360 1350 2413 1404 in
2447 1351 2895 1419 prazvaricatioue
2927 1362 3200 1405 nascatur.
3237 1349 3343 1405 Sed
3372 1348 3647 1415 refugiunt
3677 1345 3821 1401 istud

2230 1442 2408 1506 fateri,
2437 1443 2735 1513 dit'inoque
2764 1442 3043 1499 ascribere
3081 1444 3233 1512 operi
3268 1454 3580 1496 sancto.»qu
3627 1443 3824 1495 nnerita

2229 1535 2560 1589 formidant:
2595 1550 2695 1591 nec
2737 1537 3093 1604 acquiescant
3124 1534 3569 1603 pt-tnde51inatuut
3618 1533 3826 1587 electo-

2230 1641 2347 1680 rum
2382 1642 2664 1680 numerum
2698 1644 2798 1681 nec
2827 1629 3010 1697 augeri
3044 1642 3224 1696 posse,
3255 1644 3351 1680 nec
3385 1624 3554 1679 iniuui
3575 1667 3589 1688 ,
3628 1641 3696 1679 ne
3740 1625 3826 1680 lo-

2229 1732 2353 1773 cum
2377 1719 2517 1783 apud
2550 1718 2794 1773 inﬁdeles
2823 1734 2886 1773 ac
2914 1719 3254 1788 negligentes
3296 1717 3703 1773 eolionantinm
3736 1718 3824 1771 ia-

536 1833 596 1872 (ιη
649 1816 943 1869 secundum
993 1829 1144 1868 suam
1198 1812 1553 1879 phantasirun,
1608 1825 1712 1862 non
1760 1814 1958 1875 negant
2002 1818 2122 1857 che
2154 1802 2199 1863 B
2228 1810 2518 1865 citamcnta
2553 1826 2658 1864 nou
2690 1811 2948 1877 habt-aut,
2973 1826 3036 1864 ac
3057 1811 3328 1879 superﬂua
3357 1813 3429 1863 sit
3461 1810 3739 1883 industria:
3761 1822 3826 1865 ac

537 1919 856 1978 praeventa»
889 1908 991 1961 Sed
1022 1909 1071 1957 in
1108 1916 1315 1959 tantum
1345 1902 1774 1967 quibuscumque
1800 1894 2124 1952 commenti-

540 2004 626 2054 tiis
668 2004 877 2055 meritis
916 2000 1235 2053 electinucm
1264 1997 1354 2050 Dt'i
1381 1994 1701 2059 subjiciunt,
1738 2004 1792 2046 ιιι
1832 1991 1954 2060 quia
1989 2004 2126 2055 μνω-

538 2094 697 2149 terita
734 2108 850 2161 qua:
877 2109 981 2145 non
1021 2100 1255 2153 exstant,
1292 2088 1469 2139 futura
1494 2102 1612 2151 qna:
1644 2102 1749 2137 non
1798 2084 1905 2137 sint
1948 2081 2124 2134 futura

536 2202 617 2241 coe
647 2189 879 2256 lingunt;
911 2199 1155 2252 novoque
1193 2185 1329 2250 apud
1367 2184 1489 2233 ilius
1519 2178 1865 2235 absurditatis
1902 2190 2121 2245 genere,

541 2290 589 2332 et
625 2294 731 2332 non
764 2277 971 2345 agenda
1008 2274 1255 2345 ptzrsrita
1303 2275 1432 2335 sint,
1465 2282 1520 2325 et
1565 2271 1810 2340 pra-srita
1860 2284 1965 2322 non
2007 2278 2125 2322 acta

538 2371 663 2423 sint.
700 2369 848 2422 lianc
893 2383 1022 2423 sziue
1069 2367 1136 2420 de
1183 2365 1433 2419 humanis
1485 2364 1690 2417 meritis
1730 2359 2125 2431 pra-scientiam

537 2460 665 2527 Dei,
724 2461 1018 2514 Secundum
1076 2476 1235 2529 qn.un
1298 2458 1468 2526 gratia
1527 2455 1771 2509 vocantis
1825 2465 2120 2521 operetur,

538 2552 706 2608 tnnlto
737 2553 835 2608 sibi
870 2552 1241 2605 rationabilins
1290 2550 1545 2603 videnlur
1593 2556 1861 2609 astruere,
1893 2562 2013 2599 cum
2057 2544 2123 2597 ad

535 2660 719 2701 earum
764 2643 1040 2697 nationum
1074 2639 1586 2710 contemplationem
1623 2649 1859 2699 venitur,
1891 2651 2011 2704 quae
2040 2634 2124 2689 vel

536 2736 907 2806 inpra‘teritis
938 2734 1155 2788 s:eeulis
1186 2733 1426 2786 dimissa:
1457 2741 1584 2784 sunt
1613 2729 1628 2783 i
1672 2730 1821 2799 gredi
1854 2732 1968 2782 vias
1996 2742 2123 2781 suas

537 2829 673 2899 (Acr.
723 2843 837 2893 xw,
877 2827 986 2895 i5),
1023 2826 1102 2881 vel
1155 2840 1297 2879 nunc
1352 2839 1565 2894 quoque
1603 2823 1777 2875 adhuc
1816 2821 1867 2874 iu
1929 2828 2030 2874 vctv
2052 2821 2126 2874 ris

536 2923 852 2991 igiturantae
887 2923 1162 2990 nupietate
1196 2920 1513 2987 depereunt,
1543 2932 1639 2969 nec
1663 2915 1767 2970 ulla
1791 2915 1869 2968 eis
1896 2926 1987 2966 aut
2019 2914 2125 2968 Le-

537 3018 619 3087 gis
664 3025 753 3070 aut
802 3015 1074 3085 Evangelii
1125 3012 1445 3067 illuminatio
1492 3009 1832 3072 eoruscavit,
1874 3023 1997 3061 eum
2047 3017 2129 3059 ta-

538 3128 683 3179 tueu,
719 3113 769 3163 in
814 3120 1069 3179 quantum
1127 3104 1571 3177 pra‘dicatoribus
1625 3102 1822 3157 ostium
1870 3113 2116 3164 apertum

537 3216 641 3267 e-t,
673 3177 727 3259 et
769 3177 849 3258 ria
890 3202 1031 3257 faeta
1070 3211 1173 3265 est,
1214 3200 1452 3270 geminiu
1496 3196 1723 3266 pupulas
1773 3195 1864 3263 qtti
1896 3192 2123 3246 sedi-hat
2149 3177 2198 3243 C

536 3298 589 3351 in
621 3298 859 3351 tenebris
897 3305 951 3350 ct
982 3298 1032 3348 in
1065 3296 1255 3347 umbra
1301 3290 1513 3354 mortis,
1550 3290 1724 3342 lucrm
1762 3286 1958 3338 viderit
2006 3299 2123 3338 ma-

534 3405 691 3460 gnam
719 3386 852 3459 (Isa.
888 3404 967 3453 Ix,
1008 3386 1073 3448 2;
1110 3384 1302 3438 Matth.
1356 3398 1429 3447 tv,
1468 3383 1587 3447 l6);
1638 3390 1691 3431 et
1721 3378 1813 3447 qui
1851 3376 2122 3447 quondam

535 3498 639 3536 non
674 3482 921 3548 populus.
951 3495 1058 3533 non
1092 3488 1269 3532 autem
1302 3477 1527 3545 pepnius
1557 3472 1650 3527 Dei
1688 3473 1785 3533 sit;
1816 3480 1870 3526 et
1891 3484 2123 3540 quorum

532 3573 817 3644 aliquando
856 3588 958 3625 non
992 3572 1244 3625 misertus
1274 3582 1376 3631 est,
1410 3582 1552 3621 tmne
1582 3575 1759 3619 autem
1802 3565 2123 3618 misereatur

535 3666 707 3737 (0an
736 3682 794 3729 ιι,
827 3663 917 3727 24,
958 3673 1005 3717 ct
1040 3663 1193 3717 liam.
1234 3678 1309 3724 ts,
1337 3662 1427 3728 9.5)
1460 3678 1472 3712 :
1507 3659 1765 3728 praevisos
1808 3657 2060 3726 inquiunt
2090 3669 2120 3708 ιι

534 3760 762 3813 Domino
806 3758 1131 3823 credituros,
1193 3766 1248 3811 et
1290 3755 1355 3808 ad
1418 3766 1851 3821 ttnzuuquamque
1904 3757 2121 3819 gentem

533 3851 605 3904 ita
630 3852 937 3919 dispensata
971 3860 1217 3917 tempora
1254 3862 1316 3900 ac
1360 3846 1659 3900 ministeria
1712 3846 2118 3911 magistrorum,

536 3953 592 3997 ut
641 3952 890 3997 cxortura
934 3951 1050 3996 erat
1094 3946 1351 3997 bonarum
1410 3941 1704 3994 credulitas
1756 3939 2115 3992 Voluntatum.

532 4035 641 4090 Nec
673 4035 924 4088 vacil'are
956 4033 1107 4097 illud,
1153 4032 1293 4101 quod
1333 4030 1469 4084 Deus
1516 4048 1689 4084 omnes
1733 4032 1963 4084 homines
1998 4029 2120 4083 velit

530 4131 697 4182 salvos
729 4126 863 4187 ﬁeri.
902 4134 949 4178 ct
992 4125 1043 4177 in
1086 4125 1400 4187 agnitionem
1442 4123 1666 4176 veritatis
1710 4123 1879 4179 venire
1908 4122 1951 4192 (I
1980 4122 2115 4177 Tim.

528 4234 588 4278 tt.
614 4220 671 4289 4⁸)
707 4215 1179 4287 :quandoquidem
1226 4215 1629 4269 inexcusabiles
1666 4217 1794 4279 sint,
1838 4216 1925 4283 qui
1969 4224 2022 4268 et
2051 4214 2119 4269 ad

530 4312 690 4366 ttnius
713 4313 821 4366 veri
856 4310 947 4365 Dei
982 4309 1183 4363 cultum
1220 4310 1492 4379 potuerint
1532 4309 1729 4362 inJrui
1764 4309 2117 4377 inti-lhgentia

532 4408 788 4469 naturali,
820 4418 873 4459 et
925 4404 1272 4475 Evangehum
1323 4404 1447 4459 ideo
1491 4420 1601 4459 non
1658 4406 1953 4473 audierint,
1992 4409 2117 4478 quia

529 4517 630 4557 nec
652 4502 849 4555 fuerint
880 4500 1171 4568 recepturi.

2229 1901 2433 1955 laboris
2476 1902 2725 1967 indictio,
2779 1902 2936 1973 cujus
2980 1904 3218 1957 studium
3264 1900 3513 1959 cessante
3552 1904 3826 1959 electione

2229 1995 2597 2049 irostraudum
2630 1996 2720 2050 sit.
2758 1996 2829 2049 ita
2857 1996 3074 2050 demum
3101 1996 3246 2051 enim
3275 2012 3433 2066 posse
3458 2010 3825 2063 unumquem-

2227 2104 2332 2159 que
2357 2089 2424 2142 ad
2448 2090 2842 2144 correctionem
2870 2089 3055 2143 autad
3100 2090 3401 2157 proiectum
3443 2092 3651 2152 VoCari,
3683 2090 3728 2142 si
3759 2103 3827 2146 se

2228 2181 2364 2234 sciat
2389 2196 2484 2234 sua
2511 2180 2792 2251 diligentia
2823 2180 3021 2236 bonum
3063 2196 3186 2236 es~e
3217 2198 3398 2251 po-se,
3432 2191 3486 2236 et
3515 2181 3825 2238 libertatem

2227 2285 2381 2325 suam
2424 2273 2494 2325 ob
2541 2271 2643 2326 hoc
2678 2272 2771 2328 Dei
2821 2273 3028 2327 auxilio
3068 2273 3387 2342 jnvauilam,
3421 2275 3465 2327 si
3496 2276 3643 2341 quod
3680 2275 3828 2331 Deus

2230 2366 2450 2420 mandat
2478 2366 2721 2435 elegerit.
2755 2366 2833 2421 Ac
2858 2368 2935 2420 sic
2965 2384 3085 2422 ctttn
3116 2369 3166 2420 in
3198 2367 3282 2421 his
3303 2372 3391 2437 qui
3423 2377 3635 2437 tempus
3668 2382 3829 2425 aere-

2232 2467 2429 2528 pernnt
2475 2458 2662 2512 liberae
2701 2459 3017 2521 voluntatis,
3060 2458 3169 2512 duo
3209 2464 3319 2512 sint
3365 2476 3484 2529 qua:
3530 2460 3829 2516 humanam

2227 2558 2525 2619 Operentur
2567 2552 2815 2617 salutem,
2875 2552 2967 2607 Dei
3019 2553 3223 2607 scilicet
3273 2550 3448 2621 gratia
3493 2563 3547 2605 et
3586 2552 3831 2608 hominis

2227 2621 2559 2707 obiidieutia,
2594 2645 2832 2714 priorem
2874 2645 3061 2699 volunt
3092 2644 3460 2698 obedientiam
3508 2661 3629 2698 esse
3658 2660 3827 2716 quam

2228 2738 2481 2805 gratiam,
2513 2749 2569 2790 ιιι
2618 2738 2831 2793 initium
2873 2737 3065 2792 Salutis
3089 2754 3154 2792 ex
3184 2753 3250 2792 eo
3280 2738 3370 2808 qui
3403 2738 3663 2801 ξιιμ-τιμία
3711 2754 3829 2795 non

2228 2843 2294 2881 ex
2326 2844 2393 2882 eo
2433 2828 2763 2883 credendum
2810 2829 2886 2883 sit
2930 2839 3075 2883 stare
3104 2830 3194 2898 qui
3236 2829 3443 2890 suitml;
3476 2839 3532 2882 et
3572 2832 3831 2884 Voluntas

2230 2919 2467 2973 hominis
2498 2920 2698 2974 divina:
2728 2922 2915 2991 gratia:
2940 2921 3043 2974 sibi
3078 2921 3251 2989 pari'rt
3289 2937 3471 2992 opem,
3514 2939 3618 2976 non
3650 2922 3829 2992 graia

2230 3016 2328 3068 sibi
2364 3014 2654 3070 lmmanam
2684 3015 2937 3083 subjiciat
2961 3017 3315 3071 voluntatem.

2302 3108 2355 3162 7.
2397 3108 2552 3173 Quod
2591 3122 2717 3164 cum
2748 3107 3217 3177 pcrrers‘ssimuin
3248 3124 3372 3163 esse
3420 3107 3697 3163 revelautc
3728 3108 3831 3166 Dei

2229 3200 2628 3261 misericordia,
2655 3209 2708 3254 et
2736 3201 3041 3255 instruente
3070 3216 3166 3255 nus
3200 3212 3288 3254 tua
3334 3201 3691 3265 beatitudine,
3727 3218 3831 3258 no-

2230 3294 2488 3358 vet-imm,
2533 3308 2821 3363 possumus
2850 3294 3066 3363 quidem
3097 3294 3162 3347 ad
3198 3310 3301 3348 non
3334 3294 3665 3348 credendum
3700 3309 3833 3350 esse

2227 3393 2564 3452 Cottstanles,
2608 3386 2703 3441 sed
2751 3385 2818 3439 ad
2862 3389 3242 3439 auctoritatem
3292 3387 3417 3439 talia
3467 3388 3830 3441 sentientium

2227 3493 2338 3530 non
2368 3491 2557 3531 StllltllS
2592 3492 2788 3545 pares:
2821 3478 2943 3546 quia
2980 3479 3205 3531 multum
3244 3494 3341 3536 nos
3368 3489 3422 3532 et
3452 3476 3577 3531 rita.-
3609 3478 3836 3534 meritis

2227 3572 2575 3634 antecellunt,
2607 3585 2657 3626 et
2703 3571 2872 3641 aliqui
2901 3588 3088 3627 eorum
3124 3571 3324 3640 atlepto
3362 3590 3534 3641 nuper
3558 3585 3577 3608 ⁸
3607 3589 3835 3630 summo

2226 3665 2518 3720 sacerdotii
2573 3665 2781 3719 honore
2828 3665 3267 3735 superemiut-nt;
3322 3682 3420 3721 nec
3465 3666 3617 3720 fat-ile
3673 3671 3837 3734 quis-

2226 3772 2410 3826 quam,
2460 3766 2655 3825 przeter
2704 3771 2904 3827 paucos
2964 3758 3221 3828 perfecta:
3274 3760 3463 3829 gratim
3518 3759 3837 3827 intrepidos

2227 3857 2522 3917 amatores,
2570 3858 2718 3902 tanto
2756 3850 3100 3919 superiorum
3150 3850 3604 3918 diSpntationibus
3660 3866 3836 3908 ausus

2226 3951 2309 3995 est
2330 3942 2623 3995 contraire.
2658 3942 2733 3995 Ex
2759 3957 2865 4011 quo
2888 3959 2992 3995 non
3017 3942 3190 3995 solum
3217 3943 3299 3995 his
3322 3944 3412 4013 qui
3443 3959 3535 3997 eos
3564 3944 3831 4011 audiunt,

2227 4051 2411 4090 verum
2443 4036 2603 4089 etiam
2638 4035 2767 4105 ipsis
2811 4037 2902 4106 qui
2948 4037 3263 4095 audiuntur.
3299 4052 3421 4090 cum
3465 4036 3840 4105 dignitatibus

2226 4129 2401 4183 crevit
2431 4131 2753 4197 periculum,
2796 4131 2921 4183 dum
2968 4141 3020 4184 et
3051 4130 3251 4183 inultos
3283 4132 3586 4185 reverentia
3629 4145 3837 4187 eorum

2225 4230 2316 4274 aut
2348 4220 2523 4275 itmtili
2571 4222 2792 4276 cohibet
2823 4222 3065 4290 silentio,
3099 4234 3187 4275 aut
3236 4222 3510 4276 incurioso
3542 4222 3691 4276 ducit
3739 4239 3842 4279 as-

2224 4330 2417 4381 sensu;
2472 4327 2528 4371 et
2556 4317 2985 4371 saluberrimum
3034 4315 3169 4384 ipsis
3209 4316 3444 4381 videtur,
3491 4316 3632 4386 quod
3683 4332 3843 4383 pene

2225 4409 2421 4461 nullius
2450 4410 2884 4463 Cuntrmlictiotte
2918 4409 3355 4478 reprelienditur.
3389 4408 3538 4464 Unde
3564 4407 3589 4447 δ
3614 4428 3744 4478 quia
3775 4411 3842 4467 in

2224 4507 2341 4562 istis
2393 4508 2687 4580 Pelagiana:
2734 4510 3016 4578 pravitatis
3062 4510 3307 4579 reliquiis
3356 4525 3461 4564 non
3519 4510 3845 4567 mediocris

598 4594 652 4648 6.
695 4593 799 4647 l'ro
840 4592 1095 4646 universo
1129 4598 1309 4645 autetn
1342 4589 1578 4646 humano
1608 4607 1810 4662 genere
1835 4602 2111 4649 mortuum

2227 4611 2519 4665 virulentia:
2548 4614 2679 4664 tihra
2713 4613 2968 4679 nutritur,
2996 4612 3041 4665 si
3078 4612 3400 4682 principium
3434 4615 3635 4666 salutis
3673 4614 3841 4671 male

527 4701 648 4743 esse
678 4686 957 4741 lloiniuum
999 4695 1240 4739 nostrum
1285 4684 1469 4739 .lcsum
1500 4686 1799 4750 Christum,
1842 4697 1897 4741 et
1937 4688 2112 4742 uetui-

529 4794 651 4835 nem
670 4785 889 4847 prorsus
917 4796 943 4827 a
973 4776 1345 4847 redemptione
1363 4779 1638 4847 sanguinis
1658 4780 1776 4847 ejus
1802 4789 2112 4847 exceptum,

528 4875 735 4929 etiamsi
760 4886 971 4925 omnem
1007 4870 1143 4924 hanc
1174 4872 1335 4923 vitam
1371 4869 1701 4924 alienissima
1728 4871 1797 4925 ab
1824 4887 1890 4926 eo
1933 4879 2115 4927 mento

527 4973 887 5038 pertranseat,
916 4965 1038 5033 quia
1073 4963 1139 5017 ad
1165 4978 1355 5017 onmes
1387 4963 1634 5018 homines
1684 4964 1952 5034 pertineat
1975 4963 2114 5018 divi-

527 5076 607 5114 nzc
653 5058 1037 5112 tttiSericordi:e
1080 5065 1481 5111 sacrameutmn
1521 5075 1533 5109 :
1582 5074 1688 5126 quo
1725 5058 1849 5112 ideo
1896 5058 2113 5125 plurimi

526 5171 630 5207 nuu
666 5162 1014 5213 renoventur,
1047 5155 1172 5220 quia
1217 5153 1360 5221 quod
1416 5166 1515 5206 nec
1544 5152 1798 5205 renovari
1830 5151 1971 5206 velle
2018 5151 2115 5205 ha-

527 5243 686 5297 beant
716 5256 1139 5312 pz'.enoscautur.
1180 5244 1364 5314 Itaque
1394 5254 1654 5315 quantum
1688 5246 1753 5298 ad
1797 5245 1962 5298 Deum
1993 5260 2114 5314 per-

507 5338 680 5404 tinet,
714 5342 967 5392 ttitltiliNlS
1017 5352 1256 5409 paramur
1307 5351 1469 5393 Vitam
1517 5350 1805 5404 a-teruam;
1856 5348 2114 5409 quantum

528 5440 702 5484 autem
731 5432 795 5486 ad
822 5434 1033 5489 arbitrii
1058 5422 1385 5503 libertatem,
1410 5435 1476 5488 ah
1505 5434 1590 5488 his
1614 5450 1734 5488 eam
1759 5435 2112 5507 apprehendi,

527 5523 619 5596 qui
653 5525 761 5578 Deo
791 5537 981 5598 spente
1019 5530 1372 5593 crediderint,
1404 5539 1459 5583 et
1483 5527 1747 5582 auxilium
1778 5530 1963 5598 gratia:
1993 5546 2113 5589 me-

594 5664 623 5727 _‘
652 5662 706 5718 in
738 5678 891 5727 tuss.,
924 5669 1129 5720 summi.

592 5724 623 5767 δ
652 5738 779 5790 Mss.
817 5724 947 5805 Reg.
981 5744 1087 5791 duo
1116 5748 1162 5791 et
1196 5738 1379 5801 Colb.,
1402 5741 1447 5795 si
1468 5740 1518 5794 in
1542 5740 1673 5794 istis.

600 5814 626 5849 ⁸
656 5806 761 5869 his.
784 5807 923 5883 Reg.
950 5824 1113 5880 unus,
1135 5814 1504 5885 correptiouem
1529 5813 1676 5875 boni.

2221 4713 2272 4767 in
2296 4711 2513 4768 homine
2541 4715 2802 4779 c'ollatur;
2835 4713 2881 4768 si
2903 4713 3097 4767 divina:
3125 4715 3388 4769 voluntati
3420 4716 3581 4782 impie
3617 4718 3848 4771 volun-

2217 4828 2301 4873 tas
2330 4815 2559 4871 humaua
2602 4819 2908 4887 prazlertur,
2957 4826 3013 4871 ut
3059 4817 3182 4871 ideo
3221 4817 3342 4886 quis
3372 4816 3661 4886 adjuvetur
3686 4820 3847 4886 quia

2218 4916 2412 4985 voluit,
2441 4932 2547 4972 non
2581 4918 2702 4972 ideo
2722 4917 2842 4986 quia
2870 4918 3159 4988 adiuvatur
3182 4919 3311 4973 velit
3335 4934 3349 4980 ;
3381 4920 3421 4971 si
3462 4918 3847 4987 originatiler

2220 5021 2399 5074 malus
2432 5030 2454 5058 ο
2487 5021 2853 5088 receptionth
2886 5019 3013 5075 booi
3058 5036 3161 5074 non
3207 5035 3233 5072 a
3268 5034 3479 5074 summo
3511 5020 3673 5083 hono,
3724 5024 3849 5079 sed

2217 5136 2247 5175 a
2276 5123 2571 5193 semetipso
2603 5122 2859 5179 inchoare
2883 5123 3027 5179 male
3057 5124 3329 5189 creditur;
3374 5124 3421 5177 si
3449 5123 3665 5176 aliunde
3703 5124 3854 5183 Deo

2216 5223 2482 5294 placetur,
2517 5226 2620 5279 nisi
2645 5240 2713 5280 ex
2745 5240 2812 5281 eo
2842 5226 2982 5296 quod
3013 5228 3128 5295 ipse
3154 5226 3437 5281 donaverit
3465 5242 3478 5279 :
3508 5225 3686 5278 tribue
3728 5243 3858 5285 no-

2217 5326 2302 5384 bis
2333 5332 2386 5384 in
2428 5328 2530 5383 hac
2567 5346 2750 5397 causa,
2803 5346 2939 5400 papa
2982 5329 3322 5396 beatissime,
3382 5340 3535 5399 pater
3581 5334 3856 5403 Optime,

2220 5440 2479 5501 quantum
2501 5430 2722 5500 juvaute
2756 5432 2984 5485 Domino
3018 5442 3194 5501 potes,
3224 5431 3565 5501 diligentiam
3598 5436 3864 5498 pietatis

2219 5542 2349 5599 tum,
2382 5544 2437 5589 ut
2461 5550 2581 5605 qua:
2608 5535 2663 5589 in
2695 5534 2811 5588 iStis
2836 5533 3227 5604 quarstionibus
3246 5535 3563 5589 obscuriora
3589 5530 3637 5601 ἀ,
3664 5544 3736 5588 et
3772 5538 3864 5598 ad

2292 5670 2321 5710 ⁸
2357 5674 2634 5733 Editiones
2653 5674 2712 5735 S.
2734 5674 3005 5747 Prosperi.
3031 5672 3119 5732 hic
3139 5674 3366 5742 addunt,
3392 5674 3617 5731 obsecro.
3645 5678 3867 5743 Abesg

2222 5760 2255 5803 ι
2280 5762 2413 5803 mss.
