4080 6354
251 381 339 463 7s
1459 374 1791 435 EPISTOLA
1828 399 1840 432 λ

1961 375 2295 434 RUFINUM.
3463 379 3534 437 ’16

251 492 660 569 percipiendum
708 490 1020 549 difﬁciliora
1064 497 1223 561 sunt,
1275 504 1436 564 quam
1483 491 1832 549 lucidissimis
1858 492 1915 552 Α
1939 505 2061 546 nem
2108 488 2531 561 uniuscujusque
2571 489 2905 560 praeviderit,
2935 496 2990 547 et
3032 489 3137 546 sub
3177 491 3296 563 ipso
3336 492 3529 564 gratia

252 586 685 663 expositionibus
711 584 957 657 digneris
985 585 1219 656 aperire.

311 682 365 755 7
405 683 463 739 8.
496 684 574 738 Ac
595 681 856 753 primum,
895 679 1018 750 quia
1049 677 1294 750 plerique
1324 694 1432 736 non
1459 687 1647 751 putant
1671 678 1839 735 Chri-

252 778 476 834 stianam
518 776 681 832 ﬁdem
708 775 809 831 hac
829 775 1171 831 dissensione
1211 773 1430 843 violari,
1459 784 1719 846 quantum
1746 790 1840 845 pe-

253 870 403 926 riculi
448 872 521 925 sit
564 869 620 925 in
660 884 849 926 eorum
888 868 1241 939 persuasione
1269 868 1592 939 patelacias;
1641 868 1839 923 deinde

254 963 523 1036 quomodo
564 979 663 1035 per
706 965 863 1018 istam
892 971 1324 1033 praeoperantem
1351 972 1409 1019 et
1449 969 1837 1033 cooperantem

253 1056 473 1128 gratiam
527 1056 756 1113 liberum
810 1071 917 1112 non
969 1054 1297 1127 impediatur
1358 1054 1675 1121 arbitrium;
1728 1065 1837 1110 tum

255 1157 425 1203 utrum
480 1149 821 1219 praescientia
874 1148 973 1204 Dei
1016 1148 1091 1203 ita
1142 1147 1441 1203 secundum
1496 1148 1837 1219 propositum

256 1250 483 1309 maneat,
534 1251 592 1297 ut
632 1258 698 1299 ea
742 1242 861 1311 ipsa
904 1256 1028 1312 quae
1071 1248 1198 1296 sunt
1219 1239 1521 1312 proposita,
1554 1241 1664 1295 sint
1699 1239 1841 1296 acci-

256 1338 440 1411 pienda
469 1336 719 1406 praescita
745 1352 757 1387 :
791 1349 858 1388 an
891 1348 989 1403 per
1017 1348 1216 1404 genera
1244 1348 1532 1389 causarum
1558 1341 1614 1388 et
1630 1332 1841 1403 Species

256 1443 601 1502 personarum
652 1428 752 1482 ista
804 1426 1115 1492 varientur;
1166 1435 1224 1481 ut
1272 1427 1396 1497 quia
1439 1426 1671 1482 diversa:
1715 1436 1843 1482 sunt

256 1524 581 1590 vocationes,
631 1520 685 1575 in
735 1519 819 1575 his
872 1519 963 1588 qui
1016 1519 1149 1574 nihil
1200 1520 1475 1589 operaturi
1527 1519 1833 1589 salvantur,

255 1618 394 1690 quasi
437 1616 617 1672 solum
661 1614 758 1670 Dei
796 1614 1131 1684 propositum
1181 1613 1427 1669 videatur
1473 1617 1755 1680 existere;
1784 1616 1840 1669 in

258 1710 333 1766 his
372 1716 555 1764 autem
588 1709 682 1778 qui
726 1704 930 1776 aliquid
978 1706 1105 1761 boni
1158 1709 1330 1762 acturi
1386 1716 1532 1773 sunt,
1574 1723 1674 1777 per
1702 1723 1840 1778 prae-

257 1802 524 1859 scientiam
566 1800 741 1870 possit
769 1807 915 1853 stare
944 1801 1284 1869 propositum
1324 1818 1337 1855 :
1369 1816 1434 1854 an
1470 1814 1600 1855 vero
1631 1799 1840 1855 unifor-

1938 584 1997 656 8
2024 582 2293 653 adjutorio
2316 582 2367 637 in
2398 597 2504 653 qua
2532 582 2744 640 futurus
2763 592 2911 642 esset
2936 583 3212 641 voluntate
3240 593 3297 641 et
3322 585 3536 642 actione

1940 677 2262 749 prtescierit.
2896 682 2951 731 ’,
3002 706 3051 747 ἰ,
3125 696 3160 735 _.
3226 741 3235 745 _
3354 730 3369 741 .

2011 770 2065 827 9.
2108 770 2313 841 Quibus
2342 769 2597 827 omnibus
2642 772 2915 839 enodatis,
2966 782 3021 829 et
3056 773 3244 830 multis
3283 774 3529 845 insuper,

1942 878 2060 935 quas
2085 864 2279 920 altiore
2302 864 2497 920 intuitu
2519 864 2587 920 ad
2603 878 2819 921 causam
2843 865 2986 923 hanc
3006 866 3334 939 pertinentia
3360 868 3534 940 magis

1941 966 2096 1029 potes
2122 959 2327 1029 videre,
2375 958 2640 1026 decussis,
2687 959 2961 1016 credimus
2988 970 3046 1017 et
3080 975 3369 1033 speramus
3421 976 3530 1018 non

1941 1052 2117 1108 solum
2162 1052 2484 1108 tenuitatem
2542 1062 2786 1109 nostram
2844 1053 3269 1125 disputationum
3312 1064 3533 1111 tuarum

1942 1146 2196 1216 prmsidio
2221 1145 2600 1213 roborandam,
2632 1145 2728 1202 sed
2752 1148 2913 1203 etiam
2945 1145 3114 1217 ipsos,
3153 1163 3293 1220 quos
3320 1148 3534 1204 meritis

1941 1249 2105 1311 atque
2146 1239 2451 1296 honoribus
2488 1240 2667 1297 claros
2705 1242 2881 1313 caligo
2928 1243 3084 1298 istius
3122 1244 3392 1314 opinionis
3434 1244 3533 1300 ob-

1942 1341 2147 1400 scurat,
2198 1332 2672 1390 delmcatissimum
2719 1335 2903 1391 lumen
2951 1337 3142 1405 gratia:
3169 1345 3531 1408 recepturos:

1942 1440 2067 1481 nam
2116 1440 2285 1481 unum
2325 1440 2515 1482 eorum
2544 1427 2833 1497 praecipua:
2862 1427 3203 1483 auctoritatis
3231 1436 3286 1481 et
3313 1414 3535 1497 spirita—

1941 1519 2075 1575 lium
2108 1520 2413 1576 studiorum
2452 1520 2652 1587 virum,
2700 1529 2946 1576 sanctum
2972 1518 3002 1559 δ
3029 1520 3291 1575 llilarium
3342 1521 3535 1576 Arela-

1943 1622 2153 1671 tensem
2183 1614 2521 1685 episcopum,
2552 1614 2691 1669 sciat
2720 1613 3003 1671 beatitudo
3031 1622 3122 1670 tua
3152 1614 3539 1670 admiratorem

1942 1718 2378 1779 sectatoremque
2405 1709 2457 1764 in
2486 1708 2609 1765 aliis
2636 1708 2886 1766 omnibus
2928 1718 3034 1764 tuae
3078 1724 3203 1765 esse
3246 1710 3538 1779 doctrinm,

1943 1808 1998 1855 et
2017 1800 2087 1855 de
2117 1801 2221 1856 hoc
2252 1800 2395 1872 quod
2427 1802 2481 1855 in
2510 1801 2790 1872 querelam
2816 1802 3001 1869 trahit,
3028 1801 3138 1873 iam
3162 1802 3372 1873 pridem
3396 1802 3543 1872 apud

258 1896 424 1960 miter,
453 1892 586 1949 licet
613 1891 785 1947 dividi
819 1892 1157 1962 praescientia
1183 1908 1211 1945 a
1244 1892 1523 1963 proposito
1552 1892 1837 1962 temporali
1867 1892 1917 1955 B
1943 1895 2289 1951 sanctitatem
2344 1904 2488 1950 tuam
2537 1910 2758 1951 sensum
2790 1910 2947 1951 suum
3000 1911 3097 1966 per
3143 1896 3354 1953 litteras
3400 1895 3547 1953 velle

257 1985 598 2043 distinctione
638 2001 749 2041 non
776 1986 969 2055 possit,
1004 1985 1348 2055 praescientia
1381 1994 1559 2041 tamen
1600 1984 1839 2055 quodam

258 2080 434 2136 ordine
465 2082 535 2136 sit
558 2090 585 2118 ι
614 2079 843 2135 subnixa
878 2079 1187 2150 pr0posito:
1211 2091 1265 2135 et
1287 2081 1428 2135 sicut
1459 2080 1595 2135 nihil
1619 2082 1841 2151 sitquo-

259 2190 607 2244 rumcumque
656 2174 1000 2244 negotiorum
1029 2173 1173 2243 quod
1218 2189 1327 2229 non
1380 2174 1606 2231 scientia
1656 2176 1839 2231 divina

258 2270 595 2339 prtevenerit,
638 2268 713 2323 ita
743 2268 877 2322 nihil
904 2268 973 2323 sit
1001 2269 1151 2336 boni,
1183 2270 1327 2340 quod
1357 2271 1411 2325 in
1444 2279 1683 2327 nostram
1714 2287 1841 2341 par-

257 2363 619 2433 ticipationem
651 2376 761 2416 non
791 2362 903 2418 Deo
940 2371 1169 2419 auctore
1206 2363 1513 2420 deﬂuxerit.
1560 2365 1842 2422 Postremo

259 2452 703 2523 quemadmodum
746 2468 843 2523 per
886 2453 1025 2510 hanc
1082 2455 1529 2525 praedicationem
1580 2460 1842 2529 propositi

258 2545 377 2612 Dei,
406 2561 507 2616 quo
535 2545 727 2602 ﬁdeles
754 2546 891 2601 ﬁunt
918 2547 1011 2618 qui
1040 2549 1393 2618 prmordinati
1420 2560 1546 2605 sunt
1583 2552 1651 2608 ad
1674 2554 1841 2609 vitam

260 2645 540 2703 meream,
574 2652 733 2693 nemo
762 2653 949 2693 eorum
975 2640 1066 2709 qui
1088 2640 1408 2697 cohortandi
1440 2652 1565 2698 sunt
1586 2644 1845 2715 impedia-

265 2735 375 2791 tur,
406 2742 503 2782 nec
520 2729 855 2784 occasionem
882 2732 1227 2803 negligentiae
1259 2732 1513 2802 habeant,
1545 2737 1590 2791 si
1617 2751 1678 2791 se
1705 2752 1843 2807 prae-

270 2816 561 2874 destinatos
590 2835 709 2875 esse
736 2820 1035 2892 desperent.
1085 2824 1221 2880 lllud
1268 2827 1435 2882 etiam
1482 2829 1718 2899 qualiter
1755 2831 1842 2886 di-

264 2908 467 2980 luatur,
522 2927 825 2983 quaasumus
864 2916 1136 2986 patienter
1183 2919 1552 2991 insipientiam
1598 2932 1841 2977 nostram

257 3000 484 3057 ferendo
502 3004 856 3074 demonstres,
883 3010 1024 3080 quod
1054 3013 1363 3068 retractatis
1384 3014 1627 3083 priorum
1650 3015 1719 3071 de
1742 3015 1844 3072 hac

251 3110 310 3150 re
341 3096 710 3166 opinionibus,
748 3116 887 3169 pene
933 3106 1173 3159 omnium
1206 3121 1304 3175 par
1350 3106 1623 3163 invenitur
1654 3117 1709 3164 et
1737 3124 1844 3164 una

251 3191 540 3258 sententia,
588 3206 693 3261 qua
722 3195 1062 3264 propositum
1092 3206 1146 3251 et
1175 3196 1704 3268 prmdestinationem
1744 3200 1846 3255 Dei

1944 1988 2219 2045 conferre.
2255 1988 2363 2046 Sed
2392 1989 2516 2060 quia
2544 1999 2722 2045 utrum
2755 1992 2860 2045 hoc
2890 1991 3155 2057 tacturus,
3183 1999 3279 2047 aut
3304 2005 3412 2062 quo
3436 1992 3547 2047 tine

1942 2082 2012 2137 sit
2040 2082 2305 2150 tacturus,
2340 2082 2609 2138 incertum
2639 2093 2742 2152 est,
2773 2092 2829 2139 et
2857 2083 3100 2139 omnium
3132 2092 3379 2139 nostrum
3419 2083 3547 2138 fati-

1944 2174 2115 2246 gatio,
2158 2174 2477 2245 providente
2519 2176 2621 2230 hoc
2666 2176 2922 2246 prasenti
2968 2175 3170 2232 saeculo
3202 2175 3302 2232 Dei
3342 2176 3541 2247 gratia,

1944 2268 1998 2320 in
2025 2275 2131 2321 tute
2158 2266 2444 2322 cbaritatis
2474 2274 2531 2322 et
2559 2266 2807 2323 scientia:
2830 2268 3018 2339 vigore
3044 2279 3065 2306 ε
3097 2268 3330 2338 respirat
3358 2286 3372 2322 :
3405 2267 3549 2324 adde

1944 2362 2307 2418 eruditionem
2339 2362 2657 2431 humilibus,
2704 2361 2846 2418 adde
2874 2362 3306 2435 increpationem
3351 2376 3547 2433 super-

1944 2455 2048 2512 bis.
2080 2455 2456 2512 Necessarium
2486 2465 2543 2511 et
2569 2456 2702 2512 utile
2732 2466 2816 2512 est
2842 2457 3008 2512 etiam
3031 2472 3150 2527 qua:
3181 2456 3381 2527 scripta
3412 2464 3542 2512 sunt

1944 2548 2208 2614 scribere,
2238 2564 2307 2603 ne
2337 2549 2455 2603 leve
2492 2548 2860 2615 existimetur,
2892 2547 3038 2618 quod
3068 2563 3174 2603 non
3222 2547 3544 2615 frequenter

1945 2643 2211 2713 arguitur.
2233 2641 2435 2697 Sanum
2459 2641 2604 2697 enim
2637 2649 2829 2712 putant
2852 2654 2975 2697 esse
3003 2640 3149 2709 quod
3178 2656 3285 2695 non
3304 2638 3331 2676 ά
3358 2639 3545 2705 dolet;

1947 2751 2053 2792 nec
2079 2736 2272 2790 vulnus
2296 2734 2620 2805 superducta
2650 2746 2775 2792 cute
2799 2733 3076 2799 sentiunt;
3104 2733 3201 2789 sed
3238 2731 3549 2803 intelligant

1948 2836 2334 2900 perventurum
2365 2828 2431 2883 ad
2478 2830 2801 2892 sectionem,
2837 2827 2983 2898 quod
3008 2826 3258 2882 habuerit
3290 2840 3548 2895 perseve—

1948 2929 2166 2977 rantem
2207 2929 2501 2977 tumorem.
2552 2921 2737 2978 Gratia
2778 2919 2876 2977 Dei
2906 2930 2961 2977 et
2988 2934 3093 2991 pax
3127 2918 3342 2974 Domini
3372 2919 3548 2976 nostri

1948 3012 2075 3069 Jesu
2102 3011 2305 3069 Christi
2342 3022 2569 3071 coronet
2608 3022 2661 3069 te
2706 3017 2761 3069 in
2790 3013 2937 3069 omni
2967 3023 3229 3084 tempore,
3252 3022 3312 3070 et
3340 3014 3535 3069 ambu-

1947 3104 2156 3161 lantem
2187 3105 2257 3162 de
2284 3106 2483 3162 virtute
2506 3108 2558 3162 in
2582 3106 2837 3163 virtutem
2866 3106 3135 3177 gloriﬁcet
3161 3106 3216 3162 in
3247 3118 3539 3174 mternum,

1948 3199 2170 3256 domine
2208 3214 2347 3270 papa
2375 3201 2709 3267 beatissime,
2749 3199 3097 3256 iuen‘abiliter
3138 3200 3427 3266 mirabilis,
3457 3199 3546 3255 in-

246 3282 546 3337 sccundum
577 3287 972 3354 praescientiam
999 3300 1354 3359 receperunt;
1387 3299 1447 3346 ut
1474 3293 1545 3349 ob
1575 3295 1679 3349 hoc
1700 3295 1844 3351 Deus
1871 3284 1919 3349 C
1948 3294 2395 3367 comparabiliter
2424 3294 2766 3363 honorande,
2807 3294 3254 3367 praestantissime
3292 3305 3545 3367 patrone.

244 3372 381 3429 alios
406 3389 536 3431 vasa
566 3375 810 3446 honoris,
844 3379 981 3436 alios
1009 3381 1356 3439 contumelia:
1379 3382 1591 3455 fecerit,
1619 3386 1746 3459 quia
1785 3386 1852 3442 ﬁ-

313 3541 339 3606 ξι
370 3534 476 3606 ΜΒ.
510 3535 714 3606 Regius
740 3552 903 3606 unus,
937 3537 1145 3593 obnixa.

310 3600 338 3641 δ
371 3603 484 3658 Pro
517 3600 725 3681 Hilario
748 3600 1007 3676 putabant
1032 3610 1235 3665 eruditi
1267 3610 1553 3681 legendum
1579 3628 1701 3671 esse
1726 3615 1842 3670 Ho-

241 3688 483 3753 noratum
513 3694 534 3731 :
565 3680 660 3733 sed
690 3680 914 3753 inspecti
948 3695 1077 3753 mss.
1126 3680 1386 3737 Hilarium
1414 3700 1602 3741 omnes
1632 3686 1835 3744 lerunt.

239 3743 479 3825 hilarius
512 3743 831 3825 porro_isie
856 3766 953 3825 _ex
1003 3750 1271 3808 Lirinensi
1313 3757 1580 3813 monacho
1622 3743 1839 3816 creatus

236 3814 335 3897 fuit
388 3814 742 3897 Arelatensis
786 3822 1071 3897 episcopus
1118 3835 1241 3894 post
1290 3825 1644 3897 llonoratum,
1691 3814 1837 3887 anno

232 3885 337 3965 #2_8_
375 3900 473 3945 aut
518 3890 632 3965 :329
672 3885 903 3965 ineunte
937 3885 1192 3949 deuotum
1226 3914 1238 3948 ε
1287 3899 1485 3965 quippe
1529 3885 1836 3958 Honoratus

234 3958 495 4017 suffectus
519 3962 800 4029 Patroclo,
818 3964 910 4033 qui
930 3978 1075 4018 anno
1096 3966 1202 4020 426
1217 3958 1643 4040 Ῑιιέιδῖίτυερετὶ
1664 3973 1838 4029 Chro-

1949 3548 2130 3603 nicum
2162 3547 2485 3603 interfectus
2513 3553 2619 3610 est,
2641 3542 2959 3602 cathedram
2984 3543 3382 3607 Arelatensem,
3407 3552 3548 3600 teste

1952 3619 2233 3673 Honorato
2265 3616 2593 3673 Massiliensi
2614 3617 2669 3673 in
2703 3615 2822 3671 Vita
2847 3615 3036 3671 Hilarii
3063 3615 3419 3684 Arelatensis,
3452 3630 3550 3685 per

1948 3690 2227 3746 biennium
2256 3691 2561 3758 occupavit.
3556 3709 3566 3740 ι

2024 3772 2046 3832 οξ
2079 3763 2135 3815 In
2164 3761 2346 3831 editis,
2376 3768 2588 3832 sperat;
2621 3760 2674 3814 in
2697 3775 2806 3832 uno
2832 3775 2963 3828 ms.,
2994 3758 3178 3832 spirat.

2018 3828 2045 3869 ἀ
2078 3832 2135 3887 1η
2167 3828 2340 3897 mss.,'
2365 3828 2512 3911 quod
2559 3848 2665 3886 non
2707 3829 2906 3900 dolent,
2937 3845 3031 3885 nec
3072 3829 3257 3884 vulnus
3288 3830 3546 3899 superdu-

1949 3912 2088 3958 ctum
2114 3912 2229 3958 cute
2247 3912 2492 3957 sentiunt.

299 4102 624 4189 Sequuntur
645 4101 700 4155 in
716 4101 1231 4175 antiquazl’arisiensi
1258 4105 1480 4159 editione
1508 4105 1610 4160 duo
1636 4107 1907 4179 opuscula,
1933 4111 2079 4167 nullo
2091 4115 2237 4185 jure,
2257 4111 2355 4166 nisi
2381 4112 2514 4183 forte
2538 4118 2749 4182 propter
2772 4106 3165 4163 similitudinem
3200 4116 3250 4162 et
3274 4109 3427 4180 quasi
3452 4125 3543 4165 ne-

231 4192 613 4247 cessitudinem
643 4192 905 4259 thematis,
936 4193 1182 4263 Prosperi
1212 4194 1651 4251 lucubrationibus
1673 4200 2069 4271 interponenda,
2097 4203 2331 4259 scilicet:
2351 4203 2580 4273 epistola
2618 4201 2809 4257 Hilarii
2846 4200 3156 4255 Arelatensis
3184 4200 3255 4254 ad
3292 4199 3543 4272 Augusti-

230 4303 373 4353 num,
408 4284 895 4359 hujusquelPatris
917 4288 1043 4342 liber
1072 4290 1139 4344 de
1168 4291 1319 4346 Dono
1348 4292 1788 4349 Perseverantire.
1827 4296 1955 4361 Quae
1974 4338 1989 4362 ,
2020 4298 2265 4369 quoniam
2287 4298 2402 4369 jam
2430 4304 2584 4352 antea
2608 4297 2865 4351 edidimus
2890 4296 3026 4351 inter
3062 4311 3215 4366 Opera
3243 4295 3551 4366 Augustini—

235 4379 380 4431 tomis
401 4377 472 4432 11
503 4388 559 4433 et
580 4377 635 4433 Χ
666 4376 949 4447 (XXXIII
991 4390 1037 4435 et
1067 4380 1251 4438 XLIV
1279 4397 1468 4441 nostrae
1492 4385 1743 4459 Patrol.),
1780 4389 1880 4441 huc
1909 4389 2055 4445 adire
2087 4390 2207 4446 velit
2227 4390 2387 4446 lector
2427 4390 2713 4449 benevolus.
2744 4390 2898 4445 Enrr.

232 4497 3508 4533 Μ

1592 4628 2269 4713 ΑΒΜΟΝΙΤΙΟ

1036 4784 1117 4847 [IN
1150 4781 1510 4837 EPISTULA}!
1543 4787 1597 4837 S.
1632 4784 1947 4837 PROSPERI
1982 4784 2291 4845 AQUITANI
2326 4784 2413 4837 AD
2445 4785 2757 4839 RUFINUI!‘

296 4981 378 5039 De
408 4982 662 5057 epistola
686 4982 761 5057 ad
802 4982 1047 5057 Ruﬁnum
1091 4985 1195 5037 tria
1222 4984 1520 5057 investigari
1543 4984 1810 5056 ipossunt:
1836 4984 1896 5057 1°
1929 4984 2177 5057 Quisjste
2226 4982 2474 5053 Ruﬁnus,
2511 4985 2580 5037 ad
2616 5000 2767 5054 quem
2802 4982 2924 5036 data
2950 4984 3053 5036 ista
3083 4977 3338 5051 epistola;
3362 4980 3429 5035 2ο
3450 4998 3553 5053 quo

233 5050 469 5123 tempore
493 5054 708 5124 scripta
732 5050 887 5119 fuerit
909 5067 928 5117 ;
956 5066 1059 5124 qua
1075 5056 1353 5124 occasione
1371 5050 1424 5109 ei
1449 5050 1746 5110 necessitate
1775 5055 1843 5109 ad
1875 5057 1930 5109 id
1952 5056 2017 5111 S.
2052 5050 2371 5118 Prospertim
2402 5050 2761 5124 compellente.

296 5121 378 5180 De
404 5121 631 5196 Rufino
658 5124 860 5196 quidem
886 5124 999 5193 quis
1043 5121 1132 5175 ille
1179 5122 1354 5193 fuerit,
1384 5124 1516 5196 inter
1565 5129 1752 5196 multos
1783 5127 1996 5191 hujusce
2037 5126 2261 5196 nominis
2288 5121 2588 5196 θίγω-ἠως
2643 5133 2878 5196 tempora
2904 5132 3073 5188 notos,
3119 5140 3225 5177 non
3278 5122 3435 5192 facile
3478 5132 3557 5179 est

224 5192 536 5261 decernere,
566 5211 671 5249 nec
697 5194 761 5246 ab
782 5192 1291 5266 ullo'ltactenus'pro
1311 5204 1456 5266 certo
1482 5194 1753 5261 deﬁnitum
1780 5196 2085 5265 reperimus.
2115 5192 2245 5248 Erat
2276 5204 2409 5248 certe
2439 5193 2524 5248 hic
2547 5194 2609 5250 S.
2645 5193 2908 5266 Prospero
2938 5205 3114 5249 nostra
3144 5196 3363 5266 amicus,
3404 5202 3452 5248 et
3492 5212 3557 5250 ea:

227 5270 305 5321 his
330 5286 471 5337 quos
499 5266 753 5337 amicitia
781 5265 1026 5319 charitati
1054 5266 1281 5335 spiritali
1301 5265 1505 5337 innixa,
1538 5280 1633 5337 pro
1658 5264 1941 5319 amicorum
1970 5266 2137 5320 salute
2166 5266 2417 5337 sollicitos
2440 5266 2630 5319 reddit.
2667 5264 2819 5320 Unde
2835 5281 2949 5319 cum
2980 5266 3070 5337 ille
3098 5266 3160 5317 de
3189 5265 3343 5318 motis
3374 5276 3558 5320 contra

226 5335 538 5395 doctrinam
566 5336 639 5393 S.
674 5335 952 5410 Augustini
982 5335 1389 5410 contentionibus
1420 5335 1665 5407 confusos
1688 5353 1918 5391 rumores
1949 5338 2195 5410 audiisﬁset
2221 5382 2236 5407 ,
2268 5336 2689 5410 Prosperumque
2717 5338 2813 5391 sibi
2844 5336 3210 5410 amicissimum
3252 5337 3386 5410 male
3416 5338 3559 5410 apud

229 5413 510 5478 plerosque
565 5406 1161 5481 atttlirevcognovissel,
1202 5409 1389 5462 veritus
1428 5425 1491 5481 ne
1531 5412 1719 5462 anima:
1768 5409 1864 5481 sibi
1905 5406 2417 5481 charissimazisalus
2464 5406 2882 5481 periclitaretur,
2927 5408 3214 5481 nec‘etittm
3264 5406 3559 5481 inauditum

226 5476 497 5552 praecipiti
516 5480 746 5553 judicio
776 5476 1024 5534 damnare
1048 5497 1229 5542 ausus,
1261 5481 1425 5534 satius
1456 5479 1608 5534 duxit
1635 5481 1802 5551 ipsum
1828 5480 2337 5553 litterisicomjenire,‘
2357 5495 2472 5531 cum
2504 5484 2637 5549 forte
2662 5480 2725 5532 ab
2762 5476 3002 5553 eo_longo
3016 5476 3258 5553 locorum
3283 5480 3560 5553 intervallo

225 5547 473 5616 dissitas,
500 5547 565 5605 id
592 5549 765 5602 verbis
790 5560 1034 5622 praestare
1056 5568 1156 5604 non
1184 5561 1375 5623 posset,
1396 5568 1522 5621 quas
1547 5547 1755 5622 quidem
1781 5552 2037 5604 communi
2059 5551 2224 5604 amico
2246 5547 2551 5623 deferendas
2577 5548 2971 5623 commendavit.
3006 5547 3127 5623 Nisi
3151 5550 3285 5619 forte
3310 5552 3558 5623 malueris

226 5621 813 5694 proﬁciscentiuamico
845 5622 897 5674 in
928 5621 1193 5677 mandatis
1216 5624 1396 5676 datum
1442 5632 1495 5677 ut
1526 5626 1663 5690 piam
1693 5638 1846 5693 quam
1885 5623 2085 5694 gerebat
2117 5638 2209 5689 pro
2240 5626 2403 5674 antica
2434 5621 2829 5694 sollicitudinem
2856 5634 3035 5673 coram
3081 5621 3193 5694 ipse
3222 5623 3331 5675 sine
3358 5622 3554 5694 scripto

226 5688 538 5765 exponeret.
586 5690 857 5746 Neutrum
881 5695 1016 5747 enim
1049 5710 1144 5763 pro
1174 5705 1309 5747 certo
1349 5695 1464 5747 elici
1490 5688 1715 5758 videtur,
1758 5695 1847 5745 sed
1885 5688 2191 5747 alterutrum
2221 5703 2352 5748 certe
2394 5692 2664 5761 contigisse
2686 5690 2961 5765 judicatur
2996 5708 3060 5746 ea:
3106 5693 3289 5765 primis
3317 5688 3555 5761 epistola

227 5762 393 5818 sancti
434 5765 715 5826 Prosperi
743 5767 939 5818 verbis:
976 5762 1194 5834 Ac’cepi,
1220 5767 1383 5835 inquit
1413 5766 1519 5830 ille,
1555 5780 1650 5835 per
1674 5780 2015 5820 communem
2042 5766 2274 5818 amicum
2301 5765 2551 5835 fraterna:
2577 5776 2704 5829 erga
2730 5776 2815 5815 me
2841 5762 3223 5835 sollicitudinis
3247 5776 3350 5816 tuae
3371 5774 3553 5835 signa,

225 5843 281 5889 et
309 5850 515 5907 curam
550 5835 953 5907 sincerissima:
982 5832 1266 5891 charitatis
1289 5832 1626 5907 gratulant'er
1654 5835 1868 5905 agnovi.
1902 5837 1981 5891 Ac
2006 5852 2077 5907 ne
2123 5836 2249 5905 quid
2300 5833 2518 5907 maligni
2548 5847 2822 5907 rumores,
2854 5833 2908 5889 in
2936 5846 3197 5907 quantum
3229 5847 3289 5887 se
3319 5832 3547 5884 auribus

229 5906 335 5965 tuis
366 5903 733 5965 subtrahere
771 5917 1068 5977 nequeunt.
1100 5903 1401 5966 formidinis
1429 5908 1525 5967 tibi
1555 5917 1649 5965 aut
1677 5903 1962 5969 anxietatis
1982 5903 2271 5974 inferrent,
2301 5906 2585 5963 absolvere
2613 5910 2668 5960 te
2694 5903 2764 5961 ab
2787 5906 2935 5963 omni
2953 5903 3246 5973 scrupulo,
3280 5910 3541 5974 quantum

580 5997 872 6063 PATROL.
916 5999 1033 6061 LI.‘
2440 6022 2459 6041 ι
2512 6010 2519 6017 '
3076 5994 3117 6055 3
