4080 6354
422 392 494 457 ro
1234 342 1235 345 γ
1658 386 1718 445 s.
1760 380 2101 445 PROSPERI
2131 382 2469 455 AQUITANI
3640 391 3712 452 go

421 507 671 583 pulchre,
720 508 777 565 in
815 505 1001 565 multis
1037 503 1375 562 voluminum
1414 500 1875 573 disputationibus
1919 501 2013 557 de-
2037 503 2090 566 Α
2118 501 2171 557 in
2199 501 2298 557 Dei
2326 501 2498 573 gratia
2528 499 3028 573 gloriari,'moleste
3051 501 3235 561 ferunt
3260 504 3403 578 quod
3438 500 3457 545 ί
3485 501 3567 563 his
3587 523 3712 580 qua:

421 603 655 659 struxit:
687 609 875 673 utpote
917 601 1061 656 inter
1090 596 1257 654 multa
1295 596 1391 653 Dei
1431 595 1595 663 dona,
1637 595 1834 667 quibus
1862 594 2009 673 illum

360 677 370 683 ’
422 694 887 752 abundantissime
926 692 1160 763 Spiritus
1200 690 1448 745 veritatis
1493 678 2011 760 implevit,'habens

421 788 589 855 etiam
619 788 758 843 hanc
799 786 1045 842 scientiae
1086 794 1142 841 et
1183 782 1469 854 sapientiae
1497 797 1563 838 ex
1608 782 1707 838 Dei
1748 781 2012 837 charitate

422 860 698 948 virtutem,
729 888 787 936 ut
813 894 922 936 non
958 879 1135 936 solum
1163 876 1326 934 istam
1357 876 1533 933 adhuc
1562 876 1614 931 in
1644 874 1756 932 suis
1791 874 2013 931 detrun-

422 974 650 1029 catiunis
676 972 1049 1043 palpitantem,
1075 972 1174 1028 sed
1194 972 1359 1028 etiam
1381 970 1583 1027 multas
1610 970 1758 1039 prius
1780 968 2014 1024 haereses

423 1063 623 1121 invicto
651 1064 805 1120 verbi
847 1063 1029 1135 gladio
1058 1063 1383 1120 debellaret.
1416 1062 1515 1118 Cui
1548 1063 1691 1119 inter
1728 1069 1807 1118 tot
1841 1072 2015 1118 certa-

421 1158 627 1213 minum
665 1155 893 1226 palmas,
931 1156 1075 1215 inter
1111 1164 1190 1213 tot
1230 1155 1623 1226 triumphorum
1672 1170 1902 1211 coronas
1947 1153 2014 1209 ad

422 1250 872 1308 illuminationem
907 1251 1194 1316 Ecclesiae,
1228 1259 1283 1306 et
1307 1250 1375 1306 ad
1403 1248 1629 1322 gloriam
1655 1248 1880 1317 Christi,
1910 1262 2016 1319 qua

422 1342 541 1415 ipse
580 1343 883 1399 illustratus
920 1352 1026 1413 est,
1067 1345 1412 1415 perfulgenti,
1449 1343 1664 1415 quidam
1709 1352 2012 1399 nostrorum

424 1434 591 1507 (quod
617 1435 686 1491 de
723 1436 854 1506 ipsis
885 1437 1112 1491 multum
1155 1436 1449 1492 dolendum
1479 1435 1589 1506 est)
1634 1435 1884 1502 occultis,
1920 1434 2014 1490 sed

422 1545 531 1586 non
558 1528 851 1600 incognitis
871 1529 1334 1585 susurrationibus
1356 1529 1753 1599 obloquunlur;
1783 1537 1837 1584 et
1859 1536 2018 1599 prout

421 1623 526 1680 sibi
561 1632 589 1661 ι
626 1623 891 1679 obnoxias
918 1624 1229 1694 aliquorum
1268 1638 1430 1679 aures
1456 1632 1894 1693 opportunasque
1932 1636 2019 1677 re-

419 1716 686 1786 pererint,
715 1716 745 1756 δ
772 1719 973 1788 scripta
1007 1719 1148 1788 ejus,
1179 1719 1375 1788 quibus
1406 1733 1564 1775 error
1599 1719 2015 1789 Pelagianorum

420 1810 787 1882 impugnatur,
830 1810 1127 1877 infamant;
1162 1811 1405 1869 dicentes
1433 1827 1556 1868 eum
1598 1812 1827 1869 liberum
1867 1813 2016 1869 arbi-

2115 596 2402 653 adversum
2444 597 2917 653 excellentissima
2959 599 3297 656 auctoritatis
3332 600 3529 668 virum,
3568 601 3713 659 inter

2115 692 2312 748 multas
2344 701 2369 739 ε
2415 691 2736 748 collationes
2774 706 3081 761 asseruere,
3112 694 3439 751 resistimus.
3466 693 3578 750 Nec
3608 694 3712 751 du-

2115 785 2313 855 bitant,
2346 787 2391 844 si
2424 802 2585 857 quam
2615 787 2744 843 hinc
2782 788 3055 845 moverint
3078 790 3454 861 quaestionem,
3500 790 3553 845 in
3581 805 3714 862 qua-

2115 878 2250 936 libct
2286 881 2589 953 frequentia
2631 876 2994 949 sacerdotum,
3040 882 3096 937 in
3137 883 3381 953 qualibet
3417 897 3716 953 congrega-

2116 972 2264 1028 tione
2295 973 2640 1043 populorum,
2673 974 2923 1030 centenis
2965 974 3068 1030 sibi
3099 974 3399 1031 beatissimi
3427 975 3718 1046 Augustini

2115 1067 2480 1123 voluminibus
2519 1068 2867 1124 obviandum.
2911 1067 3043 1136 Quae
3089 1084 3211 1125 cum
3241 1067 3273 1105 δ
3316 1068 3569 1125 cordibus
3612 1085 3716 1123 au-

2116 1160 2379 1216 dientium
2411 1160 2764 1217 manifestare
2794 1162 3065 1231 coeperint
3094 1162 3527 1232 potentissimam
3557 1160 3718 1217 Chri-

2118 1255 2308 1311 stianae
2341 1255 2467 1311 ﬁdei
2506 1256 2815 1323 veritatem,
2846 1265 2902 1311 et
2934 1255 3003 1312 de
3033 1255 3276 1312 fontibus
3300 1256 3472 1313 divini
3512 1256 3717 1327 eloquii

2118 1350 2473 1421 praesentium
2516 1350 2728 1405 animos
2777 1349 3061 1416 inundare,
3109 1351 3230 1420 quis
3285 1349 3546 1419 ﬁdelium,
3598 1352 3718 1419 quis

2119 1444 2352 1513 piorum,
2388 1442 2687 1514 recognitis
2718 1451 2773 1497 et
2809 1443 3205 1499 commendatis
3240 1443 3339 1497 sibi
3380 1444 3567 1498 salutis
3607 1458 3719 1497 sua:

2117 1537 2320 1603 causis,
2364 1536 2789 1591 amaritudinem
2830 1536 2985 1590 istam
3022 1535 3170 1592 volet
3209 1535 3437 1591 fumosae
3477 1536 3721 1605 recipere

2119 1630 2411 1686 vanitatis?
2442 1631 2554 1703 Ego
2583 1629 2800 1701 quidem
2832 1630 2993 1686 etiam
3032 1629 3135 1685 hoc
3169 1629 3236 1685 de
3263 1630 3467 1685 divitiis
3499 1629 3720 1686 miseri-

2119 1723 2323 1779 cordiae
2363 1723 2460 1779 Dei
2490 1738 2672 1795 spero,
2701 1722 2847 1793 quod
2876 1738 3015 1794 quos
3045 1737 3186 1777 nunc
3221 1723 3394 1778 libero
3424 1722 3538 1777 falli
3578 1720 3725 1775 arbi-

2120 1817 2225 1874 trio
2249 1833 2368 1883 suo,
2401 1825 2457 1874 et
2481 1818 2551 1872 ab
2587 1816 2604 1854 ί
2642 1816 2966 1872 humilitatis
2996 1817 3082 1871 via
3111 1817 3313 1888 patitur
3344 1814 3580 1885 evagari,
3614 1830 3723 1869 non

422 1903 585 1958 trium
639 1904 857 1974 penitus
904 1903 1251 1969 submovere.
1303 1913 1359 1961 et
1406 1906 1509 1962 sub
1558 1906 1748 1977 gratiae
1799 1907 2017 1962 nomine
2047 1906 2096 1967 B
2123 1925 2512 1983 usquequaque
2542 1926 2715 1981 neque
2749 1912 2801 1966 in
2832 1909 2991 1966 tinem
3021 1910 3090 1965 sit
3120 1910 3478 1981 intelligentia
3510 1907 3725 1964 frauda-

422 1996 806 2052 necessitatem
846 1995 1151 2067 praedicare
1194 1997 1436 2053 fatalem.
1466 1998 1804 2069 Adjicientes
1835 1998 2020 2064 etiam,

423 2086 558 2144 duas
597 2087 745 2143 illum
796 2087 1019 2144 humani
1062 2090 1280 2160 generis
1319 2104 1558 2155 massas,
1603 2099 1658 2145 et
1701 2090 1835 2146 duas
1873 2090 2023 2146 credi

424 2180 568 2236 velle
589 2188 849 2236 naturas:
876 2190 933 2234 ut
958 2182 1171 2237 scilicet
1202 2191 1367 2238 tanta:
1397 2184 1615 2252 pietatis
1641 2183 1758 2238 viro
1788 2196 2024 2253 pagano-

424 2286 543 2327 rum
580 2280 638 2330 et
675 2273 1096 2329 Manichmorum
1139 2275 1451 2330 ascribatur
1494 2276 1768 2345 impietas.
1808 2274 1937 2343 Quae
1978 2276 2023 2329 si

422 2378 557 2420 vera
596 2374 744 2435 sunt,
780 2381 878 2421 cur
914 2365 1021 2435 ipsi
1049 2374 1157 2421 tam
1191 2367 1555 2436 negligentes,
1590 2382 1658 2421 ne
1695 2367 1869 2421 dicam
1914 2374 2023 2420 tam

423 2456 599 2529 impii,
629 2467 775 2527 sunt,
802 2468 859 2515 ut
892 2468 999 2514 tam
1027 2458 1313 2529 abruptam
1345 2460 1644 2530 perniciem
1684 2460 1753 2515 ab
1781 2459 2025 2514 Ecclesia

423 2565 533 2608 non
568 2552 857 2623 repellant,
904 2562 1012 2608 tam
1054 2555 1261 2608 insanis
1289 2554 1773 2624 praedicationibus
1802 2567 1908 2608 non
1942 2568 2028 2607 re-

424 2644 639 2712 sistant,
680 2661 780 2701 nec
827 2646 1023 2702 saltem
1061 2646 1334 2717 aliquibus
1377 2648 1601 2717 scriptis
1647 2662 1793 2714 eum,
1841 2661 1871 2700 a
1919 2660 2027 2716 quo

424 2736 548 2791 talis
564 2747 782 2793 emanat
802 2738 1070 2807 doctrina,
1090 2740 1451 2795 conveniant?
1474 2739 1661 2809 Magna
1684 2740 1831 2795 enim
1852 2738 2026 2809 gloria

424 2842 525 2885 sua
557 2829 796 2885 humano
824 2833 1011 2903 generi
1041 2833 1445 2903 consuluerint,
1480 2834 1524 2887 si
1565 2833 1926 2903 Augustinum
1959 2832 2028 2886 ab

426 2937 617 2980 errore
659 2927 1060 2982 revocaverint.
1118 2926 1232 2981 Nisi
1285 2928 1428 2983 forte
1475 2927 1708 2983 modesti
1755 2927 2024 2995 homines,

427 3015 663 3087 novique
701 3031 982 3088 censores,
1015 3034 1338 3089 magnorum
1369 3021 1519 3091 prius
1547 3020 1866 3076 meritorum
1910 3020 2029 3076 seni

426 3106 825 3167 honorabiliter
865 3127 928 3167 ac
970 3112 1404 3169 misericorditer
1449 3124 1701 3184 parcunt,
1747 3124 1803 3169 et
1848 3114 2029 3169 securi

427 3204 553 3272 quia
599 3204 766 3261 libros
812 3205 931 3275 ejus
973 3222 1135 3262 nemo
1182 3221 1413 3278 usquam
1443 3208 1697 3278 recipiat,
1744 3208 2030 3278 conquies-

2126 2017 2309 2071 turus;
2341 2004 2438 2061 sed
2464 2004 2609 2060 hunc
2650 2006 2825 2074 ipsum
2859 2004 2912 2059 in
2945 2002 3323 2075 longinquiora
3350 2016 3723 2075 progressum,

2125 2100 2248 2157 ideo
2278 2099 2347 2154 ab
2372 2114 2441 2154 eo
2472 2098 2683 2154 tardius
2710 2098 2977 2167 revocari,
3010 2106 3069 2153 ut
3089 2112 3225 2168 opus
3253 2097 3438 2168 gratia:
3464 2097 3583 2165 ejus
3611 2112 3727 2151 ma-

2121 2194 2245 2265 jore
2276 2192 2449 2263 gloria
2480 2192 2810 2259 celebretur,
2835 2206 2957 2245 cum
2994 2190 3095 2245 sibi
3130 2190 3295 2246 etiam
3322 2188 3727 2245 adversantium

2126 2286 2291 2343 corda
2322 2285 2649 2353 subdiderit,
2672 2285 2873 2355 quibus
2893 2283 2963 2339 de
2988 2283 3251 2339 virtutum
3277 2281 3457 2338 studio
3476 2290 3728 2337 exortum

2128 2387 2214 2436 est
2255 2379 2580 2450 periculum,
2628 2387 2685 2433 et
2725 2377 2795 2434 de
2840 2392 3052 2432 morum
3098 2376 3368 2447 probitate
3407 2374 3728 2431 discrimen.

2133 2470 2251 2526 Non
2282 2473 2407 2542 quia
2438 2473 2721 2542 quisquam
2767 2485 2957 2526 carere
2985 2470 3071 2525 his
3097 2470 3315 2536 debeat,
3346 2470 3440 2525 sed
3473 2470 3596 2541 quia
3627 2468 3731 2524 mia

2128 2564 2393 2620 serrimns
2433 2579 2623 2621 eorum
2654 2578 2782 2619 usus
2820 2572 2926 2630 est,
2957 2578 3083 2618 cum
3114 2579 3179 2618 ex
3211 2562 3442 2618 naturali
3472 2570 3733 2633 putantur

2129 2659 2393 2715 facultate
2421 2659 2435 2711 i
2470 2659 2753 2731 prodisse;
2783 2669 2875 2713 aut
2901 2674 2971 2713 ex
3002 2658 3257 2728 largitate
3277 2657 3495 2729 quidem
3519 2655 3732 2727 gratiae,

2129 2755 2226 2811 sed
2254 2755 2434 2826 aliquo
2462 2755 2548 2811 vel
2578 2753 2709 2809 boni
2740 2752 2949 2823 operis,
2982 2752 3069 2808 vel
3108 2752 3266 2808 bona:
3294 2750 3587 2807 voluntatis
3617 2763 3735 2805 me-

2130 2849 2237 2903 rito
2266 2846 2609 2917 praecedente
2631 2849 2872 2903 venisse.

2204 2943 2337 2998 Cap.
2363 2942 2430 3000 V.
2473 2971 2545 2984 —
2593 2942 2648 2997 6.
2694 2944 2958 2997 Asserunt
3000 2940 3215 3012 quidem
3259 2939 3379 2996 haec
3411 2936 3737 3010 quibusdam

2131 3046 2443 3090 sanctarum
2472 3035 2875 3104 Scripturarum
2917 3035 3270 3101 testimoniis,
3300 3033 3397 3089 sed
3431 3044 3537 3087 non
3570 3030 3740 3086 ratio—

2132 3128 2388 3183 nabiliter
2414 3127 2731 3197 assumptis.
2777 3126 2861 3181 Ad
2904 3126 3273 3181 defensionem
3322 3124 3468 3181 enim
3509 3122 3741 3191 alicujus

2133 3219 2467 3276 definitionis
2493 3234 2557 3275 ea
2584 3220 2883 3290 promenda
2906 3229 3052 3285 sunt,
3086 3234 3210 3290 qua:
3232 3219 3390 3273 alteri
3415 3213 3738 3281 intellectui,

428 3307 585 3364 cum;
623 3309 645 3337 °
677 3307 837 3369 ειηυθ
860 3300 1193 3371 ίϐηονετίηιν
1223 3302 1393 3357 immo
1421 3303 1690 3369 ηονθΐῖηί,
1715 3318 1823 3358 ηοῐι
1855 3303 2029 3359 εοῙυῐη
2060 3309 2106 3374 C
2136 3331 2167 3372 a
2198 3331 2305 3387 quo
2326 3315 2539 3371 videtur
2558 3315 2805 3371 deﬁnitio
2827 3314 3131 3380 dissonare,
3167 3328 3273 3368 non
3295 3311 3512 3378 cedant,
3540 3319 3593 3364 et
3617 3324 3741 3363 eam

430 3390 729 3448 Romanam
770 3393 1190 3466 Αΐτίθαηίηηίιυθ
1236 3395 1536 3454 ECC'eSiam
1558 3440 1574 3466 ι
1610 3407 1674 3460 ,ει
1710 3413 1807 3469 per
1847 3413 2083 3482 omnesl.
2138 3409 2402 3480 regulam,
2426 3408 2517 3463 cui
2549 3415 2901 3478 suntaptata,
2932 3422 3041 3462 non
3066 3407 3342 3462 deserant.
3370 3404 3580 3459 Dictum
3610 3415 3745 3470 ergo

432 3487 619 3543 mundi
651 3497 831 3558 partes
857 3490 1146 3546 universos
1180 3492 1558 3561 promissionis
1584 3493 1723 3549 filios
1749 3508 1870 3549 cum
1907 3494 2037 3549 doc-
2138 3504 2296 3559 aiunt
2322 3503 2495 3557 libero
2526 3503 2755 3557 arbitrio
2785 3502 3062 3558 mentibus
3090 3518 3102 3555 ;
3140 3500 3320 3555 Venite
3351 3498 3421 3551 ad
3442 3514 3540 3562 me,
3566 3510 3746 3548 omnes

432 3579 573 3635 trina
620 3580 777 3651 hujus
812 3583 941 3651 viri,
976 3581 1005 3620 ἀ
1037 3583 1182 3640 sicut
1222 3586 1276 3640 in
1324 3594 1439 3641 tota
1471 3586 1599 3653 fide,
1640 3589 1713 3641 ita
1756 3587 1811 3642 in
1848 3589 2036 3658 gratiae
2089 3588 2103 3604 '
2138 3598 2227 3668 qui
2256 3598 2503 3651 laboratis
2531 3604 2577 3651 ει
2599 3597 2803 3651 onerati
2824 3598 2966 3662 estis,
2995 3605 3045 3651 et
3070 3611 3159 3665 ego
3185 3609 3272 3647 vos
3290 3590 3551 3661 reﬁciam:
3581 3586 3746 3641 tollite

431 3672 783 3730 confessione
812 3689 1155 3746 congruere:
1198 3677 1295 3734 sed
1324 3678 1487 3735 etiam
1522 3682 1575 3735 in
1606 3679 1690 3736 his
1713 3680 1851 3752 ipsis
1881 3682 2034 3752 locis,
2129 3695 2321 3763 jugum
2359 3708 2529 3745 meum
2564 3708 2719 3760 super
2744 3708 2851 3756 υοε,
2883 3700 2928 3744 et
2958 3690 3137 3742 discite
3165 3704 3196 3739 a
3228 3701 3308 3739 me
3333 3683 3578 3755 quoniam
3604 3680 3747 3734 milis

432 3764 490 3820 in
517 3765 713 3836 quibus
736 3767 1001 3825 adversus
1022 3784 1146 3825 eum
1168 3772 1507 3842 querimonia
1540 3775 1867 3842 concitatur,
1891 3790 2035 3841 esse,

430 3862 654 3930 proprio
687 3861 815 3929 Deo,
864 3862 1150 3932 plurimos,
1183 3866 1279 3936 qui
1321 3867 1387 3922 ad
1432 3872 1842 3940 perceptionem
1874 3885 2040 3924 evan-

432 3952 623 4022 gelicae
678 3958 1104 4027 apostolicteque
1161 3959 1424 4017 doctrinae
1482 3963 1858 4020 saluberrimis
1920 3964 2040 4033 ejus

434 4043 894 4114 disputationibus
940 4050 1278 4119 imbuuntur,
1321 4062 1376 4109 et
1416 4056 1660 4124 quotidie
1697 4056 1751 4111 in
1784 4057 2041 4112 membris

437 4140 684 4211 corporis
703 4143 816 4213 9o
839 4141 1067 4208 Christi,
1099 4146 1152 4202 in
1181 4156 1440 4217 quantum
1468 4165 1531 4205 ea
1554 4151 1672 4220 ipse
1694 4151 2036 4220 multiplicat,

438 4231 757 4288 dilatantur.
785 4234 844 4290 Si
866 4248 1017 4293 recte
1040 4241 1517 4310 reprehendimur,
1540 4256 1639 4297 cur
1659 4258 1767 4297 non
1791 4251 2044 4297 constan-

439 4333 523 4382 ter
560 4328 878 4398 arguimur?
913 4331 968 4387 Si
1000 4336 1263 4404 arguendi
1302 4351 1413 4393 non
1454 4351 1663 4405 sumus,
1705 4352 1803 4395 cur
1831 4338 2043 4395 occulta

440 4419 842 4487 obtrectatione
871 4427 1221 4484 mordemur?

512 4510 643 4570 Car.
674 4516 763 4572 ιν.
791 4548 863 4559 -
892 4519 945 4575 5.
977 4520 1086 4578 Sed
1128 4531 1151 4560 °
1181 4522 1313 4594 quis
1332 4524 1505 4582 nescit
1545 4525 1763 4582 curista
1793 4526 2042 4598 privatim

442 4604 512 4662 de
555 4611 843 4668 stomacho
871 4615 1131 4684 garriant,
1164 4626 1219 4674 et
1250 4618 1461 4689 publice
1490 4619 1560 4675 de
1599 4622 1837 4679 consilio
1865 4625 2043 4680 conti-

2140 3801 2253 3839 sum
2293 3795 2341 3839 et
2370 3783 2581 3838 humilis
2610 3783 2796 3850 corde;
2828 3793 2873 3836 et
2901 3781 3167 3835 invenietis
3208 3778 3434 3849 requiem
3471 3772 3748 3828 animabus

2140 3877 2360 3933 vestris:
2396 3878 2580 3947 iugum
2624 3876 2760 3929 enim
2800 3891 2968 3929 meum
2999 3888 3155 3927 suave
3192 3882 3287 3936 est,
3328 3879 3373 3924 et
3414 3884 3543 3921 onus
3576 3880 3744 3919 meum

2142 3972 2246 4027 leve
2278 3970 2494 4042 (Matth.
2527 3986 2600 4034 ιι,
2629 3968 2747 4041 28).
2775 3968 2929 4036 Quod
2957 3967 3024 4022 ad
3055 3980 3245 4020 omnes
3276 3961 3529 4018 homines
3558 3960 3750 4014 volunt

2143 4066 2443 4136 pertinere,
2479 4063 2794 4118 laborantes
2842 4063 2894 4116 in
2942 4060 3153 4116 incerto
3194 4058 3349 4112 istius
3387 4053 3513 4109 vitae
3550 4066 3750 4108 onera-

2146 4166 2338 4229 tosque
2358 4158 2465 4229 91
2489 4159 2749 4227 peccatis,
2778 4166 2835 4212 ut
2860 4156 2952 4227 qui
2982 4154 3256 4210 voluerint
3278 4148 3748 4207 mansuetudinem

2145 4262 2201 4309 et
2234 4251 2592 4308 humilitatem
2634 4252 2938 4308 Salvatoris
2973 4248 3191 4315 imitari,
3225 4256 3279 4303 et
3304 4246 3489 4317 jugum
3525 4241 3751 4297 manda-

2145 4356 2324 4402 torum
2372 4345 2495 4416 ejus
2538 4346 2743 4413 subire,
2790 4343 3069 4400 inveniant
3114 4341 3357 4411 requiem
3395 4337 3420 4375 ιε
3465 4335 3752 4391 animabus

2144 4440 2261 4496 suis
2309 4437 2328 4477 ι
2370 4439 2423 4493 ἰη
2465 4454 2562 4511 spe
2603 4440 2727 4493 vitae
2772 4447 3017 4499 aeternae;
3058 4436 3146 4506 qui
3178 4444 3358 4489 autem
3406 4431 3520 4484 hanc
3566 4427 3753 4483 facere

2145 4534 2450 4601 noluerint,
2503 4548 2601 4589 sua
2647 4534 2804 4604 culpa
2846 4538 3071 4589 careant
3114 4530 3321 4593 salute;
3364 4539 3523 4596 quam
3567 4522 3612 4577 si
3645 4534 3751 4576 vo-

2147 4630 2418 4697 luissent,
2452 4639 2493 4666 m
2549 4636 2837 4699 potuerant
2894 4625 3167 4681 obtinere.
3228 4620 3335 4677 Sed
3395 4616 3619 4673 audiant
3692 4621 3753 4668 et

442 4702 701 4759 cescant?
729 4703 988 4765 Volentes
1021 4710 1166 4767 enim
1197 4711 1253 4767 in
1292 4727 1391 4769 sua
1416 4712 1629 4783 justitia
1672 4718 1847 4789 magis
1882 4734 2045 4789 quam
2072 4706 2127 4767 Ῑ)
2150 4724 2354 4780 dictum
2396 4741 2429 4780 a
2477 4724 2708 4779 Domino
2755 4722 2930 4778 libero
2974 4717 3206 4775 arbitrio
3253 4713 3529 4770 utentibus
3562 4728 3577 4764 :
3620 4707 3755 4764 Sine

517 4916 544 4946 ι
583 4909 729 4966 Edit.
757 4911 918 4983 Lov.,
958 4914 1131 4971 Duac.
1156 4925 1211 4973 et
1233 4914 1452 4986 Colon.,
1476 4917 1577 4973 sibi
1616 4920 1836 4988 noxias;
1866 4921 2050 4979 minus
2154 4925 2303 4980 dicto
2333 4939 2477 4979 anno
2501 4923 2609 4979 426
2644 4922 2903 4979 obtinuit.
2936 4916 3349 4976 Definitionibus
3376 4928 3537 4981 porro
3574 4911 3756 4988 tertiae

445 4979 632 5064 δθΡθξ-
724 5053 745 5064 -
785 5055 798 5064 .
904 4979 932 5064 ⁷.
1144 5057 1156 5064 ,
1437 4979 1449 4986 ⁷
1814 4979 1828 4988 ’
2152 4979 2380 5052 decima:
2409 4996 2715 5051 collationis
2736 4995 3037 5064 Augustino
3062 4988 3354 5064 contrariis
3376 4979 3595 5040 sanetus
3616 4982 3759 5064 Pro-

426 5102 432 5109 .
515 5051 543 5091 ι’
584 5054 684 5135 ys.
716 5053 823 5135 J91.
854 5056 1025 5135 solus,
1054 5057 1340 5135 scripturas
1365 5064 1525 5135 ejus._
1566 5132 1578 5135 _

2152 5051 2280 5135 sper
2300 5084 2433 5123 voce
2458 5082 2522 5120 ac
2545 5081 2797 5120 sermone
2822 5051 3088 5135 primum,
3120 5058 3316 5115 deinde
3334 5071 3471 5135 vero
3494 5065 3612 5124 post
3639 5055 3759 5135 tau-

520 5135 549 5206 ’ἶ
583 5125 727 5209 δαῖε·
753 5126 945 5198 Ῑ⁴¹¹8άον
970 5125 1702 5209 L0V31I.._[)uae:etColon.,
1726 5144 1878 5209 atque
1896 5137 2050 5209 igno—
2150 5125 2349 5208 gustini
2378 5138 2609 5202 obitum,
2648 5125 2855 5209 scripto
2884 5132 3179 5209 volumine,
3205 5128 3351 5209 quod
3385 5140 3562 5183 contra
3581 5126 3756 5180 colla-

445 5196 630 5275 uerint.
673 5195 855 5252 Immo'
885 5209 1154 5275 noverunt.
1185 5195 1297 5259 Me.
1342 5203 1450 5259 Jol.
1490 5213 1615 5273 post
1653 5195 1802 5262 nam;
1832 5195 2044 5275 voé'em,
2149 5195 2308 5264 forem
2335 5218 2551 5275 vocant,
2574 5195 2938 5262 resiste-udum
2972 5195 3317 5258 existimavit.

446 5270 830 5338 conquiescunt.
860 5269 1016 5352 Atqui
1042 5288 1145 5324 non
1178 5276 1430 5343 noverint,
1457 5269 1614 5331 immo
1634 5290 1901 5347 nouerunt,
1928 5290 2024 5337 etc.

517 5336 546 5375 ά
708 5339 840 5413 ξυμ,
867 5351 1000 5413 sicut
1020 5351 1126 5395 tota
1154 5344 1279 5413 ﬁde.

2222 5279 2252 5319 λι
2293 5282 2393 5335 Ms.
2421 5269 2553 5345 10L,
2580 5278 2820 5333 cordibus
2842 5275 3175 5331 obuiantium.

2225 5351 2241 5390 ί
2287 5351 2434 5406 Edit.
2478 5351 2648 5413 Lugd.
2679 5358 2734 5406 et
2775 5349 2931 5413 ch.,
2976 5344 3348 5410 huntanitatis;
3383 5341 3480 5399 alii
3518 5339 3728 5397 rectius

673 5380 686 5393 .
708 5359 840 5405 θυι..
867 5359 1000 5394 sicut
1020 5359 1126 5395 tata
1155 5359 1279 5405 nae.

2225 5359 2241 5390 Ῑ
2287 5359 2434 5405 Edil.
2478 5359 2648 5405 ιυιιιι.
2679 5359 2734 5405 et
2778 5359 2931 5405 νου..
2976 5359 3348 5405 humanitatis;

521 5358 546 5375 ι·
584 5358 840 5405 ωδωυω
867 5358 1126 5395 srcuuora
1154 5358 1279 5413 (tae.
2225 5358 2241 5390 ι
2287 5358 2434 5406 Edit.
2478 5358 2648 5422 Lugd.
2679 5358 2734 5406 et
2777 5358 2931 5414 Vcn.,
2976 5358 3348 5410 humanitatis;
3383 5358 3480 5399 aut
3518 5358 3752 5407 recnus,

521 5418 545 5494 ς
583 5409 682 5494 bis.
702 5410 833 5494 lui...
860 5412 974 5494 quis
991 5414 1203 5493 nesciat.
1238 5417 1337 5473 Ms.
1370 5418 1607 5493 Remig.,
1636 5424 1724 5494 qui
1748 5426 1964 5479 nesciat.
2146 5424 2470 5478 humilitatis.
2697 5492 2704 5494 Α
2924 5493 2929 5494 ί

520 5478 543 5519 ι
584 5480 844 5565 μελιρι..
870 5478 924 5535 in
943 5483 1028 5565 [iis
1056 5502 1189 5556 quae,
1224 5499 1333 5546 etc.
1530 5478 1559 5493 ν
1594 5478 1607 5493 ⁷
1648 5478 1661 5494 ’
1822 5478 1827 5479 7
1928 5478 1933 5479 γ

2222 5494 2237 5565 t'
2288 5494 2433 5549 Edit.
2467 5494 2605 5548 Ven.
2629 5492 2769 5555 sola,
2799 5493 3061 5565 prodesse.

518 5561 545 5600 ε
576 5551 918 5637 pullationes
942 5551 1462 5637 Patruin_'intell_igit,
1485 5580 1517 5619 a
1538 5565 1748 5621 Joanne
1776 5566 2039 5623 Cassiano
2218 5564 2249 5637 ξι
2287 5566 2388 5620 Ms.
2412 5565 2544 5631 Jol.,
2579 5551 2767 5619 animis
2796 5551 2925 5620 suis.

441 5623 961 5704 presbyteroeditas
981 5642 1126 5685 anno
1148 5630 1276 5689 ηδ.
1310 5623 1504 5691 Earum
1534 5639 1743 5694 scilicet
1774 5640 1865 5694 ille
1891 5640 2038 5693 clas-
2225 5635 2244 5675 ι
2288 5637 2472 5691 Editio
2505 5623 2895 5704 Augustiniaua
2926 5637 3063 5699 sola,
3086 5635 3139 5687 in
3161 5648 3323 5703 spem.

442 5710 559 5779 sem
584 5696 901 5779 secundam,
944 5714 1063 5779 qua:
1102 5705 1169 5779 ab
1200 5708 1480 5764 undecima
1508 5712 1800 5765 collatione
1826 5712 2035 5779 incipit,
2221 5718 2261 5746 ω
2301 5708 2391 5764 Sic
2414 5726 2545 5764 mss.
2567 5696 2775 5776 Remis.
2801 5706 2989 5779 etrlol.
3015 5696 3070 5762 et
3095 5696 3225 5761 edii.
3255 5706 3487 5779 Operum
3516 5698 3747 5779 S._Aug.

444 5765 802 5852 {ignoratae}
829 5765 1095 5852 Eucherio
1125 5777 1417 5848 inscripsit,
1449 5786 1687 5838 nondum
1728 5765 2036 5852 episcopis;
2148 5781 2220 5835 At
2244 5781 2513 5852 editiones
2542 5781 2701 5846 Ven.,
2723 5765 2899 5849 Lugd.
2928 5790 2983 5834 et
3010 5779 3235 5844 Lovan.,
3264 5765 3542 5849 potuerint.
3574 5765 3747 5827 Duae.

443 5836 1018 5923 quandoquidemﬂeos
1064 5846 1117 5901 in
1156 5836 1475 5923 praefatione
1524 5836 2039 5923 fratres'appetlat;
2149 5860 2205 5908 et
2231 5836 2448 5921 Colon.,
2484 5836 2781 5921 potuerunt.

444 5914 587 5985 5P“.
627 5920 809 5974 autem
872 5914 1179 5977 Honoratus
1232 5920 1609 5983 Arelatensem
1666 5914 2042 5998 episcopatum
2436 5914 2495 5921 ”
3749 5933 3773 5967 1
