  <div class='ocr_page' id='page_1' title='image "/cluster/home/n/w/nwhite01/storage/ocr_20150623/51/hvd.32044015471568/046.png"; bbox 0 0 4080 6354; ppageno 0'>
   <div class='ocr_carea' id='block_1_1' title="bbox 302 390 365 450">
    <p class='ocr_par' dir='ltr' id='par_1_1' title="bbox 302 390 365 450">
     <span class='ocr_line' id='line_1_1' title="bbox 302 390 365 450; baseline -0.048 0"><span class='ocrx_word' id='word_1_1' title='bbox 302 390 365 450; x_wconf 79' lang='grc'><strong><em>81</em></strong></span> 
     </span>
    </p>
   </div>
   <div class='ocr_carea' id='block_1_2' title="bbox 1532 372 2375 433">
    <p class='ocr_par' dir='ltr' id='par_1_2' title="bbox 1532 372 2375 433">
     <span class='ocr_line' id='line_1_2' title="bbox 1532 372 2375 433; baseline -0.001 0"><span class='ocrx_word' id='word_1_2' title='bbox 1532 374 1871 433; x_wconf 73' lang='lat' dir='ltr'><strong><em>EPISTULA</em></strong></span> <span class='ocrx_word' id='word_1_3' title='bbox 1910 374 2003 430; x_wconf 79' lang='lat' dir='ltr'><strong><em>AD</em></strong></span> <span class='ocrx_word' id='word_1_4' title='bbox 2041 372 2375 432; x_wconf 74' lang='lat' dir='ltr'><strong><em>RUFINUM.</em></strong></span> 
     </span>
    </p>
   </div>
   <div class='ocr_carea' id='block_1_3' title="bbox 301 490 3589 577">
    <p class='ocr_par' dir='ltr' id='par_1_3' title="bbox 301 490 3589 577">
     <span class='ocr_line' id='line_1_3' title="bbox 301 490 3589 577; baseline 0.002 -25"><span class='ocrx_word' id='word_1_5' title='bbox 301 524 379 565; x_wconf 69' lang='grc' dir='ltr'><strong><em>,ηρ</em></strong></span> <span class='ocrx_word' id='word_1_6' title='bbox 434 504 567 562; x_wconf 65' lang='lat' dir='ltr'><strong><em>nihil</em></strong></span> <span class='ocrx_word' id='word_1_7' title='bbox 609 503 821 577; x_wconf 72' lang='lat' dir='ltr'><strong><em>potestis</em></strong></span> <span class='ocrx_word' id='word_1_8' title='bbox 864 502 1038 574; x_wconf 80' lang='lat' dir='ltr'><strong><em>facere</em></strong></span> <span class='ocrx_word' id='word_1_9' title='bbox 1083 498 1263 573; x_wconf 79' lang='lat' dir='ltr'><strong><em>(Joan.</em></strong></span> <span class='ocrx_word' id='word_1_10' title='bbox 1313 511 1405 564; x_wconf 81' lang='lat' dir='ltr'><strong><em>xv,</em></strong></span> <span class='ocrx_word' id='word_1_11' title='bbox 1451 495 1543 564; x_wconf 80' lang='lat'><strong><em>5);</em></strong></span> <span class='ocrx_word' id='word_1_12' title='bbox 1595 504 1671 560; x_wconf 91' lang='lat' dir='ltr'><strong><em>et,</em></strong></span> <span class='ocrx_word' id='word_1_13' title='bbox 1726 492 1896 548; x_wconf 85' lang='lat' dir='ltr'><strong><em>Nemo</em></strong></span> <span class='ocrx_word' id='word_1_14' title='bbox 1920 490 2057 559; x_wconf 67' lang='lat' dir='ltr'><strong><em>Ain</em></strong></span> <span class='ocrx_word' id='word_1_15' title='bbox 2107 492 2283 561; x_wconf 83' lang='lat' dir='ltr'><strong><em>primo</em></strong></span> <span class='ocrx_word' id='word_1_16' title='bbox 2318 490 2538 549; x_wconf 85' lang='lat' dir='ltr'><strong><em>homine</em></strong></span> <span class='ocrx_word' id='word_1_17' title='bbox 2567 493 2945 551; x_wconf 84' lang='lat' dir='ltr'><strong><em>universarum</em></strong></span> <span class='ocrx_word' id='word_1_18' title='bbox 2987 498 3396 567; x_wconf 86' lang='lat' dir='ltr'><strong><em>generationum</em></strong></span> <span class='ocrx_word' id='word_1_19' title='bbox 3430 500 3589 559; x_wconf 84' lang='lat' dir='ltr'><strong><em>dam-</em></strong></span> 
     </span>
    </p>
   </div>
   <div class='ocr_carea' id='block_1_4' title="bbox 302 587 1893 665">
    <p class='ocr_par' dir='ltr' id='par_1_4' title="bbox 302 587 1893 665">
     <span class='ocr_line' id='line_1_4' title="bbox 302 587 1893 665; baseline -0.012 -8"><span class='ocrx_word' id='word_1_20' title='bbox 302 602 430 657; x_wconf 83' lang='lat' dir='ltr'><strong><em>renit</em></strong></span> <span class='ocrx_word' id='word_1_21' title='bbox 472 601 539 653; x_wconf 89' lang='lat' dir='ltr'><strong><em>ad</em></strong></span> <span class='ocrx_word' id='word_1_22' title='bbox 577 615 677 661; x_wconf 89' lang='lat' dir='ltr'><strong><em>nte,</em></strong></span> <span class='ocrx_word' id='word_1_23' title='bbox 712 596 812 650; x_wconf 91' lang='lat' dir='ltr'><strong><em>nisi</em></strong></span> <span class='ocrx_word' id='word_1_24' title='bbox 853 592 1011 649; x_wconf 86' lang='lat' dir='ltr'><strong><em>Pater</em></strong></span> <span class='ocrx_word' id='word_1_25' title='bbox 1048 593 1136 665; x_wconf 91' lang='lat' dir='ltr'><strong><em>qui</em></strong></span> <span class='ocrx_word' id='word_1_26' title='bbox 1166 592 1302 645; x_wconf 90' lang='lat' dir='ltr'><strong><em>misit</em></strong></span> <span class='ocrx_word' id='word_1_27' title='bbox 1342 606 1443 654; x_wconf 88' lang='lat' dir='ltr'><strong><em>me,</em></strong></span> <span class='ocrx_word' id='word_1_28' title='bbox 1476 587 1749 641; x_wconf 69' lang='lat' dir='ltr'><strong><em>attraxerit</em></strong></span> <span class='ocrx_word' id='word_1_29' title='bbox 1777 601 1893 639; x_wconf 88' lang='lat' dir='ltr'><strong><em>eum</em></strong></span> 
     </span>
    </p>
   </div>
   <div class='ocr_carea' id='block_1_5' title="bbox 305 678 1895 769">
    <p class='ocr_par' dir='ltr' id='par_1_5' title="bbox 305 678 1895 769">
     <span class='ocr_line' id='line_1_5' title="bbox 305 678 1895 769; baseline -0.011 -20"><span class='ocrx_word' id='word_1_30' title='bbox 305 694 483 769; x_wconf 79' lang='lat' dir='ltr'><strong><em>(Joan.</em></strong></span> <span class='ocrx_word' id='word_1_31' title='bbox 516 708 590 756; x_wconf 86' lang='lat' dir='ltr'><strong><em>vl,</em></strong></span> <span class='ocrx_word' id='word_1_32' title='bbox 637 689 755 760; x_wconf 69' lang='lat' dir='ltr'><strong><em>ﬂ);</em></strong></span> <span class='ocrx_word' id='word_1_33' title='bbox 808 696 883 755; x_wconf 87' lang='lat' dir='ltr'><strong><em>et,</em></strong></span> <span class='ocrx_word' id='word_1_34' title='bbox 927 686 1092 741; x_wconf 83' lang='lat' dir='ltr'><strong><em>Nemo</em></strong></span> <span class='ocrx_word' id='word_1_35' title='bbox 1133 693 1294 755; x_wconf 89' lang='lat' dir='ltr'><strong><em>potest</em></strong></span> <span class='ocrx_word' id='word_1_36' title='bbox 1343 682 1516 735; x_wconf 86' lang='lat' dir='ltr'><strong><em>venire</em></strong></span> <span class='ocrx_word' id='word_1_37' title='bbox 1565 681 1633 733; x_wconf 90' lang='lat' dir='ltr'><strong><em>ad</em></strong></span> <span class='ocrx_word' id='word_1_38' title='bbox 1674 696 1753 734; x_wconf 85' lang='lat' dir='ltr'><strong><em>me</em></strong></span> <span class='ocrx_word' id='word_1_39' title='bbox 1792 678 1895 732; x_wconf 85' lang='lat' dir='ltr'><strong><em>nisi</em></strong></span> 
     </span>
    </p>
   </div>
   <div class='ocr_carea' id='block_1_6' title="bbox 305 773 1897 858">
    <p class='ocr_par' dir='ltr' id='par_1_6' title="bbox 305 773 1897 858">
     <span class='ocr_line' id='line_1_6' title="bbox 305 773 1897 858; baseline -0.011 -15"><span class='ocrx_word' id='word_1_40' title='bbox 305 791 480 843; x_wconf 87' lang='lat' dir='ltr'><strong><em>datum</em></strong></span> <span class='ocrx_word' id='word_1_41' title='bbox 506 791 552 841; x_wconf 88' lang='lat' dir='ltr'><strong><em>ei</em></strong></span> <span class='ocrx_word' id='word_1_42' title='bbox 582 786 737 858; x_wconf 80' lang='lat' dir='ltr'><strong><em>fuerit</em></strong></span> <span class='ocrx_word' id='word_1_43' title='bbox 764 800 795 836; x_wconf 89' lang='lat' dir='ltr'><strong><em>a</em></strong></span> <span class='ocrx_word' id='word_1_44' title='bbox 813 782 970 837; x_wconf 88' lang='lat' dir='ltr'><strong><em>Patre</em></strong></span> <span class='ocrx_word' id='word_1_45' title='bbox 995 798 1105 835; x_wconf 87' lang='lat' dir='ltr'><strong><em>meo</em></strong></span> <span class='ocrx_word' id='word_1_46' title='bbox 1131 779 1296 852; x_wconf 89' lang='lat' dir='ltr'><strong><em>(Ibid.</em></strong></span> <span class='ocrx_word' id='word_1_47' title='bbox 1327 779 1441 848; x_wconf 84' lang='lat'><strong><em>66);</em></strong></span> <span class='ocrx_word' id='word_1_48' title='bbox 1465 787 1541 841; x_wconf 81' lang='lat' dir='ltr'><strong><em>et,</em></strong></span> <span class='ocrx_word' id='word_1_49' title='bbox 1568 776 1716 831; x_wconf 88' lang='lat' dir='ltr'><strong><em>Sicut</em></strong></span> <span class='ocrx_word' id='word_1_50' title='bbox 1738 773 1897 827; x_wconf 88' lang='lat' dir='ltr'><strong><em>Pater</em></strong></span> 
     </span>
    </p>
   </div>
   <div class='ocr_carea' id='block_1_7' title="bbox 305 868 1899 952">
    <p class='ocr_par' dir='ltr' id='par_1_7' title="bbox 305 868 1899 952">
     <span class='ocr_line' id='line_1_7' title="bbox 305 868 1899 952; baseline -0.011 -16"><span class='ocrx_word' id='word_1_51' title='bbox 305 882 524 952; x_wconf 89' lang='lat' dir='ltr'><strong><em>viviﬁcat</em></strong></span> <span class='ocrx_word' id='word_1_52' title='bbox 579 887 837 945; x_wconf 84' lang='lat' dir='ltr'><strong><em>mortuos,</em></strong></span> <span class='ocrx_word' id='word_1_53' title='bbox 884 874 955 927; x_wconf 86' lang='lat' dir='ltr'><strong><em>ita</em></strong></span> <span class='ocrx_word' id='word_1_54' title='bbox 1011 881 1059 927; x_wconf 93' lang='lat' dir='ltr'><strong><em>et</em></strong></span> <span class='ocrx_word' id='word_1_55' title='bbox 1118 870 1287 925; x_wconf 78' lang='lat' dir='ltr'><strong><em>Filius</em></strong></span> <span class='ocrx_word' id='word_1_56' title='bbox 1344 886 1470 940; x_wconf 89' lang='lat' dir='ltr'><strong><em>quos</em></strong></span> <span class='ocrx_word' id='word_1_57' title='bbox 1518 869 1623 923; x_wconf 89' lang='lat' dir='ltr'><strong><em>vult</em></strong></span> <span class='ocrx_word' id='word_1_58' title='bbox 1673 868 1899 937; x_wconf 87' lang='lat' dir='ltr'><strong><em>viviﬁcat</em></strong></span> 
     </span>
    </p>
   </div>
   <div class='ocr_carea' id='block_1_8' title="bbox 309 960 1896 1051">
    <p class='ocr_par' dir='ltr' id='par_1_8' title="bbox 309 960 1896 1051">
     <span class='ocr_line' id='line_1_8' title="bbox 309 960 1896 1051; baseline -0.012 -18"><span class='ocrx_word' id='word_1_59' title='bbox 309 976 488 1051; x_wconf 77' lang='lat' dir='ltr'><strong><em>(Joan.</em></strong></span> <span class='ocrx_word' id='word_1_60' title='bbox 522 994 573 1039; x_wconf 83' lang='grc' dir='ltr'><strong><em>ν,</em></strong></span> <span class='ocrx_word' id='word_1_61' title='bbox 606 973 723 1043; x_wconf 72' lang='lat'><strong><em>21);</em></strong></span> <span class='ocrx_word' id='word_1_62' title='bbox 755 983 826 1036; x_wconf 86' lang='lat' dir='ltr'><strong><em>et,</em></strong></span> <span class='ocrx_word' id='word_1_63' title='bbox 861 968 1028 1024; x_wconf 85' lang='lat' dir='ltr'><strong><em>Nemo</em></strong></span> <span class='ocrx_word' id='word_1_64' title='bbox 1054 968 1194 1021; x_wconf 89' lang='lat' dir='ltr'><strong><em>novit</em></strong></span> <span class='ocrx_word' id='word_1_65' title='bbox 1216 963 1435 1032; x_wconf 81' lang='lat' dir='ltr'><strong><em>Filium,</em></strong></span> <span class='ocrx_word' id='word_1_66' title='bbox 1468 964 1564 1018; x_wconf 93' lang='lat' dir='ltr'><strong><em>nisi</em></strong></span> <span class='ocrx_word' id='word_1_67' title='bbox 1594 960 1776 1027; x_wconf 86' lang='lat' dir='ltr'><strong><em>Pater,</em></strong></span> <span class='ocrx_word' id='word_1_68' title='bbox 1805 978 1896 1015; x_wconf 87' lang='lat' dir='ltr'><strong><em>ne-</em></strong></span> 
     </span>
    </p>
   </div>
   <div class='ocr_carea' id='block_1_9' title="bbox 305 1052 1900 1142">
    <p class='ocr_par' dir='ltr' id='par_1_9' title="bbox 305 1052 1900 1142">
     <span class='ocr_line' id='line_1_9' title="bbox 305 1052 1900 1142; baseline -0.008 -19"><span class='ocrx_word' id='word_1_69' title='bbox 305 1086 401 1142; x_wconf 87' lang='lat' dir='ltr'><strong><em>que</em></strong></span> <span class='ocrx_word' id='word_1_70' title='bbox 428 1068 641 1122; x_wconf 83' lang='lat' dir='ltr'><strong><em>Patrem</em></strong></span> <span class='ocrx_word' id='word_1_71' title='bbox 667 1065 780 1133; x_wconf 89' lang='lat' dir='ltr'><strong><em>quis</em></strong></span> <span class='ocrx_word' id='word_1_72' title='bbox 804 1063 938 1117; x_wconf 89' lang='lat' dir='ltr'><strong><em>novit</em></strong></span> <span class='ocrx_word' id='word_1_73' title='bbox 968 1061 1067 1115; x_wconf 87' lang='lat' dir='ltr'><strong><em>nisi</em></strong></span> <span class='ocrx_word' id='word_1_74' title='bbox 1087 1056 1283 1124; x_wconf 84' lang='lat' dir='ltr'><strong><em>Filius,</em></strong></span> <span class='ocrx_word' id='word_1_75' title='bbox 1307 1068 1353 1111; x_wconf 91' lang='lat' dir='ltr'><strong><em>et</em></strong></span> <span class='ocrx_word' id='word_1_76' title='bbox 1374 1058 1458 1111; x_wconf 92' lang='lat' dir='ltr'><strong><em>cui</em></strong></span> <span class='ocrx_word' id='word_1_77' title='bbox 1480 1055 1694 1111; x_wconf 87' lang='lat' dir='ltr'><strong><em>voluerit</em></strong></span> <span class='ocrx_word' id='word_1_78' title='bbox 1723 1052 1900 1110; x_wconf 84' lang='lat' dir='ltr'><strong><em>Filius</em></strong></span> 
     </span>
    </p>
   </div>
   <div class='ocr_carea' id='block_1_10' title="bbox 307 1150 1895 1233">
    <p class='ocr_par' dir='ltr' id='par_1_10' title="bbox 307 1150 1895 1233">
     <span class='ocr_line' id='line_1_10' title="bbox 307 1150 1895 1233; baseline -0.011 -14"><span class='ocrx_word' id='word_1_79' title='bbox 307 1164 533 1219; x_wconf 80' lang='lat' dir='ltr'><strong><em>revelare</em></strong></span> <span class='ocrx_word' id='word_1_80' title='bbox 573 1160 723 1233; x_wconf 86' lang='lat' dir='ltr'><strong><em>(Luc.</em></strong></span> <span class='ocrx_word' id='word_1_81' title='bbox 769 1175 822 1224; x_wconf 82' lang='lat' dir='ltr'><strong><em>x,</em></strong></span> <span class='ocrx_word' id='word_1_82' title='bbox 858 1156 977 1226; x_wconf 72' lang='lat'><strong><em>22).</em></strong></span> <span class='ocrx_word' id='word_1_83' title='bbox 1018 1155 1146 1222; x_wconf 67' lang='lat' dir='ltr'><strong><em>Quae</em></strong></span> <span class='ocrx_word' id='word_1_84' title='bbox 1178 1153 1360 1207; x_wconf 82' lang='lat' dir='ltr'><strong><em>omnia</em></strong></span> <span class='ocrx_word' id='word_1_85' title='bbox 1386 1167 1509 1206; x_wconf 92' lang='lat' dir='ltr'><strong><em>cum</em></strong></span> <span class='ocrx_word' id='word_1_86' title='bbox 1550 1151 1659 1204; x_wconf 90' lang='lat' dir='ltr'><strong><em>sint</em></strong></span> <span class='ocrx_word' id='word_1_87' title='bbox 1690 1150 1895 1204; x_wconf 89' lang='lat' dir='ltr'><strong><em>incom-</em></strong></span> 
     </span>
    </p>
   </div>
   <div class='ocr_carea' id='block_1_11' title="bbox 308 1244 1899 1321">
    <p class='ocr_par' dir='ltr' id='par_1_11' title="bbox 308 1244 1899 1321">
     <span class='ocr_line' id='line_1_11' title="bbox 308 1244 1899 1321; baseline -0.01 -8"><span class='ocrx_word' id='word_1_88' title='bbox 308 1256 610 1321; x_wconf 85' lang='lat' dir='ltr'><strong><em>mutabilia,</em></strong></span> <span class='ocrx_word' id='word_1_89' title='bbox 638 1263 691 1308; x_wconf 93' lang='lat' dir='ltr'><strong><em>et</em></strong></span> <span class='ocrx_word' id='word_1_90' title='bbox 712 1261 986 1319; x_wconf 53' lang='lat' dir='ltr'><strong><em>ne&#39;jueant</em></strong></span> <span class='ocrx_word' id='word_1_91' title='bbox 1002 1249 1109 1304; x_wconf 89' lang='lat' dir='ltr'><strong><em>ulla</em></strong></span> <span class='ocrx_word' id='word_1_92' title='bbox 1136 1246 1584 1318; x_wconf 71' lang='lat' dir='ltr'><strong><em>interpretatione</em></strong></span> <span class='ocrx_word' id='word_1_93' title='bbox 1604 1244 1657 1299; x_wconf 95' lang='lat' dir='ltr'><strong><em>in</em></strong></span> <span class='ocrx_word' id='word_1_94' title='bbox 1679 1258 1899 1299; x_wconf 84' lang='lat' dir='ltr'><strong><em>sensum</em></strong></span> 
     </span>
    </p>
   </div>
   <div class='ocr_carea' id='block_1_12' title="bbox 308 1336 1903 1415">
    <p class='ocr_par' dir='ltr' id='par_1_12' title="bbox 308 1336 1903 1415">
     <span class='ocr_line' id='line_1_12' title="bbox 308 1336 1903 1415; baseline -0.008 -11"><span class='ocrx_word' id='word_1_95' title='bbox 308 1351 468 1405; x_wconf 87' lang='lat' dir='ltr'><strong><em>alium</em></strong></span> <span class='ocrx_word' id='word_1_96' title='bbox 498 1345 834 1415; x_wconf 87' lang='lat' dir='ltr'><strong><em>detorqueri,</em></strong></span> <span class='ocrx_word' id='word_1_97' title='bbox 860 1343 996 1415; x_wconf 7' lang='lat' dir='ltr'><strong><em>(quis</em></strong></span> <span class='ocrx_word' id='word_1_98' title='bbox 1041 1340 1280 1412; x_wconf 79' lang='lat' dir='ltr'><strong><em>ambigat</em></strong></span> <span class='ocrx_word' id='word_1_99' title='bbox 1322 1350 1447 1393; x_wconf 87' lang='lat' dir='ltr'><strong><em>tunc</em></strong></span> <span class='ocrx_word' id='word_1_100' title='bbox 1491 1337 1719 1393; x_wconf 90' lang='lat' dir='ltr'><strong><em>liberum</em></strong></span> <span class='ocrx_word' id='word_1_101' title='bbox 1759 1336 1903 1391; x_wconf 86' lang='lat' dir='ltr'><strong><em>arbi-</em></strong></span> 
     </span>
    </p>
   </div>
   <div class='ocr_carea' id='block_1_13' title="bbox 309 1429 1903 1497">
    <p class='ocr_par' dir='ltr' id='par_1_13' title="bbox 309 1429 1903 1497">
     <span class='ocr_line' id='line_1_13' title="bbox 309 1429 1903 1497; baseline -0.006 -3"><span class='ocrx_word' id='word_1_102' title='bbox 309 1444 466 1495; x_wconf 80' lang='lat' dir='ltr'><strong><em>trium</em></strong></span> <span class='ocrx_word' id='word_1_103' title='bbox 519 1436 893 1495; x_wconf 89' lang='lat' dir='ltr'><strong><em>cohortationi</em></strong></span> <span class='ocrx_word' id='word_1_104' title='bbox 946 1435 1189 1489; x_wconf 89' lang='lat' dir='ltr'><strong><em>vocantis</em></strong></span> <span class='ocrx_word' id='word_1_105' title='bbox 1242 1432 1480 1497; x_wconf 87' lang='lat' dir='ltr'><strong><em>obedire,</em></strong></span> <span class='ocrx_word' id='word_1_106' title='bbox 1531 1444 1654 1486; x_wconf 91' lang='lat' dir='ltr'><strong><em>cum</em></strong></span> <span class='ocrx_word' id='word_1_107' title='bbox 1706 1429 1759 1485; x_wconf 92' lang='lat' dir='ltr'><strong><em>in</em></strong></span> <span class='ocrx_word' id='word_1_108' title='bbox 1810 1430 1903 1485; x_wconf 91' lang='lat' dir='ltr'><strong><em>illo</em></strong></span> 
     </span>
    </p>
   </div>
   <div class='ocr_carea' id='block_1_14' title="bbox 308 1526 1903 1607">
    <p class='ocr_par' dir='ltr' id='par_1_14' title="bbox 308 1526 1903 1607">
     <span class='ocr_line' id='line_1_14' title="bbox 308 1526 1903 1607; baseline -0.008 -18"><span class='ocrx_word' id='word_1_109' title='bbox 308 1535 472 1607; x_wconf 83' lang='lat' dir='ltr'><strong><em>gratia</em></strong></span> <span class='ocrx_word' id='word_1_110' title='bbox 507 1532 601 1588; x_wconf 88' lang='lat' dir='ltr'><strong><em>Dei</em></strong></span> <span class='ocrx_word' id='word_1_111' title='bbox 631 1529 880 1586; x_wconf 76' lang='lat' dir='ltr'><strong><em>allectum</em></strong></span> <span class='ocrx_word' id='word_1_112' title='bbox 908 1527 1163 1583; x_wconf 87' lang='lat' dir='ltr'><strong><em>credendi</em></strong></span> <span class='ocrx_word' id='word_1_113' title='bbox 1196 1526 1593 1595; x_wconf 87' lang='lat' dir='ltr'><strong><em>obediendique</em></strong></span> <span class='ocrx_word' id='word_1_114' title='bbox 1626 1532 1650 1559; x_wconf 77' lang='grc'><strong><em>⁸</em></strong></span> <span class='ocrx_word' id='word_1_115' title='bbox 1675 1539 1903 1594; x_wconf 85' lang='lat' dir='ltr'><strong><em>genera-</em></strong></span> 
     </span>
    </p>
   </div>
   <div class='ocr_carea' id='block_1_15' title="bbox 308 1618 1903 1695">
    <p class='ocr_par' dir='ltr' id='par_1_15' title="bbox 308 1618 1903 1695">
     <span class='ocr_line' id='line_1_15' title="bbox 308 1618 1903 1695; baseline -0.007 -11"><span class='ocrx_word' id='word_1_116' title='bbox 308 1628 481 1684; x_wconf 73' lang='lat' dir='ltr'><strong><em>verit?</em></strong></span> <span class='ocrx_word' id='word_1_117' title='bbox 532 1624 787 1695; x_wconf 78' lang='lat' dir='ltr'><strong><em>Alioquin</em></strong></span> <span class='ocrx_word' id='word_1_118' title='bbox 839 1622 1113 1677; x_wconf 81' lang='lat' dir='ltr'><strong><em>sufﬁceret</em></strong></span> <span class='ocrx_word' id='word_1_119' title='bbox 1160 1622 1371 1676; x_wconf 89' lang='lat' dir='ltr'><strong><em>moneri</em></strong></span> <span class='ocrx_word' id='word_1_120' title='bbox 1428 1618 1741 1687; x_wconf 84' lang='lat' dir='ltr'><strong><em>hominem,</em></strong></span> <span class='ocrx_word' id='word_1_121' title='bbox 1794 1633 1903 1674; x_wconf 93' lang='lat' dir='ltr'><strong><em>non</em></strong></span> 
     </span>
    </p>
   </div>
   <div class='ocr_carea' id='block_1_16' title="bbox 308 1712 1901 1789">
    <p class='ocr_par' dir='ltr' id='par_1_16' title="bbox 308 1712 1901 1789">
     <span class='ocr_line' id='line_1_16' title="bbox 308 1712 1901 1789; baseline -0.007 -13"><span class='ocrx_word' id='word_1_122' title='bbox 308 1723 468 1777; x_wconf 86' lang='lat' dir='ltr'><strong><em>etiam</em></strong></span> <span class='ocrx_word' id='word_1_123' title='bbox 499 1720 552 1775; x_wconf 92' lang='lat' dir='ltr'><strong><em>in</em></strong></span> <span class='ocrx_word' id='word_1_124' title='bbox 577 1721 695 1789; x_wconf 92' lang='lat' dir='ltr'><strong><em>ipso</em></strong></span> <span class='ocrx_word' id='word_1_125' title='bbox 726 1732 918 1771; x_wconf 87' lang='lat' dir='ltr'><strong><em>novam</em></strong></span> <span class='ocrx_word' id='word_1_126' title='bbox 941 1714 1055 1771; x_wconf 91' lang='lat' dir='ltr'><strong><em>ﬁeri</em></strong></span> <span class='ocrx_word' id='word_1_127' title='bbox 1080 1716 1447 1779; x_wconf 78' lang='lat' dir='ltr'><strong><em>Voluntatem,</em></strong></span> <span class='ocrx_word' id='word_1_128' title='bbox 1479 1713 1618 1769; x_wconf 93' lang='lat' dir='ltr'><strong><em>sicut</em></strong></span> <span class='ocrx_word' id='word_1_129' title='bbox 1646 1712 1901 1782; x_wconf 86' lang='lat' dir='ltr'><strong><em>scriptum</em></strong></span> 
     </span>
    </p>
   </div>
   <div class='ocr_carea' id='block_1_17' title="bbox 309 1804 1903 1877">
    <p class='ocr_par' dir='ltr' id='par_1_17' title="bbox 309 1804 1903 1877">
     <span class='ocr_line' id='line_1_17' title="bbox 309 1804 1903 1877; baseline -0.006 -9"><span class='ocrx_word' id='word_1_130' title='bbox 309 1822 426 1869; x_wconf 87' lang='lat' dir='ltr'><strong><em>est:</em></strong></span> <span class='ocrx_word' id='word_1_131' title='bbox 471 1810 812 1877; x_wconf 72' lang='lat' dir='ltr'><strong><em>Preparatur</em></strong></span> <span class='ocrx_word' id='word_1_132' title='bbox 848 1807 1081 1861; x_wconf 79' lang='lat' dir='ltr'><strong><em>voluntas</em></strong></span> <span class='ocrx_word' id='word_1_133' title='bbox 1113 1823 1145 1860; x_wconf 84' lang='grc' dir='ltr'><em>α</em></span> <span class='ocrx_word' id='word_1_134' title='bbox 1176 1804 1398 1860; x_wconf 88' lang='lat' dir='ltr'><strong><em>Domino</em></strong></span> <span class='ocrx_word' id='word_1_135' title='bbox 1431 1805 1612 1875; x_wconf 87' lang='lat' dir='ltr'><strong><em>(Prov.</em></strong></span> <span class='ocrx_word' id='word_1_136' title='bbox 1652 1820 1763 1869; x_wconf 72' lang='lat' dir='ltr'>VIII,</span> <span class='ocrx_word' id='word_1_137' title='bbox 1809 1805 1903 1870; x_wconf 81' lang='lat'><strong><em>35,</em></strong></span> 
     </span>
    </p>
   </div>
   <div class='ocr_carea' id='block_1_18' title="bbox 1998 586 3591 660">
    <p class='ocr_par' dir='ltr' id='par_1_18' title="bbox 1998 586 3591 660">
     <span class='ocr_line' id='line_1_18' title="bbox 1998 586 3591 660; baseline 0.009 -21"><span class='ocrx_word' id='word_1_138' title='bbox 1998 593 2123 640; x_wconf 88' lang='lat' dir='ltr'><strong><em>nata</em></strong></span> <span class='ocrx_word' id='word_1_139' title='bbox 2146 586 2453 653; x_wconf 79' lang='lat' dir='ltr'><strong><em>successio;</em></strong></span> <span class='ocrx_word' id='word_1_140' title='bbox 2475 596 2530 643; x_wconf 92' lang='lat' dir='ltr'><strong><em>et</em></strong></span> <span class='ocrx_word' id='word_1_141' title='bbox 2552 603 2676 645; x_wconf 90' lang='lat' dir='ltr'><strong><em>cum</em></strong></span> <span class='ocrx_word' id='word_1_142' title='bbox 2701 589 2904 645; x_wconf 85' lang='lat' dir='ltr'><strong><em>mortui</em></strong></span> <span class='ocrx_word' id='word_1_143' title='bbox 2927 591 3293 660; x_wconf 80' lang='lat' dir='ltr'><strong><em>viviﬁcantur,</em></strong></span> <span class='ocrx_word' id='word_1_144' title='bbox 3320 609 3443 650; x_wconf 91' lang='lat' dir='ltr'><strong><em>cum</em></strong></span> <span class='ocrx_word' id='word_1_145' title='bbox 3460 596 3591 653; x_wconf 61' lang='lat' dir='ltr'><strong><em>caci</em></strong></span> 
     </span>
    </p>
   </div>
   <div class='ocr_carea' id='block_1_19' title="bbox 1996 682 3595 755">
    <p class='ocr_par' dir='ltr' id='par_1_19' title="bbox 1996 682 3595 755">
     <span class='ocr_line' id='line_1_19' title="bbox 1996 682 3595 755; baseline 0.005 -18"><span class='ocrx_word' id='word_1_146' title='bbox 1996 682 2396 749; x_wconf 89' lang='lat' dir='ltr'><strong><em>illuminantur,</em></strong></span> <span class='ocrx_word' id='word_1_147' title='bbox 2441 698 2564 739; x_wconf 92' lang='lat' dir='ltr'><strong><em>cum</em></strong></span> <span class='ocrx_word' id='word_1_148' title='bbox 2612 684 2760 755; x_wconf 85' lang='lat' dir='ltr'><strong><em>impii</em></strong></span> <span class='ocrx_word' id='word_1_149' title='bbox 2801 684 3186 755; x_wconf 83' lang='lat' dir='ltr'><strong><em>justiﬁcantur,</em></strong></span> <span class='ocrx_word' id='word_1_150' title='bbox 3230 688 3595 745; x_wconf 88' lang='lat' dir='ltr'><strong><em>conﬁteantur</em></strong></span> 
     </span>
    </p>
   </div>
   <div class='ocr_carea' id='block_1_20' title="bbox 1999 775 3589 849">
    <p class='ocr_par' dir='ltr' id='par_1_20' title="bbox 1999 775 3589 849">
     <span class='ocr_line' id='line_1_20' title="bbox 1999 775 3589 849; baseline 0.006 -20"><span class='ocrx_word' id='word_1_151' title='bbox 1999 775 2187 843; x_wconf 86' lang='lat' dir='ltr'><strong><em>vitam,</em></strong></span> <span class='ocrx_word' id='word_1_152' title='bbox 2211 786 2263 831; x_wconf 91' lang='lat' dir='ltr'><strong><em>et</em></strong></span> <span class='ocrx_word' id='word_1_153' title='bbox 2294 776 2499 841; x_wconf 90' lang='lat' dir='ltr'><strong><em>lumen,</em></strong></span> <span class='ocrx_word' id='word_1_154' title='bbox 2524 786 2578 832; x_wconf 85' lang='lat' dir='ltr'><strong><em>et</em></strong></span> <span class='ocrx_word' id='word_1_155' title='bbox 2596 776 2862 847; x_wconf 81' lang='lat' dir='ltr'><strong><em>justitiam</em></strong></span> <span class='ocrx_word' id='word_1_156' title='bbox 2889 793 3040 834; x_wconf 88' lang='lat' dir='ltr'><strong><em>suam</em></strong></span> <span class='ocrx_word' id='word_1_157' title='bbox 3067 781 3253 836; x_wconf 82' lang='lat' dir='ltr'><strong><em>Jesum</em></strong></span> <span class='ocrx_word' id='word_1_158' title='bbox 3284 781 3589 849; x_wconf 83' lang='lat' dir='ltr'><strong><em>Christum;</em></strong></span> 
     </span>
    </p>
   </div>
   <div class='ocr_carea' id='block_1_21' title="bbox 1999 870 3592 946">
    <p class='ocr_par' dir='ltr' id='par_1_21' title="bbox 1999 870 3592 946">
     <span class='ocr_line' id='line_1_21' title="bbox 1999 870 3592 946; baseline 0.003 -20"><span class='ocrx_word' id='word_1_159' title='bbox 1999 878 2056 926; x_wconf 88' lang='lat' dir='ltr'><strong><em>et</em></strong></span> <span class='ocrx_word' id='word_1_160' title='bbox 2089 872 2179 939; x_wconf 86' lang='lat' dir='ltr'><strong><em>qui</em></strong></span> <span class='ocrx_word' id='word_1_161' title='bbox 2220 871 2495 940; x_wconf 80' lang='lat' dir='ltr'><strong><em>gloriatur,</em></strong></span> <span class='ocrx_word' id='word_1_162' title='bbox 2534 872 2592 925; x_wconf 86' lang='lat' dir='ltr'><strong><em>in</em></strong></span> <span class='ocrx_word' id='word_1_163' title='bbox 2630 870 2857 927; x_wconf 86' lang='lat' dir='ltr'><strong><em>Domino</em></strong></span> <span class='ocrx_word' id='word_1_164' title='bbox 2886 872 3136 945; x_wconf 75' lang='lat' dir='ltr'><strong><em>glorietur</em></strong></span> <span class='ocrx_word' id='word_1_165' title='bbox 3162 873 3206 945; x_wconf 95' lang='lat' dir='ltr'><strong><em>(l</em></strong></span> <span class='ocrx_word' id='word_1_166' title='bbox 3239 874 3361 929; x_wconf 90' lang='lat' dir='ltr'><strong><em>Cor.</em></strong></span> <span class='ocrx_word' id='word_1_167' title='bbox 3398 890 3437 941; x_wconf 93' lang='lat' dir='ltr'><strong><em>t,</em></strong></span> <span class='ocrx_word' id='word_1_168' title='bbox 3476 874 3592 946; x_wconf 68' lang='lat'><strong><em>31),</em></strong></span> 
     </span>
    </p>
   </div>
   <div class='ocr_carea' id='block_1_22' title="bbox 2002 966 3662 1038">
    <p class='ocr_par' dir='ltr' id='par_1_22' title="bbox 2002 966 3662 1038">
     <span class='ocr_line' id='line_1_22' title="bbox 2002 966 3662 1038; baseline 0.005 -19"><span class='ocrx_word' id='word_1_169' title='bbox 2002 980 2110 1020; x_wconf 91' lang='lat' dir='ltr'><strong><em>non</em></strong></span> <span class='ocrx_word' id='word_1_170' title='bbox 2145 966 2199 1020; x_wconf 93' lang='lat' dir='ltr'><strong><em>in</em></strong></span> <span class='ocrx_word' id='word_1_171' title='bbox 2225 979 2320 1021; x_wconf 90' lang='lat' dir='ltr'><strong><em>se:</em></strong></span> <span class='ocrx_word' id='word_1_172' title='bbox 2346 966 2440 1037; x_wconf 89' lang='lat' dir='ltr'><strong><em>qui</em></strong></span> <span class='ocrx_word' id='word_1_173' title='bbox 2471 980 2592 1021; x_wconf 91' lang='lat' dir='ltr'><strong><em>cum</em></strong></span> <span class='ocrx_word' id='word_1_174' title='bbox 2622 976 2769 1022; x_wconf 87' lang='lat' dir='ltr'><strong><em>esset</em></strong></span> <span class='ocrx_word' id='word_1_175' title='bbox 2799 968 3015 1038; x_wconf 89' lang='lat' dir='ltr'><strong><em>impius,</em></strong></span> <span class='ocrx_word' id='word_1_176' title='bbox 3049 978 3105 1025; x_wconf 89' lang='lat' dir='ltr'><strong><em>et</em></strong></span> <span class='ocrx_word' id='word_1_177' title='bbox 3132 984 3335 1038; x_wconf 70' lang='lat' dir='ltr'><strong><em>caecus,</em></strong></span> <span class='ocrx_word' id='word_1_178' title='bbox 3363 979 3418 1027; x_wconf 88' lang='lat' dir='ltr'><strong><em>et</em></strong></span> <span class='ocrx_word' id='word_1_179' title='bbox 3450 986 3599 1027; x_wconf 89' lang='lat' dir='ltr'><strong><em>mor-</em></strong></span> <span class='ocrx_word' id='word_1_180' title='bbox 3658 1030 3662 1035; x_wconf 22' lang='grc' dir='ltr'><strong><em>ι</em></strong></span> 
     </span>
    </p>
   </div>
   <div class='ocr_carea' id='block_1_23' title="bbox 2003 1039 3661 1133">
    <p class='ocr_par' dir='ltr' id='par_1_23' title="bbox 2003 1039 3661 1133">
     <span class='ocr_line' id='line_1_23' title="bbox 2003 1039 3661 1133; baseline 0.004 -22"><span class='ocrx_word' id='word_1_181' title='bbox 2003 1066 2148 1126; x_wconf 90' lang='lat' dir='ltr'><strong><em>tuus,</em></strong></span> <span class='ocrx_word' id='word_1_182' title='bbox 2188 1072 2217 1111; x_wconf 92' lang='lat' dir='ltr'><strong><em>a</em></strong></span> <span class='ocrx_word' id='word_1_183' title='bbox 2258 1058 2551 1114; x_wconf 82' lang='lat' dir='ltr'><strong><em>liberatore</em></strong></span> <span class='ocrx_word' id='word_1_184' title='bbox 2583 1072 2683 1113; x_wconf 88' lang='lat' dir='ltr'><strong><em>suo</em></strong></span> <span class='ocrx_word' id='word_1_185' title='bbox 2708 1060 2877 1128; x_wconf 90' lang='lat' dir='ltr'><strong><em>gratis</em></strong></span> <span class='ocrx_word' id='word_1_186' title='bbox 2911 1062 3120 1133; x_wconf 88' lang='lat' dir='ltr'><strong><em>accepit</em></strong></span> <span class='ocrx_word' id='word_1_187' title='bbox 3142 1073 3196 1119; x_wconf 92' lang='lat' dir='ltr'><strong><em>et</em></strong></span> <span class='ocrx_word' id='word_1_188' title='bbox 3224 1062 3515 1133; x_wconf 79' lang='lat' dir='ltr'><strong><em>justitiam,</em></strong></span> <span class='ocrx_word' id='word_1_189' title='bbox 3541 1072 3599 1119; x_wconf 85' lang='lat' dir='ltr'><strong><em>et</em></strong></span> <span class='ocrx_word' id='word_1_190' title='bbox 3654 1039 3661 1133; x_wconf 64' lang='grc' dir='ltr'><em>ξ</em></span> 
     </span>
    </p>
   </div>
   <div class='ocr_carea' id='block_1_24' title="bbox 2004 1149 3602 1225">
    <p class='ocr_par' dir='ltr' id='par_1_24' title="bbox 2004 1149 3602 1225">
     <span class='ocr_line' id='line_1_24' title="bbox 2004 1149 3602 1225; baseline 0.002 -19"><span class='ocrx_word' id='word_1_191' title='bbox 2004 1152 2207 1217; x_wconf 90' lang='lat' dir='ltr'><strong><em>lumen,</em></strong></span> <span class='ocrx_word' id='word_1_192' title='bbox 2241 1160 2296 1207; x_wconf 90' lang='lat' dir='ltr'><strong><em>et</em></strong></span> <span class='ocrx_word' id='word_1_193' title='bbox 2330 1151 2517 1207; x_wconf 89' lang='lat' dir='ltr'><strong><em>vitam.</em></strong></span> <span class='ocrx_word' id='word_1_194' title='bbox 2547 1150 2666 1207; x_wconf 84' lang='lat' dir='ltr'><strong><em>Non</em></strong></span> <span class='ocrx_word' id='word_1_195' title='bbox 2698 1152 2841 1206; x_wconf 91' lang='lat' dir='ltr'><strong><em>enim</em></strong></span> <span class='ocrx_word' id='word_1_196' title='bbox 2881 1149 2899 1189; x_wconf 71' lang='grc' dir='ltr'>ί</span> <span class='ocrx_word' id='word_1_197' title='bbox 2921 1150 3067 1221; x_wconf 88' lang='lat' dir='ltr'><strong><em>juste</em></strong></span> <span class='ocrx_word' id='word_1_198' title='bbox 3106 1155 3316 1225; x_wconf 87' lang='lat' dir='ltr'><strong><em>agebat,</em></strong></span> <span class='ocrx_word' id='word_1_199' title='bbox 3355 1165 3411 1211; x_wconf 90' lang='lat' dir='ltr'><strong><em>et</em></strong></span> <span class='ocrx_word' id='word_1_200' title='bbox 3442 1162 3602 1209; x_wconf 85' lang='lat' dir='ltr'><strong><em>aucta</em></strong></span> 
     </span>
    </p>
   </div>
   <div class='ocr_carea' id='block_1_25' title="bbox 2002 1245 3602 1317">
    <p class='ocr_par' dir='ltr' id='par_1_25' title="bbox 2002 1245 3602 1317">
     <span class='ocr_line' id='line_1_25' title="bbox 2002 1245 3602 1317; baseline 0.003 -16"><span class='ocrx_word' id='word_1_201' title='bbox 2002 1255 2087 1301; x_wconf 90' lang='lat' dir='ltr'><strong><em>est</em></strong></span> <span class='ocrx_word' id='word_1_202' title='bbox 2120 1245 2328 1315; x_wconf 89' lang='lat' dir='ltr'><strong><em>justitia</em></strong></span> <span class='ocrx_word' id='word_1_203' title='bbox 2366 1245 2510 1315; x_wconf 89' lang='lat' dir='ltr'><strong><em>ejus;</em></strong></span> <span class='ocrx_word' id='word_1_204' title='bbox 2553 1260 2655 1301; x_wconf 90' lang='lat' dir='ltr'><strong><em>nec</em></strong></span> <span class='ocrx_word' id='word_1_205' title='bbox 2679 1246 2749 1301; x_wconf 90' lang='lat' dir='ltr'><strong><em>ad</em></strong></span> <span class='ocrx_word' id='word_1_206' title='bbox 2784 1245 2952 1301; x_wconf 88' lang='lat' dir='ltr'><strong><em>Deum</em></strong></span> <span class='ocrx_word' id='word_1_207' title='bbox 2982 1247 3353 1317; x_wconf 87' lang='lat' dir='ltr'><strong><em>gradiebatur,</em></strong></span> <span class='ocrx_word' id='word_1_208' title='bbox 3392 1257 3446 1305; x_wconf 88' lang='lat' dir='ltr'><strong><em>et</em></strong></span> <span class='ocrx_word' id='word_1_209' title='bbox 3469 1264 3602 1305; x_wconf 86' lang='lat' dir='ltr'><strong><em>con-</em></strong></span> 
     </span>
    </p>
   </div>
   <div class='ocr_carea' id='block_1_26' title="bbox 2003 1338 3603 1410">
    <p class='ocr_par' dir='ltr' id='par_1_26' title="bbox 2003 1338 3603 1410">
     <span class='ocr_line' id='line_1_26' title="bbox 2003 1338 3603 1410; baseline 0.001 -15"><span class='ocrx_word' id='word_1_210' title='bbox 2003 1340 2250 1395; x_wconf 86' lang='lat' dir='ltr'><strong><em>lirmatus</em></strong></span> <span class='ocrx_word' id='word_1_211' title='bbox 2294 1347 2380 1394; x_wconf 87' lang='lat' dir='ltr'><strong><em>est</em></strong></span> <span class='ocrx_word' id='word_1_212' title='bbox 2423 1353 2620 1394; x_wconf 80' lang='lat' dir='ltr'><strong><em>cursus</em></strong></span> <span class='ocrx_word' id='word_1_213' title='bbox 2664 1338 2816 1408; x_wconf 85' lang='lat' dir='ltr'><strong><em>ejus;</em></strong></span> <span class='ocrx_word' id='word_1_214' title='bbox 2860 1354 2961 1395; x_wconf 84' lang='lat' dir='ltr'><strong><em>nec</em></strong></span> <span class='ocrx_word' id='word_1_215' title='bbox 3008 1339 3266 1410; x_wconf 81' lang='lat' dir='ltr'><strong><em>diligebat</em></strong></span> <span class='ocrx_word' id='word_1_216' title='bbox 3313 1340 3504 1409; x_wconf 90' lang='lat' dir='ltr'><strong><em>Deum,</em></strong></span> <span class='ocrx_word' id='word_1_217' title='bbox 3545 1351 3603 1397; x_wconf 91' lang='lat' dir='ltr'><strong><em>et</em></strong></span> 
     </span>
    </p>
   </div>
   <div class='ocr_carea' id='block_1_27' title="bbox 2004 1430 3600 1501">
    <p class='ocr_par' dir='ltr' id='par_1_27' title="bbox 2004 1430 3600 1501">
     <span class='ocr_line' id='line_1_27' title="bbox 2004 1430 3600 1501; baseline 0.001 -14"><span class='ocrx_word' id='word_1_218' title='bbox 2004 1432 2337 1488; x_wconf 82' lang='lat' dir='ltr'><strong><em>inﬂammata</em></strong></span> <span class='ocrx_word' id='word_1_219' title='bbox 2366 1430 2705 1487; x_wconf 88' lang='lat' dir='ltr'><strong><em>estcbaritas</em></strong></span> <span class='ocrx_word' id='word_1_220' title='bbox 2721 1430 2869 1501; x_wconf 85' lang='lat' dir='ltr'><strong><em>ejus;</em></strong></span> <span class='ocrx_word' id='word_1_221' title='bbox 2890 1432 2986 1488; x_wconf 90' lang='lat' dir='ltr'><strong><em>sed</em></strong></span> <span class='ocrx_word' id='word_1_222' title='bbox 3013 1448 3139 1487; x_wconf 91' lang='lat' dir='ltr'><strong><em>cum</em></strong></span> <span class='ocrx_word' id='word_1_223' title='bbox 3161 1442 3307 1489; x_wconf 81' lang='lat' dir='ltr'><strong><em>esset</em></strong></span> <span class='ocrx_word' id='word_1_224' title='bbox 3326 1436 3443 1489; x_wconf 78' lang='lat' dir='ltr'><strong><em>sine</em></strong></span> <span class='ocrx_word' id='word_1_225' title='bbox 3471 1434 3600 1501; x_wconf 82' lang='lat' dir='ltr'><strong><em>ﬁde,</em></strong></span> 
     </span>
    </p>
   </div>
   <div class='ocr_carea' id='block_1_28' title="bbox 2005 1525 3605 1597">
    <p class='ocr_par' dir='ltr' id='par_1_28' title="bbox 2005 1525 3605 1597">
     <span class='ocr_line' id='line_1_28' title="bbox 2005 1525 3605 1597; baseline 0.002 -17"><span class='ocrx_word' id='word_1_226' title='bbox 2005 1541 2069 1582; x_wconf 90' lang='lat' dir='ltr'><strong><em>ac</em></strong></span> <span class='ocrx_word' id='word_1_227' title='bbox 2097 1526 2325 1597; x_wconf 88' lang='lat' dir='ltr'><strong><em>proinde</em></strong></span> <span class='ocrx_word' id='word_1_228' title='bbox 2352 1526 2571 1596; x_wconf 90' lang='lat' dir='ltr'><strong><em>impius,</em></strong></span> <span class='ocrx_word' id='word_1_229' title='bbox 2606 1525 2816 1595; x_wconf 89' lang='lat' dir='ltr'><strong><em>accepit</em></strong></span> <span class='ocrx_word' id='word_1_230' title='bbox 2843 1525 3103 1595; x_wconf 82' lang='lat' dir='ltr'><strong><em>Spiritum</em></strong></span> <span class='ocrx_word' id='word_1_231' title='bbox 3146 1527 3292 1591; x_wconf 85' lang='lat' dir='ltr'><strong><em>ﬁdei,</em></strong></span> <span class='ocrx_word' id='word_1_232' title='bbox 3333 1536 3387 1583; x_wconf 93' lang='lat' dir='ltr'><strong><em>et</em></strong></span> <span class='ocrx_word' id='word_1_233' title='bbox 3430 1526 3605 1583; x_wconf 80' lang='lat' dir='ltr'><strong><em>factus</em></strong></span> 
     </span>
    </p>
   </div>
   <div class='ocr_carea' id='block_1_29' title="bbox 2005 1617 3601 1692">
    <p class='ocr_par' dir='ltr' id='par_1_29' title="bbox 2005 1617 3601 1692">
     <span class='ocr_line' id='line_1_29' title="bbox 2005 1617 3601 1692; baseline 0.001 -17"><span class='ocrx_word' id='word_1_234' title='bbox 2005 1630 2092 1675; x_wconf 88' lang='lat' dir='ltr'><strong><em>est</em></strong></span> <span class='ocrx_word' id='word_1_235' title='bbox 2128 1620 2347 1689; x_wconf 87' lang='lat' dir='ltr'><strong><em>justus:</em></strong></span> <span class='ocrx_word' id='word_1_236' title='bbox 2398 1617 2586 1674; x_wconf 80' lang='lat' dir='ltr'><strong><em>Justus</em></strong></span> <span class='ocrx_word' id='word_1_237' title='bbox 2615 1628 2789 1673; x_wconf 88' lang='lat' dir='ltr'><strong><em>autent</em></strong></span> <span class='ocrx_word' id='word_1_238' title='bbox 2823 1636 2887 1673; x_wconf 88' lang='lat' dir='ltr'><strong><em>ex</em></strong></span> <span class='ocrx_word' id='word_1_239' title='bbox 2924 1620 3027 1689; x_wconf 90' lang='lat' dir='ltr'><strong><em>ﬁde</em></strong></span> <span class='ocrx_word' id='word_1_240' title='bbox 3056 1620 3177 1674; x_wconf 89' lang='lat' dir='ltr'><strong><em>vivit</em></strong></span> <span class='ocrx_word' id='word_1_241' title='bbox 3208 1620 3384 1691; x_wconf 83' lang='lat' dir='ltr'><strong><em>(Rom.</em></strong></span> <span class='ocrx_word' id='word_1_242' title='bbox 3417 1637 3455 1686; x_wconf 89' lang='grc' dir='ltr'><strong><em>ι,</em></strong></span> <span class='ocrx_word' id='word_1_243' title='bbox 3490 1619 3601 1692; x_wconf 77' lang='lat' dir='ltr'><strong><em>l7);</em></strong></span> 
     </span>
    </p>
   </div>
   <div class='ocr_carea' id='block_1_30' title="bbox 2007 1712 3603 1786">
    <p class='ocr_par' dir='ltr' id='par_1_30' title="bbox 2007 1712 3603 1786">
     <span class='ocr_line' id='line_1_30' title="bbox 2007 1712 3603 1786; baseline 0 -17"><span class='ocrx_word' id='word_1_244' title='bbox 2007 1723 2083 1781; x_wconf 86' lang='lat' dir='ltr'><strong><em>et,</em></strong></span> <span class='ocrx_word' id='word_1_245' title='bbox 2115 1714 2243 1770; x_wconf 89' lang='lat' dir='ltr'><strong><em>Sine</em></strong></span> <span class='ocrx_word' id='word_1_246' title='bbox 2271 1714 2376 1784; x_wconf 86' lang='lat' dir='ltr'><strong><em>ﬁde</em></strong></span> <span class='ocrx_word' id='word_1_247' title='bbox 2413 1729 2563 1768; x_wconf 87' lang='lat' dir='ltr'><strong><em>nemo</em></strong></span> <span class='ocrx_word' id='word_1_248' title='bbox 2593 1723 2753 1785; x_wconf 80' lang='lat' dir='ltr'><strong><em>potest</em></strong></span> <span class='ocrx_word' id='word_1_249' title='bbox 2793 1713 3000 1785; x_wconf 80' lang='lat' dir='ltr'><strong><em>placere</em></strong></span> <span class='ocrx_word' id='word_1_250' title='bbox 3044 1712 3155 1768; x_wconf 85' lang='lat' dir='ltr'><strong><em>Deo</em></strong></span> <span class='ocrx_word' id='word_1_251' title='bbox 3182 1712 3371 1783; x_wconf 85' lang='lat' dir='ltr'><strong><em>(Hebr.</em></strong></span> <span class='ocrx_word' id='word_1_252' title='bbox 3408 1730 3484 1782; x_wconf 75' lang='grc' dir='ltr'><strong><em>ιι,</em></strong></span> <span class='ocrx_word' id='word_1_253' title='bbox 3525 1713 3603 1786; x_wconf 90' lang='lat'><strong><em>6);</em></strong></span> 
     </span>
    </p>
   </div>
   <div class='ocr_carea' id='block_1_31' title="bbox 2007 1805 3606 1878">
    <p class='ocr_par' dir='ltr' id='par_1_31' title="bbox 2007 1805 3606 1878">
     <span class='ocr_line' id='line_1_31' title="bbox 2007 1805 3606 1878; baseline -0.001 -16"><span class='ocrx_word' id='word_1_254' title='bbox 2007 1817 2083 1874; x_wconf 92' lang='lat' dir='ltr'><strong><em>et,</em></strong></span> <span class='ocrx_word' id='word_1_255' title='bbox 2101 1807 2265 1862; x_wconf 82' lang='lat' dir='ltr'><strong><em>Omne</em></strong></span> <span class='ocrx_word' id='word_1_256' title='bbox 2286 1805 2429 1875; x_wconf 86' lang='lat' dir='ltr'><strong><em>quod</em></strong></span> <span class='ocrx_word' id='word_1_257' title='bbox 2451 1823 2553 1861; x_wconf 90' lang='lat' dir='ltr'><strong><em>non</em></strong></span> <span class='ocrx_word' id='word_1_258' title='bbox 2580 1813 2653 1861; x_wconf 88' lang='lat' dir='ltr'><strong><em>est</em></strong></span> <span class='ocrx_word' id='word_1_259' title='bbox 2672 1824 2736 1861; x_wconf 87' lang='lat' dir='ltr'><strong><em>ex</em></strong></span> <span class='ocrx_word' id='word_1_260' title='bbox 2756 1807 2879 1875; x_wconf 86' lang='lat' dir='ltr'><strong><em>ﬁde,</em></strong></span> <span class='ocrx_word' id='word_1_261' title='bbox 2905 1816 3170 1878; x_wconf 85' lang='lat' dir='ltr'><strong><em>peccatum</em></strong></span> <span class='ocrx_word' id='word_1_262' title='bbox 3193 1816 3265 1861; x_wconf 90' lang='lat' dir='ltr'><strong><em>est</em></strong></span> <span class='ocrx_word' id='word_1_263' title='bbox 3286 1806 3463 1878; x_wconf 82' lang='lat' dir='ltr'><strong><em>(Rom.</em></strong></span> <span class='ocrx_word' id='word_1_264' title='bbox 3490 1820 3606 1874; x_wconf 75' lang='lat' dir='ltr'><strong><em>stv,</em></strong></span> 
     </span>
    </p>
   </div>
   <div class='ocr_carea' id='block_1_32' title="bbox 311 1888 3608 1977">
    <p class='ocr_par' dir='ltr' id='par_1_32' title="bbox 311 1888 3608 1977">
     <span class='ocr_line' id='line_1_32' title="bbox 311 1888 3608 1977; baseline -0.001 -18"><span class='ocrx_word' id='word_1_265' title='bbox 311 1910 456 1977; x_wconf 76' lang='lat' dir='ltr'><strong><em>juxta</em></strong></span> <span class='ocrx_word' id='word_1_266' title='bbox 497 1900 697 1973; x_wconf 74' lang='lat' dir='ltr'><strong><em>LXX);</em></strong></span> <span class='ocrx_word' id='word_1_267' title='bbox 734 1910 790 1956; x_wconf 94' lang='lat' dir='ltr'><strong><em>et</em></strong></span> <span class='ocrx_word' id='word_1_268' title='bbox 830 1900 970 1954; x_wconf 83' lang='lat' dir='ltr'><strong><em>sicut</em></strong></span> <span class='ocrx_word' id='word_1_269' title='bbox 997 1900 1071 1954; x_wconf 89' lang='lat' dir='ltr'><strong><em>ait</em></strong></span> <span class='ocrx_word' id='word_1_270' title='bbox 1110 1900 1443 1969; x_wconf 74' lang='lat' dir='ltr'><strong><em>Apostolus:</em></strong></span> <span class='ocrx_word' id='word_1_271' title='bbox 1490 1896 1630 1953; x_wconf 90' lang='lat' dir='ltr'><strong><em>Deus</em></strong></span> <span class='ocrx_word' id='word_1_272' title='bbox 1669 1909 1741 1952; x_wconf 85' lang='lat' dir='ltr'><strong><em>est</em></strong></span> <span class='ocrx_word' id='word_1_273' title='bbox 1770 1898 1905 1951; x_wconf 86' lang='lat' dir='ltr'><strong><em>enim</em></strong></span> <span class='ocrx_word' id='word_1_274' title='bbox 1934 1888 1982 1951; x_wconf 86' lang='grc' dir='ltr'><strong>Β</strong></span> <span class='ocrx_word' id='word_1_275' title='bbox 2010 1902 2106 1971; x_wconf 65' lang='grc' dir='ltr'><strong><em>ἳὸ)</em></strong></span> <span class='ocrx_word' id='word_1_276' title='bbox 2141 1918 2155 1955; x_wconf 91' lang='lat'>:</span> <span class='ocrx_word' id='word_1_277' title='bbox 2189 1910 2248 1955; x_wconf 88' lang='lat' dir='ltr'><strong><em>ut</em></strong></span> <span class='ocrx_word' id='word_1_278' title='bbox 2282 1901 2489 1955; x_wconf 80' lang='lat' dir='ltr'><strong><em>scilicet</em></strong></span> <span class='ocrx_word' id='word_1_279' title='bbox 2517 1910 2543 1949; x_wconf 76' lang='grc' dir='ltr'><strong><em>ι</em></strong></span> <span class='ocrx_word' id='word_1_280' title='bbox 2577 1900 2845 1970; x_wconf 90' lang='lat' dir='ltr'><strong><em>intelligat</em></strong></span> <span class='ocrx_word' id='word_1_281' title='bbox 2868 1901 3135 1970; x_wconf 86' lang='lat' dir='ltr'><strong><em>justitiam</em></strong></span> <span class='ocrx_word' id='word_1_282' title='bbox 3176 1900 3469 1956; x_wconf 87' lang='lat' dir='ltr'><strong><em>inﬁdelium</em></strong></span> <span class='ocrx_word' id='word_1_283' title='bbox 3499 1914 3608 1957; x_wconf 92' lang='lat' dir='ltr'><strong><em>non</em></strong></span> 
     </span>
    </p>
   </div>
   <div class='ocr_carea' id='block_1_33' title="bbox 310 1992 1902 2070">
    <p class='ocr_par' dir='ltr' id='par_1_33' title="bbox 310 1992 1902 2070">
     <span class='ocr_line' id='line_1_33' title="bbox 310 1992 1902 2070; baseline -0.004 -18"><span class='ocrx_word' id='word_1_284' title='bbox 310 1999 395 2070; x_wconf 89' lang='lat' dir='ltr'><strong><em>qui</em></strong></span> <span class='ocrx_word' id='word_1_285' title='bbox 416 2004 664 2065; x_wconf 85' lang='lat' dir='ltr'><strong><em>operatur</em></strong></span> <span class='ocrx_word' id='word_1_286' title='bbox 693 1996 746 2049; x_wconf 88' lang='lat' dir='ltr'><strong><em>in</em></strong></span> <span class='ocrx_word' id='word_1_287' title='bbox 772 1995 909 2049; x_wconf 89' lang='lat' dir='ltr'><strong><em>vobis</em></strong></span> <span class='ocrx_word' id='word_1_288' title='bbox 934 2004 983 2049; x_wconf 90' lang='lat' dir='ltr'><strong><em>et</em></strong></span> <span class='ocrx_word' id='word_1_289' title='bbox 1012 1994 1138 2046; x_wconf 84' lang='lat' dir='ltr'><strong><em>velle</em></strong></span> <span class='ocrx_word' id='word_1_290' title='bbox 1163 2002 1209 2045; x_wconf 89' lang='lat' dir='ltr'><strong><em>et</em></strong></span> <span class='ocrx_word' id='word_1_291' title='bbox 1237 1992 1499 2064; x_wconf 85' lang='lat' dir='ltr'><strong><em>perﬁcere,</em></strong></span> <span class='ocrx_word' id='word_1_292' title='bbox 1530 2008 1624 2062; x_wconf 90' lang='lat' dir='ltr'><strong><em>pro</em></strong></span> <span class='ocrx_word' id='word_1_293' title='bbox 1653 1992 1785 2045; x_wconf 88' lang='lat' dir='ltr'><strong><em>bona</em></strong></span> <span class='ocrx_word' id='word_1_294' title='bbox 1811 2006 1902 2045; x_wconf 87' lang='lat' dir='ltr'><strong><em>vo-</em></strong></span> 
     </span>
    </p>
   </div>
   <div class='ocr_carea' id='block_1_34' title="bbox 310 2082 1908 2158">
    <p class='ocr_par' dir='ltr' id='par_1_34' title="bbox 310 2082 1908 2158">
     <span class='ocr_line' id='line_1_34' title="bbox 310 2082 1908 2158; baseline -0.003 -14"><span class='ocrx_word' id='word_1_295' title='bbox 310 2092 506 2144; x_wconf 87' lang='lat' dir='ltr'><strong><em>luntate</em></strong></span> <span class='ocrx_word' id='word_1_296' title='bbox 548 2088 771 2158; x_wconf 84' lang='lat' dir='ltr'><strong><em>(Philip.</em></strong></span> <span class='ocrx_word' id='word_1_297' title='bbox 799 2102 857 2152; x_wconf 90' lang='lat' dir='ltr'><strong><em>tt,</em></strong></span> <span class='ocrx_word' id='word_1_298' title='bbox 902 2088 1009 2157; x_wconf 79' lang='grc'><strong><em>15).</em></strong></span> <span class='ocrx_word' id='word_1_299' title='bbox 1040 2084 1143 2141; x_wconf 89' lang='lat' dir='ltr'><strong><em>Pro</em></strong></span> <span class='ocrx_word' id='word_1_300' title='bbox 1171 2101 1274 2156; x_wconf 88' lang='lat' dir='ltr'><strong><em>qua</em></strong></span> <span class='ocrx_word' id='word_1_301' title='bbox 1305 2084 1444 2140; x_wconf 89' lang='lat' dir='ltr'><strong><em>bona</em></strong></span> <span class='ocrx_word' id='word_1_302' title='bbox 1474 2085 1769 2153; x_wconf 81' lang='lat' dir='ltr'><strong><em>voluntate,</em></strong></span> <span class='ocrx_word' id='word_1_303' title='bbox 1804 2082 1908 2139; x_wconf 85' lang='lat' dir='ltr'><strong><em>nisi</em></strong></span> 
     </span>
    </p>
   </div>
   <div class='ocr_carea' id='block_1_35' title="bbox 310 2178 1910 2256">
    <p class='ocr_par' dir='ltr' id='par_1_35' title="bbox 310 2178 1910 2256">
     <span class='ocr_line' id='line_1_35' title="bbox 310 2178 1910 2256; baseline -0.004 -17"><span class='ocrx_word' id='word_1_304' title='bbox 310 2200 468 2256; x_wconf 84' lang='lat' dir='ltr'><strong><em>quam</em></strong></span> <span class='ocrx_word' id='word_1_305' title='bbox 502 2185 553 2238; x_wconf 89' lang='lat' dir='ltr'><strong><em>in</em></strong></span> <span class='ocrx_word' id='word_1_306' title='bbox 588 2183 721 2253; x_wconf 86' lang='lat' dir='ltr'><strong><em>ipsis</em></strong></span> <span class='ocrx_word' id='word_1_307' title='bbox 750 2191 1004 2252; x_wconf 84' lang='lat' dir='ltr'><strong><em>operatus</em></strong></span> <span class='ocrx_word' id='word_1_308' title='bbox 1043 2191 1128 2235; x_wconf 89' lang='lat' dir='ltr'><strong><em>est</em></strong></span> <span class='ocrx_word' id='word_1_309' title='bbox 1161 2181 1323 2248; x_wconf 88' lang='lat' dir='ltr'><strong><em>Deus,</em></strong></span> <span class='ocrx_word' id='word_1_310' title='bbox 1356 2189 1415 2235; x_wconf 93' lang='lat' dir='ltr'><strong><em>ut</em></strong></span> <span class='ocrx_word' id='word_1_311' title='bbox 1440 2178 1582 2249; x_wconf 90' lang='lat' dir='ltr'><strong><em>quod</em></strong></span> <span class='ocrx_word' id='word_1_312' title='bbox 1611 2178 1910 2235; x_wconf 79' lang='lat' dir='ltr'><strong><em>donaverat</em></strong></span> 
     </span>
    </p>
   </div>
   <div class='ocr_carea' id='block_1_36' title="bbox 310 2273 1040 2339">
    <p class='ocr_par' dir='ltr' id='par_1_36' title="bbox 310 2273 1040 2339">
     <span class='ocr_line' id='line_1_36' title="bbox 310 2273 1040 2339; baseline -0.008 -8"><span class='ocrx_word' id='word_1_313' title='bbox 310 2277 468 2339; x_wconf 85' lang='lat' dir='ltr'><strong><em>velle,</em></strong></span> <span class='ocrx_word' id='word_1_314' title='bbox 498 2276 729 2330; x_wconf 84' lang='lat' dir='ltr'><strong><em>donaret</em></strong></span> <span class='ocrx_word' id='word_1_315' title='bbox 750 2282 804 2327; x_wconf 90' lang='lat' dir='ltr'><strong><em>et</em></strong></span> <span class='ocrx_word' id='word_1_316' title='bbox 835 2273 1040 2328; x_wconf 84' lang='lat' dir='ltr'><strong><em>facere.</em></strong></span> 
     </span>
    </p>
   </div>
   <div class='ocr_carea' id='block_1_37' title="bbox 379 2362 1911 2424">
    <p class='ocr_par' dir='ltr' id='par_1_37' title="bbox 379 2362 1911 2424">
     <span class='ocr_line' id='line_1_37' title="bbox 379 2362 1911 2424; baseline -0.003 0"><span class='ocrx_word' id='word_1_317' title='bbox 379 2368 513 2424; x_wconf 71' lang='lat' dir='ltr'><strong><em>Car.</em></strong></span> <span class='ocrx_word' id='word_1_318' title='bbox 564 2368 651 2422; x_wconf 83' lang='lat' dir='ltr'><strong><em>Vl.</em></strong></span> <span class='ocrx_word' id='word_1_319' title='bbox 686 2398 758 2409; x_wconf 89' lang='lat'><strong><em>—</em></strong></span> <span class='ocrx_word' id='word_1_320' title='bbox 794 2367 845 2421; x_wconf 91' lang='lat'><strong><em>7.</em></strong></span> <span class='ocrx_word' id='word_1_321' title='bbox 894 2366 1091 2421; x_wconf 90' lang='lat' dir='ltr'><strong><em>Dicunt</em></strong></span> <span class='ocrx_word' id='word_1_322' title='bbox 1119 2366 1280 2421; x_wconf 89' lang='lat' dir='ltr'><strong><em>etiam</em></strong></span> <span class='ocrx_word' id='word_1_323' title='bbox 1324 2368 1390 2420; x_wconf 91' lang='lat' dir='ltr'><strong><em>ad</em></strong></span> <span class='ocrx_word' id='word_1_324' title='bbox 1432 2362 1911 2421; x_wconf 82' lang='lat' dir='ltr'><strong><em>demonstrandam</em></strong></span> 
     </span>
    </p>
   </div>
   <div class='ocr_carea' id='block_1_38' title="bbox 310 2460 1914 2532">
    <p class='ocr_par' dir='ltr' id='par_1_38' title="bbox 310 2460 1914 2532">
     <span class='ocr_line' id='line_1_38' title="bbox 310 2460 1914 2532; baseline -0.004 -12"><span class='ocrx_word' id='word_1_325' title='bbox 310 2464 467 2520; x_wconf 88' lang='lat' dir='ltr'><strong><em>liberi</em></strong></span> <span class='ocrx_word' id='word_1_326' title='bbox 517 2462 725 2518; x_wconf 79' lang='lat' dir='ltr'><strong><em>arbitrii</em></strong></span> <span class='ocrx_word' id='word_1_327' title='bbox 781 2462 1126 2526; x_wconf 81' lang='lat' dir='ltr'><strong><em>facultatem,</em></strong></span> <span class='ocrx_word' id='word_1_328' title='bbox 1174 2476 1429 2532; x_wconf 88' lang='lat' dir='ltr'><strong><em>magnum</em></strong></span> <span class='ocrx_word' id='word_1_329' title='bbox 1482 2460 1534 2514; x_wconf 89' lang='lat' dir='ltr'><strong><em>in</em></strong></span> <span class='ocrx_word' id='word_1_330' title='bbox 1590 2460 1914 2516; x_wconf 88' lang='lat' dir='ltr'><strong><em>centurione</em></strong></span> 
     </span>
    </p>
   </div>
   <div class='ocr_carea' id='block_1_39' title="bbox 314 2550 1915 2621">
    <p class='ocr_par' dir='ltr' id='par_1_39' title="bbox 314 2550 1915 2621">
     <span class='ocr_line' id='line_1_39' title="bbox 314 2550 1915 2621; baseline -0.003 -11"><span class='ocrx_word' id='word_1_331' title='bbox 314 2555 567 2611; x_wconf 89' lang='lat' dir='ltr'><strong><em>Cornelio</em></strong></span> <span class='ocrx_word' id='word_1_332' title='bbox 596 2562 813 2609; x_wconf 82' lang='lat' dir='ltr'><strong><em>exstare</em></strong></span> <span class='ocrx_word' id='word_1_333' title='bbox 844 2552 1268 2608; x_wconf 89' lang='lat' dir='ltr'><strong><em>documentum:</em></strong></span> <span class='ocrx_word' id='word_1_334' title='bbox 1298 2566 1365 2608; x_wconf 93' lang='lat' dir='ltr'><strong><em>eo</em></strong></span> <span class='ocrx_word' id='word_1_335' title='bbox 1404 2550 1546 2621; x_wconf 89' lang='lat' dir='ltr'><strong><em>quod</em></strong></span> <span class='ocrx_word' id='word_1_336' title='bbox 1573 2560 1699 2606; x_wconf 89' lang='lat' dir='ltr'><strong><em>ante</em></strong></span> <span class='ocrx_word' id='word_1_337' title='bbox 1726 2550 1915 2621; x_wconf 62' lang='lat' dir='ltr'><strong><em>gratim</em></strong></span> 
     </span>
    </p>
   </div>
   <div class='ocr_carea' id='block_1_40' title="bbox 317 2643 1911 2717">
    <p class='ocr_par' dir='ltr' id='par_1_40' title="bbox 317 2643 1911 2717">
     <span class='ocr_line' id='line_1_40' title="bbox 317 2643 1911 2717; baseline -0.003 -16"><span class='ocrx_word' id='word_1_338' title='bbox 317 2647 717 2717; x_wconf 87' lang='lat' dir='ltr'><strong><em>perceptionem</em></strong></span> <span class='ocrx_word' id='word_1_339' title='bbox 748 2647 929 2699; x_wconf 90' lang='lat' dir='ltr'><strong><em>timens</em></strong></span> <span class='ocrx_word' id='word_1_340' title='bbox 964 2654 1120 2716; x_wconf 89' lang='lat' dir='ltr'><strong><em>atque</em></strong></span> <span class='ocrx_word' id='word_1_341' title='bbox 1156 2661 1309 2699; x_wconf 87' lang='lat' dir='ltr'><strong><em>orans</em></strong></span> <span class='ocrx_word' id='word_1_342' title='bbox 1340 2643 1528 2710; x_wconf 89' lang='lat' dir='ltr'><strong><em>Deum,</em></strong></span> <span class='ocrx_word' id='word_1_343' title='bbox 1559 2644 1911 2714; x_wconf 85' lang='lat' dir='ltr'><strong><em>eleemosgnis,</em></strong></span> 
     </span>
    </p>
   </div>
   <div class='ocr_carea' id='block_1_41' title="bbox 326 2738 1916 2811">
    <p class='ocr_par' dir='ltr' id='par_1_41' title="bbox 326 2738 1916 2811">
     <span class='ocr_line' id='line_1_41' title="bbox 326 2738 1916 2811; baseline -0.001 -19"><span class='ocrx_word' id='word_1_344' title='bbox 326 2748 371 2793; x_wconf 88' lang='lat' dir='ltr'><strong><em>et</em></strong></span> <span class='ocrx_word' id='word_1_345' title='bbox 392 2739 631 2811; x_wconf 78' lang='lat' dir='ltr'><strong><em>jejuniis,</em></strong></span> <span class='ocrx_word' id='word_1_346' title='bbox 660 2748 705 2791; x_wconf 90' lang='lat' dir='ltr'><strong><em>et</em></strong></span> <span class='ocrx_word' id='word_1_347' title='bbox 725 2738 941 2792; x_wconf 87' lang='lat' dir='ltr'><strong><em>orationi</em></strong></span> <span class='ocrx_word' id='word_1_348' title='bbox 968 2747 1269 2809; x_wconf 88' lang='lat' dir='ltr'><strong><em>spontaneo</em></strong></span> <span class='ocrx_word' id='word_1_349' title='bbox 1298 2738 1480 2793; x_wconf 87' lang='lat' dir='ltr'><strong><em>studio</em></strong></span> <span class='ocrx_word' id='word_1_350' title='bbox 1510 2738 1663 2808; x_wconf 80' lang='lat' dir='ltr'><strong><em>fuerit</em></strong></span> <span class='ocrx_word' id='word_1_351' title='bbox 1690 2738 1916 2791; x_wconf 89' lang='lat' dir='ltr'><strong><em>intentus</em></strong></span> 
     </span>
    </p>
   </div>
   <div class='ocr_carea' id='block_1_42' title="bbox 335 2831 1913 2903">
    <p class='ocr_par' dir='ltr' id='par_1_42' title="bbox 335 2831 1913 2903">
     <span class='ocr_line' id='line_1_42' title="bbox 335 2831 1913 2903; baseline 0.001 -18"><span class='ocrx_word' id='word_1_352' title='bbox 335 2833 474 2903; x_wconf 80' lang='lat' dir='ltr'><strong><em>(Act.</em></strong></span> <span class='ocrx_word' id='word_1_353' title='bbox 500 2848 553 2899; x_wconf 76' lang='grc' dir='ltr'><strong><em>ι,</em></strong></span> <span class='ocrx_word' id='word_1_354' title='bbox 577 2831 655 2903; x_wconf 78' lang='grc'><strong><em>2);</em></strong></span> <span class='ocrx_word' id='word_1_355' title='bbox 684 2840 843 2899; x_wconf 81' lang='lat' dir='ltr'><strong><em>atque</em></strong></span> <span class='ocrx_word' id='word_1_356' title='bbox 868 2832 933 2886; x_wconf 90' lang='lat' dir='ltr'><strong><em>ob</em></strong></span> <span class='ocrx_word' id='word_1_357' title='bbox 962 2831 1065 2888; x_wconf 88' lang='lat' dir='ltr'><strong><em>hoc</em></strong></span> <span class='ocrx_word' id='word_1_358' title='bbox 1085 2832 1271 2887; x_wconf 91' lang='lat' dir='ltr'><strong><em>divino</em></strong></span> <span class='ocrx_word' id='word_1_359' title='bbox 1301 2832 1615 2890; x_wconf 87' lang='lat' dir='ltr'><strong><em>testimonio</em></strong></span> <span class='ocrx_word' id='word_1_360' title='bbox 1644 2832 1913 2896; x_wconf 86' lang='lat' dir='ltr'><strong><em>laudatus,</em></strong></span> 
     </span>
    </p>
   </div>
   <div class='ocr_carea' id='block_1_43' title="bbox 332 2922 1921 2995">
    <p class='ocr_par' dir='ltr' id='par_1_43' title="bbox 332 2922 1921 2995">
     <span class='ocr_line' id='line_1_43' title="bbox 332 2922 1921 2995; baseline -0.001 -16"><span class='ocrx_word' id='word_1_361' title='bbox 332 2922 529 2979; x_wconf 88' lang='lat' dir='ltr'><strong><em>donum</em></strong></span> <span class='ocrx_word' id='word_1_362' title='bbox 575 2924 999 2994; x_wconf 75' lang='lat' dir='ltr'><strong><em>regenerationis</em></strong></span> <span class='ocrx_word' id='word_1_363' title='bbox 1042 2925 1337 2995; x_wconf 89' lang='lat' dir='ltr'><strong><em>acceperit.</em></strong></span> <span class='ocrx_word' id='word_1_364' title='bbox 1388 2923 1570 2994; x_wconf 85' lang='lat' dir='ltr'><strong><em>Neque</em></strong></span> <span class='ocrx_word' id='word_1_365' title='bbox 1610 2924 1921 2994; x_wconf 91' lang='lat' dir='ltr'><strong><em>intelligunt</em></strong></span> 
     </span>
    </p>
   </div>
   <div class='ocr_carea' id='block_1_44' title="bbox 324 3017 1918 3091">
    <p class='ocr_par' dir='ltr' id='par_1_44' title="bbox 324 3017 1918 3091">
     <span class='ocr_line' id='line_1_44' title="bbox 324 3017 1918 3091; baseline -0.001 -18"><span class='ocrx_word' id='word_1_366' title='bbox 324 3034 538 3074; x_wconf 90' lang='lat' dir='ltr'><strong><em>omnem</em></strong></span> <span class='ocrx_word' id='word_1_367' title='bbox 580 3018 725 3074; x_wconf 87' lang='lat' dir='ltr'><strong><em>illam</em></strong></span> <span class='ocrx_word' id='word_1_368' title='bbox 770 3020 1226 3091; x_wconf 63' lang='lat' dir='ltr'><strong><em>praeparationem</em></strong></span> <span class='ocrx_word' id='word_1_369' title='bbox 1255 3017 1493 3074; x_wconf 87' lang='lat' dir='ltr'><strong><em>Cornelii</em></strong></span> <span class='ocrx_word' id='word_1_370' title='bbox 1533 3033 1627 3089; x_wconf 91' lang='lat' dir='ltr'><strong><em>per</em></strong></span> <span class='ocrx_word' id='word_1_371' title='bbox 1665 3019 1759 3074; x_wconf 89' lang='lat' dir='ltr'><strong><em>Dei</em></strong></span> <span class='ocrx_word' id='word_1_372' title='bbox 1793 3032 1918 3087; x_wconf 90' lang='lat' dir='ltr'><strong><em>gra-</em></strong></span> 
     </span>
    </p>
   </div>
   <div class='ocr_carea' id='block_1_45' title="bbox 322 3110 1922 3183">
    <p class='ocr_par' dir='ltr' id='par_1_45' title="bbox 322 3110 1922 3183">
     <span class='ocr_line' id='line_1_45' title="bbox 322 3110 1922 3183; baseline -0.003 -18"><span class='ocrx_word' id='word_1_373' title='bbox 322 3110 449 3165; x_wconf 83' lang='lat' dir='ltr'><strong><em>tiam</em></strong></span> <span class='ocrx_word' id='word_1_374' title='bbox 509 3110 675 3165; x_wconf 84' lang='lat' dir='ltr'><strong><em>l&#39;uisse</em></strong></span> <span class='ocrx_word' id='word_1_375' title='bbox 732 3111 984 3167; x_wconf 86' lang='lat' dir='ltr'><strong><em>collatam</em></strong></span> <span class='ocrx_word' id='word_1_376' title='bbox 1032 3110 1193 3183; x_wconf 83' lang='lat' dir='ltr'><strong><em>(Vide</em></strong></span> <span class='ocrx_word' id='word_1_377' title='bbox 1234 3111 1492 3182; x_wconf 84' lang='lat' dir='ltr'><strong><em>synodum</em></strong></span> <span class='ocrx_word' id='word_1_378' title='bbox 1545 3110 1922 3164; x_wconf 79' lang='lat' dir='ltr'><strong><em>Arausicanam</em></strong></span> 
     </span>
    </p>
   </div>
   <div class='ocr_carea' id='block_1_46' title="bbox 322 3199 1919 3272">
    <p class='ocr_par' dir='ltr' id='par_1_46' title="bbox 322 3199 1919 3272">
     <span class='ocr_line' id='line_1_46' title="bbox 322 3199 1919 3272; baseline 0.001 -18"><span class='ocrx_word' id='word_1_379' title='bbox 322 3200 500 3271; x_wconf 76' lang='lat' dir='ltr'><strong><em>infra).</em></strong></span> <span class='ocrx_word' id='word_1_380' title='bbox 551 3199 834 3272; x_wconf 89' lang='lat' dir='ltr'><strong><em>Siquidem</em></strong></span> <span class='ocrx_word' id='word_1_381' title='bbox 878 3218 1002 3258; x_wconf 90' lang='lat' dir='ltr'><strong><em>cum</em></strong></span> <span class='ocrx_word' id='word_1_382' title='bbox 1034 3214 1255 3259; x_wconf 86' lang='lat' dir='ltr'><strong><em>sanctus</em></strong></span> <span class='ocrx_word' id='word_1_383' title='bbox 1287 3203 1480 3259; x_wconf 84' lang='lat' dir='ltr'><strong><em>Petrus</em></strong></span> <span class='ocrx_word' id='word_1_384' title='bbox 1523 3218 1619 3272; x_wconf 90' lang='lat' dir='ltr'><strong><em>per</em></strong></span> <span class='ocrx_word' id='word_1_385' title='bbox 1652 3202 1919 3257; x_wconf 82' lang='lat' dir='ltr'><strong><em>visionem</em></strong></span> 
     </span>
    </p>
   </div>
   <div class='ocr_carea' id='block_1_47' title="bbox 2011 1993 3361 2065">
    <p class='ocr_par' dir='ltr' id='par_1_47' title="bbox 2011 1993 3361 2065">
     <span class='ocr_line' id='line_1_47' title="bbox 2011 1993 3361 2065; baseline -0.001 -15"><span class='ocrx_word' id='word_1_386' title='bbox 2011 2009 2133 2051; x_wconf 85' lang='lat' dir='ltr'><strong><em>esse</em></strong></span> <span class='ocrx_word' id='word_1_387' title='bbox 2154 1994 2422 2063; x_wconf 86' lang='lat' dir='ltr'><strong><em>justitiam</em></strong></span> <span class='ocrx_word' id='word_1_388' title='bbox 2438 1994 2563 2065; x_wconf 90' lang='lat' dir='ltr'><strong><em>quia</em></strong></span> <span class='ocrx_word' id='word_1_389' title='bbox 2594 1993 2781 2049; x_wconf 88' lang='lat' dir='ltr'><strong><em>sordet</em></strong></span> <span class='ocrx_word' id='word_1_390' title='bbox 2808 2003 3002 2049; x_wconf 88' lang='lat' dir='ltr'><strong><em>natura</em></strong></span> <span class='ocrx_word' id='word_1_391' title='bbox 3026 1995 3146 2049; x_wconf 88' lang='lat' dir='ltr'><strong><em>sine</em></strong></span> <span class='ocrx_word' id='word_1_392' title='bbox 3169 1994 3361 2065; x_wconf 85' lang='lat' dir='ltr'><strong><em>gratia.</em></strong></span> 
     </span>
    </p>
   </div>
   <div class='ocr_carea' id='block_1_48' title="bbox 2082 2084 3611 2156">
    <p class='ocr_par' dir='ltr' id='par_1_48' title="bbox 2082 2084 3611 2156">
     <span class='ocr_line' id='line_1_48' title="bbox 2082 2084 3611 2156; baseline -0.003 -13"><span class='ocrx_word' id='word_1_393' title='bbox 2082 2086 2211 2143; x_wconf 72' lang='lat' dir='ltr'><strong><em>Car.</em></strong></span> <span class='ocrx_word' id='word_1_394' title='bbox 2239 2084 2370 2141; x_wconf 77' lang='lat' dir='ltr'><strong><em>VIII.</em></strong></span> <span class='ocrx_word' id='word_1_395' title='bbox 2394 2115 2465 2126; x_wconf 92' lang='lat'>—</span> <span class='ocrx_word' id='word_1_396' title='bbox 2487 2086 2541 2141; x_wconf 90' lang='lat'><strong><em>9.</em></strong></span> <span class='ocrx_word' id='word_1_397' title='bbox 2562 2084 2777 2141; x_wconf 84' lang='lat' dir='ltr'><strong><em>Amissa</em></strong></span> <span class='ocrx_word' id='word_1_398' title='bbox 2800 2086 2999 2156; x_wconf 90' lang='lat' dir='ltr'><strong><em>quippe</em></strong></span> <span class='ocrx_word' id='word_1_399' title='bbox 3021 2086 3252 2140; x_wconf 80' lang='lat' dir='ltr'><strong><em>naturali</em></strong></span> <span class='ocrx_word' id='word_1_400' title='bbox 3277 2086 3611 2151; x_wconf 82' lang='lat' dir='ltr'><strong><em>innocentia,</em></strong></span> 
     </span>
    </p>
   </div>
   <div class='ocr_carea' id='block_1_49' title="bbox 2011 2177 3613 2249">
    <p class='ocr_par' dir='ltr' id='par_1_49' title="bbox 2011 2177 3613 2249">
     <span class='ocr_line' id='line_1_49' title="bbox 2011 2177 3613 2249; baseline -0.002 -12"><span class='ocrx_word' id='word_1_401' title='bbox 2011 2182 2178 2237; x_wconf 87' lang='lat' dir='ltr'><strong><em>homo</em></strong></span> <span class='ocrx_word' id='word_1_402' title='bbox 2206 2180 2360 2236; x_wconf 78' lang='lat' dir='ltr'><strong><em>exsul</em></strong></span> <span class='ocrx_word' id='word_1_403' title='bbox 2392 2195 2455 2234; x_wconf 90' lang='lat' dir='ltr'><strong><em>ac</em></strong></span> <span class='ocrx_word' id='word_1_404' title='bbox 2484 2178 2745 2249; x_wconf 88' lang='lat' dir='ltr'><strong><em>perditus,</em></strong></span> <span class='ocrx_word' id='word_1_405' title='bbox 2778 2179 3067 2233; x_wconf 87' lang='lat' dir='ltr'><strong><em>ambulans</em></strong></span> <span class='ocrx_word' id='word_1_406' title='bbox 3094 2178 3212 2233; x_wconf 89' lang='lat' dir='ltr'><strong><em>sine</em></strong></span> <span class='ocrx_word' id='word_1_407' title='bbox 3241 2179 3347 2243; x_wconf 90' lang='lat' dir='ltr'><strong><em>via,</em></strong></span> <span class='ocrx_word' id='word_1_408' title='bbox 3388 2177 3613 2248; x_wconf 86' lang='lat' dir='ltr'><strong><em>proluu-</em></strong></span> 
     </span>
    </p>
   </div>
   <div class='ocr_carea' id='block_1_50' title="bbox 2014 2270 3614 2342">
    <p class='ocr_par' dir='ltr' id='par_1_50' title="bbox 2014 2270 3614 2342">
     <span class='ocr_line' id='line_1_50' title="bbox 2014 2270 3614 2342; baseline -0.002 -13"><span class='ocrx_word' id='word_1_409' title='bbox 2014 2273 2202 2329; x_wconf 87' lang='lat' dir='ltr'><strong><em>diores</em></strong></span> <span class='ocrx_word' id='word_1_410' title='bbox 2228 2274 2466 2328; x_wconf 88' lang='lat' dir='ltr'><strong><em>intrabat</em></strong></span> <span class='ocrx_word' id='word_1_411' title='bbox 2504 2287 2755 2337; x_wconf 88' lang='lat' dir='ltr'><strong><em>errores;</em></strong></span> <span class='ocrx_word' id='word_1_412' title='bbox 2796 2272 2892 2327; x_wconf 90' lang='lat' dir='ltr'><strong><em>sed</em></strong></span> <span class='ocrx_word' id='word_1_413' title='bbox 2929 2270 3213 2342; x_wconf 82' lang='lat' dir='ltr'><strong><em>quaesitus,</em></strong></span> <span class='ocrx_word' id='word_1_414' title='bbox 3251 2282 3306 2326; x_wconf 90' lang='lat' dir='ltr'><strong><em>et</em></strong></span> <span class='ocrx_word' id='word_1_415' title='bbox 3342 2271 3614 2339; x_wconf 83' lang='lat' dir='ltr'><strong><em>inventus,</em></strong></span> 
     </span>
    </p>
   </div>
   <div class='ocr_carea' id='block_1_51' title="bbox 2016 2364 3617 2436">
    <p class='ocr_par' dir='ltr' id='par_1_51' title="bbox 2016 2364 3617 2436">
     <span class='ocr_line' id='line_1_51' title="bbox 2016 2364 3617 2436; baseline -0.001 -14"><span class='ocrx_word' id='word_1_416' title='bbox 2016 2374 2074 2422; x_wconf 87' lang='lat' dir='ltr'><strong><em>et</em></strong></span> <span class='ocrx_word' id='word_1_417' title='bbox 2118 2374 2426 2436; x_wconf 87' lang='lat' dir='ltr'><strong><em>reportatus</em></strong></span> <span class='ocrx_word' id='word_1_418' title='bbox 2464 2375 2568 2430; x_wconf 91' lang='lat' dir='ltr'><strong><em>est,</em></strong></span> <span class='ocrx_word' id='word_1_419' title='bbox 2614 2374 2668 2419; x_wconf 91' lang='lat' dir='ltr'><strong><em>et</em></strong></span> <span class='ocrx_word' id='word_1_420' title='bbox 2697 2364 2751 2419; x_wconf 91' lang='lat' dir='ltr'><strong><em>in</em></strong></span> <span class='ocrx_word' id='word_1_421' title='bbox 2794 2364 2878 2419; x_wconf 90' lang='lat' dir='ltr'><strong><em>via</em></strong></span> <span class='ocrx_word' id='word_1_422' title='bbox 2920 2380 3042 2434; x_wconf 76' lang='lat' dir='ltr'><strong><em>quas</em></strong></span> <span class='ocrx_word' id='word_1_423' title='bbox 3072 2364 3279 2421; x_wconf 81' lang='lat' dir='ltr'><strong><em>veritas</em></strong></span> <span class='ocrx_word' id='word_1_424' title='bbox 3312 2378 3365 2419; x_wconf 89' lang='lat' dir='ltr'><strong><em>et</em></strong></span> <span class='ocrx_word' id='word_1_425' title='bbox 3394 2366 3502 2419; x_wconf 90' lang='lat' dir='ltr'><strong><em>vita</em></strong></span> <span class='ocrx_word' id='word_1_426' title='bbox 3532 2370 3617 2421; x_wconf 76' lang='lat' dir='ltr'><strong><em>est</em></strong></span> 
     </span>
    </p>
   </div>
   <div class='ocr_carea' id='block_1_52' title="bbox 2018 2454 3617 2528">
    <p class='ocr_par' dir='ltr' id='par_1_52' title="bbox 2018 2454 3617 2528">
     <span class='ocr_line' id='line_1_52' title="bbox 2018 2454 3617 2528; baseline -0.001 -16"><span class='ocrx_word' id='word_1_427' title='bbox 2018 2458 2396 2522; x_wconf 88' lang='lat' dir='ltr'><strong><em>introductus;</em></strong></span> <span class='ocrx_word' id='word_1_428' title='bbox 2428 2454 2455 2493; x_wconf 66' lang='grc' dir='ltr'>δ</span> <span class='ocrx_word' id='word_1_429' title='bbox 2483 2472 2547 2511; x_wconf 91' lang='lat' dir='ltr'><strong><em>ac</em></strong></span> <span class='ocrx_word' id='word_1_430' title='bbox 2577 2457 2867 2511; x_wconf 88' lang='lat' dir='ltr'><strong><em>dilectione</em></strong></span> <span class='ocrx_word' id='word_1_431' title='bbox 2898 2458 2953 2511; x_wconf 93' lang='lat' dir='ltr'><strong><em>in</em></strong></span> <span class='ocrx_word' id='word_1_432' title='bbox 2986 2456 3179 2523; x_wconf 88' lang='lat' dir='ltr'><strong><em>Deum,</em></strong></span> <span class='ocrx_word' id='word_1_433' title='bbox 3215 2456 3306 2528; x_wconf 89' lang='lat' dir='ltr'><strong><em>qui</em></strong></span> <span class='ocrx_word' id='word_1_434' title='bbox 3331 2457 3479 2511; x_wconf 91' lang='lat' dir='ltr'><strong><em>illum</em></strong></span> <span class='ocrx_word' id='word_1_435' title='bbox 3508 2471 3617 2511; x_wconf 90' lang='lat' dir='ltr'><strong><em>non</em></strong></span> 
     </span>
    </p>
   </div>
   <div class='ocr_carea' id='block_1_53' title="bbox 2019 2546 3617 2621">
    <p class='ocr_par' dir='ltr' id='par_1_53' title="bbox 2019 2546 3617 2621">
     <span class='ocr_line' id='line_1_53' title="bbox 2019 2546 3617 2621; baseline -0.001 -16"><span class='ocrx_word' id='word_1_436' title='bbox 2019 2550 2334 2621; x_wconf 84' lang='lat' dir='ltr'><strong><em>diligentem</em></strong></span> <span class='ocrx_word' id='word_1_437' title='bbox 2385 2550 2530 2619; x_wconf 90' lang='lat' dir='ltr'><strong><em>prior</em></strong></span> <span class='ocrx_word' id='word_1_438' title='bbox 2567 2550 2778 2614; x_wconf 78' lang='lat' dir='ltr'><strong><em>dilexit,</em></strong></span> <span class='ocrx_word' id='word_1_439' title='bbox 2826 2549 2841 2585; x_wconf 76' lang='grc' dir='ltr'>ί</span> <span class='ocrx_word' id='word_1_440' title='bbox 2875 2550 3079 2620; x_wconf 84' lang='lat' dir='ltr'><strong><em>ignitus</em></strong></span> <span class='ocrx_word' id='word_1_441' title='bbox 3117 2559 3201 2603; x_wconf 89' lang='lat' dir='ltr'><strong><em>est</em></strong></span> <span class='ocrx_word' id='word_1_442' title='bbox 3244 2564 3261 2603; x_wconf 87' lang='lat'><strong>:</strong></span> <span class='ocrx_word' id='word_1_443' title='bbox 3308 2554 3450 2603; x_wconf 86' lang='lat' dir='ltr'><strong><em>sicut</em></strong></span> <span class='ocrx_word' id='word_1_444' title='bbox 3484 2546 3617 2603; x_wconf 85' lang='lat' dir='ltr'><strong><em>dicit</em></strong></span> 
     </span>
    </p>
   </div>
   <div class='ocr_carea' id='block_1_54' title="bbox 2018 2642 3619 2713">
    <p class='ocr_par' dir='ltr' id='par_1_54' title="bbox 2018 2642 3619 2713">
     <span class='ocr_line' id='line_1_54' title="bbox 2018 2642 3619 2713; baseline -0.003 -15"><span class='ocrx_word' id='word_1_445' title='bbox 2018 2644 2216 2699; x_wconf 83' lang='lat' dir='ltr'><strong><em>beatus</em></strong></span> <span class='ocrx_word' id='word_1_446' title='bbox 2241 2642 2524 2713; x_wconf 87' lang='lat' dir='ltr'><strong><em>apostolus</em></strong></span> <span class='ocrx_word' id='word_1_447' title='bbox 2548 2642 2810 2703; x_wconf 78' lang='lat' dir='ltr'><strong><em>Joannes.</em></strong></span> <span class='ocrx_word' id='word_1_448' title='bbox 2842 2642 2966 2695; x_wconf 80' lang='lat' dir='ltr'><strong><em>Non</em></strong></span> <span class='ocrx_word' id='word_1_449' title='bbox 2994 2643 3145 2712; x_wconf 85' lang='lat' dir='ltr'><strong><em>quasi</em></strong></span> <span class='ocrx_word' id='word_1_450' title='bbox 3167 2658 3259 2695; x_wconf 90' lang='lat' dir='ltr'><strong><em>nos</em></strong></span> <span class='ocrx_word' id='word_1_451' title='bbox 3284 2643 3619 2695; x_wconf 74' lang='lat' dir='ltr'><strong><em>dilexerimus</em></strong></span> 
     </span>
    </p>
   </div>
   <div class='ocr_carea' id='block_1_55' title="bbox 2020 2732 3612 2807">
    <p class='ocr_par' dir='ltr' id='par_1_55' title="bbox 2020 2732 3612 2807">
     <span class='ocr_line' id='line_1_55' title="bbox 2020 2732 3612 2807; baseline 0.001 -19"><span class='ocrx_word' id='word_1_452' title='bbox 2020 2734 2213 2803; x_wconf 79' lang='lat' dir='ltr'><strong><em>Deum,</em></strong></span> <span class='ocrx_word' id='word_1_453' title='bbox 2246 2736 2334 2790; x_wconf 86' lang='lat' dir='ltr'><strong><em>sed</em></strong></span> <span class='ocrx_word' id='word_1_454' title='bbox 2350 2736 2595 2807; x_wconf 88' lang='lat' dir='ltr'><strong><em>quoniam</em></strong></span> <span class='ocrx_word' id='word_1_455' title='bbox 2626 2736 2639 2784; x_wconf 84' lang='lat' dir='ltr'><strong><em>i</em></strong></span> <span class='ocrx_word' id='word_1_456' title='bbox 2679 2736 2790 2804; x_wconf 87' lang='lat' dir='ltr'><strong><em>ipse</em></strong></span> <span class='ocrx_word' id='word_1_457' title='bbox 2816 2735 2995 2789; x_wconf 88' lang='lat' dir='ltr'><strong><em>dilexit</em></strong></span> <span class='ocrx_word' id='word_1_458' title='bbox 3017 2752 3110 2790; x_wconf 85' lang='lat' dir='ltr'><strong><em>nos</em></strong></span> <span class='ocrx_word' id='word_1_459' title='bbox 3138 2736 3184 2806; x_wconf 95' lang='lat' dir='ltr'><strong><em>(l</em></strong></span> <span class='ocrx_word' id='word_1_460' title='bbox 3204 2732 3363 2789; x_wconf 80' lang='lat' dir='ltr'><strong><em>Joan.</em></strong></span> <span class='ocrx_word' id='word_1_461' title='bbox 3395 2751 3468 2803; x_wconf 86' lang='lat' dir='ltr'><strong><em>tv,</em></strong></span> <span class='ocrx_word' id='word_1_462' title='bbox 3501 2732 3612 2805; x_wconf 67' lang='lat'><strong><em>10);</em></strong></span> 
     </span>
    </p>
   </div>
   <div class='ocr_carea' id='block_1_56' title="bbox 2023 2828 3621 2904">
    <p class='ocr_par' dir='ltr' id='par_1_56' title="bbox 2023 2828 3621 2904">
     <span class='ocr_line' id='line_1_56' title="bbox 2023 2828 3621 2904; baseline -0.003 -18"><span class='ocrx_word' id='word_1_463' title='bbox 2023 2839 2078 2886; x_wconf 88' lang='lat' dir='ltr'><strong><em>et</em></strong></span> <span class='ocrx_word' id='word_1_464' title='bbox 2105 2830 2323 2897; x_wconf 88' lang='lat' dir='ltr'><strong><em>iterum,</em></strong></span> <span class='ocrx_word' id='word_1_465' title='bbox 2358 2828 2472 2884; x_wconf 82' lang='lat' dir='ltr'><strong><em>Nos</em></strong></span> <span class='ocrx_word' id='word_1_466' title='bbox 2507 2845 2628 2901; x_wconf 89' lang='lat' dir='ltr'><strong><em>ergo</em></strong></span> <span class='ocrx_word' id='word_1_467' title='bbox 2653 2832 2932 2904; x_wconf 85' lang='lat' dir='ltr'><strong><em>diligamus</em></strong></span> <span class='ocrx_word' id='word_1_468' title='bbox 2963 2830 3149 2897; x_wconf 88' lang='lat' dir='ltr'><strong><em>Deum,</em></strong></span> <span class='ocrx_word' id='word_1_469' title='bbox 3193 2831 3437 2902; x_wconf 88' lang='lat' dir='ltr'><strong><em>quoniam</em></strong></span> <span class='ocrx_word' id='word_1_470' title='bbox 3473 2828 3621 2884; x_wconf 88' lang='lat' dir='ltr'><strong><em>Deus</em></strong></span> 
     </span>
    </p>
   </div>
   <div class='ocr_carea' id='block_1_57' title="bbox 2023 2922 3621 2994">
    <p class='ocr_par' dir='ltr' id='par_1_57' title="bbox 2023 2922 3621 2994">
     <span class='ocr_line' id='line_1_57' title="bbox 2023 2922 3621 2994; baseline -0.002 -16"><span class='ocrx_word' id='word_1_471' title='bbox 2023 2925 2168 2994; x_wconf 87' lang='lat' dir='ltr'><strong><em>prior</em></strong></span> <span class='ocrx_word' id='word_1_472' title='bbox 2199 2924 2382 2979; x_wconf 83' lang='lat' dir='ltr'><strong><em>dilexit</em></strong></span> <span class='ocrx_word' id='word_1_473' title='bbox 2413 2940 2506 2978; x_wconf 85' lang='lat' dir='ltr'><strong><em>nos</em></strong></span> <span class='ocrx_word' id='word_1_474' title='bbox 2535 2924 2579 2993; x_wconf 94' lang='lat' dir='ltr'><strong><em>(l</em></strong></span> <span class='ocrx_word' id='word_1_475' title='bbox 2604 2922 2765 2979; x_wconf 80' lang='lat' dir='ltr'><strong><em>Joan.</em></strong></span> <span class='ocrx_word' id='word_1_476' title='bbox 2794 2940 2867 2989; x_wconf 86' lang='lat' dir='ltr'><strong><em>tv,</em></strong></span> <span class='ocrx_word' id='word_1_477' title='bbox 2901 2924 3010 2993; x_wconf 79' lang='lat' dir='ltr'><strong><em>l9);</em></strong></span> <span class='ocrx_word' id='word_1_478' title='bbox 3046 2935 3099 2980; x_wconf 90' lang='lat' dir='ltr'><strong><em>et</em></strong></span> <span class='ocrx_word' id='word_1_479' title='bbox 3126 2925 3268 2979; x_wconf 88' lang='lat' dir='ltr'><strong><em>idem</em></strong></span> <span class='ocrx_word' id='word_1_480' title='bbox 3296 2924 3450 2988; x_wconf 91' lang='lat' dir='ltr'><strong><em>dicit,</em></strong></span> <span class='ocrx_word' id='word_1_481' title='bbox 3480 2922 3621 2977; x_wconf 83' lang='lat' dir='ltr'><strong><em>Cha-</em></strong></span> 
     </span>
    </p>
   </div>
   <div class='ocr_carea' id='block_1_58' title="bbox 2021 3016 3622 3088">
    <p class='ocr_par' dir='ltr' id='par_1_58' title="bbox 2021 3016 3622 3088">
     <span class='ocr_line' id='line_1_58' title="bbox 2021 3016 3622 3088; baseline 0.001 -17"><span class='ocrx_word' id='word_1_482' title='bbox 2021 3017 2238 3083; x_wconf 87' lang='lat' dir='ltr'><strong><em>rissimi,</em></strong></span> <span class='ocrx_word' id='word_1_483' title='bbox 2281 3018 2566 3088; x_wconf 86' lang='lat' dir='ltr'><strong><em>diligamus</em></strong></span> <span class='ocrx_word' id='word_1_484' title='bbox 2600 3018 2838 3083; x_wconf 88' lang='lat' dir='ltr'><strong><em>invicem,</em></strong></span> <span class='ocrx_word' id='word_1_485' title='bbox 2873 3021 3123 3088; x_wconf 86' lang='lat' dir='ltr'><strong><em>quoniam</em></strong></span> <span class='ocrx_word' id='word_1_486' title='bbox 3152 3017 3380 3072; x_wconf 83' lang='lat' dir='ltr'><strong><em>charitas</em></strong></span> <span class='ocrx_word' id='word_1_487' title='bbox 3415 3034 3479 3071; x_wconf 89' lang='lat' dir='ltr'><strong><em>ex</em></strong></span> <span class='ocrx_word' id='word_1_488' title='bbox 3513 3016 3622 3072; x_wconf 88' lang='lat' dir='ltr'><strong><em>Deo</em></strong></span> 
     </span>
    </p>
   </div>
   <div class='ocr_carea' id='block_1_59' title="bbox 2025 3108 3625 3181">
    <p class='ocr_par' dir='ltr' id='par_1_59' title="bbox 2025 3108 3625 3181">
     <span class='ocr_line' id='line_1_59' title="bbox 2025 3108 3625 3181; baseline -0.002 -18"><span class='ocrx_word' id='word_1_489' title='bbox 2025 3120 2132 3175; x_wconf 87' lang='lat' dir='ltr'><strong><em>est;</em></strong></span> <span class='ocrx_word' id='word_1_490' title='bbox 2157 3119 2203 3163; x_wconf 90' lang='lat' dir='ltr'><strong><em>et</em></strong></span> <span class='ocrx_word' id='word_1_491' title='bbox 2227 3110 2393 3163; x_wconf 90' lang='lat' dir='ltr'><strong><em>omnis</em></strong></span> <span class='ocrx_word' id='word_1_492' title='bbox 2417 3112 2505 3179; x_wconf 85' lang='lat' dir='ltr'><strong><em>qui</em></strong></span> <span class='ocrx_word' id='word_1_493' title='bbox 2529 3110 2703 3181; x_wconf 86' lang='lat' dir='ltr'><strong><em>diligit</em></strong></span> <span class='ocrx_word' id='word_1_494' title='bbox 2732 3126 2795 3165; x_wconf 86' lang='lat' dir='ltr'><strong><em>ex</em></strong></span> <span class='ocrx_word' id='word_1_495' title='bbox 2826 3108 2932 3164; x_wconf 90' lang='lat' dir='ltr'><strong><em>Deo</em></strong></span> <span class='ocrx_word' id='word_1_496' title='bbox 2954 3122 3107 3164; x_wconf 89' lang='lat' dir='ltr'><strong><em>natus</em></strong></span> <span class='ocrx_word' id='word_1_497' title='bbox 3145 3118 3238 3174; x_wconf 85' lang='lat' dir='ltr'><strong><em>est,</em></strong></span> <span class='ocrx_word' id='word_1_498' title='bbox 3280 3119 3327 3164; x_wconf 91' lang='lat' dir='ltr'><strong><em>et</em></strong></span> <span class='ocrx_word' id='word_1_499' title='bbox 3363 3108 3625 3180; x_wconf 81' lang='lat' dir='ltr'><strong><em>cognoscit</em></strong></span> 
     </span>
    </p>
   </div>
   <div class='ocr_carea' id='block_1_60' title="bbox 2027 3200 3627 3272">
    <p class='ocr_par' dir='ltr' id='par_1_60' title="bbox 2027 3200 3627 3272">
     <span class='ocr_line' id='line_1_60' title="bbox 2027 3200 3627 3272; baseline 0 -17"><span class='ocrx_word' id='word_1_500' title='bbox 2027 3200 2217 3259; x_wconf 73' lang='lat' dir='ltr'><strong><em>Deum.</em></strong></span> <span class='ocrx_word' id='word_1_501' title='bbox 2252 3201 2355 3268; x_wconf 82' lang='lat' dir='ltr'><strong><em>Qui</em></strong></span> <span class='ocrx_word' id='word_1_502' title='bbox 2398 3218 2498 3255; x_wconf 88' lang='lat' dir='ltr'><strong><em>non</em></strong></span> <span class='ocrx_word' id='word_1_503' title='bbox 2534 3201 2727 3272; x_wconf 89' lang='lat' dir='ltr'><strong><em>diligit,</em></strong></span> <span class='ocrx_word' id='word_1_504' title='bbox 2773 3218 2875 3256; x_wconf 89' lang='lat' dir='ltr'><strong><em>non</em></strong></span> <span class='ocrx_word' id='word_1_505' title='bbox 2906 3204 3047 3256; x_wconf 90' lang='lat' dir='ltr'><strong><em>novit</em></strong></span> <span class='ocrx_word' id='word_1_506' title='bbox 3092 3201 3294 3265; x_wconf 84' lang='lat' dir='ltr'><strong><em>Deum;</em></strong></span> <span class='ocrx_word' id='word_1_507' title='bbox 3336 3202 3457 3265; x_wconf 86' lang='lat' dir='ltr'><strong><em>quia</em></strong></span> <span class='ocrx_word' id='word_1_508' title='bbox 3486 3200 3627 3255; x_wconf 88' lang='lat' dir='ltr'><strong><em>Deus</em></strong></span> 
     </span>
    </p>
   </div>
   <div class='ocr_carea' id='block_1_61' title="bbox 324 3284 3627 3369">
    <p class='ocr_par' dir='ltr' id='par_1_61' title="bbox 324 3284 3627 3369">
     <span class='ocr_line' id='line_1_61' title="bbox 324 3284 3627 3369; baseline -0.001 -20"><span class='ocrx_word' id='word_1_509' title='bbox 324 3292 348 3331; x_wconf 73' lang='grc' dir='ltr'>δ</span> <span class='ocrx_word' id='word_1_510' title='bbox 376 3302 539 3350; x_wconf 86' lang='lat' dir='ltr'><strong><em>om’ne</em></strong></span> <span class='ocrx_word' id='word_1_511' title='bbox 565 3310 737 3365; x_wconf 89' lang='lat' dir='ltr'><strong><em>genus</em></strong></span> <span class='ocrx_word' id='word_1_512' title='bbox 758 3297 1095 3363; x_wconf 89' lang='lat' dir='ltr'><strong><em>animalium,</em></strong></span> <span class='ocrx_word' id='word_1_513' title='bbox 1119 3298 1187 3352; x_wconf 87' lang='lat' dir='ltr'><strong><em>de</em></strong></span> <span class='ocrx_word' id='word_1_514' title='bbox 1210 3296 1540 3369; x_wconf 76' lang='lat' dir='ltr'><strong><em>baptizando</em></strong></span> <span class='ocrx_word' id='word_1_515' title='bbox 1556 3294 1830 3362; x_wconf 88' lang='lat' dir='ltr'><strong><em>Cornelio,</em></strong></span> <span class='ocrx_word' id='word_1_516' title='bbox 1857 3310 1921 3351; x_wconf 90' lang='lat' dir='ltr'><strong><em>ac</em></strong></span> <span class='ocrx_word' id='word_1_517' title='bbox 1946 3284 1995 3349; x_wconf 93' lang='lat' dir='ltr'><strong><em>C</em></strong></span> <span class='ocrx_word' id='word_1_518' title='bbox 2026 3296 2255 3349; x_wconf 88' lang='lat' dir='ltr'><strong><em>charitas</em></strong></span> <span class='ocrx_word' id='word_1_519' title='bbox 2304 3304 2379 3349; x_wconf 82' lang='lat' dir='ltr'><strong><em>est</em></strong></span> <span class='ocrx_word' id='word_1_520' title='bbox 2423 3295 2468 3364; x_wconf 90' lang='grc' dir='ltr'><strong><em>(ι</em></strong></span> <span class='ocrx_word' id='word_1_521' title='bbox 2490 3292 2650 3348; x_wconf 82' lang='lat' dir='ltr'><strong><em>Joan.</em></strong></span> <span class='ocrx_word' id='word_1_522' title='bbox 2683 3310 2756 3359; x_wconf 91' lang='lat' dir='ltr'><strong><em>tv,</em></strong></span> <span class='ocrx_word' id='word_1_523' title='bbox 2802 3295 2831 3347; x_wconf 89' lang='lat'><strong>7</strong></span> <span class='ocrx_word' id='word_1_524' title='bbox 2860 3304 2911 3349; x_wconf 88' lang='lat' dir='ltr'><strong><em>et</em></strong></span> <span class='ocrx_word' id='word_1_525' title='bbox 2953 3295 3030 3366; x_wconf 90' lang='lat'><strong><em>8).</em></strong></span> <span class='ocrx_word' id='word_1_526' title='bbox 3071 3292 3168 3349; x_wconf 88' lang='lat' dir='ltr'><strong><em>Cui</em></strong></span> <span class='ocrx_word' id='word_1_527' title='bbox 3211 3293 3399 3348; x_wconf 89' lang='lat' dir='ltr'><strong><em>beatus</em></strong></span> <span class='ocrx_word' id='word_1_528' title='bbox 3429 3293 3627 3348; x_wconf 84' lang='lat' dir='ltr'><strong><em>Paulus</em></strong></span> 
     </span>
    </p>
   </div>
   <div class='ocr_carea' id='block_1_62' title="bbox 326 3386 1924 3461">
    <p class='ocr_par' dir='ltr' id='par_1_62' title="bbox 326 3386 1924 3461">
     <span class='ocr_line' id='line_1_62' title="bbox 326 3386 1924 3461; baseline 0.002 -19"><span class='ocrx_word' id='word_1_529' title='bbox 326 3386 549 3457; x_wconf 87' lang='lat' dir='ltr'><strong><em>perinde</em></strong></span> <span class='ocrx_word' id='word_1_530' title='bbox 585 3387 654 3443; x_wconf 91' lang='lat' dir='ltr'><strong><em>de</em></strong></span> <span class='ocrx_word' id='word_1_531' title='bbox 686 3388 943 3444; x_wconf 90' lang='lat' dir='ltr'><strong><em>omnibus</em></strong></span> <span class='ocrx_word' id='word_1_532' title='bbox 978 3391 1229 3461; x_wconf 87' lang='lat' dir='ltr'><strong><em>gentibus</em></strong></span> <span class='ocrx_word' id='word_1_533' title='bbox 1269 3391 1581 3455; x_wconf 86' lang='lat' dir='ltr'><strong><em>doceretur,</em></strong></span> <span class='ocrx_word' id='word_1_534' title='bbox 1626 3396 1793 3459; x_wconf 89' lang='lat' dir='ltr'><strong><em>atque</em></strong></span> <span class='ocrx_word' id='word_1_535' title='bbox 1832 3388 1924 3445; x_wconf 87' lang='lat' dir='ltr'><strong><em>ille</em></strong></span> 
     </span>
    </p>
   </div>
   <div class='ocr_carea' id='block_1_63' title="bbox 327 3476 1926 3537">
    <p class='ocr_par' dir='ltr' id='par_1_63' title="bbox 327 3476 1926 3537">
     <span class='ocr_line' id='line_1_63' title="bbox 327 3476 1926 3537; baseline 0.001 -5"><span class='ocrx_word' id='word_1_536' title='bbox 327 3476 664 3532; x_wconf 89' lang='lat' dir='ltr'><strong><em>immundum</em></strong></span> <span class='ocrx_word' id='word_1_537' title='bbox 712 3488 765 3532; x_wconf 92' lang='lat' dir='ltr'><strong><em>et</em></strong></span> <span class='ocrx_word' id='word_1_538' title='bbox 820 3478 1167 3535; x_wconf 89' lang='lat' dir='ltr'><strong><em>indiscretum</em></strong></span> <span class='ocrx_word' id='word_1_539' title='bbox 1223 3481 1404 3535; x_wconf 89' lang='lat' dir='ltr'><strong><em>cibutn</em></strong></span> <span class='ocrx_word' id='word_1_540' title='bbox 1461 3479 1686 3537; x_wconf 82' lang='lat' dir='ltr'><strong><em>Judaica</em></strong></span> <span class='ocrx_word' id='word_1_541' title='bbox 1737 3480 1926 3533; x_wconf 88' lang='lat' dir='ltr'><strong><em>obser-</em></strong></span> 
     </span>
    </p>
   </div>
   <div class='ocr_carea' id='block_1_64' title="bbox 329 3567 1924 3638">
    <p class='ocr_par' dir='ltr' id='par_1_64' title="bbox 329 3567 1924 3638">
     <span class='ocr_line' id='line_1_64' title="bbox 329 3567 1924 3638; baseline 0.003 -18"><span class='ocrx_word' id='word_1_542' title='bbox 329 3567 505 3623; x_wconf 84' lang='lat' dir='ltr'><strong><em>vantia</em></strong></span> <span class='ocrx_word' id='word_1_543' title='bbox 536 3579 841 3637; x_wconf 89' lang='lat' dir='ltr'><strong><em>recusaret,</em></strong></span> <span class='ocrx_word' id='word_1_544' title='bbox 868 3571 1010 3625; x_wconf 89' lang='lat' dir='ltr'><strong><em>trina</em></strong></span> <span class='ocrx_word' id='word_1_545' title='bbox 1026 3570 1093 3625; x_wconf 89' lang='lat' dir='ltr'><strong><em>ad</em></strong></span> <span class='ocrx_word' id='word_1_546' title='bbox 1114 3586 1239 3627; x_wconf 90' lang='lat' dir='ltr'><strong><em>eum</em></strong></span> <span class='ocrx_word' id='word_1_547' title='bbox 1259 3586 1367 3627; x_wconf 77' lang='lat' dir='ltr'><strong><em>vox</em></strong></span> <span class='ocrx_word' id='word_1_548' title='bbox 1391 3582 1413 3610; x_wconf 73' lang='grc' dir='ltr'>ε</span> <span class='ocrx_word' id='word_1_549' title='bbox 1444 3568 1585 3626; x_wconf 77' lang='lat' dir='ltr'><strong><em>facta</em></strong></span> <span class='ocrx_word' id='word_1_550' title='bbox 1604 3580 1688 3626; x_wconf 88' lang='lat' dir='ltr'><strong><em>est</em></strong></span> <span class='ocrx_word' id='word_1_551' title='bbox 1710 3570 1924 3638; x_wconf 86' lang='lat' dir='ltr'><strong><em>dicens,</em></strong></span> 
     </span>
    </p>
   </div>
   <div class='ocr_carea' id='block_1_65' title="bbox 333 3660 1923 3737">
    <p class='ocr_par' dir='ltr' id='par_1_65' title="bbox 333 3660 1923 3737">
     <span class='ocr_line' id='line_1_65' title="bbox 333 3660 1923 3737; baseline 0.005 -24"><span class='ocrx_word' id='word_1_552' title='bbox 333 3660 457 3729; x_wconf 73' lang='grc' dir='ltr'><strong><em>ρυω</em></strong></span> <span class='ocrx_word' id='word_1_553' title='bbox 477 3660 617 3717; x_wconf 88' lang='lat' dir='ltr'><strong><em>Deus</em></strong></span> <span class='ocrx_word' id='word_1_554' title='bbox 631 3663 917 3729; x_wconf 86' lang='lat' dir='ltr'><strong><em>mundavit,</em></strong></span> <span class='ocrx_word' id='word_1_555' title='bbox 942 3674 996 3717; x_wconf 92' lang='lat' dir='ltr'><strong><em>tu</em></strong></span> <span class='ocrx_word' id='word_1_556' title='bbox 1014 3681 1073 3718; x_wconf 88' lang='lat' dir='ltr'><strong><em>ne</em></strong></span> <span class='ocrx_word' id='word_1_557' title='bbox 1089 3682 1355 3720; x_wconf 89' lang='lat' dir='ltr'><strong><em>commune</em></strong></span> <span class='ocrx_word' id='word_1_558' title='bbox 1373 3666 1566 3720; x_wconf 91' lang='lat' dir='ltr'><strong><em>dixeris</em></strong></span> <span class='ocrx_word' id='word_1_559' title='bbox 1578 3664 1718 3737; x_wconf 79' lang='lat' dir='ltr'><strong><em>(Act.</em></strong></span> <span class='ocrx_word' id='word_1_560' title='bbox 1737 3681 1793 3733; x_wconf 74' lang='grc' dir='ltr'><strong><em>ι,</em></strong></span> <span class='ocrx_word' id='word_1_561' title='bbox 1809 3666 1923 3734; x_wconf 79' lang='grc'><strong><em>15).</em></strong></span> 
     </span>
    </p>
   </div>
   <div class='ocr_carea' id='block_1_66' title="bbox 332 3755 1927 3830">
    <p class='ocr_par' dir='ltr' id='par_1_66' title="bbox 332 3755 1927 3830">
     <span class='ocr_line' id='line_1_66' title="bbox 332 3755 1927 3830; baseline 0.005 -22"><span class='ocrx_word' id='word_1_562' title='bbox 332 3755 442 3820; x_wconf 80' lang='lat' dir='ltr'><strong><em>Quo</em></strong></span> <span class='ocrx_word' id='word_1_563' title='bbox 470 3756 606 3809; x_wconf 86' lang='lat' dir='ltr'><strong><em>satis</em></strong></span> <span class='ocrx_word' id='word_1_564' title='bbox 644 3765 830 3826; x_wconf 89' lang='lat' dir='ltr'><strong><em>aperte</em></strong></span> <span class='ocrx_word' id='word_1_565' title='bbox 865 3757 1173 3813; x_wconf 82' lang='lat' dir='ltr'><strong><em>OStenditur</em></strong></span> <span class='ocrx_word' id='word_1_566' title='bbox 1196 3761 1375 3813; x_wconf 89' lang='lat' dir='ltr'><strong><em>omnia</em></strong></span> <span class='ocrx_word' id='word_1_567' title='bbox 1416 3761 1556 3815; x_wconf 89' lang='lat' dir='ltr'><strong><em>bona</em></strong></span> <span class='ocrx_word' id='word_1_568' title='bbox 1592 3775 1760 3829; x_wconf 91' lang='lat' dir='ltr'><strong><em>opera</em></strong></span> <span class='ocrx_word' id='word_1_569' title='bbox 1806 3775 1927 3830; x_wconf 70' lang='lat' dir='ltr'><strong><em>quae</em></strong></span> 
     </span>
    </p>
   </div>
   <div class='ocr_carea' id='block_1_67' title="bbox 332 3846 1931 3922">
    <p class='ocr_par' dir='ltr' id='par_1_67' title="bbox 332 3846 1931 3922">
     <span class='ocr_line' id='line_1_67' title="bbox 332 3846 1931 3922; baseline 0.003 -20"><span class='ocrx_word' id='word_1_570' title='bbox 332 3848 382 3902; x_wconf 89' lang='lat' dir='ltr'><strong><em>in</em></strong></span> <span class='ocrx_word' id='word_1_571' title='bbox 419 3846 677 3903; x_wconf 89' lang='lat' dir='ltr'><strong><em>Cornelio</em></strong></span> <span class='ocrx_word' id='word_1_572' title='bbox 710 3861 1127 3919; x_wconf 67' lang='lat' dir='ltr'><strong><em>praecesserunt,</em></strong></span> <span class='ocrx_word' id='word_1_573' title='bbox 1156 3848 1183 3887; x_wconf 76' lang='grc' dir='ltr'><strong><em>ἀ</em></strong></span> <span class='ocrx_word' id='word_1_574' title='bbox 1226 3852 1321 3906; x_wconf 88' lang='lat' dir='ltr'><strong><em>Dei</em></strong></span> <span class='ocrx_word' id='word_1_575' title='bbox 1350 3851 1523 3922; x_wconf 88' lang='lat' dir='ltr'><strong><em>gratia</em></strong></span> <span class='ocrx_word' id='word_1_576' title='bbox 1556 3852 1621 3906; x_wconf 87' lang='lat' dir='ltr'><strong><em>ad</em></strong></span> <span class='ocrx_word' id='word_1_577' title='bbox 1667 3851 1931 3907; x_wconf 88' lang='lat' dir='ltr'><strong><em>emunda-</em></strong></span> 
     </span>
    </p>
   </div>
   <div class='ocr_carea' id='block_1_68' title="bbox 334 3939 1931 4016">
    <p class='ocr_par' dir='ltr' id='par_1_68' title="bbox 334 3939 1931 4016">
     <span class='ocr_line' id='line_1_68' title="bbox 334 3939 1931 4016; baseline 0.004 -23"><span class='ocrx_word' id='word_1_578' title='bbox 334 3939 531 3995; x_wconf 91' lang='lat' dir='ltr'><strong><em>tionem</em></strong></span> <span class='ocrx_word' id='word_1_579' title='bbox 562 3941 734 4009; x_wconf 89' lang='lat' dir='ltr'><strong><em>ipsius</em></strong></span> <span class='ocrx_word' id='word_1_580' title='bbox 766 3941 1058 3997; x_wconf 86' lang='lat' dir='ltr'><strong><em>inchoasse</em></strong></span> <span class='ocrx_word' id='word_1_581' title='bbox 1085 3961 1096 3995; x_wconf 89' lang='lat'>:</span> <span class='ocrx_word' id='word_1_582' title='bbox 1129 3954 1184 3997; x_wconf 92' lang='lat' dir='ltr'><strong><em>ut</em></strong></span> <span class='ocrx_word' id='word_1_583' title='bbox 1204 3944 1287 3999; x_wconf 92' lang='lat' dir='ltr'><strong><em>cui</em></strong></span> <span class='ocrx_word' id='word_1_584' title='bbox 1314 3943 1575 3999; x_wconf 88' lang='lat' dir='ltr'><strong><em>Dominus</em></strong></span> <span class='ocrx_word' id='word_1_585' title='bbox 1593 3945 1704 4015; x_wconf 87' lang='lat' dir='ltr'><strong><em>jam</em></strong></span> <span class='ocrx_word' id='word_1_586' title='bbox 1733 3946 1931 4016; x_wconf 85' lang='lat' dir='ltr'><strong><em>imper-</em></strong></span> 
     </span>
    </p>
   </div>
   <div class='ocr_carea' id='block_1_69' title="bbox 334 4033 1933 4107">
    <p class='ocr_par' dir='ltr' id='par_1_69' title="bbox 334 4033 1933 4107">
     <span class='ocr_line' id='line_1_69' title="bbox 334 4033 1933 4107; baseline 0.005 -22"><span class='ocrx_word' id='word_1_587' title='bbox 334 4033 488 4087; x_wconf 90' lang='lat' dir='ltr'><strong><em>tierat</em></strong></span> <span class='ocrx_word' id='word_1_588' title='bbox 520 4034 626 4087; x_wconf 92' lang='lat' dir='ltr'><strong><em>hoc</em></strong></span> <span class='ocrx_word' id='word_1_589' title='bbox 655 4033 879 4099; x_wconf 91' lang='lat' dir='ltr'><strong><em>donum,</em></strong></span> <span class='ocrx_word' id='word_1_590' title='bbox 912 4050 1018 4089; x_wconf 92' lang='lat' dir='ltr'><strong><em>non</em></strong></span> <span class='ocrx_word' id='word_1_591' title='bbox 1056 4035 1328 4091; x_wconf 87' lang='lat' dir='ltr'><strong><em>dubitaret</em></strong></span> <span class='ocrx_word' id='word_1_592' title='bbox 1359 4038 1653 4107; x_wconf 86' lang='lat' dir='ltr'><strong><em>Apostolus</em></strong></span> <span class='ocrx_word' id='word_1_593' title='bbox 1682 4037 1933 4093; x_wconf 79' lang='lat' dir='ltr'><strong><em>conferre</em></strong></span> 
     </span>
    </p>
   </div>
   <div class='ocr_carea' id='block_1_70' title="bbox 336 4129 1934 4191">
    <p class='ocr_par' dir='ltr' id='par_1_70' title="bbox 336 4129 1934 4191">
     <span class='ocr_line' id='line_1_70' title="bbox 336 4129 1934 4191; baseline 0.003 -12"><span class='ocrx_word' id='word_1_594' title='bbox 336 4136 757 4191; x_wconf 84' lang='lat' dir='ltr'><strong><em>sacramentum,</em></strong></span> <span class='ocrx_word' id='word_1_595' title='bbox 816 4142 884 4181; x_wconf 84' lang='lat' dir='ltr'><strong><em>ne</em></strong></span> <span class='ocrx_word' id='word_1_596' title='bbox 924 4143 1075 4182; x_wconf 67' lang='lat' dir='ltr'><strong><em>nova:</em></strong></span> <span class='ocrx_word' id='word_1_597' title='bbox 1114 4139 1168 4183; x_wconf 91' lang='lat' dir='ltr'><strong><em>et</em></strong></span> <span class='ocrx_word' id='word_1_598' title='bbox 1205 4129 1432 4183; x_wconf 83' lang='lat' dir='ltr'><strong><em>necdum</em></strong></span> <span class='ocrx_word' id='word_1_599' title='bbox 1477 4130 1731 4185; x_wconf 70' lang='lat' dir='ltr'><strong><em>revelata:</em></strong></span> <span class='ocrx_word' id='word_1_600' title='bbox 1775 4144 1934 4185; x_wconf 81' lang='lat' dir='ltr'><strong><em>voca-</em></strong></span> 
     </span>
    </p>
   </div>
   <div class='ocr_carea' id='block_1_71' title="bbox 338 4219 1936 4295">
    <p class='ocr_par' dir='ltr' id='par_1_71' title="bbox 338 4219 1936 4295">
     <span class='ocr_line' id='line_1_71' title="bbox 338 4219 1936 4295; baseline 0.004 -22"><span class='ocrx_word' id='word_1_601' title='bbox 338 4219 499 4275; x_wconf 90' lang='lat' dir='ltr'><strong><em>tionis</em></strong></span> <span class='ocrx_word' id='word_1_602' title='bbox 527 4221 814 4277; x_wconf 88' lang='lat' dir='ltr'><strong><em>vacillaret</em></strong></span> <span class='ocrx_word' id='word_1_603' title='bbox 836 4224 1140 4290; x_wconf 83' lang='lat' dir='ltr'><strong><em>exordium,</em></strong></span> <span class='ocrx_word' id='word_1_604' title='bbox 1178 4224 1278 4278; x_wconf 91' lang='lat' dir='ltr'><strong><em>nisi</em></strong></span> <span class='ocrx_word' id='word_1_605' title='bbox 1308 4238 1403 4294; x_wconf 89' lang='lat' dir='ltr'><strong><em>per</em></strong></span> <span class='ocrx_word' id='word_1_606' title='bbox 1430 4225 1543 4295; x_wconf 89' lang='lat' dir='ltr'><strong><em>ipsa</em></strong></span> <span class='ocrx_word' id='word_1_607' title='bbox 1568 4224 1765 4279; x_wconf 90' lang='lat' dir='ltr'><strong><em>indicia</em></strong></span> <span class='ocrx_word' id='word_1_608' title='bbox 1796 4240 1936 4294; x_wconf 81' lang='lat' dir='ltr'><strong><em>pra:-</em></strong></span> 
     </span>
    </p>
   </div>
   <div class='ocr_carea' id='block_1_72' title="bbox 339 4296 1939 4381">
    <p class='ocr_par' dir='ltr' id='par_1_72' title="bbox 339 4296 1939 4381">
     <span class='ocr_line' id='line_1_72' title="bbox 339 4296 1939 4381; baseline 0.005 -16"><span class='ocrx_word' id='word_1_609' title='bbox 339 4312 641 4368; x_wconf 86' lang='lat' dir='ltr'><strong><em>cedentium</em></strong></span> <span class='ocrx_word' id='word_1_610' title='bbox 664 4313 991 4381; x_wconf 90' lang='lat' dir='ltr'><strong><em>studiorum,</em></strong></span> <span class='ocrx_word' id='word_1_611' title='bbox 1018 4316 1187 4371; x_wconf 91' lang='lat' dir='ltr'><strong><em>Deum</em></strong></span> <span class='ocrx_word' id='word_1_612' title='bbox 1210 4316 1263 4371; x_wconf 91' lang='lat' dir='ltr'><strong><em>in</em></strong></span> <span class='ocrx_word' id='word_1_613' title='bbox 1289 4296 1939 4373; x_wconf 48' lang='lat' dir='ltr'><strong><em>assumendiszconstaret</em></strong></span> 
     </span>
    </p>
   </div>
   <div class='ocr_carea' id='block_1_73' title="bbox 341 4407 1933 4483">
    <p class='ocr_par' dir='ltr' id='par_1_73' title="bbox 341 4407 1933 4483">
     <span class='ocr_line' id='line_1_73' title="bbox 341 4407 1933 4483; baseline 0.003 -22"><span class='ocrx_word' id='word_1_614' title='bbox 341 4419 642 4477; x_wconf 88' lang='lat' dir='ltr'><strong><em>operatum.</em></strong></span> <span class='ocrx_word' id='word_1_615' title='bbox 673 4407 795 4461; x_wconf 84' lang='lat' dir='ltr'><strong><em>Non</em></strong></span> <span class='ocrx_word' id='word_1_616' title='bbox 814 4409 947 4461; x_wconf 89' lang='lat' dir='ltr'><strong><em>enim</em></strong></span> <span class='ocrx_word' id='word_1_617' title='bbox 964 4411 1194 4462; x_wconf 87' lang='lat' dir='ltr'><strong><em>omnium</em></strong></span> <span class='ocrx_word' id='word_1_618' title='bbox 1210 4418 1282 4463; x_wconf 88' lang='lat' dir='ltr'><strong><em>est</em></strong></span> <span class='ocrx_word' id='word_1_619' title='bbox 1301 4411 1431 4479; x_wconf 87' lang='lat' dir='ltr'><strong><em>ﬁdes</em></strong></span> <span class='ocrx_word' id='word_1_620' title='bbox 1453 4410 1521 4482; x_wconf 86' lang='lat' dir='ltr'><strong><em>(ll</em></strong></span> <span class='ocrx_word' id='word_1_621' title='bbox 1538 4409 1721 4465; x_wconf 81' lang='lat' dir='ltr'><strong><em>Thess.</em></strong></span> <span class='ocrx_word' id='word_1_622' title='bbox 1738 4427 1819 4477; x_wconf 85' lang='grc' dir='ltr'><strong><em>ιιι,</em></strong></span> <span class='ocrx_word' id='word_1_623' title='bbox 1854 4411 1933 4483; x_wconf 73' lang='lat'><strong><em>2);</em></strong></span> 
     </span>
    </p>
   </div>
   <div class='ocr_carea' id='block_1_74' title="bbox 342 4501 1936 4573">
    <p class='ocr_par' dir='ltr' id='par_1_74' title="bbox 342 4501 1936 4573">
     <span class='ocr_line' id='line_1_74' title="bbox 342 4501 1936 4573; baseline 0.004 -21"><span class='ocrx_word' id='word_1_624' title='bbox 342 4516 425 4553; x_wconf 80' lang='lat' dir='ltr'><strong><em>nec</em></strong></span> <span class='ocrx_word' id='word_1_625' title='bbox 455 4501 566 4572; x_wconf 66' lang='lat'><strong>92</strong></span> <span class='ocrx_word' id='word_1_626' title='bbox 601 4516 778 4553; x_wconf 90' lang='lat' dir='ltr'><strong><em>omnes</em></strong></span> <span class='ocrx_word' id='word_1_627' title='bbox 818 4501 1030 4555; x_wconf 86' lang='lat' dir='ltr'><strong><em>credunt</em></strong></span> <span class='ocrx_word' id='word_1_628' title='bbox 1062 4502 1340 4573; x_wconf 86' lang='lat' dir='ltr'><strong><em>Evangelia</em></strong></span> <span class='ocrx_word' id='word_1_629' title='bbox 1373 4502 1557 4573; x_wconf 87' lang='lat' dir='ltr'><strong><em>(Rom.</em></strong></span> <span class='ocrx_word' id='word_1_630' title='bbox 1598 4520 1652 4571; x_wconf 71' lang='grc' dir='ltr'><strong><em>ι,</em></strong></span> <span class='ocrx_word' id='word_1_631' title='bbox 1688 4505 1799 4571; x_wconf 83' lang='grc'><strong><em>16).</em></strong></span> <span class='ocrx_word' id='word_1_632' title='bbox 1830 4504 1936 4561; x_wconf 89' lang='lat' dir='ltr'><strong><em>Sed</em></strong></span> 
     </span>
    </p>
   </div>
   <div class='ocr_carea' id='block_1_75' title="bbox 339 4592 1934 4667">
    <p class='ocr_par' dir='ltr' id='par_1_75' title="bbox 339 4592 1934 4667">
     <span class='ocr_line' id='line_1_75' title="bbox 339 4592 1934 4667; baseline 0.004 -22"><span class='ocrx_word' id='word_1_633' title='bbox 339 4592 428 4662; x_wconf 90' lang='lat' dir='ltr'><strong><em>qui</em></strong></span> <span class='ocrx_word' id='word_1_634' title='bbox 454 4592 709 4656; x_wconf 89' lang='lat' dir='ltr'><strong><em>credunt,</em></strong></span> <span class='ocrx_word' id='word_1_635' title='bbox 756 4592 851 4646; x_wconf 88' lang='lat' dir='ltr'><strong><em>Dei</em></strong></span> <span class='ocrx_word' id='word_1_636' title='bbox 878 4602 1109 4663; x_wconf 85' lang='lat' dir='ltr'><strong><em>aguntur</em></strong></span> <span class='ocrx_word' id='word_1_637' title='bbox 1139 4594 1376 4665; x_wconf 90' lang='lat' dir='ltr'><strong><em>Spiritu;</em></strong></span> <span class='ocrx_word' id='word_1_638' title='bbox 1410 4597 1500 4667; x_wconf 91' lang='lat' dir='ltr'><strong><em>qui</em></strong></span> <span class='ocrx_word' id='word_1_639' title='bbox 1531 4612 1639 4650; x_wconf 92' lang='lat' dir='ltr'><strong><em>non</em></strong></span> <span class='ocrx_word' id='word_1_640' title='bbox 1682 4597 1934 4666; x_wconf 90' lang='lat' dir='ltr'><strong><em>credunt,</em></strong></span> 
     </span>
    </p>
   </div>
   <div class='ocr_carea' id='block_1_76' title="bbox 2023 3386 3626 3459">
    <p class='ocr_par' dir='ltr' id='par_1_76' title="bbox 2023 3386 3626 3459">
     <span class='ocr_line' id='line_1_76' title="bbox 2023 3386 3626 3459; baseline -0.002 -15"><span class='ocrx_word' id='word_1_641' title='bbox 2023 3388 2299 3459; x_wconf 90' lang='lat' dir='ltr'><strong><em>congruit,</em></strong></span> <span class='ocrx_word' id='word_1_642' title='bbox 2332 3387 2544 3455; x_wconf 89' lang='lat' dir='ltr'><strong><em>dicens,</em></strong></span> <span class='ocrx_word' id='word_1_643' title='bbox 2574 3387 2641 3441; x_wconf 83' lang='lat' dir='ltr'><strong><em>In</em></strong></span> <span class='ocrx_word' id='word_1_644' title='bbox 2670 3387 2874 3443; x_wconf 85' lang='lat' dir='ltr'><strong><em>Christo</em></strong></span> <span class='ocrx_word' id='word_1_645' title='bbox 2898 3386 3047 3454; x_wconf 73' lang='lat' dir='ltr'><strong><em>Iesu,</em></strong></span> <span class='ocrx_word' id='word_1_646' title='bbox 3086 3404 3248 3459; x_wconf 82' lang='lat' dir='ltr'><strong><em>neque</em></strong></span> <span class='ocrx_word' id='word_1_647' title='bbox 3280 3386 3626 3454; x_wconf 86' lang='lat' dir='ltr'><strong><em>circumcisio,</em></strong></span> 
     </span>
    </p>
   </div>
   <div class='ocr_carea' id='block_1_77' title="bbox 2026 3478 3629 3552">
    <p class='ocr_par' dir='ltr' id='par_1_77' title="bbox 2026 3478 3629 3552">
     <span class='ocr_line' id='line_1_77' title="bbox 2026 3478 3629 3552; baseline -0.002 -17"><span class='ocrx_word' id='word_1_648' title='bbox 2026 3498 2187 3552; x_wconf 80' lang='lat' dir='ltr'><strong><em>neque</em></strong></span> <span class='ocrx_word' id='word_1_649' title='bbox 2206 3481 2522 3552; x_wconf 65' lang='lat' dir='ltr'><strong><em>pra&#39;putinm</em></strong></span> <span class='ocrx_word' id='word_1_650' title='bbox 2549 3479 2683 3535; x_wconf 85' lang='lat' dir='ltr'><strong><em>valet</em></strong></span> <span class='ocrx_word' id='word_1_651' title='bbox 2710 3481 2933 3551; x_wconf 89' lang='lat' dir='ltr'><strong><em>aliquid,</em></strong></span> <span class='ocrx_word' id='word_1_652' title='bbox 2956 3480 3046 3535; x_wconf 90' lang='lat' dir='ltr'><strong><em>sed</em></strong></span> <span class='ocrx_word' id='word_1_653' title='bbox 3067 3480 3198 3549; x_wconf 87' lang='lat' dir='ltr'><strong><em>ﬁdes</em></strong></span> <span class='ocrx_word' id='word_1_654' title='bbox 3220 3496 3334 3550; x_wconf 73' lang='lat' dir='ltr'><strong><em>qua:</em></strong></span> <span class='ocrx_word' id='word_1_655' title='bbox 3358 3495 3449 3551; x_wconf 86' lang='lat' dir='ltr'><strong><em>per</em></strong></span> <span class='ocrx_word' id='word_1_656' title='bbox 3468 3478 3629 3533; x_wconf 86' lang='lat' dir='ltr'><strong><em>dilec-</em></strong></span> 
     </span>
    </p>
   </div>
   <div class='ocr_carea' id='block_1_78' title="bbox 2027 3569 3630 3645">
    <p class='ocr_par' dir='ltr' id='par_1_78' title="bbox 2027 3569 3630 3645">
     <span class='ocr_line' id='line_1_78' title="bbox 2027 3569 3630 3645; baseline -0.001 -18"><span class='ocrx_word' id='word_1_657' title='bbox 2027 3576 2220 3628; x_wconf 86' lang='lat' dir='ltr'><strong><em>tionem</em></strong></span> <span class='ocrx_word' id='word_1_658' title='bbox 2247 3583 2490 3645; x_wconf 79' lang='lat' dir='ltr'><strong><em>Operalttr</em></strong></span> <span class='ocrx_word' id='word_1_659' title='bbox 2521 3571 2718 3641; x_wconf 82' lang='lat' dir='ltr'><strong><em>(Galat.</em></strong></span> <span class='ocrx_word' id='word_1_660' title='bbox 2740 3588 2794 3639; x_wconf 91' lang='lat' dir='ltr'><strong><em>v,</em></strong></span> <span class='ocrx_word' id='word_1_661' title='bbox 2820 3572 2897 3639; x_wconf 87' lang='lat'><strong><em>6).</em></strong></span> <span class='ocrx_word' id='word_1_662' title='bbox 2931 3571 3087 3627; x_wconf 86' lang='lat' dir='ltr'><strong><em>Unde</em></strong></span> <span class='ocrx_word' id='word_1_663' title='bbox 3106 3572 3338 3627; x_wconf 77' lang='lat' dir='ltr'><strong><em>trahetur</em></strong></span> <span class='ocrx_word' id='word_1_664' title='bbox 3359 3570 3475 3625; x_wconf 75' lang='lat' dir='ltr'><strong><em>haec</em></strong></span> <span class='ocrx_word' id='word_1_665' title='bbox 3494 3569 3630 3625; x_wconf 85' lang='lat' dir='ltr'><strong><em>ﬁdes</em></strong></span> 
     </span>
    </p>
   </div>
   <div class='ocr_carea' id='block_1_79' title="bbox 2028 3666 3631 3735">
    <p class='ocr_par' dir='ltr' id='par_1_79' title="bbox 2028 3666 3631 3735">
     <span class='ocr_line' id='line_1_79' title="bbox 2028 3666 3631 3735; baseline -0.002 -12"><span class='ocrx_word' id='word_1_666' title='bbox 2028 3682 2273 3723; x_wconf 84' lang='lat' dir='ltr'><strong><em>connexa</em></strong></span> <span class='ocrx_word' id='word_1_667' title='bbox 2301 3666 2572 3732; x_wconf 87' lang='lat' dir='ltr'><strong><em>charitati,</em></strong></span> <span class='ocrx_word' id='word_1_668' title='bbox 2617 3667 2719 3720; x_wconf 90' lang='lat' dir='ltr'><strong><em>nisi</em></strong></span> <span class='ocrx_word' id='word_1_669' title='bbox 2752 3666 2895 3721; x_wconf 91' lang='lat' dir='ltr'><strong><em>unde</em></strong></span> <span class='ocrx_word' id='word_1_670' title='bbox 2922 3682 3041 3720; x_wconf 86' lang='lat' dir='ltr'><strong><em>eam</em></strong></span> <span class='ocrx_word' id='word_1_671' title='bbox 3084 3666 3202 3735; x_wconf 86' lang='lat' dir='ltr'><strong><em>ipse</em></strong></span> <span class='ocrx_word' id='word_1_672' title='bbox 3245 3672 3513 3719; x_wconf 86' lang='lat' dir='ltr'><strong><em>monstrat</em></strong></span> <span class='ocrx_word' id='word_1_673' title='bbox 3541 3678 3631 3719; x_wconf 87' lang='lat' dir='ltr'><strong><em>ac-</em></strong></span> 
     </span>
    </p>
   </div>
   <div class='ocr_carea' id='block_1_80' title="bbox 2030 3756 3627 3833">
    <p class='ocr_par' dir='ltr' id='par_1_80' title="bbox 2030 3756 3627 3833">
     <span class='ocr_line' id='line_1_80' title="bbox 2030 3756 3627 3833; baseline -0.004 -16"><span class='ocrx_word' id='word_1_674' title='bbox 2030 3771 2266 3833; x_wconf 88' lang='lat' dir='ltr'><strong><em>ceptam,</em></strong></span> <span class='ocrx_word' id='word_1_675' title='bbox 2298 3761 2506 3826; x_wconf 88' lang='lat' dir='ltr'><strong><em>dicens,</em></strong></span> <span class='ocrx_word' id='word_1_676' title='bbox 2540 3759 2678 3825; x_wconf 83' lang='lat' dir='ltr'><strong><em>Quia</em></strong></span> <span class='ocrx_word' id='word_1_677' title='bbox 2722 3760 2860 3813; x_wconf 89' lang='lat' dir='ltr'><strong><em>vobis</em></strong></span> <span class='ocrx_word' id='word_1_678' title='bbox 2890 3759 3140 3812; x_wconf 87' lang='lat' dir='ltr'><strong><em>donatum</em></strong></span> <span class='ocrx_word' id='word_1_679' title='bbox 3171 3766 3245 3813; x_wconf 90' lang='lat' dir='ltr'><strong><em>est</em></strong></span> <span class='ocrx_word' id='word_1_680' title='bbox 3269 3773 3367 3828; x_wconf 89' lang='lat' dir='ltr'><strong><em>pro</em></strong></span> <span class='ocrx_word' id='word_1_681' title='bbox 3402 3756 3627 3821; x_wconf 80' lang='lat' dir='ltr'><strong><em>Christo,</em></strong></span> 
     </span>
    </p>
   </div>
   <div class='ocr_carea' id='block_1_81' title="bbox 2031 3852 3631 3922">
    <p class='ocr_par' dir='ltr' id='par_1_81' title="bbox 2031 3852 3631 3922">
     <span class='ocr_line' id='line_1_81' title="bbox 2031 3852 3631 3922; baseline -0.003 -12"><span class='ocrx_word' id='word_1_682' title='bbox 2031 3873 2136 3910; x_wconf 88' lang='lat' dir='ltr'><strong><em>non</em></strong></span> <span class='ocrx_word' id='word_1_683' title='bbox 2171 3854 2341 3909; x_wconf 90' lang='lat' dir='ltr'><strong><em>solum</em></strong></span> <span class='ocrx_word' id='word_1_684' title='bbox 2381 3866 2437 3909; x_wconf 91' lang='lat' dir='ltr'><strong><em>ut</em></strong></span> <span class='ocrx_word' id='word_1_685' title='bbox 2468 3857 2519 3906; x_wconf 89' lang='lat' dir='ltr'><strong><em>in</em></strong></span> <span class='ocrx_word' id='word_1_686' title='bbox 2549 3870 2663 3907; x_wconf 87' lang='lat' dir='ltr'><strong><em>eum</em></strong></span> <span class='ocrx_word' id='word_1_687' title='bbox 2704 3854 2947 3918; x_wconf 85' lang='lat' dir='ltr'><strong><em>credatis,</em></strong></span> <span class='ocrx_word' id='word_1_688' title='bbox 2987 3854 3077 3907; x_wconf 87' lang='lat' dir='ltr'><strong><em>sed</em></strong></span> <span class='ocrx_word' id='word_1_689' title='bbox 3108 3853 3262 3906; x_wconf 90' lang='lat' dir='ltr'><strong><em>etiam</em></strong></span> <span class='ocrx_word' id='word_1_690' title='bbox 3303 3861 3359 3906; x_wconf 92' lang='lat' dir='ltr'><strong><em>ut</em></strong></span> <span class='ocrx_word' id='word_1_691' title='bbox 3386 3867 3480 3922; x_wconf 89' lang='lat' dir='ltr'><strong><em>pro</em></strong></span> <span class='ocrx_word' id='word_1_692' title='bbox 3514 3852 3631 3922; x_wconf 89' lang='lat' dir='ltr'><strong><em>ipso</em></strong></span> 
     </span>
    </p>
   </div>
   <div class='ocr_carea' id='block_1_82' title="bbox 2032 3942 3631 4019">
    <p class='ocr_par' dir='ltr' id='par_1_82' title="bbox 2032 3942 3631 4019">
     <span class='ocr_line' id='line_1_82' title="bbox 2032 3942 3631 4019; baseline -0.003 -18"><span class='ocrx_word' id='word_1_693' title='bbox 2032 3946 2306 4019; x_wconf 86' lang='lat' dir='ltr'><strong><em>patiamini</em></strong></span> <span class='ocrx_word' id='word_1_694' title='bbox 2332 3945 2558 4017; x_wconf 84' lang='lat' dir='ltr'><strong><em>(Philip.</em></strong></span> <span class='ocrx_word' id='word_1_695' title='bbox 2580 3961 2618 4011; x_wconf 88' lang='grc' dir='ltr'><strong><em>ι,</em></strong></span> <span class='ocrx_word' id='word_1_696' title='bbox 2643 3946 2756 4016; x_wconf 68' lang='grc'><strong>29).</strong></span> <span class='ocrx_word' id='word_1_697' title='bbox 2782 3945 2933 4012; x_wconf 85' lang='lat' dir='ltr'><strong><em>Quod</em></strong></span> <span class='ocrx_word' id='word_1_698' title='bbox 2959 3946 3144 4013; x_wconf 80' lang='lat' dir='ltr'><strong><em>utique</em></strong></span> <span class='ocrx_word' id='word_1_699' title='bbox 3164 3943 3280 4009; x_wconf 78' lang='lat' dir='ltr'><strong><em>ﬁeri</em></strong></span> <span class='ocrx_word' id='word_1_700' title='bbox 3296 3942 3414 3997; x_wconf 90' lang='lat' dir='ltr'><strong><em>sine</em></strong></span> <span class='ocrx_word' id='word_1_701' title='bbox 3435 3955 3631 4012; x_wconf 86' lang='lat' dir='ltr'><strong><em>magna</em></strong></span> 
     </span>
    </p>
   </div>
   <div class='ocr_carea' id='block_1_83' title="bbox 2034 4034 3632 4110">
    <p class='ocr_par' dir='ltr' id='par_1_83' title="bbox 2034 4034 3632 4110">
     <span class='ocr_line' id='line_1_83' title="bbox 2034 4034 3632 4110; baseline -0.004 -15"><span class='ocrx_word' id='word_1_702' title='bbox 2034 4041 2301 4095; x_wconf 88' lang='lat' dir='ltr'><strong><em>charitate</em></strong></span> <span class='ocrx_word' id='word_1_703' title='bbox 2329 4054 2435 4094; x_wconf 91' lang='lat' dir='ltr'><strong><em>non</em></strong></span> <span class='ocrx_word' id='word_1_704' title='bbox 2464 4048 2699 4110; x_wconf 90' lang='lat' dir='ltr'><strong><em>poterat.</em></strong></span> <span class='ocrx_word' id='word_1_705' title='bbox 2727 4039 2791 4093; x_wconf 82' lang='lat' dir='ltr'><strong><em>Et</em></strong></span> <span class='ocrx_word' id='word_1_706' title='bbox 2816 4038 3035 4105; x_wconf 88' lang='lat' dir='ltr'><strong><em>iterum,</em></strong></span> <span class='ocrx_word' id='word_1_707' title='bbox 3061 4037 3299 4091; x_wconf 87' lang='lat' dir='ltr'><strong><em>Charitas</em></strong></span> <span class='ocrx_word' id='word_1_708' title='bbox 3319 4034 3416 4089; x_wconf 88' lang='lat' dir='ltr'><strong><em>Dei</em></strong></span> <span class='ocrx_word' id='word_1_709' title='bbox 3437 4034 3632 4103; x_wconf 69' lang='lat' dir='ltr'><strong><em>diﬁ&#39;usa</em></strong></span> 
     </span>
    </p>
   </div>
   <div class='ocr_carea' id='block_1_84' title="bbox 2036 4128 3633 4201">
    <p class='ocr_par' dir='ltr' id='par_1_84' title="bbox 2036 4128 3633 4201">
     <span class='ocr_line' id='line_1_84' title="bbox 2036 4128 3633 4201; baseline -0.002 -15"><span class='ocrx_word' id='word_1_710' title='bbox 2036 4145 2111 4189; x_wconf 87' lang='lat' dir='ltr'><strong><em>est</em></strong></span> <span class='ocrx_word' id='word_1_711' title='bbox 2132 4134 2186 4185; x_wconf 91' lang='lat' dir='ltr'><strong><em>in</em></strong></span> <span class='ocrx_word' id='word_1_712' title='bbox 2213 4132 2453 4186; x_wconf 88' lang='lat' dir='ltr'><strong><em>cordibus</em></strong></span> <span class='ocrx_word' id='word_1_713' title='bbox 2482 4132 2694 4196; x_wconf 88' lang='lat' dir='ltr'><strong><em>nostris,</em></strong></span> <span class='ocrx_word' id='word_1_714' title='bbox 2723 4147 2810 4200; x_wconf 86' lang='lat' dir='ltr'><strong><em>per</em></strong></span> <span class='ocrx_word' id='word_1_715' title='bbox 2833 4130 3088 4201; x_wconf 84' lang='lat' dir='ltr'><strong><em>Spiritum</em></strong></span> <span class='ocrx_word' id='word_1_716' title='bbox 3115 4140 3348 4185; x_wconf 87' lang='lat' dir='ltr'><strong><em>sanctum</em></strong></span> <span class='ocrx_word' id='word_1_717' title='bbox 3369 4128 3457 4199; x_wconf 90' lang='lat' dir='ltr'><strong><em>qui</em></strong></span> <span class='ocrx_word' id='word_1_718' title='bbox 3482 4129 3633 4183; x_wconf 88' lang='lat' dir='ltr'><strong><em>datus</em></strong></span> 
     </span>
    </p>
   </div>
   <div class='ocr_carea' id='block_1_85' title="bbox 2038 4222 3636 4297">
    <p class='ocr_par' dir='ltr' id='par_1_85' title="bbox 2038 4222 3636 4297">
     <span class='ocr_line' id='line_1_85' title="bbox 2038 4222 3636 4297; baseline 0.001 -17"><span class='ocrx_word' id='word_1_719' title='bbox 2038 4235 2113 4281; x_wconf 85' lang='lat' dir='ltr'><strong><em>est</em></strong></span> <span class='ocrx_word' id='word_1_720' title='bbox 2146 4226 2293 4280; x_wconf 85' lang='lat' dir='ltr'><strong><em>nobis</em></strong></span> <span class='ocrx_word' id='word_1_721' title='bbox 2325 4225 2503 4297; x_wconf 79' lang='lat' dir='ltr'><strong><em>(Rom.</em></strong></span> <span class='ocrx_word' id='word_1_722' title='bbox 2540 4240 2591 4289; x_wconf 89' lang='lat' dir='ltr'><strong><em>v,</em></strong></span> <span class='ocrx_word' id='word_1_723' title='bbox 2623 4224 2701 4296; x_wconf 83' lang='lat'><strong><em>5).</em></strong></span> <span class='ocrx_word' id='word_1_724' title='bbox 2745 4224 2876 4280; x_wconf 87' lang='lat' dir='ltr'><strong><em>Sine</em></strong></span> <span class='ocrx_word' id='word_1_725' title='bbox 2915 4240 3017 4294; x_wconf 90' lang='lat' dir='ltr'><strong><em>qua</em></strong></span> <span class='ocrx_word' id='word_1_726' title='bbox 3048 4223 3315 4279; x_wconf 87' lang='lat' dir='ltr'><strong><em>charitate</em></strong></span> <span class='ocrx_word' id='word_1_727' title='bbox 3345 4222 3636 4292; x_wconf 57' lang='lat' dir='ltr'><strong><em>Apostolus</em></strong></span> 
     </span>
    </p>
   </div>
   <div class='ocr_carea' id='block_1_86' title="bbox 2038 4316 3637 4389">
    <p class='ocr_par' dir='ltr' id='par_1_86' title="bbox 2038 4316 3637 4389">
     <span class='ocr_line' id='line_1_86' title="bbox 2038 4316 3637 4389; baseline -0.001 -17"><span class='ocrx_word' id='word_1_728' title='bbox 2038 4327 2298 4387; x_wconf 90' lang='lat' dir='ltr'><strong><em>quantam</em></strong></span> <span class='ocrx_word' id='word_1_729' title='bbox 2347 4316 2509 4373; x_wconf 89' lang='lat' dir='ltr'><strong><em>ﬁdem</em></strong></span> <span class='ocrx_word' id='word_1_730' title='bbox 2561 4327 2926 4389; x_wconf 88' lang='lat' dir='ltr'><strong><em>quantamque</em></strong></span> <span class='ocrx_word' id='word_1_731' title='bbox 2975 4318 3291 4383; x_wconf 86' lang='lat' dir='ltr'><strong><em>scientiam,</em></strong></span> <span class='ocrx_word' id='word_1_732' title='bbox 3340 4332 3475 4387; x_wconf 89' lang='lat' dir='ltr'><strong><em>quas</em></strong></span> <span class='ocrx_word' id='word_1_733' title='bbox 3525 4317 3637 4371; x_wconf 68' lang='lat' dir='ltr'><strong><em>viro</em></strong></span> 
     </span>
    </p>
   </div>
   <div class='ocr_carea' id='block_1_87' title="bbox 2042 4410 3636 4484">
    <p class='ocr_par' dir='ltr' id='par_1_87' title="bbox 2042 4410 3636 4484">
     <span class='ocr_line' id='line_1_87' title="bbox 2042 4410 3636 4484; baseline 0 -19"><span class='ocrx_word' id='word_1_734' title='bbox 2042 4420 2204 4477; x_wconf 85' lang='lat' dir='ltr'><strong><em>tutes,</em></strong></span> <span class='ocrx_word' id='word_1_735' title='bbox 2241 4428 2362 4482; x_wconf 82' lang='lat' dir='ltr'><strong><em>qua:</em></strong></span> <span class='ocrx_word' id='word_1_736' title='bbox 2392 4411 2592 4475; x_wconf 87' lang='lat' dir='ltr'><strong><em>studia.</em></strong></span> <span class='ocrx_word' id='word_1_737' title='bbox 2625 4428 2760 4481; x_wconf 86' lang='lat' dir='ltr'><strong><em>quos</em></strong></span> <span class='ocrx_word' id='word_1_738' title='bbox 2792 4413 3026 4479; x_wconf 85' lang='lat' dir='ltr'><strong><em>labores,</em></strong></span> <span class='ocrx_word' id='word_1_739' title='bbox 3057 4413 3166 4484; x_wconf 80' lang='lat'><strong><em>93</em></strong></span> <span class='ocrx_word' id='word_1_740' title='bbox 3206 4411 3341 4467; x_wconf 87' lang='lat' dir='ltr'><strong><em>nihil</em></strong></span> <span class='ocrx_word' id='word_1_741' title='bbox 3374 4410 3636 4481; x_wconf 82' lang='lat' dir='ltr'><strong><em>prodesse</em></strong></span> 
     </span>
    </p>
   </div>
   <div class='ocr_carea' id='block_1_88' title="bbox 2040 4503 3635 4575">
    <p class='ocr_par' dir='ltr' id='par_1_88' title="bbox 2040 4503 3635 4575">
     <span class='ocr_line' id='line_1_88' title="bbox 2040 4503 3635 4575; baseline 0 -17"><span class='ocrx_word' id='word_1_742' title='bbox 2040 4513 2277 4561; x_wconf 83' lang='lat' dir='ltr'><strong><em>testatur</em></strong></span> <span class='ocrx_word' id='word_1_743' title='bbox 2316 4505 2359 4575; x_wconf 89' lang='grc' dir='ltr'><strong>(Ι</strong></span> <span class='ocrx_word' id='word_1_744' title='bbox 2390 4503 2513 4560; x_wconf 88' lang='lat' dir='ltr'><strong><em>Cor.</em></strong></span> <span class='ocrx_word' id='word_1_745' title='bbox 2556 4503 2681 4574; x_wconf 75' lang='lat'><strong><em>15)?</em></strong></span> <span class='ocrx_word' id='word_1_746' title='bbox 2720 4504 2851 4573; x_wconf 83' lang='lat' dir='ltr'><strong><em>Quia</em></strong></span> <span class='ocrx_word' id='word_1_747' title='bbox 2882 4506 3092 4560; x_wconf 89' lang='lat' dir='ltr'><strong><em>scilicet</em></strong></span> <span class='ocrx_word' id='word_1_748' title='bbox 3133 4505 3299 4560; x_wconf 88' lang='lat' dir='ltr'><strong><em>multa</em></strong></span> <span class='ocrx_word' id='word_1_749' title='bbox 3341 4503 3635 4559; x_wconf 88' lang='lat' dir='ltr'><strong><em>laudabilia</em></strong></span> 
     </span>
    </p>
   </div>
   <div class='ocr_carea' id='block_1_89' title="bbox 2042 4596 3637 4667">
    <p class='ocr_par' dir='ltr' id='par_1_89' title="bbox 2042 4596 3637 4667">
     <span class='ocr_line' id='line_1_89' title="bbox 2042 4596 3637 4667; baseline 0 -16"><span class='ocrx_word' id='word_1_750' title='bbox 2042 4608 2129 4667; x_wconf 88' lang='lat' dir='ltr'><strong><em>atq</em></strong></span> <span class='ocrx_word' id='word_1_751' title='bbox 2141 4613 2206 4652; x_wconf 91' lang='lat' dir='ltr'><strong><em>ue</em></strong></span> <span class='ocrx_word' id='word_1_752' title='bbox 2232 4598 2477 4651; x_wconf 90' lang='lat' dir='ltr'><strong><em>miranda</em></strong></span> <span class='ocrx_word' id='word_1_753' title='bbox 2502 4607 2729 4667; x_wconf 86' lang='lat' dir='ltr'><strong><em>possunt</em></strong></span> <span class='ocrx_word' id='word_1_754' title='bbox 2765 4600 2819 4651; x_wconf 91' lang='lat' dir='ltr'><strong><em>in</em></strong></span> <span class='ocrx_word' id='word_1_755' title='bbox 2848 4597 3067 4654; x_wconf 88' lang='lat' dir='ltr'><strong><em>homine</em></strong></span> <span class='ocrx_word' id='word_1_756' title='bbox 3096 4598 3345 4667; x_wconf 89' lang='lat' dir='ltr'><strong><em>reperiri,</em></strong></span> <span class='ocrx_word' id='word_1_757' title='bbox 3371 4611 3493 4667; x_wconf 71' lang='lat' dir='ltr'><strong><em>qua:</em></strong></span> <span class='ocrx_word' id='word_1_758' title='bbox 3518 4596 3637 4651; x_wconf 81' lang='lat' dir='ltr'><strong><em>sine</em></strong></span> 
     </span>
    </p>
   </div>
   <div class='ocr_carea' id='block_1_90' title="bbox 341 4682 3639 4760">
    <p class='ocr_par' dir='ltr' id='par_1_90' title="bbox 341 4682 3639 4760">
     <span class='ocr_line' id='line_1_90' title="bbox 341 4682 3639 4760; baseline 0.002 -23"><span class='ocrx_word' id='word_1_759' title='bbox 341 4682 509 4739; x_wconf 86' lang='lat' dir='ltr'><strong><em>libero</em></strong></span> <span class='ocrx_word' id='word_1_760' title='bbox 548 4692 874 4739; x_wconf 90' lang='lat' dir='ltr'><strong><em>avertuntur</em></strong></span> <span class='ocrx_word' id='word_1_761' title='bbox 911 4686 1157 4741; x_wconf 88' lang='lat' dir='ltr'><strong><em>arbitrio.</em></strong></span> <span class='ocrx_word' id='word_1_762' title='bbox 1207 4687 1506 4743; x_wconf 85' lang='lat' dir='ltr'><strong><em>Conversio</em></strong></span> <span class='ocrx_word' id='word_1_763' title='bbox 1562 4704 1691 4757; x_wconf 80' lang='lat' dir='ltr'><strong><em>ergo</em></strong></span> <span class='ocrx_word' id='word_1_764' title='bbox 1747 4700 1935 4746; x_wconf 88' lang='lat' dir='ltr'><strong><em>nostra</em></strong></span> <span class='ocrx_word' id='word_1_765' title='bbox 1960 4682 2017 4744; x_wconf 87' lang='lat' dir='ltr'><strong><em>D</em></strong></span> <span class='ocrx_word' id='word_1_766' title='bbox 2041 4689 2319 4744; x_wconf 83' lang='lat' dir='ltr'><strong><em>charitatis</em></strong></span> <span class='ocrx_word' id='word_1_767' title='bbox 2360 4690 2612 4744; x_wconf 87' lang='lat' dir='ltr'><strong><em>medullis</em></strong></span> <span class='ocrx_word' id='word_1_768' title='bbox 2661 4690 2860 4745; x_wconf 89' lang='lat' dir='ltr'><strong><em>habent</em></strong></span> <span class='ocrx_word' id='word_1_769' title='bbox 2895 4690 3114 4760; x_wconf 91' lang='lat' dir='ltr'><strong><em>quidem</em></strong></span> <span class='ocrx_word' id='word_1_770' title='bbox 3149 4688 3362 4759; x_wconf 85' lang='lat' dir='ltr'><strong><em>pietatis</em></strong></span> <span class='ocrx_word' id='word_1_771' title='bbox 3387 4688 3639 4744; x_wconf 85' lang='lat' dir='ltr'><strong><em>similitu-</em></strong></span> 
     </span>
    </p>
   </div>
   <div class='ocr_carea' id='block_1_91' title="bbox 341 4775 1939 4852">
    <p class='ocr_par' dir='ltr' id='par_1_91' title="bbox 341 4775 1939 4852">
     <span class='ocr_line' id='line_1_91' title="bbox 341 4775 1939 4852; baseline 0.007 -24"><span class='ocrx_word' id='word_1_772' title='bbox 341 4775 409 4828; x_wconf 89' lang='lat' dir='ltr'><strong><em>ad</em></strong></span> <span class='ocrx_word' id='word_1_773' title='bbox 438 4776 607 4831; x_wconf 89' lang='lat' dir='ltr'><strong><em>Deum</em></strong></span> <span class='ocrx_word' id='word_1_774' title='bbox 644 4791 750 4832; x_wconf 92' lang='lat' dir='ltr'><strong><em>non</em></strong></span> <span class='ocrx_word' id='word_1_775' title='bbox 782 4791 846 4830; x_wconf 81' lang='lat' dir='ltr'><strong><em>ex</em></strong></span> <span class='ocrx_word' id='word_1_776' title='bbox 875 4778 1047 4845; x_wconf 87' lang='lat' dir='ltr'><strong><em>nobis,</em></strong></span> <span class='ocrx_word' id='word_1_777' title='bbox 1076 4778 1171 4835; x_wconf 89' lang='lat' dir='ltr'><strong><em>sed</em></strong></span> <span class='ocrx_word' id='word_1_778' title='bbox 1204 4794 1274 4834; x_wconf 81' lang='lat' dir='ltr'><strong><em>ex</em></strong></span> <span class='ocrx_word' id='word_1_779' title='bbox 1310 4780 1419 4834; x_wconf 88' lang='lat' dir='ltr'><strong><em>Deo</em></strong></span> <span class='ocrx_word' id='word_1_780' title='bbox 1448 4791 1531 4836; x_wconf 87' lang='lat' dir='ltr'><strong><em>est</em></strong></span> <span class='ocrx_word' id='word_1_781' title='bbox 1573 4799 1585 4835; x_wconf 91' lang='lat'>:</span> <span class='ocrx_word' id='word_1_782' title='bbox 1619 4783 1760 4838; x_wconf 90' lang='lat' dir='ltr'><strong><em>sicut</em></strong></span> <span class='ocrx_word' id='word_1_783' title='bbox 1791 4784 1939 4852; x_wconf 85' lang='lat' dir='ltr'><strong><em>Apo-</em></strong></span> 
     </span>
    </p>
   </div>
   <div class='ocr_carea' id='block_1_92' title="bbox 343 4866 1939 4941">
    <p class='ocr_par' dir='ltr' id='par_1_92' title="bbox 343 4866 1939 4941">
     <span class='ocr_line' id='line_1_92' title="bbox 343 4866 1939 4941; baseline 0.006 -20"><span class='ocrx_word' id='word_1_784' title='bbox 343 4866 511 4921; x_wconf 83' lang='lat' dir='ltr'><strong><em>stolus</em></strong></span> <span class='ocrx_word' id='word_1_785' title='bbox 539 4868 695 4935; x_wconf 90' lang='lat' dir='ltr'><strong><em>dicit,</em></strong></span> <span class='ocrx_word' id='word_1_786' title='bbox 727 4866 909 4921; x_wconf 86' lang='lat' dir='ltr'><strong><em>Gratia</em></strong></span> <span class='ocrx_word' id='word_1_787' title='bbox 934 4869 1063 4922; x_wconf 87' lang='lat' dir='ltr'><strong><em>salvi</em></strong></span> <span class='ocrx_word' id='word_1_788' title='bbox 1099 4872 1229 4941; x_wconf 77' lang='lat' dir='ltr'><strong><em>[acti</em></strong></span> <span class='ocrx_word' id='word_1_789' title='bbox 1258 4873 1378 4925; x_wconf 88' lang='lat' dir='ltr'><strong><em>estis</em></strong></span> <span class='ocrx_word' id='word_1_790' title='bbox 1409 4888 1501 4941; x_wconf 86' lang='lat' dir='ltr'><strong><em>per</em></strong></span> <span class='ocrx_word' id='word_1_791' title='bbox 1535 4872 1710 4940; x_wconf 88' lang='lat' dir='ltr'><strong><em>ﬁdem,</em></strong></span> <span class='ocrx_word' id='word_1_792' title='bbox 1754 4887 1801 4928; x_wconf 91' lang='lat' dir='ltr'><strong><em>et</em></strong></span> <span class='ocrx_word' id='word_1_793' title='bbox 1844 4877 1939 4930; x_wconf 89' lang='lat' dir='ltr'><strong><em>hoc</em></strong></span> 
     </span>
    </p>
   </div>
   <div class='ocr_carea' id='block_1_93' title="bbox 345 4960 1936 5039">
    <p class='ocr_par' dir='ltr' id='par_1_93' title="bbox 345 4960 1936 5039">
     <span class='ocr_line' id='line_1_93' title="bbox 345 4960 1936 5039; baseline 0.008 -28"><span class='ocrx_word' id='word_1_794' title='bbox 345 4974 446 5012; x_wconf 85' lang='lat' dir='ltr'><strong><em>non</em></strong></span> <span class='ocrx_word' id='word_1_795' title='bbox 473 4976 537 5013; x_wconf 84' lang='lat' dir='ltr'><strong><em>ex</em></strong></span> <span class='ocrx_word' id='word_1_796' title='bbox 558 4960 723 5027; x_wconf 85' lang='lat' dir='ltr'><strong><em>vobis,</em></strong></span> <span class='ocrx_word' id='word_1_797' title='bbox 754 4961 844 5013; x_wconf 91' lang='lat' dir='ltr'><strong><em>sed</em></strong></span> <span class='ocrx_word' id='word_1_798' title='bbox 864 4961 959 5015; x_wconf 91' lang='lat' dir='ltr'><strong><em>Dei</em></strong></span> <span class='ocrx_word' id='word_1_799' title='bbox 979 4960 1176 5015; x_wconf 90' lang='lat' dir='ltr'><strong><em>donum</em></strong></span> <span class='ocrx_word' id='word_1_800' title='bbox 1196 4972 1307 5029; x_wconf 86' lang='lat' dir='ltr'><strong><em>est;</em></strong></span> <span class='ocrx_word' id='word_1_801' title='bbox 1342 4973 1365 5001; x_wconf 83' lang='lat'><strong><em>°</em></strong></span> <span class='ocrx_word' id='word_1_802' title='bbox 1388 4975 1437 5018; x_wconf 86' lang='lat' dir='ltr'><strong><em>et</em></strong></span> <span class='ocrx_word' id='word_1_803' title='bbox 1460 4982 1561 5019; x_wconf 85' lang='lat' dir='ltr'><strong><em>non</em></strong></span> <span class='ocrx_word' id='word_1_804' title='bbox 1590 4982 1653 5020; x_wconf 90' lang='lat' dir='ltr'><strong><em>ex</em></strong></span> <span class='ocrx_word' id='word_1_805' title='bbox 1674 4966 1936 5039; x_wconf 88' lang='lat' dir='ltr'><strong><em>operibus,</em></strong></span> 
     </span>
    </p>
   </div>
   <div class='ocr_carea' id='block_1_94' title="bbox 346 5054 1267 5126">
    <p class='ocr_par' dir='ltr' id='par_1_94' title="bbox 346 5054 1267 5126">
     <span class='ocr_line' id='line_1_94' title="bbox 346 5054 1267 5126; baseline 0.007 -21"><span class='ocrx_word' id='word_1_806' title='bbox 346 5068 409 5106; x_wconf 89' lang='lat' dir='ltr'><strong><em>ne</em></strong></span> <span class='ocrx_word' id='word_1_807' title='bbox 429 5055 542 5121; x_wconf 85' lang='lat' dir='ltr'><strong><em>quis</em></strong></span> <span class='ocrx_word' id='word_1_808' title='bbox 572 5054 826 5125; x_wconf 86' lang='lat' dir='ltr'><strong><em>glorietur</em></strong></span> <span class='ocrx_word' id='word_1_809' title='bbox 854 5054 1073 5126; x_wconf 84' lang='lat' dir='ltr'><strong><em>(Ephes.</em></strong></span> <span class='ocrx_word' id='word_1_810' title='bbox 1102 5072 1161 5122; x_wconf 86' lang='lat' dir='ltr'><strong><em>tt,</em></strong></span> <span class='ocrx_word' id='word_1_811' title='bbox 1185 5056 1267 5126; x_wconf 92' lang='lat'><strong><em>8).</em></strong></span> 
     </span>
    </p>
   </div>
   <div class='ocr_carea' id='block_1_95' title="bbox 417 5145 1940 5219">
    <p class='ocr_par' dir='ltr' id='par_1_95' title="bbox 417 5145 1940 5219">
     <span class='ocr_line' id='line_1_95' title="bbox 417 5145 1940 5219; baseline 0.004 -18"><span class='ocrx_word' id='word_1_812' title='bbox 417 5145 542 5201; x_wconf 71' lang='grc' dir='ltr'><strong><em>ΕΑῬ.</em></strong></span> <span class='ocrx_word' id='word_1_813' title='bbox 577 5145 691 5201; x_wconf 85' lang='lat' dir='ltr'><strong><em>VII.</em></strong></span> <span class='ocrx_word' id='word_1_814' title='bbox 719 5174 793 5189; x_wconf 92' lang='lat'><strong><em>—-</em></strong></span> <span class='ocrx_word' id='word_1_815' title='bbox 827 5147 879 5201; x_wconf 91' lang='lat'><strong><em>8.</em></strong></span> <span class='ocrx_word' id='word_1_816' title='bbox 922 5150 1193 5218; x_wconf 82' lang='lat' dir='ltr'><strong><em>Agnoscat</em></strong></span> <span class='ocrx_word' id='word_1_817' title='bbox 1219 5163 1280 5204; x_wconf 87' lang='lat' dir='ltr'><strong><em>se</em></strong></span> <span class='ocrx_word' id='word_1_818' title='bbox 1306 5147 1543 5203; x_wconf 87' lang='lat' dir='ltr'><strong><em>humana</em></strong></span> <span class='ocrx_word' id='word_1_819' title='bbox 1568 5148 1843 5219; x_wconf 87' lang='lat' dir='ltr'><strong><em>debilitas,</em></strong></span> <span class='ocrx_word' id='word_1_820' title='bbox 1884 5162 1940 5209; x_wconf 89' lang='lat' dir='ltr'><strong><em>ct</em></strong></span> 
     </span>
    </p>
   </div>
   <div class='ocr_carea' id='block_1_96' title="bbox 423 5330 1939 5403">
    <p class='ocr_par' dir='ltr' id='par_1_96' title="bbox 423 5330 1939 5403">
     <span class='ocr_line' id='line_1_96' title="bbox 423 5330 1939 5403; baseline 0.003 -19"><span class='ocrx_word' id='word_1_821' title='bbox 423 5331 719 5403; x_wconf 37' lang='lat' dir='ltr'><strong><em>{Duacaet</em></strong></span> <span class='ocrx_word' id='word_1_822' title='bbox 738 5330 957 5396; x_wconf 87' lang='lat' dir='ltr'><strong><em>Colon.,</em></strong></span> <span class='ocrx_word' id='word_1_823' title='bbox 977 5334 1253 5403; x_wconf 81' lang='lat' dir='ltr'><strong><em>generavit.</em></strong></span> <span class='ocrx_word' id='word_1_824' title='bbox 1283 5332 1419 5387; x_wconf 87' lang='lat' dir='ltr'><strong><em>Tum</em></strong></span> <span class='ocrx_word' id='word_1_825' title='bbox 1449 5332 1616 5387; x_wconf 91' lang='lat' dir='ltr'><strong><em>Duac.</em></strong></span> <span class='ocrx_word' id='word_1_826' title='bbox 1644 5342 1699 5387; x_wconf 91' lang='lat' dir='ltr'><strong><em>et</em></strong></span> <span class='ocrx_word' id='word_1_827' title='bbox 1718 5330 1939 5403; x_wconf 89' lang='lat' dir='ltr'><strong><em>Colon.,</em></strong></span> 
     </span>
    </p>
   </div>
   <div class='ocr_carea' id='block_1_97' title="bbox 344 5397 1939 5485">
    <p class='ocr_par' dir='ltr' id='par_1_97' title="bbox 344 5397 1939 5485">
     <span class='ocr_line' id='line_1_97' title="bbox 344 5397 1939 5485; baseline 0.003 -28"><span class='ocrx_word' id='word_1_828' title='bbox 344 5397 591 5485; x_wconf 50' lang='lat' dir='ltr'><strong><em>“ﬁcere.</em></strong></span> <span class='ocrx_word' id='word_1_829' title='bbox 640 5402 808 5485; x_wconf 76' lang='lat' dir='ltr'><strong><em>Ven.,_</em></strong></span> <span class='ocrx_word' id='word_1_830' title='bbox 852 5397 1045 5458; x_wconf 74' lang='grc' dir='ltr'><strong><em>τηουέγὶ</em></strong></span> <span class='ocrx_word' id='word_1_831' title='bbox 1092 5403 1367 5458; x_wconf 84' lang='lat' dir='ltr'><strong><em>hominem.</em></strong></span> <span class='ocrx_word' id='word_1_832' title='bbox 1420 5404 1559 5460; x_wconf 66' lang='lat' dir='ltr'><strong><em>Aliae</em></strong></span> <span class='ocrx_word' id='word_1_833' title='bbox 1607 5418 1728 5459; x_wconf 89' lang='lat' dir='ltr'><strong><em>cum</em></strong></span> <span class='ocrx_word' id='word_1_834' title='bbox 1782 5397 1939 5473; x_wconf 65' lang='lat' dir='ltr'><strong><em>mss.,</em></strong></span> 
     </span>
    </p>
   </div>
   <div class='ocr_carea' id='block_1_98' title="bbox 344 5485 828 5529">
    <p class='ocr_par' dir='ltr' id='par_1_98' title="bbox 344 5485 828 5529">
     <span class='ocr_line' id='line_1_98' title="bbox 344 5485 828 5529; baseline -0.004 0"><span class='ocrx_word' id='word_1_835' title='bbox 344 5485 589 5529; x_wconf 67' lang='lat' dir='ltr'><strong><em>alliceret</em></strong></span> <span class='ocrx_word' id='word_1_836' title='bbox 607 5490 828 5528; x_wconf 86' lang='lat' dir='ltr'><strong><em>ntonert.</em></strong></span> 
     </span>
    </p>
   </div>
   <div class='ocr_carea' id='block_1_99' title="bbox 488 5544 1450 5615">
    <p class='ocr_par' dir='ltr' id='par_1_99' title="bbox 488 5544 1450 5615">
     <span class='ocr_line' id='line_1_99' title="bbox 488 5544 1450 5615; baseline 0.004 -16"><span class='ocrx_word' id='word_1_837' title='bbox 488 5544 589 5599; x_wconf 75' lang='lat' dir='ltr'><strong><em>Ms.</em></strong></span> <span class='ocrx_word' id='word_1_838' title='bbox 609 5545 744 5611; x_wconf 82' lang='lat' dir='ltr'><strong><em>Jol.,</em></strong></span> <span class='ocrx_word' id='word_1_839' title='bbox 778 5547 1105 5615; x_wconf 87' lang='lat' dir='ltr'><strong><em>omnigenum</em></strong></span> <span class='ocrx_word' id='word_1_840' title='bbox 1126 5548 1450 5604; x_wconf 87' lang='lat' dir='ltr'><strong><em>animalium.</em></strong></span> 
     </span>
    </p>
   </div>
   <div class='ocr_carea' id='block_1_100' title="bbox 431 5615 1707 5689">
    <p class='ocr_par' dir='ltr' id='par_1_100' title="bbox 431 5615 1707 5689">
     <span class='ocr_line' id='line_1_100' title="bbox 431 5615 1707 5689; baseline 0.005 -19"><span class='ocrx_word' id='word_1_841' title='bbox 431 5626 453 5689; x_wconf 64' lang='grc' dir='ltr'><strong>ξ</strong></span> <span class='ocrx_word' id='word_1_842' title='bbox 491 5615 563 5689; x_wconf 68' lang='lat' dir='ltr'><strong><em>[ta</em></strong></span> <span class='ocrx_word' id='word_1_843' title='bbox 599 5619 742 5689; x_wconf 83' lang='lat' dir='ltr'><strong><em>Edit.</em></strong></span> <span class='ocrx_word' id='word_1_844' title='bbox 777 5615 915 5689; x_wconf 62' lang='lat' dir='ltr'><strong><em>Ven.</em></strong></span> <span class='ocrx_word' id='word_1_845' title='bbox 946 5616 1159 5689; x_wconf 71' lang='lat' dir='ltr'><strong><em>Reliqui</em></strong></span> <span class='ocrx_word' id='word_1_846' title='bbox 1190 5619 1425 5686; x_wconf 89' lang='lat' dir='ltr'><strong><em>codices,</em></strong></span> <span class='ocrx_word' id='word_1_847' title='bbox 1457 5618 1594 5689; x_wconf 81' lang='lat' dir='ltr'><strong><em>facta</em></strong></span> <span class='ocrx_word' id='word_1_848' title='bbox 1620 5621 1707 5677; x_wconf 90' lang='lat' dir='ltr'><strong><em>sit.</em></strong></span> 
     </span>
    </p>
   </div>
   <div class='ocr_carea' id='block_1_101' title="bbox 426 5683 1489 5760">
    <p class='ocr_par' dir='ltr' id='par_1_101' title="bbox 426 5683 1489 5760">
     <span class='ocr_line' id='line_1_101' title="bbox 426 5683 1489 5760; baseline 0.005 -22"><span class='ocrx_word' id='word_1_849' title='bbox 426 5683 457 5724; x_wconf 67' lang='grc' dir='ltr'><em>δ</em></span> <span class='ocrx_word' id='word_1_850' title='bbox 494 5686 668 5760; x_wconf 66' lang='grc' dir='ltr'><strong>ξίιίιίο</strong></span> <span class='ocrx_word' id='word_1_851' title='bbox 696 5688 754 5744; x_wconf 90' lang='lat' dir='ltr'><strong><em>S.</em></strong></span> <span class='ocrx_word' id='word_1_852' title='bbox 788 5683 1099 5760; x_wconf 66' lang='lat' dir='ltr'><strong><em>Augustini,</em></strong></span> <span class='ocrx_word' id='word_1_853' title='bbox 1120 5686 1218 5743; x_wconf 82' lang='lat' dir='ltr'><strong><em>Dei</em></strong></span> <span class='ocrx_word' id='word_1_854' title='bbox 1246 5683 1489 5760; x_wconf 73' lang='lat' dir='ltr'><strong><em>gratiam.</em></strong></span> 
     </span>
    </p>
   </div>
   <div class='ocr_carea' id='block_1_102' title="bbox 431 5758 1592 5831">
    <p class='ocr_par' dir='ltr' id='par_1_102' title="bbox 431 5758 1592 5831">
     <span class='ocr_line' id='line_1_102' title="bbox 431 5758 1592 5831; baseline 0.003 -19"><span class='ocrx_word' id='word_1_855' title='bbox 431 5767 455 5831; x_wconf 64' lang='grc' dir='ltr'>τ</span> <span class='ocrx_word' id='word_1_856' title='bbox 492 5758 670 5831; x_wconf 81' lang='lat' dir='ltr'><strong><em>_Editio</em></strong></span> <span class='ocrx_word' id='word_1_857' title='bbox 700 5760 758 5831; x_wconf 81' lang='lat' dir='ltr'><strong><em>S.</em></strong></span> <span class='ocrx_word' id='word_1_858' title='bbox 787 5758 922 5821; x_wconf 68' lang='lat' dir='ltr'><strong><em>Aug.</em></strong></span> <span class='ocrx_word' id='word_1_859' title='bbox 948 5761 1152 5813; x_wconf 86' lang='lat' dir='ltr'><strong><em>omittit</em></strong></span> <span class='ocrx_word' id='word_1_860' title='bbox 1180 5758 1498 5831; x_wconf 77' lang='lat' dir='ltr'><strong><em>particulam</em></strong></span> <span class='ocrx_word' id='word_1_861' title='bbox 1528 5772 1592 5817; x_wconf 89' lang='lat' dir='ltr'><strong><em>et.</em></strong></span> 
     </span>
    </p>
   </div>
   <div class='ocr_carea' id='block_1_103' title="bbox 430 5826 1383 5906">
    <p class='ocr_par' dir='ltr' id='par_1_103' title="bbox 430 5826 1383 5906">
     <span class='ocr_line' id='line_1_103' title="bbox 430 5826 1383 5906; baseline 0.005 -24"><span class='ocrx_word' id='word_1_862' title='bbox 430 5826 453 5866; x_wconf 69' lang='grc' dir='ltr'><em>τ</em></span> <span class='ocrx_word' id='word_1_863' title='bbox 491 5828 545 5906; x_wconf 66' lang='lat' dir='ltr'><strong><em>in</em></strong></span> <span class='ocrx_word' id='word_1_864' title='bbox 572 5830 1023 5906; x_wconf 31' lang='lat' dir='ltr'><strong><em>mssi‘lemigia‘no</em></strong></span> <span class='ocrx_word' id='word_1_865' title='bbox 1048 5826 1205 5906; x_wconf 68' lang='lat' dir='ltr'><strong><em>deest</em></strong></span> <span class='ocrx_word' id='word_1_866' title='bbox 1218 5836 1383 5906; x_wconf 86' lang='lat' dir='ltr'><strong><em>juste.</em></strong></span> 
     </span>
    </p>
   </div>
   <div class='ocr_carea' id='block_1_104' title="bbox 433 5899 1359 5987">
    <p class='ocr_par' dir='ltr' id='par_1_104' title="bbox 433 5899 1359 5987">
     <span class='ocr_line' id='line_1_104' title="bbox 433 5899 1359 5987; baseline 0.005 -30"><span class='ocrx_word' id='word_1_867' title='bbox 433 5907 459 5957; x_wconf 67' lang='grc' dir='ltr'><strong><em>ι</em></strong></span> <span class='ocrx_word' id='word_1_868' title='bbox 494 5899 590 5964; x_wconf 65' lang='lat' dir='ltr'><strong><em>iis.</em></strong></span> <span class='ocrx_word' id='word_1_869' title='bbox 618 5901 748 5972; x_wconf 69' lang='lat' dir='ltr'><strong><em>Joh,</em></strong></span> <span class='ocrx_word' id='word_1_870' title='bbox 782 5911 839 5963; x_wconf 88' lang='lat' dir='ltr'><strong><em>ut</em></strong></span> <span class='ocrx_word' id='word_1_871' title='bbox 858 5899 1053 5967; x_wconf 58' lang='lat' dir='ltr'><strong><em>scilicet</em></strong></span> <span class='ocrx_word' id='word_1_872' title='bbox 1081 5899 1359 5987; x_wconf 75' lang='lat' dir='ltr'><strong><em>intelligas.</em></strong></span> 
     </span>
    </p>
   </div>
   <div class='ocr_carea' id='block_1_105' title="bbox 2042 4778 3072 4846">
    <p class='ocr_par' dir='ltr' id='par_1_105' title="bbox 2042 4778 3072 4846">
     <span class='ocr_line' id='line_1_105' title="bbox 2042 4778 3072 4846; baseline 0.002 -13"><span class='ocrx_word' id='word_1_873' title='bbox 2042 4778 2248 4846; x_wconf 87' lang='lat' dir='ltr'><strong><em>dinetn,</em></strong></span> <span class='ocrx_word' id='word_1_874' title='bbox 2279 4779 2372 4834; x_wconf 89' lang='lat' dir='ltr'><strong><em>sed</em></strong></span> <span class='ocrx_word' id='word_1_875' title='bbox 2407 4795 2511 4834; x_wconf 89' lang='lat' dir='ltr'><strong><em>non</em></strong></span> <span class='ocrx_word' id='word_1_876' title='bbox 2542 4780 2742 4839; x_wconf 87' lang='lat' dir='ltr'><strong><em>habent</em></strong></span> <span class='ocrx_word' id='word_1_877' title='bbox 2766 4782 3072 4837; x_wconf 86' lang='lat' dir='ltr'><strong><em>veritatem.</em></strong></span> 
     </span>
    </p>
   </div>
   <div class='ocr_carea' id='block_1_106' title="bbox 2116 4873 3663 4946">
    <p class='ocr_par' dir='ltr' id='par_1_106' title="bbox 2116 4873 3663 4946">
     <span class='ocr_line' id='line_1_106' title="bbox 2116 4873 3663 4946; baseline -0.003 -17"><span class='ocrx_word' id='word_1_878' title='bbox 2116 4874 2243 4929; x_wconf 79' lang='lat' dir='ltr'><strong><em>CAP.</em></strong></span> <span class='ocrx_word' id='word_1_879' title='bbox 2282 4874 2542 4930; x_wconf 81' lang='lat' dir='ltr'><strong><em>lX.—l0.</em></strong></span> <span class='ocrx_word' id='word_1_880' title='bbox 2591 4875 2704 4931; x_wconf 83' lang='lat' dir='ltr'><strong><em>Hoc</em></strong></span> <span class='ocrx_word' id='word_1_881' title='bbox 2750 4892 2881 4946; x_wconf 88' lang='lat' dir='ltr'><strong><em>ergo</em></strong></span> <span class='ocrx_word' id='word_1_882' title='bbox 2922 4885 3071 4932; x_wconf 91' lang='lat' dir='ltr'><strong><em>tanto</em></strong></span> <span class='ocrx_word' id='word_1_883' title='bbox 3099 4885 3157 4932; x_wconf 92' lang='lat' dir='ltr'><strong><em>et</em></strong></span> <span class='ocrx_word' id='word_1_884' title='bbox 3207 4886 3316 4931; x_wconf 90' lang='lat' dir='ltr'><strong><em>tam</em></strong></span> <span class='ocrx_word' id='word_1_885' title='bbox 3374 4873 3663 4930; x_wconf 71' lang='lat' dir='ltr'><strong><em>ineﬁabilii</em></strong></span> 
     </span>
    </p>
   </div>
   <div class='ocr_carea' id='block_1_107' title="bbox 2044 4966 3641 5039">
    <p class='ocr_par' dir='ltr' id='par_1_107' title="bbox 2044 4966 3641 5039">
     <span class='ocr_line' id='line_1_107' title="bbox 2044 4966 3641 5039; baseline -0.003 -16"><span class='ocrx_word' id='word_1_886' title='bbox 2044 4969 2213 5035; x_wconf 88' lang='lat' dir='ltr'><strong><em>bono,</em></strong></span> <span class='ocrx_word' id='word_1_887' title='bbox 2242 4983 2401 5023; x_wconf 91' lang='lat' dir='ltr'><strong><em>nemo</em></strong></span> <span class='ocrx_word' id='word_1_888' title='bbox 2433 4969 2685 5023; x_wconf 86' lang='lat' dir='ltr'><strong><em>inventus</em></strong></span> <span class='ocrx_word' id='word_1_889' title='bbox 2732 4977 2816 5023; x_wconf 88' lang='lat' dir='ltr'><strong><em>est</em></strong></span> <span class='ocrx_word' id='word_1_890' title='bbox 2860 4968 3076 5039; x_wconf 90' lang='lat' dir='ltr'><strong><em>dignus,</em></strong></span> <span class='ocrx_word' id='word_1_891' title='bbox 3110 4966 3134 5005; x_wconf 71' lang='grc' dir='ltr'><strong><em>ιε</em></strong></span> <span class='ocrx_word' id='word_1_892' title='bbox 3187 4966 3283 5022; x_wconf 88' lang='lat' dir='ltr'><strong><em>sed</em></strong></span> <span class='ocrx_word' id='word_1_893' title='bbox 3314 4968 3641 5037; x_wconf 85' lang='lat' dir='ltr'><strong><em>quicumque</em></strong></span> 
     </span>
    </p>
   </div>
   <div class='ocr_carea' id='block_1_108' title="bbox 2046 5058 3643 5131">
    <p class='ocr_par' dir='ltr' id='par_1_108' title="bbox 2046 5058 3643 5131">
     <span class='ocr_line' id='line_1_108' title="bbox 2046 5058 3643 5131; baseline -0.001 -15"><span class='ocrx_word' id='word_1_894' title='bbox 2046 5063 2258 5117; x_wconf 89' lang='lat' dir='ltr'><strong><em>electus</em></strong></span> <span class='ocrx_word' id='word_1_895' title='bbox 2302 5072 2387 5117; x_wconf 84' lang='lat' dir='ltr'><strong><em>eSt</em></strong></span> <span class='ocrx_word' id='word_1_896' title='bbox 2426 5076 2459 5116; x_wconf 90' lang='lat' dir='ltr'><strong><em>a</em></strong></span> <span class='ocrx_word' id='word_1_897' title='bbox 2514 5061 2649 5127; x_wconf 92' lang='lat' dir='ltr'><strong><em>Deo,</em></strong></span> <span class='ocrx_word' id='word_1_898' title='bbox 2696 5061 2870 5117; x_wconf 78' lang='lat' dir='ltr'><strong><em>lactus</em></strong></span> <span class='ocrx_word' id='word_1_899' title='bbox 2917 5069 3001 5116; x_wconf 91' lang='lat' dir='ltr'><strong><em>est</em></strong></span> <span class='ocrx_word' id='word_1_900' title='bbox 3050 5061 3282 5131; x_wconf 86' lang='lat' dir='ltr'><strong><em>dignus:</em></strong></span> <span class='ocrx_word' id='word_1_901' title='bbox 3323 5060 3463 5114; x_wconf 89' lang='lat' dir='ltr'><strong><em>sicut</em></strong></span> <span class='ocrx_word' id='word_1_902' title='bbox 3508 5058 3643 5114; x_wconf 91' lang='lat' dir='ltr'><strong><em>dicit</em></strong></span> 
     </span>
    </p>
   </div>
   <div class='ocr_carea' id='block_1_109' title="bbox 2046 5150 3640 5228">
    <p class='ocr_par' dir='ltr' id='par_1_109' title="bbox 2046 5150 3640 5228">
     <span class='ocr_line' id='line_1_109' title="bbox 2046 5150 3640 5228; baseline -0.004 -16"><span class='ocrx_word' id='word_1_903' title='bbox 2046 5156 2340 5226; x_wconf 81' lang='lat' dir='ltr'><strong><em>Apostolus</em></strong></span> <span class='ocrx_word' id='word_1_904' title='bbox 2367 5154 2589 5228; x_wconf 89' lang='lat' dir='ltr'><strong><em>(Coloss.</em></strong></span> <span class='ocrx_word' id='word_1_905' title='bbox 2621 5170 2660 5222; x_wconf 87' lang='grc' dir='ltr'><strong><em>ι,</em></strong></span> <span class='ocrx_word' id='word_1_906' title='bbox 2701 5153 2782 5226; x_wconf 76' lang='grc'><strong><em>5),</em></strong></span> <span class='ocrx_word' id='word_1_907' title='bbox 2840 5152 3051 5209; x_wconf 83' lang='lat' dir='ltr'><strong><em>Gratias</em></strong></span> <span class='ocrx_word' id='word_1_908' title='bbox 3094 5163 3297 5225; x_wconf 88' lang='lat' dir='ltr'><strong><em>agentes</em></strong></span> <span class='ocrx_word' id='word_1_909' title='bbox 3327 5150 3498 5219; x_wconf 88' lang='lat' dir='ltr'><strong><em>Patri,</em></strong></span> <span class='ocrx_word' id='word_1_910' title='bbox 3550 5153 3640 5222; x_wconf 88' lang='lat' dir='ltr'><strong><em>qui</em></strong></span> 
     </span>
    </p>
   </div>
   <div class='ocr_carea' id='block_1_110' title="bbox 2118 5336 3641 5404">
    <p class='ocr_par' dir='ltr' id='par_1_110' title="bbox 2118 5336 3641 5404">
     <span class='ocr_line' id='line_1_110' title="bbox 2118 5336 3641 5404; baseline 0.001 -11"><span class='ocrx_word' id='word_1_911' title='bbox 2118 5336 2147 5374; x_wconf 73' lang='grc'><strong><em>³³</em></strong></span> <span class='ocrx_word' id='word_1_912' title='bbox 2186 5337 2352 5404; x_wconf 87' lang='lat' dir='ltr'><strong><em>Editi,</em></strong></span> <span class='ocrx_word' id='word_1_913' title='bbox 2380 5340 2705 5393; x_wconf 88' lang='lat' dir='ltr'><strong><em>introductus</em></strong></span> <span class='ocrx_word' id='word_1_914' title='bbox 2744 5340 2813 5393; x_wconf 92' lang='lat' dir='ltr'><strong><em>ad</em></strong></span> <span class='ocrx_word' id='word_1_915' title='bbox 2850 5340 3175 5393; x_wconf 84' lang='lat' dir='ltr'><strong><em>dilectionem</em></strong></span> <span class='ocrx_word' id='word_1_916' title='bbox 3203 5340 3257 5392; x_wconf 84' lang='lat' dir='ltr'><strong><em>in</em></strong></span> <span class='ocrx_word' id='word_1_917' title='bbox 3286 5338 3475 5395; x_wconf 87' lang='lat' dir='ltr'><strong><em>Deum.</em></strong></span> <span class='ocrx_word' id='word_1_918' title='bbox 3511 5340 3641 5397; x_wconf 79' lang='lat' dir='ltr'><strong><em>Mss.</em></strong></span> 
     </span>
    </p>
   </div>
   <div class='ocr_carea' id='block_1_111' title="bbox 2045 5407 3640 5481">
    <p class='ocr_par' dir='ltr' id='par_1_111' title="bbox 2045 5407 3640 5481">
     <span class='ocr_line' id='line_1_111' title="bbox 2045 5407 3640 5481; baseline 0.003 -18"><span class='ocrx_word' id='word_1_919' title='bbox 2045 5409 2258 5481; x_wconf 80' lang='lat' dir='ltr'><strong><em>Remig.</em></strong></span> <span class='ocrx_word' id='word_1_920' title='bbox 2274 5420 2328 5465; x_wconf 87' lang='lat' dir='ltr'><strong><em>et</em></strong></span> <span class='ocrx_word' id='word_1_921' title='bbox 2350 5410 2485 5473; x_wconf 84' lang='lat' dir='ltr'><strong><em>Jol.,</em></strong></span> <span class='ocrx_word' id='word_1_922' title='bbox 2508 5411 2862 5476; x_wconf 85' lang='lat' dir='ltr'><strong><em>introductus;</em></strong></span> <span class='ocrx_word' id='word_1_923' title='bbox 2878 5427 2938 5463; x_wconf 89' lang='lat' dir='ltr'><strong><em>ac</em></strong></span> <span class='ocrx_word' id='word_1_924' title='bbox 2958 5411 3230 5464; x_wconf 86' lang='lat' dir='ltr'><strong><em>dilectione</em></strong></span> <span class='ocrx_word' id='word_1_925' title='bbox 3249 5411 3303 5463; x_wconf 89' lang='lat' dir='ltr'><strong><em>in</em></strong></span> <span class='ocrx_word' id='word_1_926' title='bbox 3328 5407 3516 5481; x_wconf 88' lang='lat' dir='ltr'><strong><em>Deum,</em></strong></span> <span class='ocrx_word' id='word_1_927' title='bbox 3532 5422 3640 5468; x_wconf 90' lang='lat' dir='ltr'><strong><em>etc.</em></strong></span> 
     </span>
    </p>
   </div>
   <div class='ocr_carea' id='block_1_112' title="bbox 2125 5480 3642 5554">
    <p class='ocr_par' dir='ltr' id='par_1_112' title="bbox 2125 5480 3642 5554">
     <span class='ocr_line' id='line_1_112' title="bbox 2125 5480 3642 5554; baseline 0 -16"><span class='ocrx_word' id='word_1_928' title='bbox 2125 5480 2141 5554; x_wconf 52' lang='grc' dir='ltr'>ἦ</span> <span class='ocrx_word' id='word_1_929' title='bbox 2183 5481 2298 5539; x_wconf 90' lang='lat' dir='ltr'><strong><em>Sic.</em></strong></span> <span class='ocrx_word' id='word_1_930' title='bbox 2325 5495 2456 5535; x_wconf 91' lang='lat' dir='ltr'><strong><em>mss.</em></strong></span> <span class='ocrx_word' id='word_1_931' title='bbox 2482 5481 2695 5551; x_wconf 76' lang='lat' dir='ltr'><strong><em>Remig.</em></strong></span> <span class='ocrx_word' id='word_1_932' title='bbox 2733 5493 2785 5554; x_wconf 88' lang='lat' dir='ltr'><strong><em>et</em></strong></span> <span class='ocrx_word' id='word_1_933' title='bbox 2807 5481 2911 5534; x_wconf 83' lang='lat' dir='ltr'><strong><em>Jol.</em></strong></span> <span class='ocrx_word' id='word_1_934' title='bbox 2943 5495 3063 5534; x_wconf 87' lang='lat' dir='ltr'><strong><em>cum</em></strong></span> <span class='ocrx_word' id='word_1_935' title='bbox 3088 5496 3223 5535; x_wconf 85' lang='lat' dir='ltr'><strong><em>nova</em></strong></span> <span class='ocrx_word' id='word_1_936' title='bbox 3252 5484 3383 5537; x_wconf 87' lang='lat' dir='ltr'><strong><em>edit.</em></strong></span> <span class='ocrx_word' id='word_1_937' title='bbox 3412 5480 3642 5554; x_wconf 81' lang='lat' dir='ltr'><strong><em>August.</em></strong></span> 
     </span>
    </p>
   </div>
   <div class='ocr_carea' id='block_1_113' title="bbox 2046 5551 2990 5621">
    <p class='ocr_par' dir='ltr' id='par_1_113' title="bbox 2046 5551 2990 5621">
     <span class='ocr_line' id='line_1_113' title="bbox 2046 5551 2990 5621; baseline -0.002 -15"><span class='ocrx_word' id='word_1_938' title='bbox 2046 5551 2187 5607; x_wconf 84' lang='lat' dir='ltr'><strong><em>Editi</em></strong></span> <span class='ocrx_word' id='word_1_939' title='bbox 2221 5554 2393 5607; x_wconf 87' lang='lat' dir='ltr'><strong><em>nostri</em></strong></span> <span class='ocrx_word' id='word_1_940' title='bbox 2420 5569 2635 5619; x_wconf 89' lang='lat' dir='ltr'><strong><em>omnes,</em></strong></span> <span class='ocrx_word' id='word_1_941' title='bbox 2671 5553 2874 5621; x_wconf 86' lang='lat' dir='ltr'><strong><em>agnitus</em></strong></span> <span class='ocrx_word' id='word_1_942' title='bbox 2896 5560 2990 5604; x_wconf 88' lang='lat' dir='ltr'><strong><em>est.</em></strong></span> 
     </span>
    </p>
   </div>
   <div class='ocr_carea' id='block_1_114' title="bbox 2124 5620 3642 5695">
    <p class='ocr_par' dir='ltr' id='par_1_114' title="bbox 2124 5620 3642 5695">
     <span class='ocr_line' id='line_1_114' title="bbox 2124 5620 3642 5695; baseline 0.003 -22"><span class='ocrx_word' id='word_1_943' title='bbox 2124 5624 2138 5673; x_wconf 75' lang='grc' dir='ltr'><strong><em>ι</em></strong></span> <span class='ocrx_word' id='word_1_944' title='bbox 2188 5623 2288 5677; x_wconf 79' lang='lat' dir='ltr'><strong><em>Ms.</em></strong></span> <span class='ocrx_word' id='word_1_945' title='bbox 2318 5624 2455 5689; x_wconf 80' lang='lat' dir='ltr'><strong><em>Jol.,</em></strong></span> <span class='ocrx_word' id='word_1_946' title='bbox 2497 5625 2605 5695; x_wconf 83' lang='lat' dir='ltr'><strong><em>ipse</em></strong></span> <span class='ocrx_word' id='word_1_947' title='bbox 2644 5620 2785 5690; x_wconf 79' lang='lat' dir='ltr'><strong><em>prior</em></strong></span> <span class='ocrx_word' id='word_1_948' title='bbox 2812 5620 2994 5675; x_wconf 70' lang='lat' dir='ltr'><strong><em>dilexit</em></strong></span> <span class='ocrx_word' id='word_1_949' title='bbox 3028 5638 3154 5690; x_wconf 87' lang='lat' dir='ltr'><strong><em>nos;</em></strong></span> <span class='ocrx_word' id='word_1_950' title='bbox 3198 5633 3252 5679; x_wconf 89' lang='lat' dir='ltr'><strong><em>et</em></strong></span> <span class='ocrx_word' id='word_1_951' title='bbox 3294 5632 3418 5695; x_wconf 84' lang='lat' dir='ltr'><strong><em>post</em></strong></span> <span class='ocrx_word' id='word_1_952' title='bbox 3455 5637 3642 5694; x_wconf 89' lang='lat' dir='ltr'><strong><em>pauca,</em></strong></span> 
     </span>
    </p>
   </div>
   <div class='ocr_carea' id='block_1_115' title="bbox 2049 5694 2705 5766">
    <p class='ocr_par' dir='ltr' id='par_1_115' title="bbox 2049 5694 2705 5766">
     <span class='ocr_line' id='line_1_115' title="bbox 2049 5694 2705 5766; baseline 0 -20"><span class='ocrx_word' id='word_1_953' title='bbox 2049 5695 2191 5766; x_wconf 84' lang='lat' dir='ltr'><strong><em>prior</em></strong></span> <span class='ocrx_word' id='word_1_954' title='bbox 2211 5695 2393 5749; x_wconf 73' lang='lat' dir='ltr'><strong><em>dilexit</em></strong></span> <span class='ocrx_word' id='word_1_955' title='bbox 2421 5712 2514 5749; x_wconf 86' lang='lat' dir='ltr'><strong><em>nos</em></strong></span> <span class='ocrx_word' id='word_1_956' title='bbox 2545 5694 2705 5747; x_wconf 86' lang='lat' dir='ltr'><strong><em>Deus.</em></strong></span> 
     </span>
    </p>
   </div>
   <div class='ocr_carea' id='block_1_116' title="bbox 2128 5762 3644 5837">
    <p class='ocr_par' dir='ltr' id='par_1_116' title="bbox 2128 5762 3644 5837">
     <span class='ocr_line' id='line_1_116' title="bbox 2128 5762 3644 5837; baseline 0 -18"><span class='ocrx_word' id='word_1_957' title='bbox 2128 5763 2153 5801; x_wconf 76' lang='grc' dir='ltr'><strong><em>¹ί</em></strong></span> <span class='ocrx_word' id='word_1_958' title='bbox 2181 5767 2311 5820; x_wconf 70' lang='grc' dir='ltr'><strong><em>ΙΙωο</em></strong></span> <span class='ocrx_word' id='word_1_959' title='bbox 2336 5766 2521 5829; x_wconf 86' lang='lat' dir='ltr'><strong><em>verba,</em></strong></span> <span class='ocrx_word' id='word_1_960' title='bbox 2561 5766 2649 5837; x_wconf 83' lang='lat' dir='ltr'><strong><em>sed</em></strong></span> <span class='ocrx_word' id='word_1_961' title='bbox 2673 5764 2977 5834; x_wconf 86' lang='lat' dir='ltr'><strong><em>quicumque</em></strong></span> <span class='ocrx_word' id='word_1_962' title='bbox 3004 5766 3189 5820; x_wconf 84' lang='lat' dir='ltr'><strong><em>electus</em></strong></span> <span class='ocrx_word' id='word_1_963' title='bbox 3215 5775 3289 5821; x_wconf 86' lang='lat' dir='ltr'><strong><em>est</em></strong></span> <span class='ocrx_word' id='word_1_964' title='bbox 3311 5782 3345 5819; x_wconf 88' lang='lat' dir='ltr'><strong><em>a</em></strong></span> <span class='ocrx_word' id='word_1_965' title='bbox 3372 5762 3503 5837; x_wconf 86' lang='lat' dir='ltr'><strong><em>Deo,</em></strong></span> <span class='ocrx_word' id='word_1_966' title='bbox 3536 5765 3644 5837; x_wconf 73' lang='lat' dir='ltr'><strong><em>{os-</em></strong></span> 
     </span>
    </p>
   </div>
   <div class='ocr_carea' id='block_1_117' title="bbox 2054 5835 3249 5915">
    <p class='ocr_par' dir='ltr' id='par_1_117' title="bbox 2054 5835 3249 5915">
     <span class='ocr_line' id='line_1_117' title="bbox 2054 5835 3249 5915; baseline 0.003 -24"><span class='ocrx_word' id='word_1_967' title='bbox 2054 5845 2133 5899; x_wconf 83' lang='lat' dir='ltr'><strong><em>tus</em></strong></span> <span class='ocrx_word' id='word_1_968' title='bbox 2157 5847 2231 5897; x_wconf 81' lang='lat' dir='ltr'><strong><em>est</em></strong></span> <span class='ocrx_word' id='word_1_969' title='bbox 2262 5838 2471 5915; x_wconf 83' lang='lat' dir='ltr'><strong><em>dignus,</em></strong></span> <span class='ocrx_word' id='word_1_970' title='bbox 2504 5850 2611 5894; x_wconf 89' lang='lat' dir='ltr'><strong><em>non</em></strong></span> <span class='ocrx_word' id='word_1_971' title='bbox 2636 5835 2888 5911; x_wconf 82' lang='lat' dir='ltr'><strong><em>leguntur</em></strong></span> <span class='ocrx_word' id='word_1_972' title='bbox 2909 5838 2965 5898; x_wconf 86' lang='lat' dir='ltr'><strong><em>in</em></strong></span> <span class='ocrx_word' id='word_1_973' title='bbox 2991 5852 3096 5895; x_wconf 88' lang='lat' dir='ltr'><strong><em>ms.</em></strong></span> <span class='ocrx_word' id='word_1_974' title='bbox 3144 5837 3249 5898; x_wconf 81' lang='lat' dir='ltr'><strong><em>Jol.</em></strong></span> 
     </span>
    </p>
   </div>
  </div>
