4080 6354
523 401 592 462 87
1256 400 1263 407 ’
1748 398 1807 454 S.
1851 395 2189 455 PROSPERI
2228 395 2556 465 AQUITANI
3730 400 3802 459 αθ

522 512 645 575 hoc
681 516 968 574 consilium
1003 514 1300 571 vocationis
1352 528 1463 568 suae
1515 510 1799 577 Dominus,
1846 510 2106 581 quamdiu
2132 513 2187 571 Α
2212 526 2422 564 sursum
2444 519 2519 563 est
2541 509 2827 579 sapientia,
2852 513 3075 583 primum
3098 511 3302 584 quidem
3322 515 3511 584 pudica
3529 523 3627 581 est,
3651 518 3803 573 dein-

518 612 714 677 voluit,
746 610 1024 667 abscondit
1050 623 1116 663 ac
1151 606 1379 674 distulit,
1409 612 1466 661 et
1491 603 1714 674 quando
1743 603 1934 670 voluit,
1966 611 1991 639 ἰ
2025 618 2110 657 re-

519 704 737 768 velavit,
768 702 1077 772 sanctisque
1105 700 1224 769 ejus
1268 699 1570 769 ignorantia
1601 698 1701 753 ista
1742 712 1849 753 non
1902 697 2105 763 nocuit,

517 811 617 851 cur
645 795 760 865 spei
787 800 985 848 nostra:
1008 792 1201 847 obesse
1224 790 1521 857 credimus,
1568 790 1613 843 si
1646 788 1700 843 in
1741 804 1851 859 quo
1881 802 2106 843 numero

514 889 779 963 quibusve
810 888 1118 945 hominibus
1153 903 1282 943 vasa
1332 887 1725 943 misericordia:
1777 887 1831 941 in
1878 886 2104 957 gloriam

511 994 907 1055 praeparantur,
942 982 1255 1039 occulitur?
1280 997 1402 1037 cum
1432 993 1609 1037 tamen
1631 990 1842 1037 constet
1877 995 2104 1050 regnum

512 1079 779 1133 caelorum
814 1090 1005 1130 omnes
1030 1075 1370 1145 ingressuros
1395 1073 1595 1141 bonos,
1630 1075 1732 1127 hoc
1759 1074 1837 1127 eis
1866 1071 2104 1128 donante

510 1167 609 1225 Dei
640 1169 827 1241 gratia,
862 1180 915 1223 et
945 1169 1121 1225 nullos
1151 1168 1490 1239 ingressuros
1517 1168 1709 1233 malos,
1728 1166 1833 1223 hoc
1863 1168 2101 1238 ipsorum

507 1275 756 1318 merente
778 1260 1043 1333 nequitia.

579 1352 711 1408 Car.
743 1352 909 1407 XVII.
940 1380 1011 1391 --
1041 1352 1131 1407 l8.
1164 1350 1397 1406 Nimium
1429 1365 1561 1405 vero
1588 1350 1803 1419 inepte,
1833 1349 2090 1405 nimium-

510 1462 617 1517 que
644 1446 1050 1502 inconsiderate
1080 1446 1147 1501 ab
1173 1446 1587 1501 adversantibus
1610 1444 1808 1500 dicitur
1828 1443 1972 1515 quod
2001 1459 2099 1513 per

505 1538 653 1595 hanc
679 1540 773 1593 Dei
810 1541 1037 1609 gratiam
1081 1538 1253 1593 libero
1288 1538 1422 1592 nihil
1462 1538 1806 1607 relinquatur
1845 1536 2096 1590 arbitrio.

502 1630 764 1699 Quamvis
786 1631 932 1686 enim
958 1632 1009 1685 in
1039 1630 1281 1700 parvulis
1304 1632 1634 1701 baptismum
1667 1629 2095 1698 transeuntibus,

500 1724 953 1779 manifestissime
984 1725 1191 1778 nullum
1226 1738 1360 1792 opus
1392 1724 1682 1793 nullusque
1704 1722 1978 1793 appetitus
2000 1737 2097 1776 eo-

501 1831 624 1872 rum
656 1818 954 1872 voluntatis
982 1818 1202 1884 existat,
1226 1826 1281 1871 et
1312 1818 1603 1887 plerosque
1636 1824 1848 1870 utentes
1877 1814 2095 1884 quidem

2213 601 2277 655 de
2314 602 2562 672 paciﬁca,
2600 604 2865 675 modesta,
2913 605 3216 671 suadibilis,
3243 605 3268 642 ἀ
3313 608 3465 671 plena
3507 610 3803 664 misericor‘

2211 694 2301 747 dia
2356 703 2402 747 et
2433 695 2686 763 fructibus
2716 695 2884 763 bonis,
2916 706 2940 735 ο
2968 714 3071 752 non
3102 698 3420 769 diiudicans,
3450 702 3559 755 sine
3578 701 3799 756 simula-

2211 788 2348 840 tione
2378 786 2583 858 (Jacob.
2620 805 2678 843 ιιι
2699 831 2715 855 ,
2738 791 2837 857 ll,
2870 791 3024 863 etc.).
3056 792 3390 863 Quicumque
3421 809 3554 864 ergo
3582 794 3667 851 his
3692 797 3803 852 vir-

2209 878 2417 933 tutibus
2438 879 2659 934 student
2680 888 2845 950 atque
2867 882 3156 949 inhaerent,
3178 898 3284 937 non
3307 898 3423 947 sua,
3450 886 3545 940 sed
3568 901 3801 956 superna

2207 970 2475 1040 sapientia
2520 972 2774 1027 illustrati
2820 982 2948 1027 sunt
2978 990 2991 1027 :
3026 973 3289 1041 Quoniam
3317 972 3569 1029 Dominus
3599 977 3691 1029 dat
3716 993 3803 1031 sa.

2206 1065 2478 1135 pientiam,
2501 1076 2551 1120 et
2572 1082 2604 1120 a
2631 1067 2767 1137 facie
2786 1070 2902 1137 eius
2930 1064 2949 1104 ¹
2974 1067 3190 1121 scientia
3216 1076 3265 1122 et
3294 1069 3581 1123 intellectus
3611 1069 3799 1141 (Prov.

2204 1171 2243 1222 ι,
2273 1158 2350 1228 6).
2384 1158 2451 1213 Et
2482 1159 2597 1215 [nec
2627 1174 2817 1215 eorum
2841 1170 2866 1207 κ
2890 1161 3177 1216 verissima
3208 1160 3379 1231 gloria
3404 1172 3510 1228 est,
3539 1162 3585 1217 si
3615 1179 3720 1218 non
3745 1164 3800 1220 in

2203 1264 2286 1317 se,
2314 1250 2410 1306 sed
2444 1252 2497 1306 in
2528 1252 2759 1308 Domino
2787 1253 3107 1323 gloriantur.

2273 1347 2405 1404 Car.
2438 1347 2629 1405 XVIII.
2652 1378 2723 1391 --
2749 1350 2833 1405 19.
2869 1350 2943 1405 Ea
2984 1358 3167 1409 autem
3211 1364 3333 1421 quae
3376 1351 3445 1406 de
3484 1350 3595 1406 lato
3629 1360 3685 1407 et
3729 1352 3800 1409 de

2204 1441 2416 1498 duabus
2447 1444 2643 1498 massis
2673 1444 3000 1513 duabusque
3023 1445 3254 1511 naturis,
3286 1445 3612 1502 stultissimo
3645 1462 3799 1503 men-

2204 1534 2382 1605 dacio,
2428 1532 2458 1573 ιι
2496 1538 2550 1591 in
2603 1538 2737 1592 tanti
2784 1538 2884 1592 viri
2926 1538 3181 1608 injuriam
3225 1538 3578 1609 jactitantur,
3621 1556 3800 1610 neque

2204 1628 2383 1699 ipsum
2414 1630 2632 1700 quidem
2664 1639 2931 1697 onerant,
2957 1630 3011 1685 in
3050 1631 3220 1700 cujus'
3240 1632 3392 1687 libris
3421 1632 3799 1702 copiosissime

2204 1720 2519 1792 huiusmodi
2562 1722 2917 1778 destruuntur
2949 1721 2966 1759 ί
3001 1738 3248 1787 errores;
3286 1738 3387 1778 nec
3434 1738 3535 1778 nos
3574 1734 3796 1794 pertur-

2202 1810 2364 1881 bant,
2396 1815 2486 1885 qui
2515 1816 2650 1870 tales
2679 1817 2969 1887 opiuiones
2994 1830 3117 1871 cum
3149 1816 3264 1871 suis
3294 1816 3611 1873 auctoribus
3634 1833 3797 1873 exse-

501 1911 682 1965 libero
708 1909 955 1975 arbitrio,
983 1910 1077 1964 sed
1106 1924 1330 1964 aversos
1360 1924 1390 1963 a
1423 1924 1552 1963 vero
1578 1909 1713 1977 Deo,
1742 1910 2017 1977 vitamque
2042 1908 2095 1961 in
2127 1909 2177 1971 B
2202 1923 2421 1964 crarnur
2447 1908 2609 1981 (Vide
2639 1911 2774 1982 Aug.
2818 1910 2907 1963 lib.
2945 1925 3015 1978 tr,
3044 1919 3225 1964 contra
3254 1911 3385 1965 duas
3428 1914 3575 1983 epist.
3609 1909 3794 1984 Pelag.

500 2002 718 2074 ﬂagitiis
748 2004 1033 2073 exigentes
1060 2003 1346 2057 liberatrix
1381 2000 1727 2072 regeneratio
1759 2001 1813 2054 in
1845 2000 1963 2070 ipso
1993 2015 2095 2054 ex-

500 2097 721 2153 halandi
752 2097 972 2165 Spiritus
1002 2096 1110 2151 line
1140 2095 1480 2160 sanctilicet,
1517 2104 1699 2149 tamen
1725 2093 1771 2147 si
1800 2108 1919 2147 eam
1958 2092 2097 2146 lilio-

501 2206 623 2246 rurn
653 2190 751 2244 Dei
798 2201 1007 2259 partem
1052 2206 1171 2261 qme
1214 2190 1281 2243 ad
1314 2190 1536 2259 pietatis
1568 2204 1731 2257 Opera
1761 2196 2093 2255 reservatur,

496 2286 596 2355 pio
622 2284 1036 2339 consideremus
1063 2286 1298 2349 intuitu,
1325 2299 1508 2339 nanne
1538 2285 1593 2338 in
1621 2285 1703 2339 eis
1742 2298 1847 2337 non
1884 2298 2099 2352 perem-

496 2386 656 2449 ptum
686 2378 1027 2432 inveniemus
1058 2377 1287 2433 liberum
1323 2378 1605 2432 arbitrium
1631 2420 1646 2445 ,
1680 2375 1777 2431 sed
1805 2375 2095 2429 renatum?

499 2469 657 2539 Quod
688 2472 874 2537 utique
904 2486 1025 2525 cum
1055 2471 1231 2526 solum
1264 2479 1449 2539 esset,
1480 2469 1691 2539 sibique
1733 2468 2060 2539 permissum
2080 2510 2094 2535 ,

496 2577 607 2620 non
635 2565 739 2619 nisi
766 2564 821 2618 in
853 2580 1004 2620 suam
1032 2565 1334 2636 perniciem
1364 2565 1709 2619 movebatur.
1739 2562 1918 2633 ipsum
1947 2562 2093 2617 enim

498 2671 561 2711 se
589 2666 982 2723 excaecaverat,
1006 2668 1061 2712 et
1091 2658 1267 2727 ipsum
1296 2674 1357 2713 se
1386 2658 1693 2712 illuminare
1722 2670 1828 2711 non
1858 2662 2091 2726 poterat.

494 2746 651 2804 Nunc
700 2760 884 2805 autem
931 2750 1072 2805 idem
1118 2749 1403 2806 arbitrium
1449 2763 1774 2804 conversum
1822 2756 1939 2813 est,
1984 2761 2093 2801 non

499 2856 751 2897 eversum
772 2881 788 2908 ,
825 2850 880 2896 et
907 2840 1164 2896 donatum
1191 2854 1275 2896 est
1305 2842 1356 2896 ei
1381 2840 1410 2879 δ
1437 2841 1599 2895 aliter
1625 2840 1785 2907 velle,
1814 2839 1970 2894 aliter
2001 2853 2091 2893 sa-

498 2948 655 3005 pere,
684 2934 847 2987 aliter
876 2948 1059 3004 agere,
1083 2945 1136 2987 et
1162 2932 1595 2989 incolumitatem
1622 2947 1773 2986 suam
1798 2946 1904 2985 non
1931 2930 1982 2985 in
2008 2946 2088 2997 se,

499 3027 596 3082 sed
630 3037 651 3063 ε
684 3027 738 3080 in
767 3025 985 3081 medico
1012 3026 1289 3082 collocare
1322 3043 1335 3078 :
1363 3026 1490 3095 quia
1524 3025 1755 3080 necdum
1778 3033 1885 3078 tam
1915 3022 2095 3094 perfe-

498 3130 588 3177 cta
611 3119 781 3174 utitur
803 3120 1037 3175 sanitate
1054 3129 1110 3175 ut
1128 3135 1216 3187 ea,
1245 3134 1366 3190 quae
1389 3122 1440 3173 ei
1464 3127 1790 3185 nocuerant,
1820 3126 2093 3188 nequeant

495 3215 605 3283 jam
640 3229 865 3280 nocere,
897 3224 993 3269 aut
1043 3214 1112 3269 ab
1159 3213 1527 3269 insalubribus
1555 3213 1725 3283 possit
1746 3212 1857 3281 jam
1886 3212 2089 3267 viribus

2202 2018 2250 2056 c.
2276 2001 2309 2057 6
2336 2012 2381 2056 et
2407 2004 2462 2069 7,
2497 2019 2559 2055 ac
2590 2004 2681 2057 lib.
2714 2019 2770 2058 tv
2799 2014 2982 2057 contra
3007 2002 3212 2069 Julian,
3242 2020 3287 2057 c.
3317 2005 3372 2069 8,
3402 2004 3539 2074 infra
3568 2006 3793 2077 append.

2200 2106 2348 2167 parte
2377 2095 2461 2167 ιι).
2488 2096 2595 2151 Sed
2627 2096 2843 2151 videant
2880 2096 3153 2165 quomodo
3192 2111 3253 2151 se
3280 2112 3308 2148 a
3336 2096 3605 2152 dedecore
3640 2096 3795 2153 latius

2201 2199 2397 2245 exuant
2428 2189 2699 2255 falsitatis,
2732 2188 2820 2258 qui
2849 2198 3072 2258 possunt
3103 2197 3211 2241 tam
3240 2188 3419 2259 inepta
3453 2190 3791 2259 contingere,

2200 2284 2247 2337 si
2275 2282 2326 2336 hi
2354 2297 2584 2352 quorum
2618 2285 2631 2331 l
2674 2283 2970 2337 abutuntur
2999 2282 3253 2347 auribus,
3286 2281 3680 2350 aliquantulum
3709 2283 3792 2337 di-

2202 2374 2438 2445 ligentia:
2480 2373 2546 2427 ad
2585 2374 2962 2442 cognoscenda
2991 2388 3055 2427 ea
3092 2388 3211 2440 qua:
3242 2373 3728 2441 prrcstantissimus
3758 2372 3783 2410 ι

2198 2468 2444 2522 minister
2463 2467 2653 2537 gratize
2674 2466 2992 2537 disputavit,
3019 2466 3355 2522 intenderint
3380 2485 3392 2519 :
3420 2468 3547 2521 licet
3570 2482 3793 2524 onmem

2198 2561 2354 2616 istius
2395 2561 2766 2631 inquisitionis
2796 2575 3004 2617 moram
3036 2560 3174 2631 ipsi,
3206 2561 3297 2631 qui
3327 2560 3441 2615 hzec
3472 2561 3790 2630 loquuntur,

2196 2654 2500 2723 praevenire
2539 2653 2840 2722 deberent,
2876 2653 3209 2724 proferendo
3255 2664 3419 2724 atque
3466 2654 3789 2723 explicando

2195 2745 2398 2814 libros,
2444 2745 2683 2800 ullamve
2727 2760 2919 2801 eorum
2967 2748 3290 2815 particulam
3338 2745 3788 2816 demonstrando,

2196 2854 2359 2909 quam
2393 2854 2487 2908 per
2514 2838 2739 2894 dubium
2771 2839 2966 2895 saltem
2997 2840 3331 2895 intellectum
3355 2841 3447 2895 tali
3474 2842 3789 2912 interpreta-

2198 2933 2331 2987 tioni
2361 2933 2655 2987 obnoxium
2688 2933 2770 2987 vir
2800 2943 3020 2989 sanctus
3050 2933 3304 2990 ediderit.
3328 2934 3435 2990 Sed
3460 2950 3687 3005 prorsus
3709 2937 3790 2990 ni-

2197 3024 2273 3078 hil
2324 3025 2428 3079 tale
2476 3025 2615 3092 apnd
2666 3040 2765 3080 nos
2814 3026 3139 3093 audierunt,
3174 3027 3311 3081 nihil
3352 3028 3457 3082 tale
3501 3027 3788 3098 legerunt:

2197 3118 2319 3187 quia
2351 3133 2462 3172 non
2490 3118 2598 3171 lato
2627 3118 2922 3189 quidquam
2951 3121 3091 3189 geri,
3122 3120 3216 3175 sed
3248 3121 3429 3175 omnia
3463 3120 3557 3175 Dei
3582 3121 3788 3190 judicio

2197 3210 2448 3265 novimus
2476 3211 2752 3275 ordinari,
2788 3227 2887 3268 nec
2914 3229 2983 3269 ex
3009 3214 3224 3269 duabus
3263 3215 3461 3270 massis
3502 3216 3787 3271 duabusve

495 3306 611 3361 suis
652 3315 983 3376 temperare.
1026 3304 1268 3360 Proinde
1294 3305 1458 3361 homo
1489 3305 1585 3375 qui
1630 3305 1684 3359 in
1725 3304 1897 3359 libero
1946 3302 2093 3356 arbi-
2122 3291 2167 3355 C
2199 3303 2430 3370 naturis,
2466 3302 2561 3357 sed
2586 3318 2651 3357 ex
2680 3318 2787 3358 una
2815 3319 2991 3359 massa
3012 3348 3027 3373 ,
3063 3321 3185 3375 qum
3215 3317 3297 3361 est
3328 3322 3457 3363 caro
3488 3308 3649 3376 primi
3688 3307 3787 3363 lto-

496 3399 605 3453 trio
644 3397 748 3453 fuit
796 3398 1012 3464 malus,
1042 3398 1097 3453 in
1140 3398 1257 3469 ipso
1298 3399 1476 3454 libero
1513 3395 1746 3452 arbitrio
1788 3395 1961 3450 lactus
2005 3404 2089 3449 est

493 3488 707 3555 bonus;
734 3492 828 3545 sed
859 3507 955 3561 per
981 3506 1040 3547 se
1071 3490 1271 3556 malus,
1294 3505 1395 3560 per
1416 3490 1591 3545 Deum
1616 3490 1821 3555 bonus;
1849 3486 1941 3558 qui
1963 3502 2087 3541 eum

492 3580 568 3635 ita
599 3582 652 3635 in
682 3579 835 3635 illum
869 3581 1133 3635 initialem
1164 3582 1427 3636 honorem
1469 3579 1577 3634 alio
1619 3578 1778 3634 initio
1820 3578 2089 3633 reforma-

491 3674 607 3739 vit,
639 3680 699 3729 ut
724 3675 773 3729 ei
806 3690 911 3729 non
941 3675 1116 3730 solum
1148 3675 1363 3744 culpam
1394 3673 1552 3728 maiae
1583 3674 1881 3727 voluntatis
1914 3681 1969 3728 et
1990 3688 2086 3728 ac-

489 3764 657 3822 tionis
688 3768 801 3839 98
829 3768 1165 3832 remitteret,
1194 3766 1291 3823 sed
1329 3769 1496 3822 etiam
1540 3767 1679 3822 bene
1724 3765 1897 3833 velle,
1947 3765 2088 3821 bene

489 3874 678 3931 agere,
711 3870 874 3929 atque
906 3862 959 3915 in
990 3861 1074 3914 bis
1105 3875 1427 3931 permanere
1456 3860 1707 3915 donaret.
1743 3858 1907 3913 Omne
1928 3861 2083 3924 enim,

487 3953 665 4023 inquit
703 3952 986 4021 apostolus
1015 3953 1278 4020 Jacobus,
1321 3954 1497 4006 datum
1528 3954 1783 4022 optimum
1807 3994 1819 4017 ,
1859 3961 1907 4005 et
1938 3966 2086 4004 omne

487 4046 681 4100 donum
702 4045 982 4116 perfectum
1003 4046 1276 4099 desursum
1307 4054 1381 4099 est
1403 4089 1417 4112 ,
1443 4047 1752 4099 descendens
1772 4063 1803 4098 a
1823 4044 1981 4098 Patre
2004 4048 2086 4098 Ια-

486 4142 685 4194 minum
708 4137 917 4209 (Iacob.
942 4155 984 4205 ι,
1012 4138 1123 4210 i7).
1146 4140 1248 4207 Qui
1270 4141 1429 4209 quale
1451 4141 1522 4194 sit
1541 4141 1774 4195 liberum
1799 4140 2082 4194 arbitrium

484 4230 630 4300 quod
662 4230 902 4285 humano
929 4229 1126 4299 spiritu
1153 4231 1354 4300 agitur,
1383 4239 1439 4285 et
1465 4231 1624 4297 quale
1653 4231 1723 4283 sit
1749 4230 1889 4299 quod
1910 4247 1940 4285 a
1966 4230 2081 4284 Deo

482 4322 720 4393 regitur,
762 4320 1047 4377 evidenter
1082 4322 1353 4389 ostendit,
1383 4323 1605 4389 dicens,
1652 4322 1801 4389 Quod
1833 4323 1875 4375 si
1916 4324 2082 4376 zelum

482 4430 718 4467 amarum
750 4413 985 4481 habetis,
1030 4424 1078 4468 et
1116 4417 1462 4469 contentiones
1500 4416 1555 4469 in
1599 4416 1839 4469 cordibus
1880 4417 2079 4480 vestris,

480 4506 641 4560 nolite
671 4504 893 4579 gloriari
933 4506 1210 4561 adversum
1238 4508 1501 4561 veritatem
1523 4550 1537 4573 ,
1570 4517 1616 4561 et
1641 4508 1909 4561 mendaces
1940 4525 2081 4573 esse;

479 4614 584 4653 non
611 4607 683 4653 est
709 4599 810 4652 ista
838 4599 1096 4671 sapientia
1125 4601 1188 4653 de
1206 4616 1412 4654 sursum
1442 4601 1776 4667 descendens,
1808 4602 1896 4654 sed
1921 4613 2078 4655 terre-

2197 3396 2379 3460 minis,
2401 3410 2563 3450 unam
2584 3398 2783 3452 scimus
2797 3398 3041 3453 omnium
3065 3398 3349 3455 hominum
3370 3410 3605 3457 creatam
3632 3417 3787 3458 crea-

2195 3488 2349 3559 rique
2379 3496 2626 3543 naturam
2647 3531 2662 3553 ,
2705 3499 2759 3544 et
2796 3490 3044 3547 eamdem
3077 3507 3178 3563 per
3206 3493 3375 3563 ipsius
3407 3493 3569 3564 primi
3601 3494 3785 3549 homi-

2196 3580 2280 3633 nis
2324 3580 2557 3634 liberum
2604 3580 2921 3650 arbitrium,
2970 3584 3027 3638 in
3071 3601 3174 3655 quo
3223 3602 3398 3640 omnes
3450 3599 3789 3657 peccaverunt

2198 3672 2377 3740 (Rom.
2406 3690 2462 3738 v,
2490 3674 2615 3744 22),
2661 3689 2784 3730 esse
2823 3686 3186 3745 prostratam;
3226 3694 3323 3735 nec
3361 3681 3474 3734 ullo
3513 3682 3676 3736 modo
3719 3683 3791 3737 ab

2196 3776 2412 3821 aeternae
2455 3769 2645 3823 mortis
2676 3769 2862 3824 debito
2896 3770 3156 3839 liberam,
3191 3774 3294 3829 nisi
3340 3790 3459 3829 eam
3499 3776 3565 3829 ad
3596 3776 3790 3848 imagi-

2194 3874 2317 3913 nem
2350 3860 2445 3915 Dei
2488 3858 2504 3897 1
2541 3861 2795 3916 secundae
2841 3864 3141 3919 creationis
3168 3865 3368 3921 Christi
3400 3869 3572 3937 gratia
3614 3870 3789 3925 retor-

2194 3952 2445 4016 maverit,
2472 3952 2811 4024 liberumque
2840 3954 2959 4024 ejus
2991 3956 3274 4011 arbitrium
3303 3960 3538 4028 agendo,
3570 3968 3610 3995 αι
3639 3962 3790 4030 aspi-

2191 4044 2382 4108 rando,
2410 4046 2521 4116 99
2544 4045 2883 4114 auxiliando,
2913 4056 2967 4103 et
2997 4064 3167 4119 usque
3204 4051 3256 4104 in
3285 4050 3443 4105 linem
3489 4053 3791 4122 praeeundo

2188 4147 2513 4191 servaverit.

2264 4232 2551 4288 EPILOGUS.
2575 4262 2646 4273 -—
2675 4233 2762 4287 l7.
2794 4234 2947 4289 Unde
2969 4236 3094 4304 quia
3116 4236 3371 4306 perspicit
3402 4237 3663 4293 sanctitas
3692 4247 3792 4295 tua

2191 4324 2259 4388 (si
2293 4336 2469 4379 tamen
2502 4327 2771 4381 sermonis
2801 4328 2911 4383 mei
2941 4342 3046 4381 non
3078 4327 3292 4382 obsistit
3317 4327 3643 4400 obscuritas)
3666 4328 3792 4383 fru-

2186 4426 2295 4470 stra
2325 4416 2585 4484 quosdam
2610 4418 2676 4472 de
2705 4420 2857 4473 uobis
2888 4419 3179 4489 conqueri,
3211 4429 3268 4475 et
3293 4436 3481 4477 omnes
3512 4421 3633 4477 illas
3663 4423 3791 4479 ine-

2184 4516 2305 4577 ptas
2325 4515 2355 4543 ι
2375 4508 2805 4575 criminationes,
2825 4510 2891 4565 ad
2918 4512 3323 4581 exasperandos
3344 4513 3791 4584 avertendosque

2184 4604 2395 4658 animos
2427 4618 2614 4657 eorum
2642 4604 2837 4673 quibus
2868 4605 3014 4659 aliud
3043 4606 3231 4661 volunt
3260 4608 3613 4676 persuadere,
3644 4623 3792 4663 con-

478 4706 577 4761 na,
609 4695 886 4760 animalis,
913 4695 1190 4750 diabolica.
1227 4694 1326 4749 Ubi
1354 4696 1489 4749 enim
1517 4696 1661 4749 zelus
1707 4705 1753 4748 et
1794 4696 2073 4762 contentio,
2103 4678 2157 4738 D
2183 4698 2290 4751 texi
2320 4714 2335 4750 :
2371 4704 2396 4733 °
2438 4696 2650 4751 conﬁde
2692 4711 2822 4767 ergo
2862 4698 2917 4751 in
2958 4698 3160 4753 virtute
3200 4698 3594 4754 misericordia:
3641 4700 3739 4755 Dei
3772 4742 3788 4768 ,

477 4786 547 4842 ibi
573 4790 921 4846 inconstantia
944 4801 995 4846 et
1014 4808 1161 4846 omne
1191 4808 1320 4861 opus
1350 4808 1589 4861 pravum.
1617 4791 1746 4856 Qua:
1776 4802 1947 4844 autem
1978 4790 2073 4844 de-

549 5001 577 5031 ι
606 4993 703 5047 Ms.
731 4990 863 5060 101.,
887 4989 1126 5047 reuelauit
1153 4994 1346 5048 sanctis
1370 5009 1389 5047 :
1409 5008 1526 5062 qua:
1550 4993 1622 5047 eis
1649 4992 1941 5064 ignorantia
1964 4991 2065 5044 ista

474 5080 577 5120 non
602 5065 799 5118 nocuit.

545 5136 573 5175 ιδ
604 5136 703 5191 Ms.
728 5135 835 5189 Jol.
860 5134 1008 5190 addit
1033 5136 1149 5190 haec
1180 5137 1367 5203 verba,
1394 5136 1544 5189 aliter
1564 5135 1714 5201 velle,
1744 5149 1867 5189 cum
1889 5133 2060 5203 Lugd.

472 5216 527 5261 et
547 5207 684 5262 Ven.
718 5206 903 5277 editis,
935 5216 990 5260 et
1018 5222 1121 5261 ms.
1156 5208 1373 5277 Remig.
1406 5207 1598 5262 veteri.

548 5289 570 5317 ο
605 5278 786 5332 Editio
819 5276 1042 5343 Veneta,
1076 5279 1130 5331 in
1158 5276 1469 5333 Mediatore.

545 5346 571 5385 ά
605 5348 774 5410 Editi,
807 5349 960 5417 plena
990 5350 1377 5404 misericordiw.

546 5428 569 5502 ξ
600 5419 701 5502 bis.
725 5418 859 5502 {oin
884 5437 985 5502 non
1011 5422 1305 5502 dijudicans
1336 5420 1621 5475 secundum
1648 5419 2052 5474 simulationem.

452 5526 459 5531 -
546 5489 567 5528 ί
602 5489 702 5547 Ms.
728 5488 859 5553 Jol.,
888 5488 1136 5548 scientia.

541 5570 567 5633 ξ
603 5561 702 5616 Ms.
735 5559 867 5633 Jol.,
904 5565 1164 5617 uerissime
1195 5564 1365 5633 gloria
1396 5573 1489 5616 est.

540 5630 569 5669 ³³
605 5632 787 5705 Editi,
804 5632 984 5687 intenti
1007 5634 1101 5687 viri
1124 5630 1333 5701 iniuria:
1352 5634 1620 5705 factitant.
1644 5634 1773 5689 Mss.
1798 5634 1907 5688 duo
1928 5643 1985 5687 ut
2008 5632 2059 5687 in

468 5716 652 5767 temu;
688 5702 794 5757 nisi
822 5706 965 5777 quod
999 5720 1139 5777 unus
1160 5721 1225 5758 ex
1257 5702 1366 5777 his,
1388 5705 1683 5777 jacitantur
1718 5707 1899 5772 habet,
1923 5719 2054 5777 (pro,

467 5778 791 5849 iactitantur‘.
820 5774 999 5828 Editio
1031 5775 1255 5839 Veneta,
1285 5776 1340 5829 in
1369 5774 1499 5831 tanti
1528 5779 1623 5831 viri
1651 5778 1879 5849 injurite,
1913 5774 2054 5832 forte

467 5862 589 5918 pro,
605 5848 666 5918 in
665 5845 885 5918 juriam.

548 5917 567 5959 ί
600 5915 700 5975 MS.
731 5915 863 5983 Jol.,
894 5917 1127 5972 doctores
1152 5927 1199 5973 et
1228 5934 1443 5973 errores.

2182 4791 2440 4860 quoniam
2472 4790 2589 4845 haec
2614 4792 2993 4858 contradictio,
3027 4793 3166 4847 sicut
3195 4794 3248 4847 in
3285 4793 3411 4848 aliis
3438 4792 3624 4849 mundi
3652 4809 3791 4864 par-

2250 4993 2266 5041 i
2304 4992 2401 5046 Ms.
2431 4992 2563 5056 10L,
2590 4992 2894 5047 imbuuntur
2921 5010 3095 5048 aures.

2247 5060 2272 5099 ι
2296 5063 2360 5145 in
2383 5078 2485 5144 _ms.
2511 5063 2615 5117 Jol.
2636 5080 2665 5116 a
2688 5066 2860 5146 prima
2892 5081 3073 5146 manu,
3108 5070 3349 5147 magister
3370 5067 3589 5137 gratia;
3612 5081 3641 5120 a
3669 5083 3783 5137 po-

2175 5143 2395 5209 steriori
2428 5144 2759 5209 correctum,
2789 5143 3018 5209 minister
3048 5143 3250 5209 gratim.

2249 5204 2263 5242 ι
2298 5206 2397 5261 Ms.
2424 5204 2556 5272 10L,
2602 5209 2826 5261 secunda
2856 5204 3128 5262 creationis
3156 5206 3349 5262 Christi
3387 5210 3559 5280 gratia
3590 5209 3787 5277 refor-

2172 5288 2354 5335 maret.

2242 5358 2282 5385 ω
2310 5348 2455 5403 Editi
2485 5348 2777 5416 habebant,
2809 5349 3091 5417 sperando.
3134 5350 3324 5405 Melius
3351 5359 3659 5405 correctum
3690 5365 3779 5407 ea

2166 5418 2272 5491 lide
2308 5435 2411 5474 ms.
2440 5421 2637 5475 veteris
2678 5422 2729 5476 in
2766 5423 3085 5491 Augustino,
3118 5423 3406 5489 spirando;
3437 5437 3535 5476 nec
3577 5422 3787 5479 minus

2170 5490 2310 5547 bene
2344 5492 2483 5547 forte
2508 5492 2651 5561 quod
2684 5490 3066 5547 substituimus
3094 5507 3161 5547 ex
3189 5509 3292 5547 ms.
3325 5492 3587 5557 Joliensi,
3618 5510 3788 5563 aspeo

2167 5564 2357 5617 rando.
2386 5564 2765 5619 Anterioribus
2786 5564 3127 5635 editionibus
3167 5563 3221 5616 in
3256 5564 3500 5633 margine
3530 5578 3781 5635 appos:-

2170 5642 2281 5688 tum
2313 5651 2380 5689 ex
2406 5635 2741 5703 conjectura,
2774 5633 2937 5689 Forte
2962 5636 3295 5704 inspirando.

2240 5714 2267 5741 ιι
2298 5706 2395 5759 Ms.
2429 5706 2532 5760 Jol.
2550 5748 2565 5771 ,
2593 5707 2899 5776 quastiones
2926 5710 3003 5760 vel
3030 5706 3434 5761 criminationes.

2241 5781 2337 5859 ολ
2346 5778 2449 5844 pud
2473 5775 2851 5859 Augustinum,
2863 5777 3073 5859 conﬁdo
3091 5793 3183 5857 ego
3202 5794 3255 5859 in
3276 5786 3477 5859 uirtute.
3499 5777 3601 5836 Hs.
3618 5775 3719 5837 Jol
3759 5824 3783 5859 ο

2166 5850 2365 5917 conﬁde
2393 5864 2511 5919 ergo
2540 5850 2591 5903 in
2620 5849 2825 5905 virtute.
2862 5848 3023 5917 Editi,
3056 5848 3109 5901 in
3136 5849 3393 5905 virtutem.
