4080 6354
632 230 655 275 ὃ
2344 270 2403 283 ...κ

623 363 694 429 οε
1270 371 1286 401 ὀ
1853 364 1914 426 3.
1956 367 2301 426 PROSPERI
2338 367 2668 439 AQUITANI

758 486 893 544 Ortu
920 483 1238 558 primorum,
1262 480 1355 554 qui
1385 479 1641 538 libertate
1666 478 1807 537 male
1834 482 1917 537 usi
2225 491 2276 552 Α

2826 287 2847 309 ra
2869 280 2976 307 τώδ’

2448 484 2517 541 Ut
2547 482 2734 554 parvis
2755 483 2942 556 etiam,
2966 486 3207 557 vitioque
3234 485 3546 542 carentibus
3569 487 3715 544 omni

757 578 1076 647 Peccarunt,
1111 576 1285 631 forma
1311 574 1494 640 nocui,
1524 588 1631 629 non
1660 573 1868 628 semine
1893 571 2051 643 proli.

756 670 927 726 Posse
953 678 1129 723 autem
1162 668 1404 723 insontes
1426 682 1616 722 omnes
1639 666 1855 721 virtutis
1883 667 1934 719 in
1965 678 2089 719 arce

761 759 935 815 Vitam
950 774 1126 830 agere,
1137 768 1189 814 et
1202 760 1367 814 menti
1382 759 1678 828 ingenitum
1692 772 1909 813 servare
1921 756 2191 813 decorem:

655 852 721 908 15
757 852 996 908 Arbitrio
1027 853 1281 922 quoniam
1307 852 1566 905 subsistat
1597 860 1747 905 recta
1779 850 2034 905 volentis.

753 945 1025 1000 Naturalis
1052 945 1250 1012 honos,
1284 945 1505 1016 Lexque
1550 946 1712 999 insita
1747 944 2006 1000 cordibus
2048 943 2195 999 intus

755 1036 869 1091 Hoc
894 1046 1131 1107 moneat,
1149 1036 1292 1106 quod
1316 1038 1511 1106 scripta
1532 1036 1663 1090 foris
1680 1055 1689 1090 :
1706 1040 1791 1090 cui
1808 1037 1975 1107 gratia
1996 1034 2194 1092 Christi

751 1130 945 1186 Addita
979 1132 1279 1203 perfugium
1306 1132 1470 1201 lapsis
1490 1131 1815 1202 generaliter
1844 1133 1897 1186 in
1923 1146 1984 1188 se

751 1222 1091 1291 Condiderit,
1120 1238 1279 1279 sacro
1304 1225 1349 1278 si
1384 1226 1582 1279 vellent
1610 1225 1756 1280 fonte
1784 1226 1976 1281 novari
2006 1243 2019 1277 :

645 1315 716 1371 20
754 1315 827 1373 Ut
853 1325 1046 1386 sponte
1076 1328 1363 1373 attractum
1393 1319 1547 1373 venia
1570 1318 1816 1374 solvente
1837 1328 2065 1387 reatum,

754 1409 957 1479 Sponte
986 1425 1082 1464 sua
1113 1410 1169 1465 in
1201 1411 1345 1466 vires
1370 1412 1615 1480 prOprias
1651 1421 1840 1466 natura
1871 1410 2113 1475 rediret;

750 1500 975 1569 Quoque
998 1516 1098 1570 per
1117 1516 1334 1556 errores
1363 1512 1507 1557 esset
1543 1503 1769 1572 spoliata
1799 1504 2005 1573 vigore,

752 1592 907 1648 llunc
947 1608 1165 1649 servare
1191 1597 1359 1651 semel
1400 1606 1578 1664 posset
1619 1607 1839 1667 purgata
1887 1604 2185 1666 receptum.

750 1686 880 1741 Tam
910 1686 1061 1743 dives
1085 1703 1215 1744 vero
1247 1688 1348 1745 huc
1372 1689 1572 1744 donum
1605 1691 1942 1762 baptismatis
1972 1707 2115 1760 esse,

635 1779 706 1838 25
744 1780 813 1838 Ει
839 1790 945 1841 tam
972 1784 1139 1841 multa
1178 1783 1383 1842 homini
1403 1785 1640 1843 conferri
1669 1786 1874 1844 findere
1898 1785 1952 1843 in
1980 1786 2105 1856 isto,

2442 576 2735 649 Congruat,
2768 588 2825 634 ut
2846 578 2935 650 qui
2959 588 3087 634 sunt
3113 579 3275 649 geniti
3302 578 3456 645 bene,
3476 580 3583 636 sint
3604 581 3885 649 meliores,

2443 669 2769 740 Natumque
2810 672 3011 727 bonum
3050 672 3268 742 adjecto
3308 671 3607 728 illustretur
3656 673 3887 732 honore.

2451 764 2609 838 119
2632 765 2846 822 Nullum
2859 776 3037 824 autem
3051 784 3118 823 ex
3129 767 3337 823 cunctis
3349 778 3619 824 exsortem
3646 769 3890 825 muneris

2585 859 2767 930 hujus,

2340 950 2407 1005 50
2444 949 2654 1006 Judicio
2683 951 2923 1021 genitum
2949 964 3072 1007 esse
3101 951 3233 1019 Dei;
3261 952 3356 1008 sed
3386 969 3657 1024 quemque
3683 955 3889 1011 mereri

2447 1041 2721 1097 Libertate
2751 1059 2871 1109 sua,
2907 1053 2963 1096 ut
2998 1044 3171 1114 capiat
3198 1046 3466 1115 promissa
3488 1046 3758 1109 vocantis.

2442 1136 2573 1205 Quae
2604 1137 2711 1192 sint
2738 1136 2944 1192 aversis
2976 1138 3238 1205 indebita,
3266 1140 3447 1195 debita
3484 1142 3664 1196 rectis.

2515 1232 2536 1253 ⁶
2565 1229 2737 1285 Tum
2777 1244 2897 1284 cum
2935 1222 3157 1287 demens
3198 1232 3304 1287 late
3345 1233 3670 1289 diffunderet
3702 1248 3887 1302 error,

2442 1319 2883 1393 Commentisque
2902 1326 3064 1381 rudes
3096 1325 3335 1380 traheret
3376 1325 3663 1381 letbalibus
3694 1340 3884 1393 aures,

2333 1412 2403 1469 35
2438 1412 2623 1478 All‘uit;
2656 1414 2978 1471 exhortante
3008 1418 3140 1483 Deo,
3173 1418 3385 1486 provisa
3411 1433 3506 1488 per
3529 1418 3719 1473 orbem

2440 1505 2758 1562 Sanctorum
2790 1509 2874 1577 pia
2915 1523 3042 1564 cura
3073 1508 3314 1576 Patrum,
3350 1524 3455 1564 non
3487 1510 3702 1579 dispare
3732 1518 3883 1567 motu

2439 1596 2746 1655 Conliciens
2769 1600 2915 1655 diros
2941 1602 3133 1669 jaculis
3159 1603 3471 1658 caelestibus
3495 1603 3701 1658 hostes.

2442 1690 2631 1745 Iisdem
2664 1708 2894 1764 namque
2920 1693 3077 1748 simul
3113 1694 3351 1749 decretis
3375 1696 3608 1765 Spiritus
3632 1711 3775 1750 unus

2438 1782 2693 1840 Intonuit.
2730 1784 2944 1843 Pestem
2974 1786 3295 1844 subeuntem
3327 1787 3498 1860 prima
3530 1787 3723 1843 recidit

608 2018 757 2075 malit
788 2020 1133 2090 Prosperum,
1166 2029 1227 2077 ut
1254 2021 1413 2088 solet,
1444 2035 1542 2077 suo
1569 2021 1871 2092 Augustino
1902 2020 2183 2076 adhaeren-
2214 2022 2262 2082 Β
2290 2034 2425 2073 anno
2450 2015 2979 2092 415_congregatum_,
3011 2019 3069 2092 in
3093 2034 3194 2088 quo
3231 2017 3488 2092 Pelagius
3525 2018 3644 2087 ﬁcto
3680 2028 3882 2092 pectore

608 2100 714 2147 lem
754 2092 1046 2158 dubitasse,
1077 2110 1143 2147 an
1169 2109 1273 2147 non
1336 2109 1364 2146 a
1414 2094 1628 2148 eteteris
1676 2094 1837 2147 etiam
1869 2092 2183 2162 parentibus

608 2164 798 2217 mediis
819 2164 1029 2234 culpan-
1057 2165 1259 2233 posteri
1279 2166 1576 2218 traherent.
1602 2163 1769 2232 Hujus
1796 2164 2011 2218 interim
2036 2162 2190 2218 dubi-

609 2234 906 2305 tationis_in
938 2236 1179 2290 Ecclesia
1212 2236 1370 2291 hodie
1399 2236 1607 2290 nullum
1641 2236 1948 2305 vestigium.

680 2304 766 2361 12.
809 2303 1002 2359 Forma
1035 2309 1211 2369 nocui,
1244 2323 1347 2360 non
1375 2308 1594 2371 semine,
1624 2306 1677 2361 id
1710 2303 1813 2369 est,
1847 2307 1970 2361 Non
2002 2323 2191 2378 propa-

607 2377 752 2450 gine,
774 2380 864 2431 sed
894 2378 1152 2450 exemplo,
1179 2388 1238 2432 ut
1266 2379 1429 2450 iidem
1454 2378 1651 2450 docent
1671 2380 1809 2447 apud
1837 2380 2064 2450 August.
2091 2377 2186 2432 lib.

607 2447 676 2503 de
712 2447 834 2503 Nat.
866 2458 920 2502 et
963 2447 1113 2504 Crat.
1146 2466 1269 2516 cap.
1314 2449 1366 2513 9,
1424 2449 1477 2503 id
1518 2459 1610 2514 est,
1654 2466 1757 2502 non
1806 2447 1943 2516 quod
1993 2466 2055 2503 ea:
2101 2450 2192 2502 illo

611 2518 863 2590 (Adamo)
886 2523 1139 2574 traxerint
1160 2521 1373 2589 aliquod
1401 2522 1581 2573 vitium
1610 2522 1699 2588 qui
1724 2520 1896 2574 exillo
1921 2520 2193 2591 propagati

610 2601 759 2655 sunt;
800 2593 891 2645 sed
919 2591 1056 2663 quod
1094 2608 1208 2646 eum
1256 2593 1480 2663 primum
1524 2600 1817 2660 peccantem
1861 2593 2049 2646 imitati
2086 2596 2192 2646 sint

612 2677 784 2715 omnes
805 2663 890 2731 qui
916 2674 1094 2731 postea
1125 2672 1479 2731 peccaverunt.

683 2733 768 2788 15.
812 2733 1050 2788 Insontes
1074 2735 1275 2788 virtutis
1311 2736 1365 2788 in
1390 2750 1533 2799 arce,
1565 2733 1619 2787 id
1647 2742 1751 2799 est,
1776 2734 1892 2788 sine
1922 2734 2032 2789 ullo
2072 2748 2196 2802 pec-

610 2811 731 2857 cato
762 2813 927 2873 atque
957 2809 1007 2858 in
1060 2821 1267 2861 summa
1293 2806 1429 2859 adeo
1469 2804 1821 2874 perfectione.
1847 2806 2000 2872 Quod
2032 2820 2195 2874 argu-

610 2883 857 2945 mentum
904 2886 1102 2931 tractat
1141 2878 1478 2945 Augustinus
1520 2886 1633 2930 toto
1666 2876 1806 2929 libro
1842 2877 1909 2930 de
1964 2876 2192 2930 Perlect.

610 2942 795 2999 Justit.
850 2945 1024 3011 hom.,
1058 2948 1189 3002 item
1230 2942 1341 3002 ioto
1368 2947 1461 3000 lib.
1496 2962 1535 3001 ιι
1569 2946 1636 3001 de
1678 2947 1892 3001 Peccat.
1925 2947 2099 3000 Merit.
2144 2956 2197 3001 et

613 3014 769 3070 alibi.
804 3016 1171 3086 Hieronymus
1196 3020 1357 3073 etiam
1393 3018 1460 3071 ab
1487 3018 1681 3072 eodem
1710 3018 1899 3087 incipit
1944 3017 2196 3088 Dialogus

609 3100 739 3140 suos
766 3098 959 3142 contra
992 3089 1329 3155 Pelagianos.

683 3155 771 3212 16.
814 3156 1090 3215 Naturalis
1118 3162 1301 3225 Itonos,
1324 3159 1378 3215 id
1402 3168 1508 3229 est,
1541 3160 1834 3231 ingenitus,
1870 3169 1927 3215 ut
1956 3159 2094 3216 infra
2116 3159 2198 3215 di-

610 3228 749 3283 citur
774 3244 826 3285 v.
858 3231 965 3287 880
989 3241 1043 3287 et
1071 3232 1349 3301 sequenti,

1567 3348 1718 3413 Vigor
1734 3347 1839 3407 ille,

790 3406 849 3458 In
865 3421 964 3472 quo
984 3410 1153 3461 insons
1174 3416 1350 3461 natura
1370 3410 1479 3460 fuit.

681 3513 884 3588 Sensus
923 3530 1023 3585 eSt,
1077 3533 1201 3573 eum
1237 3521 1325 3588 qui
1371 3520 1531 3574 modo
1567 3518 1717 3583 velit,
1763 3517 2010 3573 eumdem
2052 3532 2194 3573 nunc

613 3583 814 3643 habere
840 3583 1049 3660 arbitrii
1092 3583 1330 3660 vigorem
1366 3591 1432 3644 ad
1476 3592 1695 3650 bonum.
1733 3604 1795 3643 ac
1824 3590 1950 3642 olim
1989 3589 2192 3643 habue-

611 3668 738 3712 runt
765 3658 929 3730 primi
957 3658 1205 3727 parentes
1230 3672 1359 3715 ante
1400 3662 1629 3730 lapsum.
1659 3662 1739 3714 Ex
1768 3677 1874 3728 quo
1904 3676 2065 3715 sensu
2096 3675 2191 3728 pa-

612 3735 711 3793 tet,
761 3729 902 3784 istud
945 3742 1081 3784 recta
1110 3732 1325 3785 uolentis
1360 3734 1503 3800 quod
1554 3732 1829 3801 praecedit,
1878 3734 1988 3800 regi
2028 3747 2130 3786 non
2161 3747 2191 3784 a

606 3801 1069 3873 naturalisftonos,
1100 3804 1194 3857 sed
1217 3803 1285 3857 ab
1311 3805 1543 3868 arbitrio,
1569 3803 1707 3873 quod
1738 3814 1864 3856 ante
1888 3802 2190 3867 praecessit.

609 3870 779 3926 Porro
804 3871 939 3926 infra
968 3888 1022 3925 v.
1047 3872 1153 3929 250
1174 3884 1221 3928 et
1244 3891 1387 3945 sequ.
1412 3874 1555 3963 idem
1573 3870 1726 3929 error
1746 3874 1824 3929 sic
1843 3874 2188 3942 exprimitur:

699 4007 759 4075 {Et
776 4010 1001 4075 quoniam
1020 4011 1145 4075 tales
1168 4018 1427 4075 nascantur
1452 4025 1579 4061 nunc
1603 4025 1821 4075 quoque,
1849 4012 2008 4075 qualis

707 4068 794 4133 ille
812 4069 902 4133 fuit
925 4072 1077 4120 nostri
1100 4075 1305 4133 generis
1323 4072 1474 4123 Pater
1490 4081 1605 4123 ante
1621 4068 1819 4123 rcaiutn
1830 4089 1843 4133 ;

696 4130 1123 4245 ls’pssei'wminem'
1136 4136 1244 4183 sine
1268 4142 1470 4197 peccato
1491 4136 1678 4185 ducere
1706 4130 1871 4197 vitam,

735 4206 749 4241 ι
772 4206 867 4243 vei

678 4317 766 4391 1A9.
810 4317 979 4391 Fonte
1004 4320 1203 4385 novari,
1237 4320 1289 4375 id
1322 4329 1424 4384 est,
1456 4321 1725 4391 baptismo
1755 4326 2023 4379 renovari.
2054 4325 2187 4381 Nam

605 4387 860 4461 delapsis
886 4399 1010 4444 ante
1040 4391 1368 4457 baptismum
1398 4387 1591 4461 agitur.

672 4460 762 4536 20.
808 4460 1007 4527 Sponte
1059 4471 1359 4536 attractum,
1395 4460 1451 4516 id
1478 4472 1579 4530 est,
1615 4466 1877 4521 actualem
1915 4478 1968 4521 et
2004 4483 2189 4536 perso-

605 4532 785 4607 nalem
807 4547 971 4607 ;_cum
998 4534 1317 4607 originalem
1343 4548 1599 4605 negarent
1628 4538 1918 4607 Pelagiani.

672 4602 763 4679 2t.
810 4600 960 4679 E_'sse.
991 4600 1494 4679 Sjc'legendumfet
1523 4624 1630 4663 non
1664 4600 1790 4664 esset
1822 4614 1903 4679 (ut
1926 4610 2186 4665 editiones

601 4670 797 4741 Lugd.,
831 4672 987 4740 Lov.,
1018 4670 1187 4750 Duae.
1210 4686 1266 4731 et
1286 4670 1526 4746 Colum),
1563 4670 1937 4734 notarunt'viri
1963 4681 2181 4750 eruditi,

600 4754 855 4811 patetque
883 4760 946 4827 ea
974 4746 1155 4802 verbis
1180 4763 1299 4817 quae
1327 4759 1641 4818 sequuntur,
1676 4752 1919 4818 conferri,
1952 4746 2178 4821 genitum

598 4829 723 4873 €888,
752 4830 932 4868 mereri
942 4857 953 4869 .

667 4882 754 4938 28.
797 4884 1115 4957 Natumque
1145 4889 1355 4955 bonum,
1384 4901 1513 4953 etc.,
1542 4892 1593 4945 id
1616 4903 1720 4957 est,
1757 4902 1813 4945 ut
1840 4893 1968 4946 bono
1998 4910 2174 4947 eorum

596 4954 826 5030 naturan
840 4954 1039 5030 bonum
1054 4954 1475 5030 sanctiﬁcationis
1495 4954 1722 5026 accedat,
1749 4975 1804 5014 nt
1829 4964 1928 5016 sint
1952 4964 2174 5030 infantes

594 5027 757 5108 salicti
786 5025 879 5080 Dei
921 5028 1038 5096 ﬁlii.
1074 5027 1147 5082 Ita
1179 5025 1317 5098 apud
1351 5025 1974 5102 Augustinumlulianus
2008 5025 2172 5090 'Pela-

592 5112 802 5166 gianus.

664 5169 753 5244 ξι.
796 5166 1061 5244 Promissa
1097 5174 1352 5227 vocantis.
1403 5172 1519 5227 Non
1557 5174 1776 5244 praemia
1819 5184 2053 5240 :eterna,
2106 5175 2174 5230 de

590 5238 785 5311 quibus
806 5238 893 5293 hic
919 5240 1099 5295 nullus
1120 5258 1319 5311 sermo,
1349 5245 1441 5299 sed
1467 5238 1657 5298 donum
1683 5238 2171 5311 baptismatiscnm

588 5310 737 5363 uenia
786 5312 1011 5385 solvente
1048 5310 1371 5385 reatumfid
1422 5326 1525 5379 est,
1570 5310 1888 5370 remissione
1923 5326 2175 5385 peccato-

590 5394 729 5459 rum,
764 5381 849 5459 uti
871 5396 1040 5459 supra
1080 5384 1491 5459 exprimuntur.
1519 5386 1720 5459 Eodem
1755 5381 2176 5459 modo'intellige

590 5450 732 5525 infra
756 5467 808 5503 v.
829 5452 955 5517 166,
982 5450 1271 5525 donumque
1293 5458 1541 5511 vocantis.
1565 5458 1715 5511 Hunc
1735 5473 1914 5512 amem
1934 5450 2175 5515 errorem

590 5522 663 5576 ita
694 5535 1006 5591 expressum
1038 5522 1202 5596 leges,
1235 5543 1285 5579 v.
1320 5527 1451 5595 240,
1486 5537 1542 5582 et
1570 5539 1844 5599 sequent.,

682 5660 1031 5731 Quodmeritis
1052 5664 1300 5731 hominum
1318 5665 1571 5731 tribuatur
1591 5669 1747 5729 gratia
1768 5667 1963 5731 Christi,

680 5723 925 5781 Quantum
948 5728 1160 5789 quisque
1182 5725 1279 5778 Dei
1298 5729 1438 5778 donis
1460 5741 1517 5778 se
1540 5723 1716 5780 fecerit
1740 5737 1924 5793 aptum.

657 5853 677 5874 '
706 5850 903 5927 Carior.
931 5848 997 5927 ll.
1030 5852 1199 5927 Quam
1233 5855 1428 5925 fortiter
1459 5853 1939 5927 EcclesimPelayii
1976 5860 2170 5915 doctri-

586 5935 708 5977 nam
732 5923 983 5993 rejecerit.
1020 5922 1179 5978 Sedes
1199 5922 1499 5997 apostolica,
1527 5929 1802 5987 concilium
1831 5922 2169 5987 P'altestinum

2290 2105 2486 2145 errores
2526 2087 2816 2154 abnegavit.
2871 2087 2978 2144 Sub
3017 2087 3153 2143 idem
3194 2087 3391 2159 tempus
3436 2089 3782 2158 Hieronymus
3824 2091 3880 2144 in

2293 2159 2603 2233 Pelagianos
2637 2160 2882 2230 Dialogos
2920 2163 3146 2233 scripsit.
3181 2159 3546 2233 Pelagianiuab
3584 2160 3752 2233 Attico
3792 2178 3881 2213 ar-

2293 2228 2462 2303 chiep.
2514 2228 2905 2301 Constantinop.
2940 2232 3202 2301 repulsam
3241 2228 3396 2301 passi.
3438 2230 3602 2303 Ejecti
3645 2228 3877 2302 Epheso.

2294 2301 2445 2357 Pulsi
2470 2319 2494 2356 e
2526 2303 2730 2357 Sicilia.
3480 2301 3488 2303 ⁷
3699 2301 3704 2302 ⁷
3811 2346 3815 2349 .

2365 2374 2453 2430 59.
2500 2372 2677 2427 Prima
2707 2374 2887 2427 recidit
2920 2374 3111 2442 Roma,
3145 2374 3353 2429 scilicet
3385 2390 3479 2442 per
3503 2373 3879 2433 Innocentium

2294 2446 2338 2513 1,
2385 2461 2525 2498 anno
2556 2446 2679 2512 417,
2722 2446 2929 2515 quando
2961 2447 3042 2515 (ut
3082 2448 3158 2500 ait
3186 2446 3243 2502 S.
3279 2446 3513 2514 Prosper
3544 2447 3642 2500 lib.
3686 2461 3878 2505 contra

2296 2517 2644 2576 Collatorem,
2676 2530 2791 2581 cap.
2826 2516 2919 2584 ‘21)
2947 2517 3109 2572 beata:
3137 2518 3392 2571 memoria:
3423 2516 3758 2572 Innocentius
3790 2538 3879 2575 ηε·

2297 2588 2441 2658 fandi
2468 2588 2650 2640 erroris
2677 2588 2872 2656 capita,
2911 2588 3180 2659 Pelagium
3224 2598 3278 2642 et
3304 2587 3640 2653 C(Blestium,
3666 2601 3879 2657 aposto-

2296 2661 2396 2712 lico
2447 2675 2684 2712 mucrone
2736 2660 3000 2727 percussit.
3064 2661 3317 2713 Praestitit
3381 2662 3483 2714 hoc
3534 2659 3879 2719 Innocentius

2296 2730 2503 2784 duabus
2526 2730 2663 2784 datis
2693 2730 2936 2801 epistolis
2968 2731 3031 2784 ad
3063 2731 3297 2801 synodos
3326 2730 3621 2795 Africanas,
3649 2734 3878 2788 Cartha-

2297 2802 2573 2870 ginensem
2605 2808 2661 2855 et
2691 2800 3101 2865 Milevitanam,
3124 2819 3243 2872 qua:
3278 2803 3520 2872 epistolae
3562 2814 3688 2859 sunt
3735 2805 3878 2862 inter

2297 2872 2739 2941 Augustinianas.
2773 2887 2915 2926 nunc
2950 2874 3043 2927 181
3088 2884 3141 2927 et
3168 2874 3287 2933 182.
3326 2883 3379 2928 et
3407 2877 3747 2942 postmodum
3772 2876 3877 2933 Zo-

2298 2944 2472 3017 ximus
2493 2958 2635 3017 anno
2658 2943 2784 3017 418_,
2812 2943 2864 3017 in
2889 2944 3110 3017 epistola
3139 2945 3204 3017 ad
3235 2944 3470 3000 Africani
3498 2947 3713 3017 concilii
3743 2963 3877 3017 prat-

2298 3015 2444 3069 sules
2475 3015 2596 3067 data
2644 3029 2715 3066 xu
2757 3012 2864 3066 kal.
2899 3015 3119 3082 Aprilis,
3154 3016 3222 3070 ab
3252 3018 3438 3085 eisque
3486 3031 3545 3070 ιιι
3588 3014 3697 3071 kal.
3743 3012 3876 3075 Maii

2300 3096 2537 3153 accepta.
2572 3085 2697 3138 Haec
2721 3100 2851 3156 vero
2878 3100 2982 3139 vox
3011 3087 3180 3155 prima
3209 3088 3309 3141 etsi
3338 3088 3656 3156 quibusdam
3691 3088 3871 3146 locum

2300 3156 2447 3229 dedit
2477 3155 2749 3229 asserendi
2782 3155 3119 3226 Pelagianam
3158 3155 3405 3211 haeresim
3441 3173 3469 3211 a
3500 3158 3630 3213 sede
3655 3171 3876 3229 aposto-

2303 3227 2425 3302 lica,
2467 3236 2590 3282 ante
2628 3228 2789 3302 ullam
2824 3228 3049 3302 aliorum
3092 3229 3470 3298 episcoporum
3509 3227 3872 3302 sententiam,

2301 3296 2465 3353 fuisse
2496 3300 2876 3368 proscriptum,
2915 3301 3036 3367 quia
3071 3296 3245 3354 tamen
3282 3296 3396 3354 haec
3431 3300 3614 3369 opinio
3645 3302 3713 3356 ab
3742 3296 3873 3359 cru;

2344 3372 2427 3423 itis
2473 3386 2579 3423 non
2622 3370 2932 3436 agnoscitur
2966 3371 3096 3424 satis
3144 3372 3437 3426 convenire
3484 3387 3605 3425 cum
3648 3372 3875 3433 historia

2301 3369 2427 3423 ditis
2473 3386 2579 3423 non
2622 3370 2932 3436 agnoscitur
2966 3371 3096 3424 satis
3144 3372 3437 3426 convenire
3484 3387 3605 3425 cum
3648 3372 3874 3433 historia

2220 3410 2266 3474 Ο
2296 3438 2569 3495 haereseos
2598 3440 2916 3509 Pelagianae,
2944 3441 3086 3495 hunc
3108 3442 3308 3496 nodum
3330 3441 3454 3495 aliis
3479 3444 3677 3511 placuit
3696 3444 3874 3503 diver-

2295 3512 2505 3588 simode
2528 3512 2738 3588 solvere
2761 3526 2777 3569 :
2797 3512 3014 3588 quidam
3034 3514 3179 3588 enim
3203 3529 3299 3588 per
3308 3528 3497 3588 vocem
3523 3516 3660 3588 hanc
3678 3518 3872 3588 prima,

2296 3584 2632 3649 prioritatem
2663 3582 2960 3652 dignitatis,
2988 3583 3175 3647 studii,
3207 3585 3586 3640 sollicitudinis
3612 3582 3875 3645 et'auctoé

2296 3654 2471 3709 ritatis
2497 3653 2720 3723 intelligi
2751 3654 2947 3708 debere
2976 3656 3344 3720 contendunt;
3375 3657 3461 3710 alii
3490 3665 3688 3722 autem,
3730 3661 3873 3715 ultro

2294 3724 2526 3797 fatentes
2563 3724 2939 3797 Africanorum
2973 3736 3024 3779 et
3049 3726 3405 3781 Orientalium
3441 3728 3640 3796 judicia
3674 3730 3873 3797 praelu-

2295 3796 2429 3851 sisse
2470 3796 2747 3850 sententiae
2799 3796 3092 3852 Innocentii
3153 3798 3206 3852 in
3252 3798 3590 3867 Pelagianos,
3631 3796 3752 3855 cum
3804 3803 3873 3857 ab

2295 3881 2436 3941 anno
2452 3866 2886 3941 412,7leestius
2906 3867 3189 3941 damnatus
3213 3866 3418 3937 legatur
3438 3870 3492 3924 in
3514 3872 3722 3941 synodo
3742 3872 3872 3928 Car-

2296 3938 2621 4004 thaginensi,
2648 3939 2733 3992 cui
2770 3938 3091 4005 prmsidebat
3122 3943 3392 4005 Aurelius,
3424 3950 3477 3993 et
3510 3938 3703 3996 iterum
3728 3958 3873 4000 anno

2294 4010 2399 4084 416
2432 4010 2673 4084 ibidem;
2729 4010 2891 4084 immo
2934 4021 2987 4063 et
3033 4026 3175 4084 anno
3203 4010 3330 4077 415,
3362 4013 3613 4084 Δῡίοςροιί
3656 4013 3874 4084 Pelagio

2293 4082 2566 4147 absoluto,
2600 4080 2823 4134 haeresis
2854 4096 3010 4150 quam
3051 4081 3302 4149 abjurare
3349 4082 3584 4138 finxerat
3618 4080 3871 4141 confossa

2295 4150 2531 4221 legatur;
2563 4168 2683 4205 cum
2718 4162 2895 4221 tamen
2927 4166 3033 4205 non
3063 4164 3187 4206 ante
3225 4169 3422 4207 annum
3454 4156 3558 4208 M7
3599 4155 3873 4211 Innocen-

2294 4220 2400 4277 tius
2430 4223 2450 4277 1
2478 4224 2721 4292 pluribus
2763 4220 3141 4277 Africanorum
3174 4223 3367 4279 litteris
3408 4226 3750 4293 sollicitatus,
3785 4243 3871 4283 reo

2291 4294 2591 4363 scripserit,
2623 4294 2896 4363 Pelagium
2927 4308 3049 4348 cum
3081 4294 3335 4350 (Itelestio
3379 4296 3869 4365 anathematizans,

2290 4368 2432 4433 quod
2464 4366 2693 4432 primum
2726 4366 2945 4418 omnino
2976 4364 3077 4419 fuit
3104 4365 3290 4419 Romae
3326 4369 3593 4435 prolatum
3632 4369 3683 4421 in
3718 4364 3871 4435 ejus;

2291 4436 2435 4508 modi
2465 4451 2708 4508 errorem
2737 4435 3037 4508 judicium;
3069 4438 3144 4490 illi
3170 4438 3352 4506 igitur,
3384 4439 3467 4491 his
3484 4439 3868 4508 consideratis,

2289 4506 2474 4578 dicunt
2518 4506 2855 4578 Pelagianam
2908 4507 3122 4575 quidem
3164 4522 3405 4562 errorem
3457 4509 3511 4562 in
3559 4509 3775 4578 Pelagio
3815 4506 3869 4569 et

2288 4576 2545 4631 C(elestio
2575 4576 2643 4631 ab
2671 4576 2935 4629 Africanis
2969 4580 3140 4646 primo
3169 4579 3504 4646 damnatum,
3533 4590 3587 4633 at
3610 4576 3869 4637 eumdem

2288 4647 2341 4720 in
2366 4647 2672 4720 Joviniano,
2703 4647 2857 4716 cujus
2889 4648 3143 4716 discipuli
3165 4660 3320 4704 erant
3344 4651 3639 4720 Pelagiani,
3664 4668 3694 4705 a
3727 4652 3869 4709 Siri-

2286 4719 2373 4772 cio
2404 4734 2536 4788 papa
2567 4718 3181 4790 duduﬁmproscriptnm,
3226 4734 3279 4775 et
3315 4722 3417 4775 hoc
3454 4718 3609 4790 pacto
3648 4723 3867 4780 diversa

2203 4797 2259 4857 ι)
2284 4799 2390 4865 tam
2421 4790 2677 4865 carminis
2706 4789 2859 4843 istius
2882 4805 3049 4865 quam
3067 4792 3290 4865 aliorum
3320 4792 3578 4847 librorum
3609 4794 3748 4861 loca,
3773 4799 3869 4865 qui

2284 4862 2457 4929 primo
2481 4861 2675 4914 intuitu
2705 4875 2945 4929 pugnare
2966 4862 3306 4929 videbantur,
3330 4864 3395 4917 ad
3420 4880 3637 4920 sensum
3671 4861 3869 4922 unani~

2282 4948 2427 4986 mum
2452 4933 2707 4987 reducere
2734 4942 3019 4988 conantur.
3049 4933 3152 4987 Alii
3173 4936 3364 4989 iterum
3393 4936 3713 5001 prioritatem
3734 4946 3868 4991 tem-

2282 5002 2423 5072 poris
2466 5004 2544 5057 sic
2581 5003 2909 5073 intelligunt,
2940 5013 2997 5058 ut
3029 5022 3133 5058 non
3163 5005 3405 5060 dividant
3429 5006 3647 5061 decreta
3673 5011 3868 5064 conci-

2284 5073 2477 5147 li_or_um
2523 5073 2919 5147 Africanorum,
2957 5075 3401 5147 Carthaginensis
3440 5087 3495 5131 et
3539 5077 3868 5146 Milevitani,

2282 5144 2350 5198 ab
2376 5144 2675 5219 lnnocentii
2704 5146 2965 5219 epistolis,
2995 5147 3091 5219 sed
3109 5144 3182 5202 ei
3205 5149 3269 5202 iis
3291 5163 3451 5203 unam
3477 5147 3679 5219 Pelagii
3704 5144 3870 5205 damé

2284 5217 2555 5288 nationem
2588 5215 2844 5288 conﬂent.
2892 5216 3129 5285 Denique
3157 5234 3262 5273 non
3296 5219 3583 5274 defuerunt
3607 5215 3701 5288 qui
3745 5236 3869 5276 rem

2281 5286 2519 5342 breviter
2548 5287 2798 5356 expediri
2845 5297 3153 5356 autument,
3198 5288 3443 5344 dicentes
3488 5286 3696 5346 vnculis
3742 5292 3870 5347 istis

2282 5360 2470 5431 prima,
2512 5368 2565 5413 et
2601 5374 2720 5428 qua:
2750 5367 2869 5425 post
2898 5374 3065 5428 pauca
3093 5362 3340 5429 sequitur
3364 5361 3508 5431 inde,
3544 5377 3649 5414 non
3688 5361 3863 5417 alium

2278 5429 2523 5484 ordinem
2564 5446 2723 5500 quam
2769 5432 3094 5486 narrationis
3126 5432 3404 5498 denotari;
3432 5429 3509 5487 uti
3538 5431 3650 5487 fere
3679 5433 3868 5491 solent

2279 5500 2370 5569 qui
2400 5503 2547 5570 plura
2569 5502 2831 5571 quzepiam
2856 5512 3099 5565 narrant,
3129 5504 3462 5557 coniusionis
3487 5503 3719 5558 vitandae
3740 5520 3867 5572 gra-

2279 5575 2351 5625 tia
2380 5574 2477 5625 has
2507 5573 2710 5627 ordinis
2739 5574 2954 5628 notulas
2987 5575 3311 5643 interjicere,
3341 5574 3484 5628 nulla
3516 5574 3730 5629 interim
3763 5575 3866 5630 ha-

2278 5644 2389 5698 bita
2429 5645 2720 5713 prioritatis
2750 5655 2842 5698 aut
2892 5646 3306 5713 posterioritatis
3333 5647 3561 5699 ratione.
3589 5645 3725 5710 Quin
3760 5646 3863 5702 ho-

2272 5730 2394 5771 rum
2412 5717 2608 5770 nullam
2639 5715 2724 5768 hic
2753 5730 2783 5768 a
2812 5730 2871 5771 se
2894 5718 3151 5771 rationem
3172 5716 3431 5783 habitam,
3454 5719 3583 5771 satis
3614 5720 3725 5786 ipse
3754 5720 3863 5772 Au-

2275 5799 2394 5843 eior
2416 5789 2674 5852 declarat,
2707 5786 2832 5839 dum
2859 5791 3034 5856 potius
3064 5790 3245 5843 omnia
3274 5788 3445 5843 videri
3471 5790 3580 5841 vult
3611 5788 3768 5842 simul
3798 5804 3864 5845 ac

2275 5858 2511 5935 diversis
2531 5859 2745 5935 quidem
2785 5858 2939 5935 locis,
2986 5861 3080 5935 sed
3111 5876 3216 5914 uno
3248 5861 3393 5917 velut
3433 5868 3678 5933 tempore
3705 5869 3863 5935 gesta

2273 5946 2415 5987 esse.
2445 5928 2637 5986 Iisdem
2659 5943 2813 5987 snwt.
2837 5932 3073 6001 decretis,
3107 5942 3215 5989 etc.
