4080 6354
3386 237 3413 287 ι

124 377 198 442 οἳ
1374 361 1658 425 canum
1696 365 1772 425 DE

1883 312 2177 425 tennis.
2447 433 2453 440 ,
2657 419 2666 430 ,
2841 417 2847 422 ,
2929 425 2985 432 ,,
3080 414 3086 420 .
3349 350 3421 419 ss

157 495 237 554 ιο
271 491 451 551 Sedes
477 488 645 546 Bon
675 481 856 552 Petri;
889 496 1010 554 quae
1040 479 1334 554 pastoralis
1354 480 1575 539 honoris
1751 489 1805 548 Α
1971 482 2089 552 ipsa
2108 488 2286 536 tamen
2303 479 2581 553 proprium
2597 492 2828 552 germen
2847 459 3155 535 damnando
3167 484 3419 546 necaret,

275 586 625 653 Factaeaput
649 573 1149 647 mundo,quidquid
1164 588 1270 630 non
1296 573 1735 644 possidetarmis,
1985 575 2092 633 Ore
2119 576 2317 632 malam
2352 576 2704 648 exstinguens
2729 573 3001 644 sobolem,
3029 589 3192 648 quam
3235 580 3428 646 protu-

279 677 594 749 Relligione
629 679 800 728 tenet.
829 667 949 724 Non
978 668 1194 739 segnior
1219 667 1344 723 inde
1369 665 1631 722 Omen-ts
1728 744 1730 749 Ι
2124 672 2186 727 lit,
2205 686 2322 728 οη,

96 748 105 781 1
280 744 582 829 Βθοιδτυω
609 781 741 824 cura
771 763 1035 821 emicuit:
1067 771 1396 833 captumque
1428 760 1645 817 nefandi
1728 744 1730 750 γ
1879 765 1949 820 55
2057 767 2208 822 Tunc
2264 763 2428 823 etiam
2477 764 2689 821 Bethlei
2742 763 2993 834 praelati
3049 761 3288 821 nominis
3333 761 3428 819 ho-

291 863 573 936 Dogmatis
598 864 880 915 auctorem
911 855 1241 910 constrinxit
1267 854 1382 924 lege
1411 853 1644 924 benigna

178 961 255 1020 45
289 956 674 1015 Commentum
689 952 958 1007 damnare
972 963 1126 1004 suum
1143 963 1158 1014 ;
1176 947 1276 1002 nisi
1292 961 1523 1017 corpore
1540 944 1741 1002 Christi

282 1050 520 1122 Abjungi
553 1057 609 1104 et
637 1055 828 1104 sancto
857 1043 1044 1099 mallet
1061 1057 1226 1113 grege
1245 1041 1549 1096 dissociari.

285 1146 434 1202 Lene
459 1141 681 1214 quidem
720 1139 849 1208 hoc,
883 1137 1223 1207 nimiumque
1269 1133 1444 1190 malos
1479 1133 1745 1188 tolerasse

363 1257 384 1310 χ
399 1261 412 1300 ε
433 1236 649 1291 videtur
1031 1241 1056 1255 “

289 1313 609 1386 ndicium:
638 1323 734 1381 sed
765 1331 952 1379 sancta
989 1321 1124 1378 tides
1147 1321 1394 1378 examine
1422 1321 1474 1376 in
1507 1321 1603 1376 illo

295 1421 439 1476 Vicit
457 1421 772 1475 oborturam
794 1415 916 1470 diro
947 1415 1015 1470 de
1043 1416 1253 1470 semine
1285 1415 1520 1484 prolem.

189 1516 255 1571 50
290 1515 658 1582 Prospectum
741 1521 974 1578 namque
1025 1516 1109 1562 est
1171 1504 1357 1562 divino
1396 1516 1453 1562 et
1524 1519 1751 1561 munere

446 1612 687 1667 cautum,

303 1700 461 1770 121
494 1697 565 1754 Ut
608 1695 737 1751 licet
767 1691 1060 1749 instantem
1101 1689 1385 1747 declinans
1427 1689 1601 1746 bestia
1635 1703 1754 1760 pm-

1583 1783 1753 1855 lnam.

297 1885 549 1942 Perﬁdite
576 1897 762 1939 secum
795 1895 990 1938 sensus
1022 1879 1289 1935 tenuisset
1317 1878 1574 1944 eosdem;

167 2147 264 2194 cat.
292 2127 458 2192 cent.
500 2127 550 2187 ό.
594 2132 696 2188 16;
731 2127 834 2183 Per
867 2127 1142 2197 apostolici
1183 2127 1460 2181 sacerdotii
1487 2128 1751 2198 principa-

170 2221 268 2263 tum
299 2207 529 2276 amplior
559 2206 698 2274 facta
742 2211 814 2256 est
844 2217 962 2276 arce
993 2201 1276 2276 religionis,
1307 2216 1461 2276 quam
1495 2199 1639 2276 solio_
1659 2216 1756 2268 po-

172 2269 620 2338 testdtisfsciliéet
643 2273 1034 2344 itnperatOrize.
1065 2271 1275 2344 Similia
1303 2271 1426 2325 vide
1455 2270 1593 2338 apud
1622 2269 1759 2344 ζιεοτ

172 2367 283 2406 nem
332 2349 467 2414 PP.,
516 2347 564 2403 si
606 2340 814 2400 non'et
854 2343 970 2398 haec
1008 2343 1122 2413 ipsa
1172 2341 1315 2396 illius
1344 2351 1490 2407 sunt,
1521 2349 1578 2395 ut
1613 2340 1758 2397 docti

170 2419 786 2493 quidam__suspi_cantur.

234 2493 324 2547 4‘2.
371 2491 602 2544 Orientis
631 2497 904 2540 rectorum.
940 2485 1017 2539 De
1048 2483 1334 2538 Palaestina
1383 2485 1593 2552 synodo
1636 2484 1761 2538 Dio-

172 2563 308 2633 spoli
335 2563 519 2616 habita
555 2559 800 2633 loquitur
847 2560 1049 2633 Auctor
1078 2566 1283 2633 noster.
1328 2555 1442 2610 Huc
1473 2555 1762 2633 perductus

169 2627 349 2690 fuerat
386 2627 660 2698 Pelagius,
702 2630 960 2682 intentata
995 2628 1047 2680 in
1097 2628 1272 2686 ipsum
1305 2627 1762 2698 accusationeab

174 2705 383 2760 ﬂerote
418 2710 475 2756 et
501 2695 706 2754 Lazaro
731 2699 992 2768 episcopis
1019 2698 1208 2761 Gallis,
1244 2697 1344 2750 hoc
1375 2697 1637 2764 Aquensi,
1669 2695 1764 2768 illo

172 2790 310 2832 vero
345 2773 672 2835 Arelatensi,
707 2767 830 2824 licet
858 2782 1080 2839 utroque
1105 2770 1234 2822 sede
1277 2783 1370 2822 sua
1413 2771 1587 2836 pulso,
1619 2767 1764 2838 quod

179 2846 482 2916 contigisse
509 2841 717 2916 videtur
741 2857 878 2894 anno
899 2843 1024 2896 ME).
1062 2842 1114 2892 tn
1140 2839 1242 2893 hac
1269 2839 1542 2916 Pelagius,
1569 2842 1766 2916 absen-

177 2911 423 2973 tibusbb
451 2911 777 2968 necessarias
812 2926 1001 2966 causas
1049 2912 1481 2977 accusatoribus,
1524 2911 1762 2977 auditus,

171 2987 407 3058 singulis
455 2985 616 3040 oblati
671 2985 738 3058 ab
788 2983 939 3058 ipsis
967 2983 1132 3058 libelli
1176 2980 1442 3058 articulis
1475 2981 1768 3058 antiit-inse

172 3051 533 3126 respondens,
575 3055 742 3108 multa
784 3055 1128 3108 simulatione
1169 3051 1380 3126 jttdiees
1428 3052 1501 3106 ita
1545 3052 1762 3126 delusit,

175 3142 232 3184 ut
265 3123 445 3184 tamen
475 3128 735 3193 abjuratis
759 3134 811 3179 et
843 3126 1112 3179 damnatis
1137 3124 1438 3187 erroribus,
1472 3125 1586 3194 ipse
1609 3123 1769 3178 inuo-

177 3217 304 3257 cens
331 3209 386 3254 et
417 3209 580 3253 recta:
609 3197 731 3250 lidei
760 3196 1224 3264 pronuntiaretur.

244 3273 331 3328 45.
373 3270 709 3339 Captumque,
749 3278 884 3339 etet
905 3265 1180 3338 Pelagium
1208 3267 1280 3320 ad
1307 3266 1687 3339 'proferendam
1712 3269 1767 3319 in

179 3361 232 3398 se
267 3338 485 3412 suosque
517 3340 818 3412 sententiam
859 3338 1260 3412 Palaestinorum
1291 3338 1649 3412 episcoporum
1680 3354 1766 3408 sy-

182 3416 340 3468 nodus
368 3407 670 3474 coarctavit,
699 3411 792 3464 lib.
826 3422 1012 3463 contra
1042 3409 1236 3462 Collat.
1265 3424 1315 3461 c.
1348 3407 1440 3461 2L

250 3487 338 3541 5|.
371 3483 571 3538 Bestia.
607 3482 855 3550 Pelagius
896 3481 1128 3534 scilicet.
1165 3479 1418 3533 l’atribns
1461 3494 1568 3532 non
1599 3478 1769 3534 infre-

186 3572 348 3628 quens
374 3556 430 3628 in
469 3549 756 3609 luereticos
783 3562 1135 3607 contumaces
1179 3550 1640 3620 appellationibus
1695 3549 1772 3605 uti

186 3627 511 3683 durioribus.

253 3700 336 3756 52.
367 3699 568 3752 Sensus
600 3696 849 3749 tenuisset
871 3695 1097 3749 eosdem.
1127 3692 1284 3759 Quia,
1311 3693 1485 3762 inquit
1515 3692 1774 3764 Augusti-

189 3787 302 3834 nos,
326 3769 420 3824 lib.
456 3785 472 3822 ι
502 3777 645 3822 cont.
695 3767 896 3821 Julian.
941 3781 990 3820 c.
1022 3764 1078 3831 5,
1123 3766 1177 3818 id
1222 3765 1362 3836 quod
1410 3765 1612 3835 negavit
1659 3779 1772 3832 ore,

191 3847 335 3896 corde
356 3841 609 3893 ’τιτθαὶ-ξε.

257 3915 344 3970 55.
383 3911 602 3965 Bulttei.
635 3908 836 3965 Vocem
867 3907 1185 3962 chraicam
1217 3906 1483 3961 Bethleem
1524 3908 1591 3960 ad
1623 3905 1773 3960 Lati-

196 4001 309 4067 nam
340 3983 778 4108 tegmitrtionem
801 3979 1031 4048 inﬂexit,
1055 3980 1294 4050 fecitque
1320 3977 1610 4047 Bethleam,
1630 3976 1775 4033 unde

196 4063 346 4108 sentt.
430 4067 474 4107 et
498 4073 510 4106 I
538 4070 609 4107 es.

196 4055 346 4124 getiit.
379 4054 609 4108 Betltlei.

260 4129 390 4181 lbtd.
448 4124 704 4180 Prwclari
747 4123 989 4177 nominis.
1033 4122 1113 4179 Ob
1167 4123 1537 4178 celebritatem
1596 4121 1772 4187 famae,

202 4187 327 4254 forte
378 4199 540 4252 etiam
593 4196 664 4251 ob
710 4206 932 4266 elymon
973 4193 1211 4250 nominis
1261 4192 1592 4264 Hieronymi.
1623 4193 1776 4262 quasi

202 4269 342 4323 Sacri
372 4269 616 4322 nominis.

263 4342 349 4396 57.
384 4340 675 4406 Mundique
696 4338 966 4406 magister.
991 4336 1082 4392 Sic
1107 4336 1174 4393 de
1211 4338 1308 4392 illo
1341 4336 1582 4390 Breviar.
1615 4334 1774 4389 Rom.

201 4414 375 4467 ultima
406 4411 688 4480 Septemb.
725 4407 1055 4478 :Tamquam
1080 4409 1148 4460 ad
1180 4407 1453 4463 oraculum
1498 4421 1562 4480 ea:
1600 4407 1776 4480 omni-

201 4486 284 4537 bus
319 4485 455 4537 orbis
487 4477 918 4552 ierrwpartibus
945 4481 1013 4552 ad
1044 4480 1214 4552 ipsum
1261 4480 1448 4552 diuina:
1490 4477 1780 4552 scriptura

203 4555 497 4624 quastiones
540 4547 863 4624 explicanda:
907 4549 1480 4624 referebantur.rlllum_
1521 4547 1781 4624 Damasus

203 4619 443 4694 pontifex,
477 4625 631 4678 illum
668 4622 728 4678 S.
754 4619 1078 4694 Augustinus
1109 4621 1172 4675 de
1201 4623 1328 4676 locis
1361 4620 1650 4694 Scriptura:
1673 4619 1780 4694 dif.

205 4691 439 4763 ﬁcillimis
473 4711 612 4764 sepe
652 4691 930 4755 consuluit,
963 4703 1172 4764 prapter
1199 4696 1312 4761 ejus
1341 4692 1659 4764 singularem
1683 4691 1782 4764 do-_

204 4758 430 4838 striatam,
462 4776 510 4820 et
539 4758 731 4838 linguce
753 4780 872 4838 non
897 4758 1080 4838 solum
1121 4758 1326 4838 Latins:
1365 4758 1657 4838 et'ercw,
1690 4760 1782 4815 sed

206 4835 466 4892 Hebraicar
486 4833 641 4890 etiam
665 4845 709 4889 et
741 4833 1039 4906 Chaldaiete
1063 4835 1484 4906 intelligentiam.

265 4909 347 4965 5&
392 4908 585 4973 Libris,
617 4905 923 4976 praesertim
956 4903 1327 4977 Dialogorum,
1362 4914 1416 4959 et
1444 4903 1684 4972 Epistola
1712 4903 1781 4958 ad

206 4978 624 5049 Ctesiphontem.

153 5087 158 5096 ι
270 5045 360 5108 59ζ
390 5051 648 5106 Disseeuit
674 5067 686 5103 :
711 5047 828 5103 Non
867 5047 1006 5103 adeo
1048 5047 1120 5102 ob
1148 5047 1502 5103 acrimoniam
1549 5047 1699 5117 styli,
1725 5045 1795 5103 de

157 5135 160 5142 '
206 5137 302 5192 qua
334 5124 540 5178 ibidem
574 5121 784 5192 Brev.:
817 5117 1106 5192 Hareticos
1132 5120 1397 5192 acerrimis
1427 5118 1633 5190 scriptis
1672 5134 1798 5192 exa-

206 5189 411 5262 gitavit;
460 5209 621 5263 quam
668 5191 794 5261 quia
838 5191 990 5245 libris
1036 5189 1154 5245 istis
1205 5190 1460 5263 subtilem
1508 5189 1794 5263 quamdam

206 5260 570 5320 callidissima
594 5260 868 5317 haereseos
895 5271 1184 5316 anatomen
1215 5261 1360 5327 fecit,
1386 5262 1623 5330 noscique
1653 5260 1797 5314 dedit

165 5349 175 5412 δ
209 5335 285 5406 (ut
300 5337 352 5391 in
378 5351 542 5393 versu
557 5333 1132 5412 sequitur)__ipsa_ve_lnt
1151 5334 1340 5387 intima
1368 5333 1514 5412 illius
1540 5333 1746 5412 viscera
1775 5348 1789 5384 :

209 5404 383 5477 utpote
409 5422 534 5464 cum
565 5416 790 5462 essetex
822 5404 992 5474 iisqui
1015 5404 1133 5477 eius
1163 5421 1344 5477 sensus
1373 5404 1678 5477 diligentius
1704 5404 1790 5456 in-

211 5475 387 5550 dagare
409 5485 728 5550 Potuerunt;
754 5484 902 5550 teste
929 5475 1136 5550 synodo
1165 5475 1390 5550 Milevit.
1416 5475 1790 5550 adiunocent.

211 5497 270 5528 ua
335 5497 387 5534 re
409 5497 728 5550 posuerunt;
762 5497 902 5530 wsu:
929 5497 1136 5546 synuuo
1165 5497 1390 5530 tuuevu.
1416 5497 1482 5528 au
1508 5497 1579 5529 llll

211 5497 561 5620 Planepistola
594 5550 734 5620 inter
763 5545 1208 5620 Augustinianas.
1236 5547 1460 5620 176,_al.
1487 5545 1579 5620 99..

276 5615 560 5675 63.'Docto
591 5619 757 5674 bonus
779 5633 887 5683 ore,
914 5616 963 5670 id
993 5627 1098 5685 est,
1125 5617 1337 5674 erudite
1367 5617 1655 5674 facundus.
1677 5615 1800 5672 Vir-

213 5691 400 5762 giliane
428 5693 662 5761 scilicet,
694 5689 774 5744 uti
805 5688 1023 5744 Aineid.
1049 5704 1104 5744 rx
1135 5707 1149 5742 :

295 5794 390 5848 Hic
406 5794 569 5860 iaculo
593 5796 772 5858 bonus,
793 5791 874 5842 hic
896 5791 1044 5856 longe
1063 5790 1268 5844 fallente
1289 5793 1492 5857 sagitta.
1511 5781 1516 5787 ’

277 5903 416 5961 lbid.
447 5902 714 5962 Sacerdos
738 5899 939 5958 dicitur
966 5900 1204 5969 Atticus,
1232 5898 1358 5970 quia
1375 5897 1659 5970 proprium
1689 5904 1803 5953 tum

1805 4844 1862 4906 D

2127 875 2278 931 spes,

1989 953 2218 1008 Hebraeo
2243 952 2406 1007 simul
2434 959 2490 1007 et
2516 951 2702 1016 Graio,
2734 950 2995 1022 Latioque
3025 959 3290 1006 venustus

1991 1046 2242 1115 Eloquio,
2262 1059 2474 1100 morum
2496 1042 2833 1111 exemplum,
2859 1041 3152 1111 mundique
3173 1041 3431 1112 magister

1991 1140 2360 1205 Htaaonvttus,
2394 1138 2546 1194 libris
2585 1136 2745 1193 valde
2783 1135 3178 1192 excellentibus
3217 1134 3433 1192 hostem

1991 1232 2286 1299 Dissecuit,
2313 1231 2573 1302 noscique
2602 1229 2756 1284 dedit
2777 1243 2885 1299 quo
2910 1227 3124 1282 turbine
3148 1241 3330 1283 veram

1885 1326 1956 1384 60
1994 1325 2212 1382 Vellent
2239 1333 2446 1380 exorta:
2468 1323 2644 1379 lucem
2673 1322 2975 1378 obscurare
3001 1319 3268 1376 tenebrae.

2062 1417 2206 1486 Quid
2235 1419 2442 1488 loquar,
2474 1426 2531 1473 et
2557 1430 2747 1472 curam
2781 1427 2977 1485 magna
3005 1427 3166 1485 quam
3195 1411 3362 1484 gessit
3384 1411 3441 1468 in

2139 1510 2272 1566 urbe

1997 1603 2493 1672 Constantinopoli,
2517 1601 2680 1657 docto
2709 1599 2887 1656 bonus
2917 1613 3013 1654 ore
3039 1595 3304 1654 sacerdos

2001 1696 2255 1762 Arrtcus,
2283 1697 2501 1766 antiqua
2527 1695 2732 1764 legatos
2753 1693 3139 1749 haereticorum

2004 1787 2350 1845 Confutando
2373 1788 2511 1842 [idet
2540 1788 2616 1843 De
2643 1801 2752 1858 qua
2781 1795 2912 1842 tunc
2937 1785 3101 1855 impia
3132 1782 3320 1848 corda,

1900 1882 1970 1939 65
2014 1882 2274 1951 Quamvis
2303 1896 2365 1938 se
2393 1880 2628 1938 obducta
2671 1888 2918 1952 tegerent
2959 1876 3228 1934 velamine
3274 1874 3447 1931 forma

359 2062 654 2133 Quidquid,
677 2076 780 2133 non
811 2057 1195 2133 possidet,__et_c.
1229 2056 1303 2110 Ita
1337 2055 1504 2133 libr-ll
1549 2054 1618 2133 de
1639 2055 1743 2133 γο-

1883 2072 1974 2118 :rat
2009 2063 2284 2131 episcopis
2330 2077 2547 2128 nomen,
2578 2062 2723 2131 quod
2756 2078 2900 2119 nunc
2943 2077 2974 2119 e
3003 2071 3200 2119 contra
3221 2076 3324 2118 usu
3345 2061 3449 2119 Ec-

1861 2135 2173 2206 clesiastico
2196 2135 2442 2189 relictum
2468 2136 2822 2206 presbyteris.

1935 2205 2024 2262 64.
2061 2205 2138 2261 De
2181 2224 2302 2274 qua.
2334 2222 2430 2262 seu
2462 2222 2490 2258 a
2523 2205 2666 2276 qua;
2700 2220 2898 2275 nempe
2936 2205 3081 2271 urbe,
3113 2219 3221 2259 non
3269 2213 3450 2262 autem

1861 2278 1988 2348 ﬁde,
2019 2290 2074 2341 ut
2109 2279 2282 2342 putari
2327 2285 2531 2348 posset.
2568 2277 2885 2348 completur
2935 2292 3067 2331 vero
3114 2277 3450 2348 constructio

1864 2347 1961 2419 per
1986 2350 2290 2420 sequentia.
2323 2347 2523 2402 Tacita
2563 2347 2786 2402 tulerant
2830 2359 3085 2404 tormenta
3125 2347 3454 2420 repalsteald

1865 2418 1969 2484 est,
2005 2418 2227 2475 inauditi
2260 2421 2463 2488 repulsi
2507 2433 2605 2475 seu
2661 2421 2870 2489 expulsi
2922 2429 3066 2473 sunt.
3118 2420 3253 2472 Cum
3303 2418 3451 2474 enim

1865 2492 2166 2562 Pelagiani,
2193 2503 2312 2560 post
2335 2491 2536 2545 Zosimi
2562 2496 2908 2555 sententiam,
2940 2489 3302 2560 imperialibus
3323 2505 3454 2562 quo-

1864 2579 1970 2629 que
2004 2559 2254 2617 decretis
2304 2564 2434 2616 sede
2484 2576 2580 2615 sua
2633 2563 2902 2616 exturbati
2955 2559 3157 2623 esSettt,
3191 2559 3450 2628 quosdam

1865 2649 2086 2688 suorum
2133 2633 2662 2700 Constantinopolim
2709 2634 2990 2692 miserunt.
3025 2631 3113 2686 ubi
3145 2633 3346 2685 erroris
3371 2635 3454 2687 sui

1866 2705 2200 2776 impietatem
2230 2703 2660 2776 dissimulantes,
2693 2717 2752 2776 se
2781 2702 3456 2776 causatnqnesnamfalsa

1866 2771 2048 2846 specie
2077 2777 2440 2831 abduxerunt.
2463 2774 2665 2829 Verum
2698 2775 2749 2827 in
2781 2790 2841 2830 ea
2874 2771 3456 2846 civitatebcatogloan-

1867 2843 1921 2903 ni
1948 2845 2339 2919 ChrySostonto
2386 2847 2598 2919 Atticus
2643 2855 3001 2919 successerat,
3034 2844 3182 2919 illius
3224 2843 3348 2919 tidci
3376 2843 3456 2919 dij

1867 2933 2005 2989 gnus
2044 2915 2347 2984 ai-mulator,
2385 2919 2475 2986 qui
2516 2918 2617 2989 hoc
2641 2918 2702 2989 in
2739 2931 2866 2972 casu
2907 2916 3132 2989 scientia
3161 2930 3258 2989 sua
3298 2915 3458 2970 simul

1867 2987 1922 3044 et
1955 2989 2248 3060 episcopali
2275 2990 2473 3044 virtute
2498 2987 2770 3060 adhibita,
2798 3003 2986 3060 eorum
3018 2987 3342 3056 legationem
3370 3000 3456 3041 re~

1865 3059 2018 3131 jecit,
2052 3063 2326 3128 antiquam
2359 3061 2464 3114 illis
2493 3059 2753 3113 Ecclesia:
2798 3059 2958 3113 tidem
3002 3073 3305 3131 opponens,
3329 3071 3455 3131 eos_-_

1868 3127 2100 3202 demque
2123 3127 2228 3185 tam
2261 3133 2462 3186 acriter
2490 3131 2788 3202 insectatus
2817 3141 2925 3202 est,
2950 3140 3100 3184 utne
3128 3127 3460 3202 consistendi

1869 3197 2085 3274 quidem
2115 3204 2166 3256 itt
2196 3204 2326 3257 urbe
2354 3202 2627 3256 licentiam
2659 3201 2836 3274 daret.
2866 3201 3095 3268 Quinam
3124 3212 3306 3274 autem
3345 3197 3462 3274 fne-

1870 3271 1980 3329 fint
2005 3275 2382 3328 lmreticorum
2407 3274 2566 3342 legati
2593 3287 2696 3326 non
2723 3273 2930 3342 liquet;
2964 3274 3067 3327 nisi
3092 3273 3234 3342 quod
3262 3271 3462 3342 Marius

1872 3345 2137 3402 Mercator
2165 3346 2356 3400 ducem
2388 3341 2606 3399 illorum
2660 3341 2829 3411 ponat
2873 3344 3210 3409 (Zmlestium,
3241 3341 3311 3397 de
3355 3354 3462 3410 quo

1876 3419 2033 3483 paulo
2065 3428 2186 3485 post
2225 3418 2436 3470 initium
2482 3412 2898 3469 Comntonitorii
2944 3416 3015 3468 ita
3055 3415 3249 3469 scribit
3285 3429 3300 3467 :
3334 3411 3462 3467 Post

1875 3490 2193 3558 atiquantos,
2227 3487 2422 3556 inquit,
2453 3503 2618 3540 annos
2642 3486 2917 3554 (nimirum
2948 3501 2976 3538 a
3008 3485 3466 3558 condemnatioue

1875 3553 1972 3613 sua
2023 3553 2460 3623 Cartltaginensi,
2497 3553 2722 3611 Paulino
2753 3557 2984 3611 diacono
3016 3559 3325 3622 accusante)
3368 3553 3463 3609 sub

1876 3648 1920 3685 s.
1955 3646 2106 3683 mem.
2139 3630 2305 3683 Attico
2334 3631 2596 3700 epismpo.
2631 3629 2803 3681 urbem
2826 3627 2938 3682 ΟΡ.
2963 3629 3146 3699 petiit;
3181 3626 3268 3700 ubi
3303 3625 3357 3678 in
3395 3625 3466 3678 si-

1878 3702 2086 3754 milibus
2107 3697 2573 3769 detectus,magno
2600 3700 2772 3752 studio
2798 3697 3122 3754 sancti'illius
3146 3697 3241 3750 viri
3269 3713 3304 3750 a
3328 3709 3465 3765 prte-

1878 3773 2017 3826 dicta
2041 3773 2179 3826 alma
2210 3772 2331 3825 urbe
2353 3773 2592 3825 detrusus
2624 3779 2718 3826 est.

1949 3844 2037 3898 65.
2066 3843 2311 3912 Lugdun.
2345 3841 2512 3896 editio
2543 3841 2658 3896 sola
2686 3856 2702 3895 :

1974 3958 2201 4017 Quamvis
2221 3971 2276 4007 se
2301 3957 2512 4006 obducto
2534 3945 2770 4017 tegerent
2788 3954 3033 4005 velamine
3053 3953 3225 4015 forma,

1971 4021 2148 4070 Judicii
2173 4027 2224 4070 et
2245 4021 2406 4070 tacita
2431 4019 2639 4068 tulerint
2657 4025 2899 4068 tormenta
2925 4018 3158 4080 repulsas.

1884 4126 2162 4211 Editiones
2203 4123 2632 4190 Lovan.,Duac.
2689 4129 2744 4179 et
2789 4119 2982 4178 Colon.
3021 4131 3076 4179 et
3121 4121 3245 4179 alite
3293 4128 3472 4193 potte-

1882 4213 2058 4254 l‘lOl'ei
2087 4213 2102 4251 2

1976 4291 2203 4349 Quamvis
2225 4301 2281 4337 se
2299 4288 2507 4338 obducta
2525 4294 2764 4350 tegerent
2786 4285 3032 4336 velamine
3050 4285 3222 4350 forma,

1976 4347 2156 4403 J'udicli
2183 4358 2235 4401 et
2261 4353 2423 4401 tacita
2446 4347 2664 4401 tulerant
2688 4357 2931 4400 tormenta
2955 4347 3197 4412 repulse:

1959 4460 2062 4516 Pro
2101 4460 2295 4529 quibus
2327 4458 2651 4529 novissimus
2678 4456 2843 4527 hujus
2871 4456 3130 4529 carminis
3158 4455 3335 4512 editor
3361 4442 3490 4514 Lo-I

1892 4528 2167 4587 vaniensis
2200 4532 2389 4586 doetor
2413 4539 2470 4586 et
2490 4528 2770 4600 professor
2797 4529 2979 4599 regius
3005 4528 3109 4599 legi
3141 4529 3258 4584 vult
3283 4545 3298 4583 :
3487 4535 3494 4542 '

1977 4642 2207 4705 Quamvis
2227 4655 2283 4691 se
2305 4640 2526 4705 obductae
2545 4645 2783 4705 tegerent
2804 4639 3046 4705 velamine
3062 4640 3232 4691 forma

1975 4704 2174 4767 Judicii,
2200 4705 2362 4754 tacita
2385 4702 2875 4755 tulerunt'tormenta
2905 4702 3136 4767 repulsa.

1961 4820 2034 4875 Ita
2056 4818 2168 4890 iam
2197 4834 2267 4873 ex
2297 4816 2612 4887 conjectura
2651 4816 2947 4872 emendans
2991 4816 3171 4890 locum
3213 4815 3477 4873 hactenus

1897 4887 2392 4960 corruptissimum,
2417 4903 2540 4942 cum
2573 4897 2880 4960 opportune
2917 4887 3174 4944 incidisse
3203 4902 3262 4944 se
3298 4896 3484 4960 narrat

1899 4965 1955 5019 in
1983 4958 2316 5040 scriptorem
2351 4961 2676 5040 modernnum
2700 4959 2790 5040 sic.
2806 4973 3019 5028 quoque
3060 4960 3361 5040 legentem;
3389 4958 3483 5040 qui

1897 5035 2050 5105 quasi
2079 5027 2186 5088 non
2215 5031 2352 5085 satis
2379 5034 2506 5084 Iisns
2538 5032 2637 5105 bac
2666 5027 3323 5105 leutio’ne._'sttpradictam
3353 5027 3480 5105 alibi

1900 5100 2206 5162 insinuabat
2227 5118 2347 5157 cum
2371 5117 2504 5157 voce
2527 5101 2776 5155 tulerunt.
2809 5100 3099 5169 Subjungit
3133 5115 3346 5170 quoque
3372 5101 3484 5154 dis-

1903 5178 2104 5248 plicere
2145 5187 2367 5244 prorsus
2408 5173 2509 5248 sibi
2551 5172 2691 5248 istud
2723 5181 2793 5248 et,
2825 5171 2968 5248 quod
3019 5172 3304 5241 irrepsisse
3330 5177 3484 5248 putat

1900 5240 2219 5317 supplenda:
2250 5245 2532 5317 sententia:
2565 5243 2766 5317 alioqui
2809 5240 3037 5317 mutilam,
3061 5240 3182 5317 cum
3206 5240 3342 5317 _pro'
3367 5240 3487 5297 Vir-

1898 5313 2122 5392 giliano,
2147 5317 2395 5392 tulerunt,
2423 5313 2675 5392 imperita
2713 5313 3094 5370 emendatione
3118 5313 3222 5383 legi
3242 5320 3485 5384 emptum

1901 5388 2004 5452 Est.
2031 5390 2268 5452 tulerint,
2296 5395 2388 5440 aut
2418 5388 2668 5439 tulerant.

1973 5462 2110 5518 ibid.
2145 5458 2342 5513 Forma
2364 5452 2582 5529 judieii.
2611 5455 2844 5528 Speciem
2881 5452 3075 5529 judicii
3105 5453 3318 5529 diceret
3336 5455 3490 5514 Taci-

1903 5544 1990 5590 tus
2023 5552 2036 5587 :
2071 5533 2165 5588 sed
2195 5525 2382 5584 noster
2414 5539 2589 5583 metro
2634 5525 2843 5582 servire
2882 5525 3097 5583 debuit.
3124 5525 3272 5583 Hanc
3312 5538 3490 5588 autem

1901 5606 2086 5678 iudicii
2131 5605 2366 5678 speciem
2415 5601 2550 5678 forte
2583 5597 2724 5678 idem
2768 5597 3034 5678 Mercator
3078 5599 3336 5678 insinuat,
3361 5615 3490 5678 cum

1905 5667 2177 5747 signiﬁcat
2223 5674 2535 5729 leestium
2593 5671 2644 5722 in
2696 5667 2908 5738 synodo
2963 5667 3377 5747 Carthagineosi
3423 5670 3490 5747 ad

1907 5739 2093 5805 sedem
2141 5748 2492 5820 apostolicam
2537 5739 3015 5820 prov.ocasse,_sed
3062 5739 3265 5820 mutata
3295 5741 3490 5820 deinde

1909 5811 2200 5887 sententia,
2218 5811 2736 5887 Constantinopolim
2759 5811 2943 5887 specie
2959 5812 3342 5887 appellationis
3361 5826 3490 5868 con~

1912 5895 2136 5965 fugisse.
2170 5879 2294 5950 llaec
2325 5905 2485 5962 supra
2514 5879 2713 5942 citatus
2743 5879 2934 5942 doctor
2957 5879 3162 5942 Levan.
3273 5883 3280 5887 ’
