4080 6354
601 334 710 397 105

600 458 706 517 100
742 456 965 515 lnsanas
991 456 1245 530 pepulere
1266 455 1435 522 feras,
1467 453 1733 511 industria
1759 454 1957 525 major,

741 553 913 625 Majas
938 567 1094 624 opus,
1122 557 1295 606 totum
1326 549 1677 620 pratstantius
1705 547 1906 605 imbuit
1934 548 2146 604 orbem.

738 645 872 703 Nam
936 656 1281 715 quocumque
1336 640 1563 713 gradum
1619 640 1896 699 convertit
1954 639 2185 696 callidus

874 738 1048 795 hostis
1078 777 1096 803 ,

738 831 961 900 Quaque
990 844 1089 901 per
1120 828 1378 899 ambages
1409 843 1611 899 anceps
1641 828 1748 884 iter
1789 830 1897 900 egit
1922 836 2142 899 opertas
2162 867 2179 895 ,

738 922 906 993 Hujus
932 922 1002 976 ab
1031 936 1259 977 occursu
1288 930 1373 976 est
1400 930 1727 991 praeventus,
1758 921 1905 976 mille
1939 919 2145 976 viarum

598 1018 702 1075 105
738 1016 956 1073 Insidiis
979 1016 1184 1071 aditum
1213 1031 1320 1071 non
1350 1015 1793 1087 repperientibus
1823 1016 2019 1070 ullum.

730 1107 973 1180 Cumque
1020 1110 1151 1165 foris
1198 1109 1377 1165 rabies
1426 1109 1709 1166 avidorum
1752 1110 1973 1165 exclusa
2027 1108 2183 1179 lupo-

876 1218 999 1257 rum

732 1295 1051 1362 Frenderet,
1077 1296 1239 1367 inque
1267 1310 1459 1353 omnes
1493 1296 1775 1352 mendacia
1805 1302 2053 1351 verteret
2082 1308 2177 1348 ar-

874 1400 956 1446 tes
981 1408 997 1447 ζ

731 1483 809 1540 Ne
839 1493 1051 1539 mentes
1073 1483 1303 1538 ullarum
1352 1483 1533 1537 ovium
1576 1496 1927 1552 corrumpere
1951 1490 2137 1552 posset
2160 1524 2174 1549 ,

729 1574 845 1632 Neu
873 1576 1038 1632 dubia
1064 1576 1301 1645 obliquis
1329 1576 1573 1631 turbaret
1600 1576 1764 1631 corda
1793 1575 2069 1645 querelis;

592 1669 695 1727 110
734 1668 891 1724 Istius
920 1682 1016 1723 ore
1036 1667 1140 1722 viri
1170 1666 1305 1723 fecit
1327 1667 1506 1734 Deus;
1542 1668 1698 1724 istius
1730 1682 1825 1723 ore

727 1760 976 1817 Flumina
1018 1759 1286 1816 librorum
1332 1760 1591 1817 mundum
1625 1760 1890 1817 efﬂuxere
1931 1774 2031 1831 per
2059 1774 2176 1815 om-

867 1867 990 1908 nem
1015 1892 1034 1921 ,

729 1945 860 2014 Quae
886 1946 1049 2001 mites
1080 1945 1422 2018 humilesque
1454 1946 1679 2015 bibunt,
1712 1948 2029 2020 campisque
2058 1949 2174 2004 ani-

868 2051 1079 2091 morum

726 2128 953 2186 Certant
978 2129 1161 2185 vitalis
1186 2129 1447 2185 doctrinae
1478 2132 1773 2188 immittere
1801 2132 1971 2188 rivos.

796 2228 817 2246 ‘
846 2221 1056 2285 lucus
1088 2223 1407 2291 procellosa:
1437 2224 1667 2294 disjecto
1700 2224 1915 2281 turbine
1957 2225 2166 2295 noctis,

587 2314 691 2372 115
727 2313 883 2370 Heu!
917 2329 1055 2369 nova
1084 2314 1247 2382 bella,
1282 2315 1407 2371 novi
1447 2328 1635 2384 partus
1659 2317 1907 2373 oriuntur
1952 2318 2005 2373 in
2047 2318 2167 2389 ipso

726 2406 945 2463 Secura:
972 2405 1163 2460 matris
1190 2406 1394 2477 gremio
1421 2426 1434 2461 :
1463 2424 1581 2477 quae
1612 2424 1858 2465 crescere
1904 2410 2047 2465 natis

726 2497 851 2553 Visa
878 2498 1001 2565 sibi,
1032 2497 1246 2553 discors
1275 2498 1459 2554 horret
1483 2514 1819 2572 consurgere
1846 2515 2071 2570 germen
2097 2541 2113 2567 ,

725 2592 1028 2663 Degeneres
1075 2594 1322 2662 pavitans
1351 2593 1575 2650 inimico
1606 2612 1673 2649 ex
1702 2598 1909 2650 semine
1954 2595 2119 2651 foetus
2143 2635 2159 2661 ,

722 2685 783 2740 In
809 2684 1005 2755 quibus
1031 2695 1158 2740 ante
1187 2684 1302 2751 diu,
1336 2688 1520 2756 specie
1552 2685 1792 2753 fallente,
1825 2670 2092 2757 benignus

587 2779 687 2836 120
724 2778 950 2834 Errarat
974 2779 1256 2849 genitricis
1278 2794 1449 2847 amor,
1480 2794 1604 2835 cum
1635 2780 1867 2835 obducta
1896 2780 2105 2837 decoris

727 2873 986 2939 Moribus,
1021 2882 1263 2929 externa:
1289 2874 1475 2944 stirpis
1508 2882 1781 2944 tegeretur
1814 2875 1991 2947 origo.

726 2964 817 3021 Sic
842 2979 994 3020 venis
1014 2964 1247 3021 subeunt
1270 2964 1426 3032 falsa,
1455 2976 1509 3021 et
1530 2966 1856 3022 descrimine
1875 2981 2023 3023 casco
2043 3009 2061 3035 ,

1837 339 1893 396 s.
1938 337 2281 397 PROSPERI
2320 295 2651 408 Aoumm

2205 461 2257 523 A

2200 1857 2248 1916 Β

3769 340 3863 398 101

2429 455 2631 511 Fronte
2678 453 2929 524 placent,
2981 465 3103 523 quae
3154 450 3261 507 ﬁne
3312 450 3519 517 latent;
3577 466 3654 508 ste
3692 455 3864 512 laudis

2570 562 2755 602 amore

2432 642 2700 698 Virtutum
2742 642 2979 717 studium
3021 638 3386 709 corrumpitur
3410 680 3424 709 ,
3467 648 3631 711 atque
3671 642 3739 699 ab
3765 643 3861 700 ho-

2571 743 2727 791 1185ῐο

2288 829 2392 889 125
2431 831 2703 901 Principio
2732 831 2783 885 in
2812 830 3000 886 vitium
3031 832 3210 886 exitur
3238 828 3560 900 plerumque
3591 832 3818 888 tumoris
3846 849 3860 891 :

2428 924 2547 990 Quo
2566 922 2783 993 quidam
2814 922 3069 978 inﬂantur
3092 937 3235 978 nunc
3264 922 3521 993 turpiter,
3566 933 3730 995 atque
3770 940 3861 996 pe-

2576 1018 2773 1087 rempti

2433 1112 2589 1183 129
2627 1110 2903 1181 Dogmatis
2938 1111 3236 1167 exstinctas
3274 1118 3485 1167 tentant
3514 1110 3758 1168 animare
3794 1112 3859 1169 fa-

2567 1202 2753 1267 villas;

2426 1292 2562 1346 Dum
2595 1292 2907 1347 libertatem
2934 1291 3170 1361 arbitrii,
3200 1293 3561 1363 aﬂ'ectumque
3582 1293 3793 1349 valendi

2427 1385 2483 1439 In
2515 1385 2786 1440 naturalis
2814 1395 2995 1440 motus
3025 1388 3227 1441 virtute
3250 1387 3510 1453 iocantes,

2283 1478 2387 1535 150
2424 1477 2560 1533 Tam
2583 1478 2722 1532 bona
2754 1493 3023 1548 quemque
3045 1477 3245 1534 docent
3267 1479 3469 1534 sectari
3496 1492 3657 1549 posse
3677 1488 3862 1550 suopte

2424 1568 2675 1640 Ingenio,
2732 1586 2895 1639 quam
2941 1585 3107 1641 posse
3155 1572 3343 1628 subest
3383 1571 3578 1642 cuique
3623 1572 3678 1627 in
3724 1574 3861 1629 mala

2563 1661 2713 1717 ferri.

2492 1756 2513 1777 '
2533 1753 2682 1821 Quon
2702 1754 2795 1825 qui
2816 1753 3131 1821 conﬁrmas,
3153 1755 3369 1825 quinam
3394 1754 3623 1811 distabis
3650 1758 3718 1812 ab
3736 1758 3859 1825 illis,

2423 1848 2525 1915 Qui
2554 1848 2775 1914 dicunt,
2809 1850 2959 1905 nullo
2987 1850 3195 1920 peccati
3225 1851 3447 1906 vulnere
3476 1851 3664 1908 lassum

2420 1942 2676 1998 Naturale
2707 1944 2930 2013 bonum,
2958 1958 3187 2015 cumque
3218 1945 3308 2000 illo
3338 1946 3544 2002 lumine
3572 1948 3725 2003 nasci

2282 2035 2385 2091 155
2421 2034 2573 2090 Nunc
2601 2050 2791 2092 omnes
2822 2035 3254 2107 homines,quod
3280 2038 3465 2107 primis
3488 2040 3858 2108 ingeneratum

2555 2138 2637 2183 est
2657 2128 2681 2183 τ

2417 2220 2501 2274 An
2528 2234 2662 2275 vero
2690 2221 2940 2290 excerpis
2974 2220 3243 2295 quaedam,
3274 2237 3393 2289 quae
3418 2233 3577 2293 parte
3608 2226 3778 2280 recisa

2419 2310 2718 2381 Suscipias,
2741 2312 3028 2382 cordisque
3058 2313 3180 2368 sinu
3210 2324 3433 2384 purgata
3464 2316 3767 2371 recondas?

2417 2404 2512 2460 Dic
2533 2404 2697 2476 igitur
2725 2405 2982 2477 quidnam
3027 2406 3154 2462 inde
3188 2406 3413 2476 probes,
3454 2407 3581 2477 quid
3614 2423 3750 2464 vero
3778 2424 3861 2465 re-

2558 2497 2723 2565 futes,

2417 2593 2485 2648 Et
2513 2592 2582 2648 de
2616 2592 2889 2649 damnatis
2914 2592 3041 2664 quid
3083 2593 3155 2647 sit
3196 2592 3341 2664 quod
3379 2594 3611 2651 crimine
3657 2596 3858 2653 solvas.

2274 2688 2379 2744 140
2414 2688 2497 2742 An
2529 2687 2776 2742 dextram
2820 2687 2968 2757 pacis
2994 2686 3176 2757 palam
3217 2688 3349 2744 dare
3390 2696 3440 2745 te
3480 2689 3645 2760 pudet
3682 2691 3863 2747 hosti?

2413 2780 2523 2836 Nec
2554 2788 2727 2834 tutum
2753 2787 2836 2834 est
2859 2779 2968 2833 ulla
3000 2780 3185 2849 pulsos
3213 2794 3283 2835 ex
3312 2789 3465 2849 parte
3496 2782 3632 2836 tueri

2418 2872 2791 2943 Simpliciter?
2809 2872 2957 2940 Quos
2973 2888 3080 2926 non
3100 2872 3317 2927 dubitas
3333 2874 3623 2929 excludere
3639 2876 3861 2946 templo,

2417 2966 2575 3021 Pelle
2621 2966 2828 3020 animo.
2855 2964 3003 3020 Nova
3038 2974 3091 3020 te
3117 2964 3389 3021 discordia
3421 2966 3613 3021 dividit
3645 2966 3741 3022 abs
3769 2976 3860 3022 te:

660 3081 784 3137 112.
843 3081 972 3149 Qui:
994 3080 1139 3133 mites
1185 3078 1502 3149 humilesque
1532 3080 1726 3134 bibunt.
1775 3082 1926 3135 Doct.
1978 3080 2108 3135 Lov.
2144 3096 2157 3134 :
2190 3078 2239 3148 C
2267 3095 2371 3149 qua
2395 3080 2617 3134 notione
2634 3079 2868 3147 Prosper
2894 3078 3209 3149 plerumque
3238 3080 3325 3135 hic
3355 3088 3536 3135 utatur
3566 3079 3668 3135 hoc
3698 3095 3862 3137 voca-

588 3154 817 3222 Oblique
846 3162 994 3205 taxat
1027 3152 1363 3206 adversarios
1395 3166 1545 3217 suos,
1580 3167 1610 3206 e
1646 3163 1835 3207 contra
1868 3150 2078 3206 feroces
2109 3162 2163 3205 et

588 3222 1103 3295 superbos,quibus
1129 3222 1317 3277 eadem
1366 3223 1590 3277 flumina
1615 3224 2006 3293 Augustiniana
2058 3238 2163 3277 non

590 3294 819 3365 sapiant.
848 3294 1003 3357 Nam,
1036 3295 1111 3347 ait
1138 3295 1298 3357 alter,
1335 3297 1517 3347 mitem
1550 3304 1723 3365 atque
1752 3296 2007 3349 humilem
2039 3309 2166 3349 esse

592 3364 803 3436 oportet
825 3367 915 3435 qui
950 3364 1236 3432 Augustini
1260 3365 1506 3419 doctrina
1529 3364 1596 3419 de
1621 3368 1788 3436 gratia
1818 3366 2081 3420 delectari
2105 3381 2167 3419 ac

590 3436 882 3494 salubriter
904 3437 1049 3505 pasci
1074 3437 1303 3490 voluerit
1328 3454 1341 3504 ;
1375 3438 1617 3506 adeoque
1645 3453 1796 3492 mens
1825 3437 2037 3496 elatior.
2068 3452 2167 3490 nec

590 3523 703 3565 suae
724 3509 824 3562 sibi
872 3507 1258 3561 imbecillitatis
1309 3506 1439 3562 satis
1476 3508 1715 3573 conscia,
1747 3512 1816 3563 ab
1844 3522 1907 3563 ea
1962 3507 2166 3563 resiliat

590 3590 755 3648 atque
782 3577 1085 3648 oﬂendatur
1104 3593 1327 3633 necesse
1352 3590 1453 3632 est.

660 3647 681 3675 ‘
709 3650 890 3705 CAPUT
929 3650 1015 3704 IV.
1046 3647 1369 3703 Exstincto»:
1390 3651 1444 3703 in
1485 3648 1780 3719 Pelagianis
1829 3649 1889 3701 ab
1936 3648 2169 3703 Ecclesia

589 3723 843 3786 haresim,
872 3722 926 3774 in
960 3720 1394 3791 Semipelaginnis
1423 3723 1717 3775 reviviscere
1747 3722 1974 3787 cwpisse.
2005 3719 2168 3773 Error

589 3793 1139 3863 Semipelagiancrum.
1164 3791 1435 3863 Affectum
1464 3793 1584 3847 bene
1621 3794 1823 3846 valendi
1850 3791 2046 3844 homini
2075 3808 2169 3846 na—

591 3866 808 3918 turalem
837 3861 962 3928 esse,
986 3873 1041 3916 ut
1066 3861 1201 3915 male
1227 3865 1450 3917 valendi.

665 3934 790 3989 116.
824 3933 1033 3987 Matris.
1060 3933 1345 4001 Ecclesiae,
1378 3950 1498 4003 quae
1539 3934 1811 3989 inducitur
1838 3945 1899 3991 ut
1947 3934 2166 4000 mulier,

591 4004 679 4062 cui
699 4005 882 4073 stirpis
909 4005 1119 4072 alienat,
1155 4019 1345 4075 nempe
1372 4006 1703 4075 Pelagiana),
1754 4008 1912 4063 l'mtus
1938 4008 2010 4062 ita
2062 4006 2170 4060 sint

592 4076 858 4149 suppositi
877 4085 982 4149 ,_ut
1024 4090 1120 4149 eos
1166 4075 1255 4129 diu
1310 4076 1380 4131 ob
1406 4090 1617 4132 morum
1664 4080 1901 4147 speciem
1934 4095 2030 4149 pro
2055 4078 2170 4133 suis

590 4146 859 4202 habuerit.
889 4145 1041 4200 Doct.
1074 4145 1278 4201 Lovan.

665 4215 788 4272 120.
823 4216 1033 4271 Decoris
1055 4216 1301 4272 moribus.
1337 4218 1606 4273 Describit
1634 4219 1837 4274 Auctor
1865 4221 2169 4288 Semipela-

594 4289 783 4361 gianos
808 4288 966 4344 initio
990 4289 1110 4343 libri
1134 4288 1547 4361 contraCollat.
1579 4301 1631 4344 ut
1672 4291 1907 4345 habentes
1951 4294 2169 4361 speciem

592 4360 792 4414 virtutis
822 4361 874 4412 in
901 4360 1092 4423 studio,
1136 4369 1191 4414 et
1220 4359 1272 4414 in
1307 4360 1475 4427 Epist.
1507 4361 1574 4415 ad
1613 4362 1749 4430 Aug.
1799 4364 1927 4416 dicit
1980 4359 2167 4416 borum

594 4433 730 4499 apud
760 4432 1098 4505 simpliciores
1126 4446 1367 4499 quosque
1396 4448 1634 4503 magnam
1664 4452 1771 4505 esse
1810 4434 1874 4486 de
1904 4434 2169 4505 probitatis

594 4503 1021 4571 contemplatione
1071 4504 1426 4568 reverentiam,
1477 4502 1625 4557 num.
1674 4502 1729 4571 2,
1779 4516 1833 4558 ct
1860 4502 1960 4559 sub
2010 4504 2170 4559 ﬁnem

596 4572 838 4646 ejusdem
861 4572 1111 4646 epistolas
1140 4575 1215 4646 ait
1244 4574 1341 4627 hos
1368 4575 1569 4629 meritis
1596 4584 1746 4646 atque
1771 4576 2044 4628 honoribus
2074 4575 2177 4628 cla-

602 4660 687 4716 ros
718 4644 947 4716 caligine
968 4643 1235 4716 opinionis
1254 4659 1363 4699 suae
1391 4643 1690 4715 obscurari,
1715 4646 2019 4716 eodemque
2040 4647 2177 4701 allu-

590 4713 689 4780 dit,
722 4712 855 4769 intra
881 4732 933 4768 v.
968 4712 1073 4769 774
1097 4725 1151 4769 et
1177 4730 1330 4784 seqq.

666 4784 798 4858 19.6.
828 4784 1089 4858 Perempti
1117 4785 1395 4858 dogmatis,
1426 4798 1532 4843 etc.
1565 4788 1657 4844 Sic
1682 4798 1871 4844 contra
1891 4790 2091 4844 Collat.
2121 4803 2170 4843 c.

591 4854 661 4931 ϐξ
700 4855 838 4931 Quid
868 4854 1057 4931 cineres
1109 4854 1344 4931 exstincti
1373 4858 1647 4931 ‘dOgmatis
1678 4863 1696 4930 (
1729 4860 2009 4931 Pelagiani
2038 4860 2057 4929 )
2090 4876 2176 4913 re-

592 4928 832 4997 fovendo,
874 4927 1163 5001 deficientis
1181 4929 1308 5001 fumi
1335 4927 1563 4985 nidorem
1602 4932 1655 4985 in
1687 4927 1981 4987 redivivam
2022 4927 2174 5001 flam-

589 5014 722 5051 mam
750 4998 952 5051 canaris
976 4998 1284 5052 accendere?

664 5070 783 5124 129.
830 5065 1106 5123 Naturalis
1142 5080 1310 5124 motus
1330 5072 1529 5127 virtute.
1558 5073 1713 5128 Doct.
1750 5073 1957 5130 Lovan.
1984 5090 1997 5127 :
2030 5072 2174 5129 Infra

587 5154 640 5194 ν.
666 5138 772 5195 925
796 5139 1073 5206 disertius,
1103 5147 1391 5196 naturalem
1407 5145 1737 5199 mobilitatem
1760 5152 1919 5201 vocat
1945 5162 1958 5198 :

682 5286 746 5341 Ut
768 5291 973 5342 naturali
988 5304 1131 5343 mens
1149 5293 1311 5343 vivida
1331 5294 1619 5345 mobilitate.

588 5416 722 5477 Vide
752 5422 934 5493 igitur,
965 5439 1092 5479 num
1116 5432 1172 5481 et
1202 5424 1288 5480 hic
1316 5425 1603 5495 legendum
1634 5426 1705 5481 sit
1750 5426 2018 5494 Naturali,
2048 5440 2172 5482 meo

587 5502 736 5550 certe
757 5496 1030 5564 sulTragio.

656 5565 779 5622 150.
824 5565 951 5620 Tant
981 5568 1112 5621 bona
1158 5583 1434 5637 quemque,
1469 5578 1573 5620 etc.
1611 5567 1877 5624 Similiter
1912 5570 2073 5639 epist.
2103 5568 2170 5624 ad

584 5637 810 5706 August.
840 5655 987 5693 num.
1015 5642 1048 5692 6
1074 5656 1087 5695 :
1121 5639 1381 5704 Quantum
1400 5642 1612 5708 quisque
1634 5640 1703 5693 ad
1728 5637 2171 5707 malumﬂantum

584 5708 766 5781 habeat
796 5709 1057 5779 facultatis
1084 5712 1153 5764 ad
1179 5712 1402 5776 bonum;
1432 5712 1642 5781 parique
1669 5724 1921 5767 momenta
1942 5714 2171 5767 animum

488 5796 489 5799 ‘
586 5795 639 5834 se
670 5780 747 5834 vel
768 5781 835 5833 ad
856 5783 977 5836 vitia
1012 5781 1090 5835 vel
1109 5784 1177 5833 ad
1206 5783 1415 5836 virtutes
1433 5780 1744 5839 convertere.

662 5850 782 5907 131.
824 5851 1064 5921 Ingenio.
1113 5852 1269 5908 Doct.
1316 5853 1521 5910 Lovan.
1560 5871 1573 5906 :
1607 5852 1724 5911 Non
1760 5855 1918 5914 facile
1960 5855 2165 5915 dixeris

2271 3152 2398 3207 bulo
2420 3168 2571 3205 :raro
2589 3151 2805 3219 quidem
2828 3152 3038 3219 vulgari
3064 3152 3173 3215 illa,
3199 3166 3295 3220 pro
3308 3151 3360 3205 vi
3377 3151 3710 3221 intelligendi
3731 3170 3746 3213 ;
3769 3154 3863 3207 sed

2274 3238 2372 3276 nec
2400 3239 2460 3277 ea
2486 3238 2589 3291 qua
2621 3221 2760 3277 idem
2788 3224 2991 3291 passim
3019 3230 3197 3277 exstat
3225 3223 3368 3289 apud
3389 3222 3561 3276 bonos
3588 3232 3862 3291 auctores,

2271 3296 2523 3348 nimirum
2572 3308 2671 3361 pro
2713 3293 2787 3346 rei
2831 3293 3094 3362 cujusque
3146 3294 3346 3348 indole.
3389 3294 3704 3362 Suspicatus
3744 3310 3863 3352 sum

2270 3381 2368 3434 pro
2394 3365 2644 3418 facultate
2675 3364 2892 3417 valendi
2936 3363 3193 3432 positum,
3228 3380 3404 3433 neque
3433 3366 3578 3419 male
3610 3366 3685 3419 ita
3707 3380 3865 3422 acce-

2272 3438 2415 3505 peris
2441 3436 2633 3490 saltem
2652 3436 2753 3490 hoc
2777 3436 2922 3490 loco:
2948 3436 3040 3489 sed
3064 3444 3190 3489 sunt
3209 3436 3312 3489 alia
3328 3435 3652 3504 locaquibus
3675 3451 3744 3491 ne
3761 3438 3865 3494 hoc

2270 3508 2487 3577 quidem
2509 3507 2758 3575 quadret.
2776 3506 2964 3561 Putem
2990 3508 3151 3575 igitur
3172 3518 3276 3560 tarn
3296 3509 3403 3561 late
3430 3507 3591 3572 sumi,
3620 3517 3866 3564 uttotam

2269 3588 2530 3637 mentem,
2551 3594 2654 3647 qua
2677 3578 2929 3646 intelligit
2951 3585 3005 3631 et
3026 3592 3127 3645 qua
3152 3579 3375 3646 appetit,
3395 3592 3489 3631 sua
3512 3578 3866 3647 signiﬁcatio-

2271 3665 2339 3704 ne
2358 3651 2770 3716 complectatur.
2793 3650 2970 3717 Atque
2989 3648 3102 3701 haec
3119 3651 3283 3703 semel
3304 3648 3578 3703 monuisse
3599 3650 3863 3704 sufﬁciat.

2344 3726 2361 3743 ‘
2389 3720 2570 3774 CAPUT
2601 3719 2666 3773 V.
2702 3718 2882 3773 Illosa
2904 3718 3202 3788 Pelagianis
3234 3737 3334 3773 non
3364 3722 3675 3788 discrepare,
3709 3723 3867 3776 adea-

2271 3809 2367 3861 que
2385 3792 2584 3856 publice
2609 3807 2725 3844 cum
2754 3790 2858 3861 illis
2885 3807 3060 3861 pacem
3090 3792 3221 3844 inire
3253 3792 3451 3845 debere.

2346 3863 2472 3917 159..
2513 3861 2683 3935 Lugd.
2714 3860 2908 3927 editio,
2949 3863 3037 3932 qui
3080 3877 3184 3915 non
3207 3862 3420 3917 distabis
3447 3879 3467 3927 ;
3491 3871 3551 3918 et
3589 3864 3641 3918 in
3664 3879 3860 3935 marg.,

2277 3945 2332 3989 tu
2361 3951 2464 3987 non
2496 3936 2523 3984 tl
2532 3934 2727 3986 istabis.

2345 4004 2466 4058 1'53.
2497 4002 2547 4056 Ν
2556 4004 2659 4056 ulla
2681 4004 2895 4074 peccati.
2918 4002 2976 4059 id
2998 4003 3185 4059 dicunt
3214 4004 3487 4075 Pelagiani
3510 4021 3678 4077 supra
3710 4025 3767 4062 ν.
3798 4008 3867 4063 10

2272 4087 2328 4133 ει
2350 4092 2589 4207 εθὶὲξψιθ
2614 4145 2877 4195 dissimiles
2896 4158 3027 4196 nunc
3044 4150 3236 4197 nascier
3257 4146 3359 4209 illo,
3385 4155 3483 4199 etc.

2344 4218 2465 4273 156.
2510 4216 2666 4272 Parte
2707 4219 2873 4271 recisa
2916 4220 3187 4286 suscipias.
3234 4220 3385 4273 Doct.
3426 4220 3678 4274 Lovan.:
3724 4220 3867 4278 Hinc

2274 4289 2833 4356 Semipelagianorum
2860 4304 3088 4354 nomen;
3111 4306 3140 4342 a
3172 4289 3451 4344 dimidiato
3479 4291 3737 4345 nimirum
3767 4292 3868 4347 Pe-

2275 4360 2618 4431 lagianismo.
2657 4360 2746 4431 Sic
2776 4369 2900 4413 ante
2924 4360 3069 4428 ipsos
3099 4361 3311 4431 quidam
3341 4362 3704 4416 Sami-Ariani
3734 4363 3869 4419 dicti

2276 4440 2421 4497 sunt,
2456 4429 2595 4503 quod
2621 4429 2738 4503 Arii
2768 4433 3031 4503 insaniam
3064 4429 3276 4486 nonnisi
3311 4448 3409 4501 pro
3438 4442 3591 4501 parte
3616 4434 3870 4503 suscipe-

2277 4510 2419 4566 rent,
2455 4501 2557 4556 rati
2584 4502 2793 4556 scilicet
2822 4510 2928 4554 tam
2962 4502 3015 4555 bi
3043 4518 3200 4571 quam
3234 4503 3334 4567 illi,
3365 4519 3523 4572 quam
3556 4501 3872 4571 prudeniis-

2279 4576 2417 4627 sime
2469 4572 2690 4637 iecisse,
2745 4574 2791 4626 si
2837 4572 2975 4626 inter
3018 4584 3196 4643 partes
3250 4574 3574 4630 altercantes
3627 4576 3871 4632 mediam

2277 4643 2582 4715 quamdam
2606 4645 2855 4715 iniissent
2884 4644 3024 4696 viam
3056 4643 3331 4715 zit‘orsitan
3361 4646 3575 4700 adducti
3606 4645 3873 4703 decanta-

2279 4713 2347 4770 tis
2371 4716 2526 4769 istis:
2559 4714 2628 4767 In
2652 4714 2821 4768 medio
2848 4715 3040 4779 virtus;
3063 4713 3236 4769 Media
3259 4716 3542 4771 tutissimus
3568 4716 3689 4781 ibis;
3716 4717 3745 4771 1
3755 4728 3876 4774 nter

2277 4796 2545 4858 utrumque
2574 4783 2720 4850 vola;
2754 4784 2983 4858 bledium
3032 4795 3234 4839 tenuere
3278 4786 3448 4854 Beati,
3494 4794 3598 4842 etc.
3643 4806 3655 4841 :
3709 4790 3876 4858 quasi

2278 4858 2457 4910 media
2492 4856 2635 4909 inter
2672 4856 2955 4911 veritatem
2992 4867 3045 4911 et
3085 4872 3326 4912 errorem
3354 4859 3438 4912 via
3484 4873 3589 4914 non
3640 4856 3875 4931 sit'ipsa

2278 4941 2492 4998 quoque
2521 4942 2771 4998 erronea.

2342 4996 2462 5052 140.
2511 4996 2664 5072 Pacis
2693 4999 2885 5072 palam.
2935 4998 3085 5072 Doct.
3134 5000 3380 5072 Lovan.:
3423 4999 3479 5055 Si
3519 5001 3589 5054 ita
3643 5003 3879 5072 scripsit

2276 5065 2335 5121 S.
2371 5078 2574 5143 naster,
2610 5065 2735 5123 boni
2761 5071 2984 5143 consule
3011 5070 3272 5125 diastolen
3319 5070 3374 5124 in
3409 5072 3599 5142 palam,
3630 5087 3700 5126 eo
3727 5065 3879 5143 pra:-

2274 5141 2462 5213 sertim
2493 5156 2609 5195 sevo
2635 5156 2740 5210 quo
2772 5142 3063 5213 primarum
3096 5141 3421 5213 syllabarum
3446 5141 3878 5213 quantitas'jam

2274 5210 2571 5286 Romanas,
2621 5214 2817 5265 nedum
2866 5210 3098 5286 Gallicas
3129 5210 3313 5268 aures
3362 5210 3548 5283 fugere
3594 5210 3879 5286 coeperat.

2275 5282 2489 5354 Alioqui
2510 5286 2634 5354 "lege
2660 5299 2934 5354 pacemque
2962 5284 3152 5354 palam.

2349 5353 2470 5428 111.
2506 5353 2629 5428 Ulla
2652 5353 2824 5418 pulsos
2845 5371 2911 5428 es
2927 5353 3090 5421 parte.
3111 5354 3263 5428 Doct.
3288 5354 3491 5428 Lovan.
3518 5355 3882 5428 :Complano

2275 5424 2371 5478 tibi
2405 5441 2590 5479 rursus
2619 5426 2757 5479 hunc
2788 5425 3073 5490 salebratn,
3111 5426 3299 5480 lector.
3332 5427 3491 5482 Refer
3533 5424 3712 5492 istud;
3756 5432 3883 5485 ulla

2276 5512 2339 5550 ea:
2367 5507 2538 5568 parte.
2564 5513 2667 5552 non
2692 5498 2757 5551 ad
2791 5496 2987 5560 pulsas,
3017 5497 3113 5549 sed
3148 5497 3213 5550 ad
3242 5499 3391 5563 tueri,
3427 5499 3609 5567 sicque
3640 5510 3884 5554 senten-

2277 5567 2402 5621 tiam
2431 5567 2615 5637 accipe
2644 5586 2657 5623 ε
2692 5569 2799 5622 Nec
2849 5578 3019 5620 tutum
3047 5578 3130 5621 est
3157 5569 3339 5637 pulsos
3370 5570 3500 5623 istos
3542 5570 3625 5624 vel
3660 5571 3715 5625 in
3752 5573 3884 5627 ullo

2275 5639 2466 5694 saltem
2499 5640 2765 5705 dogmatis
2788 5638 2871 5692 sui
2896 5639 3067 5705 capite
3097 5639 3411 5707 simpliciter
3438 5641 3608 5693 tueri?

2351 5710 2473 5764 142.
2518 5708 2813 5763 Επίαάενε
2870 5710 3060 5779 templa
3098 5726 3116 5764 :
3156 5713 3231 5763 uti
3276 5721 3403 5765 tunc
3449 5711 3700 5767 solebant
3753 5729 3884 5773 non

2276 5796 2387 5837 sua:
2410 5783 2812 5837 communionis
2835 5780 3101 5848 homines,
3120 5784 3417 5848 praesertim
3446 5782 3492 5839 si
3514 5784 3584 5842 ob
3600 5782 3883 5845 haeresim

2270 5855 2340 5909 ab
2368 5869 2433 5911 ea
2457 5853 2667 5922 praecisi
2699 5861 2900 5911 essent.
2933 5853 3089 5912 Doct.
3119 5853 3327 5910 Lovan.
