4080 6354
354 377 459 438 127

494 492 668 549 Aures
694 491 914 561 vipereo
934 504 1147 546 rursum
1169 489 1414 561 praebere
1444 501 1692 544 susurro.

496 583 710 642 Parcite
730 584 800 641 de
830 584 1012 639 fractis
1041 596 1384 652 praicerpere
1411 581 1576 635 noxia
1604 593 1759 648 poma

352 678 460 737 600
498 680 719 735 Arhitrii
752 679 917 734 ramis
953 695 966 729 :
1006 692 1111 729 non
1141 676 1255 729 lucc
1288 689 1381 729 vos
1413 688 1539 729 esca
1578 673 1865 737 relormat,

494 773 606 829 Nec
636 772 870 839 speciem
901 769 1128 839 angelici
1169 768 1340 821 nutrit
1369 767 1525 824 cibus
1565 766 1661 819 ille
1700 762 1936 817 decoris.

497 865 603 920 Sed
647 865 935 918 vetitorum
964 860 1191 925 avidos,
1219 868 1276 915 et
1311 867 1446 912 tetra
1490 858 1597 913 bile
1629 865 1896 910 tumentes
1920 897 1935 921 ,

500 959 574 1014 De
604 955 854 1012 fastiditae
883 954 1068 1023 procul
1098 950 1299 1021 abripit
1321 952 1517 1006 arbore
1545 950 1685 1003 vitae.

501 1049 671 1118 llujus
684 1063 786 1116 ope
801 1056 856 1102 et
868 1046 890 1100 Γ
891 1056 1043 1101 ructu
1057 1044 1387 1101 vescendum
1401 1052 1506 1107 est,
1526 1051 1583 1096 ut
1596 1040 1940 1095 revalescens

357 1140 461 1197 605
500 1138 774 1209 Languida
807 1153 983 1200 mens,
1015 1138 1178 1191 etiam
1211 1135 1443 1203 propriis
1474 1135 1611 1187 bene
1635 1132 1837 1186 viribus
1862 1131 1939 1186 uti

498 1232 696 1299 Possit,
718 1240 773 1286 et
791 1232 842 1284 itt
862 1228 1080 1285 Christo
1104 1227 1341 1282 inveniat
1360 1230 1503 1295 quod
1528 1214 1762 1294 perdidit
1781 1224 1832 1278 in
1857 1238 1937 1277 se.

564 1328 584 1349 '
621 1323 734 1379 Non
768 1323 954 1393 igitur,
998 1318 1246 1391 quisquis
1279 1317 1478 1375 terreni
1511 1325 1663 1371 veste
1703 1314 1940 1383 parentis

502 1416 756 1481 Exueris,
791 1414 1024 1482 priscum
1055 1421 1261 1465 natura:
1292 1408 1471 1478 perdis
1500 1410 1759 1463 honorem
1779 1445 1797 1472 ,

497 1506 603 1562 Sed
638 1507 838 1575 recipis
873 1523 885 1558 :
920 1506 998 1559 sic
1020 1504 1306 1571 acquirens
1326 1502 1520 1571 quibus
1543 1511 1671 1555 ante
1690 1497 1936 1565 carebas,

355 1598 462 1655 610
502 1598 569 1654 Ut
601 1607 686 1653 tua
720 1599 847 1661 sint,
879 1598 922 1653 si
954 1596 1167 1652 collatis
1198 1605 1351 1650 utare
1382 1594 1654 1659 modeste,

497 1694 565 1747 Et
584 1693 726 1762 quod
754 1692 940 1755 habes,
963 1691 1064 1744 hoc
1095 1699 1144 1742 te
1163 1699 1442 1757 acceptum
1469 1686 1689 1742 fatearis
1714 1686 1936 1741 habere.

497 1783 643 1839 Fons
678 1783 838 1853 igitur
873 1782 1048 1837 meriti
1083 1790 1166 1837 est
1212 1781 1349 1835 lucis
1382 1778 1543 1834 Pater
1576 1796 1591 1845 ;
1632 1778 1759 1833 inde
1796 1775 1939 1847 quod

634 1875 687 1930 in
712 1890 813 1931 nos

502 1967 785 2034 Finxerit,
835 1967 938 2023 hoc
980 1967 1139 2022 nobis
1187 1964 1459 2034 majorum
1509 1975 1593 2019 est
1634 1978 1798 2019 causa
1840 1962 1940 2019 bo-

637 2076 828 2115 norum
847 2101 863 2127 ,

497 2153 632 2208 Dum
661 2152 908 2223 largitori
939 2164 1034 2205 sna
1065 2149 1362 2213 reddimus,
1397 2162 1551 2217 atque
1580 2146 1763 2200 relatis

356 2243 461 2300 615
498 2243 798 2315 Augetnur,
833 2253 1185 2310 nostrumque
1216 2240 1415 2294 bonum
1451 2238 1509 2292 lit
1539 2237 1707 2307 gloria
1738 2234 1939 2289 dantis.

565 2339 585 2360 '
622 2335 833 2404 δεῖ)ηυί
847 2334 1107 2403 judicium
1126 2330 1354 2392 arbitrii.
1375 2330 1732 2394 meritumque
1748 2328 1937 2392 tueris,

495 2428 703 2498 Quique
732 2427 1007 2481 hominum
1033 2424 1228 2479 studiis
1249 2424 1474 2478 ascribis
1495 2422 1635 2475 dona
1655 2420 1899 2475 vocantis
1923 2436 1936 2471 :

498 2522 767 2576 Inl'antutn
795 2520 1043 2574 discerne
1075 2519 1309 2579 animos,
1342 2525 1397 2569 et
1424 2515 1633 2568 dissere
1661 2512 1847 2582 quales

498 2614 759 2677 Aﬂ'ectus,
785 2612 1081 2683 qualesque
1104 2610 1336 2664 habeant
1358 2609 1472 2662 haec
1497 2614 1716 2675 pectora
1740 2616 1937 2660 motus.

573 2708 647 2762 Da
673 2706 873 2761 teneris
902 2720 1102 2771 mores,
1134 2712 1189 2757 et
1217 2703 1466 2757 libertate
1492 2698 1711 2755 volendi

497 2800 730 2865 lustrue,
762 2801 850 2853 vix
882 2814 1029 2852 aurzc
1053 2797 1234 2851 tennis
1268 2796 1527 2864 lactisque
1554 2808 1803 2863 capaces.

497 2891 653 2946 Nulla
683 2891 775 2944 tibi
806 2889 1014 2943 arbitrii
1045 2888 1378 2957 respondent
1399 2887 1548 2955 signa
1569 2928 1583 2951 ,
1618 2899 1718 2937 nec
1750 2884 1871 2937 ullis

501 2984 803 3038 Dissociare
823 2997 977 3050 pares
1002 2982 1209 3035 meritis
1230 2988 1384 3049 potes
1411 2997 1424 3031 :
1457 2977 1710 3031 omnibus
1736 2990 1838 3028 una
1860 2983 1943 3029 est

468 3108 471 3111 λ
499 3075 720 3138 Natura,
749 3083 802 3128 et
822 3075 1023 3143 pariter
1044 3082 1315 3143 nequeunt
1336 3071 1474 3127 bona
1503 3070 1587 3125 vel
1615 3070 1751 3123 mala
1778 3068 1939 3123 velle.

359 3170 465 3225 625
502 3170 565 3224 Et
597 3179 773 3223 tamen
804 3184 870 3222 ex
905 3167 1022 3221 istis
1055 3166 1358 3221 miseratrix
1386 3165 1552 3231 gratia
1586 3162 1841 3233 quasdam

357 2708 463 2764 6‘20

504 3262 701 3330 Eligit,
740 3269 795 3314 et
822 3276 1036 3313 rursum
1083 3260 1294 3329 genitos
1328 3257 1649 3324 baptismate
1683 3254 1942 3309 transfert
1969 3248 2013 3309 C

500 3353 559 3408 Iit
591 3368 812 3423 regnum
836 3364 1121 3416 aeternum,
1148 3351 1329 3403 multis
1359 3352 1410 3403 in
1442 3359 1611 3402 tnnrte
1640 3348 1871 3411 relictis,

504 3444 742 3511 Quorum
774 3459 935 3498 causa
971 3444 1067 3497 fuit
1096 3443 1288 3496 similis
1317 3444 1383 3495 de
1410 3442 1631 3495 vulnere
1656 3442 1867 3494 eodem.

581 3540 602 3561 '
639 3536 751 3592 Nnc
777 3538 983 3592 meritis
1009 3536 1151 3590 istud
1178 3535 1383 3605 poteris
1409 3546 1594 3603 aptare
1619 3544 1938 3604 parentum:

365 3716 551 3770 Iussum
584 3716 866 3771 arbitrium
896 3716 1074 3770 arbori
1100 3716 1309 3779 vetitae,
1337 3722 1393 3769 et
1419 3716 1584 3784 gratia
1616 3716 1792 3769 arbori
1818 3716 1940 3768 vitae

364 3789 673 3850 COnIertur;
731 3802 794 3841 ac
843 3790 1068 3853 proinde
1118 3804 1279 3851 opera
1337 3789 1520 3854 gratim
1573 3795 1628 3841 et
1683 3787 1890 3839 arhitt'ii
1923 3827 1938 3848 ,

365 3861 641 3923 Utriusque
674 3858 827 3911 istius
853 3859 1063 3911 arboris
1095 3858 1386 3921 fructibus;
1420 3859 1652 3925 denique
1678 3857 1943 3912 reforma-

366 3928 442 3982 tio
488 3929 744 3993 intetior,
795 3944 952 3996 quam
1009 3928 1323 3993 I’t-lngiauus
1374 3943 1440 3980 ex
1486 3932 1691 3981 viribus
1735 3927 1943 3980 arbitrii

369 3999 745 4067 pruntittebztt,
780 4000 1236 4051 transfortnattOni
1284 3999 1337 4052 in
1369 3998 1498 4051 deos
1546 4014 1641 4051 seu
1687 4001 1939 4065 angelos,

370 4085 528 4139 quam
542 4084 605 4122 ex
629 4070 821 4123 :tt'lml‘e
840 4070 999 4122 vetita
1019 4070 1365 4134 protttltteltrtl.
1380 4083 1622 4135 serpens.
1640 4069 1790 4121 Duct.
1811 4069 1941 4121 Lov.

442 4138 576 4193 Ibid.
612 4139 900 4193 Desuescite
920 4152 1121 4202 captas.
1146 4149 1251 4193 etc.
1280 4140 1490 4192 Notasis
1512 4140 1727 4192 sibilum
1760 4140 1952 4192 littera:

371 4210 693 4277 serpentium
721 4251 735 4270 .
766 4225 887 4262 cum
916 4226 1162 4264 susurrus
1188 4214 1418 4272 vipereus
1448 4211 1832 4279 exprimendus
1859 4224 1953 4263 ve-

369 4280 465 4334 nit.
512 4283 567 4333 l):
590 4294 659 4332 ct.
694 4281 826 4335 Lov.

440 4350 565 4405 599.
593 4350 937 4422 Prwcerpere.
965 4350 1077 4404 Non
1104 4360 1307 4408 temere
1330 4352 1568 4411 itudixit,
1594 4352 1769 4418 potius
1792 4365 1952 4420 quam

370 4421 658 4484 decerpere.
708 4421 808 4476 Sic
834 4426 976 4476 enim
1010 4422 1200 4477 melius
1246 4426 1512 4476 indicatur
1544 4423 1950 4487 Pelagimnrttm

371 4507 438 4561 ac
486 4492 1038 4561 Setnipelagianorum
1085 4510 1280 4558 ertor,
1339 4496 1512 4558 primo
1569 4494 1948 4561 requirentium

372 4560 600 4617 fructum
649 4560 857 4617 :tl‘blltIl
880 4604 897 4629 ,
927 4579 1085 4634 quem
1114 4565 1311 4620 deinde
1343 4565 1548 4620 fructus
1585 4560 1775 4634 gratia:
1808 4564 1953 4618 exci-

372 4645 540 4701 peret.
579 4634 725 4686 Docl.
760 4634 892 4687 Lov.

441 4703 562 4758 005.
593 4704 669 4758 De
704 4706 1039 4763 fastidita...
1069 4706 1204 4758 vita.
1239 4706 1397 4760 Forte
1427 4716 1481 4761 et
1510 4706 1596 4760 hic
1624 4714 1953 4772 praepostera

371 4772 606 4845 rhythmi
638 4775 981 4828 :tll‘vctatione
1016 4777 1281 4830 turbatum
1312 4774 1956 4843 cst,scripseritquef:\u-

371 4855 506 4904 ctnr.
533 4846 593 4897 de
618 4847 874 4914 fastidita.
903 4846 1104 4900 Saltem
1124 4848 1267 4900 illttts
1290 4862 1411 4901 aevo
1434 4860 1713 4909 versus,ut
1736 4854 1952 4908 Vocant,

372 4915 644 4969 Leonintts
666 4918 838 4969 adhuc
865 4918 914 4969 in
943 4919 1071 4969 vnio
1093 4932 1229 4983 erat,
1257 4918 1551 4983 mvdiaeque
1575 4919 1791 4970 demum
1812 4918 1955 4968 :etati

371 4985 669 5057 debebatur
697 4990 812 5041 haec
843 4988 1072 5041 barbara
1104 4998 1157 5042 et
1200 4988 1426 5043 Gothica
1468 4988 1753 5057 elegantia.
1798 4988 1954 5040 Doct.

370 5055 507 5110 Lov.
652 5070 655 5073 ‘

445 5134 461 5148 °
488 5129 665 5184 (ΣΑΡυτ
696 5127 883 5183 XXIX.
910 5126 1091 5183 Gratia
1116 5128 1306 5182 Christi
1330 5144 1432 5181 non
1452 5130 1729 5198 perdimus,
1767 5126 1855 5178 sed
1878 5143 1960 5178 re—

370 5199 589 5263 cipimus
603 5218 650 5266 pl
664 5200 875 5254 istinum
891 5212 1091 5253 natura:
1117 5202 1381 5263 honorem,
1401 5216 1458 5253 ea
1474 5201 1641 5267 gratia
1666 5198 1961 5249 meritorum

370 5272 421 5341 in
446 5271 585 5341 nobis
602 5279 674 5322 est
702 5271 1029 5341 principium,
1049 5286 1163 5338 qua
1182 5285 1243 5322 eo
1265 5270 1428 5339 magis
1453 5280 1797 5337 crescuntquo
1817 5268 1959 5320 illam

373 5340 621 5411 humilius
638 5340 939 5411 Aaccipim’us
966 5350 1011 5392 et
1044 5341 1344 5411 accipiendo
1367 5356 1634 5407 augemus.

444 5410 567 5465 6H.
604 5408 974 5479 Eqiie'relrttis
1003 5408 1275 5479 augentur.
1310 5409 1422 5462 Deo
1454 5413 1591 5463 hanc
1640 5408 1958 5462 relationem

377 5484 531 5532 novis
553 5482 709 5534 donis
732 5495 1069 5545 munerante,
1098 5491 1154 5534 ut
1180 5488 1329 5534 recte
1351 5480 1533 5535 Gallus
1556 5480 1799 5549 exponit.
1827 5479 1963 5533 Hinc

372 5550 569 5621 collige
591 5551 717 5617 quid
747 5555 812 5605 sit
850 5569 863 5605 :

448 5620 573 5676 615.
610 5622 657 5674 Ν
666 5634 955 5691 ostrumque
986 5622 1174 5674 bonum
1205 5621 1263 5691 ﬁt
1290 5620 1460 5688 gloria
1488 5622 1656 5675 dantis
1688 5636 1707 5673 :
1738 5635 1832 5674 seu
1866 5635 1963 5689 po-

377 5693 481 5742 litts
525 5709 555 5746 e
602 5705 791 5746 contra
838 5690 937 5757 (Sic
986 5696 1128 5743 enim
1179 5690 1495 5747 invertenda
1536 5701 1619 5747 est
1671 5690 1962 5761 sententia)

416 5763 546 5814 toria
576 5762 769 5833 dantis,
804 5762 900 5818 Dei
929 5762 1166 5828 scilicet,
1189 5763 1249 5831 ﬁt
1296 5764 1481 5819 bonum
1521 5773 1769 5819 nostrum.
1802 5761 1961 5819 Dect.

403 5846 513 5891 κον.
1158 5872 1179 5879 .,
1288 5873 1290 5876 ,

1597 373 1656 429 5.
1697 365 2034 427 PROSPERI
2069 365 2395 435 AQUITANI

1959 481 2146 546 A630
2189 481 2345 554 163
2384 477 2495 535 Ceu
2538 480 2627 549 pia
2676 478 2939 551 profuerit
2983 472 3317 533 redimendis
3353 470 3624 548 curabo-

1972 1869 2021 1930 B

1979 4527 2034 4589 D

3515 353 3626 419 ιιι

2325 586 2517 626 norum
2534 611 2549 637 ,

2185 662 2593 732 Abstuleritque
2621 661 2743 716 aliis
2769 660 2943 717 aliena
2974 660 3181 731 ignavia
3209 660 3409 727 vitam;

2182 756 2319 811 Cum
2352 755 2539 809 videas
2578 755 2783 809 multos
2826 755 3028 810 sanctis
3071 752 3408 822 genitoribus
3435 760 3627 823 ortos,

2185 846 2343 902 Nullo
2363 847 2560 901 salvari
2585 846 2763 900 studio
2786 847 3027 915 pomisse
3049 860 3270 900 suorum
3303 864 3316 898 :

2186 940 2570 1010 Expositisque
2595 939 2717 995 aliis
2738 941 2807 995 ob
2835 940 3009 1009 turpia
3041 940 3269 995 crimina
3295 948 3549 1010 matrum,

2042 1034 2148 1090 655
2187 1034 2402 1089 Missam
2426 1044 2768 1089 externorum
2796 1049 3003 1100 curam,
3029 1049 3150 1104 qua:
3177 1045 3418 1091 stercore
3440 1044 3626 1108 raptos

2182 1124 2287 1179 Per
2316 1125 2520 1180 fontem
2548 1126 2675 1179 vita:
2697 1125 2905 1181 caelesti
2930 1126 3161 1180 traderet
3185 1125 3341 1180 aulae.

2259 1218 2397 1286 Quid
2454 1220 2499 1273 si
2542 1218 2819 1275 diversum
2874 1219 3015 1273 hunc
3053 1218 3253 1287 linem,
3301 1234 3408 1291 quo
3452 1220 3625 1293 gratia

2321 1309 2523 1366 Christi

2187 1404 2361 1461 Unum
2392 1405 2499 1459 alio
2530 1415 2789 1474 pereunte
2820 1405 2973 1477 legit,
3006 1407 3277 1476 donattpte
3308 1410 3514 1477 salute,

2182 1498 2238 1552 In
2270 1500 2501 1569 geminis
2529 1500 2691 1554 etiam
2721 1500 2941 1554 videas?
2977 1500 3122 1569 quod
3156 1500 3350 1555 dividis
3379 1516 3491 1557 uno

2042 1586 2148 1644 640
2188 1589 2456 1659 Tempore
2487 1600 2782 1660 conceptos
2827 1603 2986 1659 atque
3014 1605 3120 1645 uno
3152 1600 3390 1661 tempore
3433 1603 3621 1661 natos,

2184 1680 2302 1736 Non
2330 1683 2469 1738 ullos
2497 1693 2652 1753 potes
2679 1683 2888 1737 arbitrii
2927 1683 3262 1751 praetendere
3292 1697 3488 1739 motus.

2184 1770 2373 1827 Cessat
2395 1788 2553 1841 opus.
2574 1783 2751 1829 cessat
2777 1775 3053 1841 meritum,
3078 1775 3211 1829 nihil
3230 1776 3407 1830 editur
3429 1778 3623 1846 impar.

2190 1864 2297 1920 Sed
2345 1865 2486 1919 Deus
2519 1874 2573 1919 et
2616 1867 2749 1921 tales
2772 1866 3063 1933 discernit,
3093 1882 3202 1937 quo
3238 1884 3389 1937 mage
3422 1869 3627 1924 Christi

2187 1957 2426 2011 Excellat
2462 1958 2692 2023 bonitas,
2726 1974 2846 2028 quae
2872 1959 2986 2014 sola
3019 1970 3102 2014 est
3131 1976 3290 2016 causa
3324 1962 3528 2015 vocatis

2044 2044 2152 2100 645
2195 2046 2258 2100 Et
2288 2046 2408 2099 lidci
2441 2057 2495 2101 et
2523 2046 2701 2101 meriti
2734 2063 2747 2100 :
2786 2050 3039 2117 quoniam
3066 2050 3338 2115 Sapientia
3370 2052 3520 2106 dives

2188 2136 2297 2191 lloc
2322 2138 2483 2191 etiam
2516 2136 2698 2190 tribuit
2726 2139 2908 2192 multis
2928 2180 2942 2200 ,
2974 2148 3031 2193 ut
3060 2152 3242 2194 sancta
3274 2142 3541 2208 operatis,

2187 2227 2246 2282 In
2278 2226 2437 2281 linem
2466 2228 2611 2291 vitai,
2646 2229 2798 2282 ﬁeret
2829 2228 2896 2284 de
2924 2245 3149 2286 munere
3179 2247 3399 2287 merces.

2262 2321 2278 2341 ⁵
2307 2317 2420 2373 Non
2443 2328 2622 2373 autem
2653 2329 2822 2387 recte,
2852 2336 2951 2375 nec
2980 2337 3104 2376 vere
3127 2322 3346 2387 dicitur,
3378 2324 3509 2380 illo:

2185 2408 2285 2475 Qui
2308 2417 2433 2462 sunt
2455 2418 2703 2465 exsortes
2734 2410 2904 2465 divini
2936 2412 3195 2475 muneris.
3220 2423 3274 2468 et
3301 2430 3437 2482 quos

2047 2503 2150 2558 650
2185 2500 2368 2558 Gratia
2394 2503 2624 2573 neglexit
2650 2503 2908 2571 degentes
2948 2506 3137 2559 mortis
3168 2507 3219 2560 itt
3252 2508 3435 2561 umbra
3462 2549 3478 2575 ,

2186 2596 2397 2652 Peccati
2441 2611 2545 2650 non
2576 2612 2694 2650 esse
2723 2611 2865 2658 reos.
2896 2599 3019 2665 quia
3050 2608 3195 2652 recta
3226 2600 3444 2668 gerendi

2185 2691 2302 2746 Non
2327 2691 2447 2745 data
2481 2692 2551 2744 sit
2576 2691 2766 2745 virtus.
2802 2690 3019 2746 Natum
3048 2693 3313 2760 compede
3347 2692 3553 2749 vinctos

2189 2782 2553 2838 Procubnisse
2583 2792 2813 2853 negant,
2851 2797 2952 2838 nec
2992 2784 3059 2838 ab
3091 2798 3196 2838 uno
3230 2784 3471 2854 germine
3509 2800 3632 2843 cro-

2329 2877 2461 2929 dunt

2187 2967 2541 3037 Omnigenam
2572 2966 2777 3036 prolem
2801 2980 2921 3022 cum
2948 2982 3105 3034 paena
3133 2978 3187 3022 et
3208 2969 3433 3024 crimine
3456 2970 3626 3025 nasci.

2044 3062 2147 3116 655
2187 3059 2337 3127 Quod
2366 3060 2453 3129 qtti
2480 3074 2587 3111 non
2613 3058 2812 3122 renuit,
2838 3059 2980 3113 videt
3008 3058 3167 3126 hujus
3191 3061 3427 3127 pondera
3454 3062 3629 3132 culpa

2186 3152 2318 3206 Tam
2351 3151 2523 3204 valida
2558 3151 2757 3220 pariter
2786 3150 3002 3206 miseris
3034 3152 3341 3208 incumbere
3366 3153 3540 3215 mole.

2190 3245 2264 3302 Ut
2314 3245 2358 3300 si
2404 3247 2548 3299 nulla
2596 3244 2759 3299 etiam
2806 3244 3080 3300 cumulent
3123 3246 3297 3314 mala,
3343 3246 3409 3300 sit
3449 3257 3630 3303 tamen

2339 3354 2504 3391 unum
2537 3338 2637 3391 hoc

2194 3432 2483 3489 Sulliciens
2523 3433 2732 3499 scelus,
2784 3430 2851 3486 ad
2896 3440 3126 3487 mortem
3169 3432 3438 3487 nascendo
3478 3433 3635 3488 luen-

2333 3524 2477 3579 datu.

2118 3719 2138 3739 '
2163 3715 2342 3768 CAPUT
2389 3712 2557 3767 XXX.
2605 3710 2687 3766 Ex
2714 3711 2937 3781 parvulis
2967 3714 3145 3766 statim
3178 3723 3289 3781 post
3327 3715 3636 3779 baptismum

2047 3786 2380 3837 morientibus
2421 3785 2700 3835 clarissime
2739 3783 2954 3853 perspici
2994 3785 3217 3851 gratiam
3265 3803 3364 3837 non
3395 3787 3510 3838 dari
3552 3804 3636 3840 se-

2048 3856 2271 3908 cundum
2300 3854 2537 3908 humana:
2564 3855 2838 3907 voluntatis
2869 3854 3041 3907 studia
3062 3896 3076 3919 ,
3102 3854 3193 3909 sed
3218 3858 3497 3909 secundum
3530 3856 3628 3911 Dei

2050 3927 2435 3993 beneplacitunt.

2120 3999 2243 4052 (illi.
2272 3998 2536 4049 Iudicium
2565 3995 2781 4048 arbitrii.
2817 3995 2932 4050 1am
2954 3996 3410 4064 supra,jndicium
3442 3998 3631 4051 volun-

2053 4068 2190 4131 tatis,
2223 4071 2530 4120 VOl‘ﬂVllltllS
2556 4077 2605 4119 et
2642 4070 3003 4127 CKpoSuimtls.
3038 4068 3187 4119 llm5t.
3228 4067 3357 4120 Lttv.

2126 4142 2146 4161 ‘
2175 4142 2351 4193 CAPUT
2368 4137 2556 4191 XXXI.
2579 4135 2887 4189 Eoruntdem
2902 4138 3117 4189 salutem
3132 4154 3230 4189 non
3245 4148 3639 4199 esscparentum

2054 4210 2271 4269 meritis.
2292 4226 2378 4261 nec
2399 4210 2777 4260 damnationem
2802 4209 3059 4261 dementis
3079 4207 3455 4259 ascribentlam.
3487 4209 3640 4270 Quod

2058 4282 2280 4333 maxime
2310 4291 2444 4345 patet
2476 4279 2527 4331 in
2558 4280 2799 4349 geminis,
2840 4294 3055 4347 quorum
3086 4283 3216 4349 alter
3248 4281 3533 4349 baivttzutur
3561 4283 3642 4331 iu-

2058 4353 2278 4409 terdum,
2309 4351 2438 4402 alter
2460 4347 2570 4402 sine
2598 4350 2843 4417 baptismo
2866 4350 3097 4406 moritur.
3127 4347 3241 4401 sola
3270 4348 3462 4399 Christi
3489 4353 3643 4402 mise-

2057 4423 2281 4474 ricordia
2310 4436 2393 4471 eos
2420 4421 2756 4473 discernente.
2798 4418 2992 4471 Eadem
3020 4419 3371 4471 misericordia
3399 4420 3515 4471 aliis
3546 4420 3641 4471 tti-

2060 4492 2141 4544 bui
2195 4493 2345 4559 ﬁdem
2370 4533 2383 4550 ,
2413 4507 2512 4556 qua
2546 4490 2666 4543 bene
2697 4499 2988 4557 operentur,
3022 4506 3082 4542 ac
3118 4491 3312 4543 meritis
3355 4503 3642 4557 augeantur

2056 4579 2214 4628 usque
2236 4566 2286 4613 in
2318 4561 2492 4628 ﬁnem.

2060 4703 2099 4758 ι
2131 4631 2256 4686 658.
2291 4630 2434 4700 Legit
2457 4673 2471 4696 ,
2509 4642 2560 4684 ut
2594 4630 2720 4684 alibi
2761 4630 3059 4699 smpissime
3085 4673 3099 4697 ,
3136 4647 3231 4699 pro
3274 4630 3437 4704 eligit.
3483 4630 3640 4686 Doct.

2104 4718 2189 4756 ον.

2104 4718 2189 4756 ον.

2131 4772 2257 4827 645.
2286 4770 2551 4839 Sapientia
2574 4770 2733 4833 dives,
2766 4782 2869 4824 etc.
2904 4771 3042 4824 Εἀὶίὶ
3067 4771 3308 4840 plerique
3328 4773 3376 4822 in
3400 4774 3644 4836 margine

2061 4844 2299 4896 indicant
2338 4841 2530 4908 respici
2579 4842 2643 4892 ad
2693 4842 2865 4894 locum
2899 4842 3027 4909 Sap.
3087 4857 3157 4912 tv,
3202 4845 3267 4894 de
3312 4842 3462 4895 Justo
3490 4888 3502 4901 ,
3554 4845 3646 4912 qui

2060 4924 2236 4983 raptus
2264 4921 2335 4964 est
2382 4928 2444 4963 ne
2474 4912 2671 4964 malitia
2700 4923 2917 4965 mutaret
2950 4910 3263 4965 intellectum
3294 4914 3429 4983 ejus.
3476 4912 3542 4969 Ut
3573 4910 3647 4967 ἰιι

2062 4982 2162 5045 sit,
2192 4983 2459 5045 Sapientia
2491 4983 2576 5035 hic
2607 4983 2918 5051 intelligitur
2945 4987 3176 5036 increatu
3199 5023 3211 5043 ,
3248 4982 3362 5047 ipsa
3390 4985 3644 5039 videlicet

2065 5053 2408 5107 Providentia
2462 5052 2559 5105 Dei
2586 5093 2599 5112 .
2652 5056 2732 5107 vel
2787 5061 2870 5119 (ut
2911 5054 3065 5109 Gallo
3108 5054 3373 5120 placuisse
3405 5056 3644 5124 videtur)

2062 5125 2325 5179 Christus.
2366 5125 2514 5175 Unci.
2550 5124 2677 5176 Lov.

2134 5200 2151 5217 ‘
2181 5194 2359 5249 CAPUT
2414 5194 2630 5248 XXXII.
2669 5194 2897 5267 obiectio
2929 5193 2989 5247 II
3033 5196 3342 5261 Semipelag.
3376 5195 3437 5248 Si
3475 5199 3645 5267 gratia

2065 5266 2131 5320 ad
2156 5267 2276 5317 bene
2299 5268 2555 5334 agendum
2580 5266 2787 5317 omnino
2815 5267 3094 5319 necessaria
3114 5279 3208 5321 est.
3235 5282 3390 5333 eaque
3412 5266 3513 5319 non
3537 5284 3647 5320 ont-

2065 5337 2213 5391 nibtts
2233 5337 2399 5408 detur,
2436 5334 2634 5408 peccati
2656 5352 2767 5387 reos
2788 5354 2888 5389 non
2919 5341 3048 5408 fore,
3077 5336 3259 5405 quibus
3287 5338 3410 5389 bene
3433 5340 3648 5408 gerendi

2065 5424 2166 5461 non
2208 5409 2330 5459 data
2372 5406 2547 5476 fuerit.
2598 5405 2900 5475 Responsio.
2958 5406 3072 5459 Hec
3115 5405 3647 5474 argumento'rursus

2066 5480 2239 5545 negari
2267 5487 2531 5548 peccatum
2563 5476 2832 5548 originale.
2874 5477 3011 5529 Nam
3044 5492 3100 5529 eo
3138 5476 3247 5530 solo
3280 5488 3487 5544 peccato
3532 5497 3647 5532 reos

2067 5550 2207 5601 nasci
2255 5563 2426 5599 omnes
2468 5546 2696 5599 homines
2735 5563 2797 5598 ac
2842 5548 3021 5616 dignos
3064 5557 3224 5601 morte
3254 5550 3452 5602 etiamsi
3499 5550 3648 5602 nulla

2066 5621 2277 5691 propria
2308 5620 2497 5691 scelera
2524 5619 2570 5672 ei
2597 5617 2894 5691 adiecerint.

2069 5688 2264 5815 L655.
2300 5688 2504 5758 Negant
2538 5703 2557 5742 :
2586 5690 2675 5758 qui
2712 5704 2905 5757 nempe
2933 5689 3002 5742 ita
3037 5688 3446 5744 ratiocinemur.
3483 5689 3645 5744 Doct.

2113 5776 2199 5813 ον.

2113 5776 2199 5813 ον.

2140 5828 2264 5886 658.
2312 5828 2585 5885 Nascendo
2630 5828 2885 5885 luendum.
2942 5828 3091 5885 Dect.
3145 5827 3277 5883 Lov.
3339 5846 3352 5883 :
3410 5828 3649 5885 Turbata
