4080 6354
497 323 602 385 159

1735 315 1793 373 8.
1834 312 2171 371 PROSPERI
2207 312 2536 383 AQUI'I'ANI

3672 315 3779 372 160

428 458 461 538 ι
496 441 656 496 unius
686 438 835 494 horae
879 434 1103 492 infantia
1132 478 1145 501 ,
1180 447 1350 502 usque
1376 440 1403 469 ι
1433 430 1502 486 ad
1528 427 1946 535 annosissimatn
1983 441 2082 538 fe—
2107 429 2157 488 Α
2185 425 2288 490 ire,
2311 435 2367 481 et
2386 441 2495 538 non
2520 425 2767 495 permisit
2780 439 2881 538 eos
2899 434 2929 463 ι
2950 426 3183 531 Spiritus
3208 426 3587 538 Iesu..Vid‘e'at
3606 429 3776 533 etiam

498 541 768 587 nectutem
796 573 811 598 ,
853 529 1036 585 exitus
1090 527 1434 580 morientium
1460 565 1476 589 ,
1526 520 1717 593 impari
1762 520 1937 575 aetatis
1980 519 2089 575 line

494 625 731 687 variari;
780 636 955 691 neque
1002 618 1315 687 cujusquam
1369 614 1646 681 animam,
1698 612 1779 667 vel
1820 612 1977 666 citius
2004 610 2088 667 vel

497 715 707 771 tardius
737 730 891 783 quam
922 712 1065 766 Deus
1097 712 1344 771 voluerit,
1380 724 1410 762 a
1449 721 1676 772 corpore
1706 704 1733 744 δ
1764 704 1905 773 quod
1951 701 2089 757 vivi-

501 810 625 862 ficat
650 805 978 861 abscedere?
1019 804 1075 860 Si
1105 817 1233 872 ergo
1263 801 1460 870 aliquis
1489 799 1542 853 in
1568 800 1692 853 vitae
1716 813 1828 853 suae
1860 795 2091 865 longitu-

498 902 626 957 dine
656 900 894 955 dcseruit
923 897 1130 962 Deum;
1164 896 1328 960 bono,
1363 892 1504 962 quod
1534 899 1655 947 erat
1680 906 1746 946 es
1775 890 1920 954 Deo,
1952 887 2091 943 male

501 1007 631 1048 usus
658 1000 759 1048 est.
813 989 943 1045 Nam
978 1000 1003 1029 α
1033 989 1344 1059 longievitas
1370 1002 1475 1042 non
1504 993 1588 1040 est
1616 984 1717 1039 nisi
1742 999 1808 1039 ex
1841 983 1971 1037 Deo.
2024 980 2094 1035 Et

502 1084 643 1155 quod
671 1098 735 1138 ex
768 1083 876 1136 Deo
900 1091 1002 1150 est,
1033 1080 1247 1135 nonnisi
1275 1081 1473 1135 bonum
1499 1087 1582 1132 est
1606 1094 1619 1130 :
1644 1085 1701 1131 et
1725 1075 1865 1145 quod
1893 1076 2089 1129 bonum

502 1189 607 1242 εει,
642 1177 767 1230 mali
797 1189 957 1230 causa
990 1190 1094 1229 non
1125 1186 1229 1229 est.
1276 1172 1390 1227 Non
1435 1172 1615 1241 itaque
1652 1178 1801 1224 recte
1841 1167 2094 1237 Opinatur

500 1269 589 1339 qui
622 1276 770 1338 putat
801 1263 829 1303 ά
868 1279 1270 1336 prorogatorem
1322 1264 1485 1331 vitze,
1536 1262 1769 1332 lapsuris
1816 1272 2090 1315 auctorem

503 1376 625 1417 esse
659 1360 865 1431 peccati
896 1377 909 1413 :
940 1375 1060 1414 cum
1102 1359 1287 1427 utique
1334 1371 1439 1411 non
1478 1364 1763 1426 peccatum
1790 1355 1861 1408 sit
1890 1353 1982 1408 ditt
2012 1352 2093 1407 vi.

498 1469 666 1518 vere,
708 1452 803 1508 sed
854 1452 994 1507 male
1042 1451 1223 1505 vivere
1263 1448 1448 1519 :quod
1494 1448 1654 1502 etiam
1693 1445 1747 1501 in
1799 1459 2095 1515 paucorum

504 1562 769 1601 annorum
800 1552 961 1601 astate
1001 1544 1112 1598 ﬁeri
1156 1554 1351 1612 potest.
1390 1542 1557 1610 Igitur
1597 1539 1736 1593 sicut
1764 1538 1901 1591 bona
1932 1551 2093 1607 opera

502 1639 569 1693 ad
604 1639 981 1707 inspiratorem
1012 1652 1202 1692 eorum
1238 1636 1403 1689 lienm
1429 1675 1444 1699 ,
1488 1634 1556 1687 ita
1591 1632 1730 1685 mala
1758 1631 1823 1684 ad
1854 1644 1946 1685 eos
1971 1636 2098 1684 sunt

502 1730 790 1787 referenda
817 1729 907 1799 qui
936 1736 1179 1795 peccant.
1222 1727 1334 1779 Non
1368 1724 1510 1779 enim
1544 1722 1713 1778 relicti
1744 1729 1871 1775 sunt
1900 1736 1929 1773 a
1962 1720 2093 1785 Deo,

504 1836 567 1882 ut
612 1826 977 1895 relinquerent
1016 1823 1179 1876 Deum
1218 1840 1230 1873 :
1263 1821 1355 1875 sed
1407 1818 1769 1887 reliquerunt,
1816 1824 1871 1870 et
1921 1811 2095 1869 relicti
2124 1815 2172 1877 Β

511 1929 655 1984 sunt,
688 1929 741 1973 et
768 1934 832 1970 ex
860 1918 1001 1971 bono
1033 1916 1084 1970 in
1118 1915 1315 1969 malum
1350 1914 1561 1983 propria
1591 1913 1867 1966 voluntate
1905 1907 2096 1961 mutati

509 2023 637 2070 sunt
669 2029 685 2067 :
713 2011 879 2083 208
903 2018 1063 2079 atque
1093 2009 1161 2062 ab
1192 2010 1292 2062 hoc
1314 2008 1440 2062 licet
1465 2006 1659 2061 fuerint
1683 2001 1875 2063 renati,
1902 2001 2100 2054 fuerint

504 2105 779 2177 justificati
805 2145 820 2169 ,
852 2105 922 2160 ab
952 2119 1019 2158 eo
1049 2113 1227 2159 tamen
1256 2103 1348 2173 qui
1378 2101 1495 2157 illos
1528 2100 1662 2155 tales
1692 2097 1963 2168 praescivit
1990 2108 2095 2150 non

505 2211 631 2254 sunt
663 2197 1053 2267 prmdestinati.

1043 2289 1439 2347 CAPITULUM
1480 2287 1570 2345 IV.

1170 2400 1437 2441 OBJECTIO.

594 2477 747 2545 Quod
776 2493 876 2532 non
900 2492 1075 2531 omnes
1106 2486 1129 2515 ο
1160 2476 1391 2530 homines
1417 2484 1661 2529 vocentur
1689 2474 1758 2528 ad
1786 2473 2025 2544 gratiam.

1151 2583 1460 2625 BESPONSIO.

582 2661 697 2718 Non
731 2676 921 2719 omnes
947 2662 1125 2717 vocari
1156 2663 1221 2716 ad
1256 2662 1480 2731 gratiam
1519 2674 1614 2714 eos
1642 2658 1837 2730 quibus
1876 2657 1895 2696 ί
1929 2658 2103 2712 omni-

515 2756 616 2812 bus
672 2756 1014 2826 Evangelium
1075 2756 1438 2825 prtedit-atur,
1493 2768 1597 2807 non
1658 2760 1806 2807 recte
1863 2751 2101 2816 dicitur;

512 2850 723 2906 etiamsi
743 2850 959 2919 sintqui
989 2849 1282 2915 Evangelia
1302 2864 1408 2903 non
1434 2846 1730 2901 ﬁobedinnt
1764 2862 1778 2901 :
1808 2843 1993 2899 nisiad
2011 2857 2104 2898 eos

513 2942 831 3010 respicia'nr
853 2941 1047 3009 quibus
1072 2943 1308 2996 nondum
1333 2947 1730 2993 sacramentum
1752 2937 1926 2991 crucis
1945 2934 2106 2991 Chri-

518 3038 583 3090 sti
613 3034 985 3103 etredemptio
1000 3034 1272 3102 sanguinis
1294 3033 1411 3102 ejus
1440 3028 1883 3097 ittttotuit.hQiiia
1897 3026 2109 3084 etiamsi

518 3138 792 3183 constaret
821 3127 962 3197 quod
990 3127 1101 3197 jam
1139 3128 1190 3180 in
1224 3126 1491 3181 universis
1518 3125 1823 3180 nationibus
1854 3132 1909 3179 et
1935 3123 2110 3178 omni-

523 3221 624 3275 bus
647 3219 846 3276 finibus
866 3231 1023 3275 terra:
1039 3228 1181 3281 totus
1207 3219 1436 3274 mundus
1458 3218 1801 3289 Evangelium
1826 3217 2115 3286 recepisset

521 3312 687 3384 (quod
717 3312 903 3382 utique
936 3312 1170 3366 futurum
1220 3312 1504 3367 verissime
1536 3310 1949 3379 prmnuutiatum
1982 3308 2111 3374 est),
2180 3330 2183 3331 ν

522 3419 627 3456 non
661 3413 805 3457 esset
833 3413 1010 3457 tamen
1047 3402 1268 3457 dubium
1298 3445 1313 3470 ,
1348 3416 1379 3455 a
1411 3413 1653 3469 tempore
1700 3392 2117 3454 resurrectionis

522 3495 735 3551 Domini
768 3510 939 3565 usque
964 3494 1029 3551 ad
1064 3507 1386 3564 prm~entem
1411 3505 1625 3549 aetatem
1669 3495 1835 3549 fuisse
1869 3495 2116 3549 homines

524 3587 614 3655 qui
655 3586 724 3639 ab
756 3591 853 3641 hac
884 3587 990 3641 vita
1034 3588 1151 3642 sine
1194 3588 1465 3657 Evangelii
1498 3588 1808 3658 cognitione
1840 3586 1854 3624 ί
1891 3588 2119 3641 transie-

528 3690 685 3742 runt,
720 3682 734 3728 l
773 3679 841 3735 de
868 3681 1062 3748 quibus
1089 3680 1192 3735 dici
1241 3682 1409 3750 possit
1455 3682 1597 3751 quod
1638 3683 1814 3736 vocati
1852 3698 1959 3735 non
1987 3681 2117 3746 sint,

525 3772 653 3842 quia
697 3787 796 3828 nec
835 3788 986 3843 spem
1026 3774 1324 3829 vocationis
1363 3773 1648 3827 audierint.
1692 3773 1845 3839 Quod
1889 3773 1936 3827 si
1973 3774 2123 3841 quis-

523 3879 685 3933 quam
719 3863 858 3916 hauc
907 3866 1205 3919 vocationis
1252 3865 1553 3934 plenariam
1600 3866 2007 3933 generalitatem
2050 3867 2122 3917 ita

531 3964 750 4023 semper
773 3955 966 4009 asserit
985 3956 1313 4010 celebratam
1335 3994 1350 4018 ,
1388 3966 1445 4010 ut
1467 3955 1535 4009 ab
1565 3958 1886 4011 ascensione
1911 3954 2123 4009 Domini

532 4041 559 4080 ι
604 4043 654 4097 in
696 4045 895 4099 cmlum
935 4061 1003 4100 ne
1042 4062 1181 4099 unus
1211 4047 1429 4115 quidem
1463 4063 1637 4101 annus
1678 4048 1953 4102 efﬂuxerit
1989 4051 2124 4103 intra

504 4150 692 4204 quem
726 4152 830 4190 non
879 4136 944 4190 ad
989 4150 1180 4192 omnes
1232 4138 1543 4206 pra-dicatio
1587 4142 1746 4192 missa
1782 4140 2125 4206 pervenerit;

533 4224 551 4264 ι
598 4226 780 4281 videat
828 4228 1100 4297 quomodo
1151 4239 1278 4283 tunc
1332 4229 1560 4282 Asianos
1623 4242 1847 4284 vocatos
1915 4231 2126 4300 probet,

529 4320 751 4390 quando
781 4321 1051 4389 apostoli,
1097 4321 1236 4375 sicut
1276 4322 1536 4391 scriptum
1576 4332 1660 4377 est
1685 4362 1700 4387 ,
1747 4325 1893 4378 vetiti
1941 4334 2063 4378 sunt
2096 4340 2129 4380 a

529 4411 738 4479 Spiritu
769 4424 958 4467 sancto
987 4414 1133 4483 loqui
1174 4416 1396 4468 verbum
1425 4424 1463 4451 ω
1489 4414 1582 4468 Dei
1616 4417 1666 4468 in
1695 4415 1818 4469 Asia
1853 4416 1989 4485 (Act.
2017 4431 2129 4481 xvi,

528 4501 639 4574 7);
683 4515 774 4560 aut
803 4505 1109 4575 Bithynios,
1139 4505 1204 4561 ad
1232 4520 1366 4576 quos
1395 4505 1556 4561 iidem
1590 4507 1819 4577 apostoli
1852 4508 2134 4562 tentabant

598 4692 624 4756 ’ξ
666 4685 793 4739 Mss.
822 4686 957 4756 Reg.
987 4693 1042 4739 et
1068 4684 1201 4754 Joh,
1233 4685 1302 4739 ad
1327 4685 1753 4739 anitosisst'mum.

605 4753 633 4793 δ
677 4758 805 4811 Mss.
841 4753 969 4826 Reg.
1002 4768 1057 4810 et
1087 4756 1226 4819 Jo|.,
1255 4759 1391 4818 quod
1419 4757 1726 4824 vivificabat.

610 4834 632 4898 ξ
680 4826 774 4881 Ms.
808 4827 964 4896 Reg.
992 4826 1209 4898 longaevi
1232 4844 1378 4881 a::as.

603 4891 635 4935 ἀ
679 4898 734 4950 lu
767 4916 867 4951 nis.
889 4891 1229 4965 Remigiauo.
1269 4906 1688 4967 prteroqawrem.

607 4978 631 5006 ο
675 4970 732 5026 ιιι
768 4985 894 5022 mss.
924 4969 1053 5036 Reg.
1084 4980 1136 5023 et
1162 4970 1267 5023 Jol.
1298 4971 1448 5023 deest
1489 4985 1585 5021 vos
1625 4968 1758 5027 haec,
1794 4968 2045 5022 homines.

607 5038 628 5079 ί
680 5038 806 5095 Mss.
838 5039 965 5109 Reg.
1000 5053 1052 5093 et
1079 5040 1179 5093 Jol.
1206 5050 1391 5091 carent
1419 5055 1554 5094 voce
1588 5039 1840 5090 omnibus.

606 5121 631 5159 s
673 5114 763 5165 Sic
796 5126 924 5164 mss.
958 5112 1086 5176 Reg.
1114 5118 1168 5162 et
1192 5111 1294 5165 Jol.
1320 5110 1535 5173 Cteteri,
1568 5110 1865 5162 obaudiunt.

606 5180 631 5252 ιέ
689 5182 784 5237 Ms.
817 5184 977 5252 Reg._,
1013 5181 1209 5245 Quibus
1238 5182 1431 5235 etiamsi
1461 5190 1736 5252 constaret.

612 5250 625 5289 ί
679 5256 747 5304 lia
779 5250 917 5306 mssf
942 5250 1073 5319 Reg.
1110 5264 1160 5305 et
1190 5253 1297 5306 Jul.
1330 5254 1452 5312 Alii,
1484 5250 1798 5305 transierint.

611 5322 625 5392 ξ
680 5324 804 5378 Mss.
837 5324 967 5392 Reg.
1000 5336 1053 5377 et
1082 5322 1208 5387 Jol.,
1240 5321 1318 5376 Ex
1340 5325 1527 5389 quibus
1560 5322 1662 5374 dici
1685 5328 1877 5391 posset.

608 5390 636 5463 ξ
681 5396 805 5448 MSS.
835 5390 963 5463 Ili-ﬁ.
998 5405 1052 5450 et
1079 5395 1211 5457 10L,
1244 5392 1311 5447 1η
1341 5398 1512 5447 (αξιοι.

616 5460 631 5498 ¹
681 5464 805 5518 Mss.
831 5460 971 5534 Re'g.
1008 5478 1060 5519 et
1089 5466 1197 5520 Jul.
1218 5506 1234 5534 ί.
1267 5464 1428 5517 videat
1457 5465 1605 5534 etiam
1636 5460 1910 5534 quomodo.

613 5542 655 5569 ω
696 5534 791 5585 Ms.
824 5530 956 5603 Reg:
991 5552 1095 5590 non
1133 5532 1293 5591 habet
1319 5549 1506 5587 vocem
1536 5532 1693 5593 hanc,
1724 5530 1839 5582 Dei.

610 5613 635 5640 τ’
682 5603 805 5658 Mss.
838 5603 967 5675 Reg.
1000 5618 1051 5660 et
1080 5608 1212 5671 Jol.,
1241 5607 1469 5675 Spiritus
1493 5615 1719 5656 sanctus.

615 5684 637 5709 °
684 5675 806 5728 llzrc
839 5672 937 5728 vos
976 5679 1118 5745 regni
1157 5672 1343 5730 aberat
1372 5676 1439 5727 ab
1466 5675 1785 5745 editis._ncc
1806 5672 2042 5745 habetur
2070 5672 2123 5725 in

542 5760 668 5799 mss.
710 5746 839 5815 Reg.
870 5758 920 5798 et
952 5742 1052 5800 Jol.
1091 5750 1279 5801 Addita
1304 5758 1481 5800 tamen
1514 5754 1593 5795 est
1627 5742 1695 5795 ab
1733 5744 1925 5795 editor.
1959 5742 2122 5805 Dper.

543 5824 599 5871 ᾗ.
632 5818 767 5884 Δσιε.
801 5833 868 5873 ex
897 5834 999 5873 tus.
1047 5818 1390 5884 Reuiigiano,
1428 5830 1481 5869 et
1507 5818 1654 5882 juxta
1694 5823 1893 5869 textum
1925 5824 2125 5867 utrum—

2188 521 2459 588 quomodo
2507 526 2725 574 tueatur
2772 519 3235 575 denuntiationem
3280 520 3451 590 ipsius
3494 520 3773 592 Veritatis,

2190 610 2421 664 dicentis
2471 626 2485 664 :
2536 609 2914 665 Prtedicabitur
2953 610 3052 665 hoc
3101 610 3438 686 Erangeh‘um
3478 621 3504 650 ο
3544 615 3689 686 regni
3724 616 3777 668 in

2190 702 2427 755 universo
2448 701 2586 767 orbe,
2609 703 2664 756 in
2686 703 3029 756 testimonium
3053 703 3284 759 omnibus
3308 704 3561 776 gentibus,
3584 718 3632 759 et
3658 715 3781 760 tunc

2190 795 2353 849 ueniet
2384 795 2505 862 ﬁnis
2554 795 2769 866 (Matth.
2801 812 2952 865 ntv,
2987 796 3100 865 Η).
3153 797 3311 853 Nutat
3350 815 3579 872 namque
3609 799 3778 871 (quod

2192 894 2222 935 Ρ
2253 886 2357 940 dici
2385 885 2540 942 nefas
2568 891 2684 953 est)
2726 887 2858 942 fides
2888 887 3080 957 verbi,
3120 890 3164 943 si
3204 900 3327 944 ante
3355 892 3780 961 quadringentos

2193 992 2369 1033 annos
2400 980 2693 1049 Evangelio
2717 980 2970 1050 impletus
2996 993 3077 1037 est
3105 983 3363 1049 mundus,
3392 992 3449 1039 et
3473 984 3647 1039 adhuc
3678 985 3779 1041 Do-

2194 1070 2323 1125 mini
2369 1070 2616 1125 differtur
2666 1072 2951 1128 adventus.
3024 1074 3306 1130 Postremo
3350 1085 3379 1125 ιι
3423 1077 3783 1145 τθειιίεἰαηιυι-

2195 1163 2356 1218 etiam
2397 1163 2537 1218 inter
2576 1164 2912 1220 Christianos
2960 1168 3186 1236 populos
3216 1176 3295 1222 tot
3335 1168 3499 1222 millia
3534 1170 3769 1237 parvulo.

2194 1270 2357 1320 rum,
2404 1256 2493 1325 qui
2524 1261 2593 1310 ab
2635 1258 2733 1310 hac
2779 1260 2885 1311 vita
2933 1260 3049 1315 sine
3096 1260 3364 1330 baptismo
3411 1261 3745 1317 transierunt

2199 1356 2223 1384 ι’
2259 1356 2315 1401 et
2351 1347 2529 1417 aliquo
2582 1348 2745 1403 modo
2806 1350 3097 1420 probentur
3136 1352 3349 1418 vocati,
3396 1361 3417 1390 ι
3451 1355 3643 1423 quibus
3685 1369 3775 1410 nec

2197 1437 2468 1509 plantator
2494 1440 2810 1510 praedicare,
2843 1458 2946 1499 nec
2970 1444 3173 1513 rigator
3201 1446 3373 1514 potuit
3401 1446 3711 1503 subvenire.

2731 1575 3127 1633 CAPITULUM
3156 1579 3219 1634 V.

2853 1685 3104 1725 OBJECTIO

2200 1759 2363 1831 209
2394 1759 2659 1841 Quod-qui
2689 1763 2853 1841 vocati
2886 1774 3154 1841 sunt._non
3182 1766 3447 1841 «qualiter
3470 1768 3571 1820 sint
3599 1781 3783 1841 vocati,

2379 1840 2466 1885 sed
2488 1831 2580 1885 alii
2602 1844 2656 1886 ut
2682 1835 2960 1897 crederent,
2995 1836 3086 1887 alii
3119 1844 3171 1888 ut
3194 1831 3297 1890 non
3322 1839 3604 1893 crederent.

2839 1941 3139 1983 RESPONSIO.

2274 2035 2329 2092 Si
2360 2037 2568 2091 vacatio
2590 2037 2642 2090 in
2658 2037 2944 2107 Evangelii
2975 2050 3177 2093 tantum
3198 2041 3793 2111 prmdicationeintelli-

2199 2137 2380 2198 gatur,
2399 2144 2504 2181 non
2537 2128 2808 2183 veraciter
2835 2128 3036 2184 dicitur
3065 2133 3206 2198 quod
3230 2132 3348 2187 aliis
3371 2146 3529 2203 atque
3556 2137 3681 2191 aliis
3698 2138 3793 2193 ali-

2202 2229 2287 2275 ter
2310 2233 2471 2287 atque
2499 2221 2656 2276 aliter
2683 2224 3033 2289 praedicetur,
3058 2239 3180 2277 cum
3210 2240 3349 2278 unus
3379 2228 3451 2279 sit
3484 2228 3652 2292 Deus,
3686 2245 3794 2283 una

2200 2313 2358 2377 fides,
2380 2329 2479 2367 una
2497 2316 2854 2384 regeneratio,
2871 2331 2971 2368 una
2988 2317 3298 2385 promissio.
3316 2317 3371 2373 Si
3387 2332 3562 2373 antem
3593 2322 3610 2356 ί
3627 2322 3694 2374 ad
3716 2322 3794 2377 cf-

2202 2404 2399 2459 l'ecmm
2424 2406 2773 2475 plantationis
2796 2420 2843 2458 et
2866 2409 3181 2475 rigalinttisn
3218 2412 3434 2480 picitnr,
3452 2413 3597 2466 aliud
3614 2423 3793 2468 actum

2204 2509 2287 2555 est
2325 2515 2447 2553 cum
2477 2500 2556 2554 eis
2576 2516 2804 2569 quorum
2836 2503 3138 2557 exteriores
3173 2518 3333 2559 aures
3357 2507 3629 2575 corporali
3662 2522 3795 2562 voce

2206 2601 2430 2672 pulsatae
2446 2612 2569 2655 sunt
2586 2618 2601 2666 ;
2616 2609 2645 2637 ιι
2668 2602 2810 2655 aliud
2835 2602 2884 2656 in
2900 2604 2981 2657 eis
2995 2618 3222 2672 quorum
3244 2603 3560 2658 interiorem
3576 2620 3795 2661 sensum

2207 2694 2352 2750 Deus
2380 2696 2611 2763 aperuit,
2650 2703 2702 2749 et
2732 2695 2784 2748 in
2819 2711 3046 2764 quorum
3077 2695 3245 2749 corde
3278 2697 3455 2765 posuit
3504 2695 3627 2751 fidei
3681 2696 3799 2751 fun-

2209 2787 2521 2843 damentum
2546 2796 2571 2824 ν
2595 2786 3022 2856 dilectionisque
3070 2786 3365 2842 fervorem.
3398 2787 3673 2855 Quosdam
3705 2802 3801 2842 au-
3866 2806 3871 2811 λ

2213 2890 2319 2935 tem
2351 2880 2471 2935 ideo
2493 2890 2712 2933 VocaIOs
2744 2881 2922 2935 dicere
2959 2891 3141 2935 utnon
3173 2882 3490 2945 crederent,
3524 2881 3687 2936 nimis
3707 2882 3783 2936 ab-

2212 2972 2435 3026 surdum
2460 2982 2543 3027 est
2568 2990 2579 3023 :
2612 2976 2762 3042 quasi
2805 2975 3015 3027 vocatio
3035 2975 3118 3028 eis
3143 2988 3302 3028 causa
3332 2974 3673 3028 infidelitatis
3699 2991 3792 3030 ex.

2215 3070 2439 3127 stiti-rit.
2464 3078 2519 3123 et
2544 3068 2851 3136 irmdieatio
2876 3069 2995 3123 fidei
3035 3069 3222 3124 fecerit
3254 3069 3517 3123 infideles.
3551 3069 3795 3136 Quamvis

2142 3196 2188 3257 ο
2223 3164 2366 3216 enim
2399 3162 2804 3230 dispensatores
2830 3161 2979 3216 verbi
3015 3162 3104 3215 llei
3150 3160 3471 3230 quibusdam
3505 3160 3635 3222 sint.
3668 3160 3811 3215 sicut

2219 3256 2478 3322 scriptum
2510 3265 2616 3322 εει,
2643 3252 2778 3306 odor
2799 3254 2925 3306 vita:
2947 3252 3013 3306 ad
3038 3253 3228 3318 vitam,
3253 3252 3575 3322 quibusdam
3603 3262 3805 3320 autem,

2220 3356 2249 3384 ι
2278 3349 2413 3402 odor
2442 3348 2633 3401 mortis
2660 3346 2723 3399 ad
2754 3356 2983 3400 mortem
3018 3348 3035 3417 (
3063 3345 3103 3399 ll
3133 3345 3255 3402 Cor.
3300 3360 3359 3408 tt,
3408 3345 3549 3416 16):
3586 3344 3696 3398 Deo
3727 3355 3811 3399 ta-

2205 3455 2344 3494 stien
2375 3438 2550 3492 bonus
2577 3436 2777 3493 Christi
2820 3450 2945 3492 sunt
2991 3438 3159 3501 odor,
3195 3438 3285 3507 qni
3330 3438 3627 3507 pradicant
3656 3437 3813 3491 Chri—
3874 3438 3881 3449 '

2223 3541 2367 3583 stum
2399 3529 2747 3587 (Τυειίῖχηηι.
2782 3528 2979 3583 1υι1ιιξὶε
3009 3528 3224 3597 quidem
3258 3528 3568 3582 scandalum
3596 3570 3610 3593 ,
3638 3528 3816 3598 genti-

2224 3622 2322 3676 bus
2347 3632 2524 3674 autnm
2578 3618 2884 3683 stultitiam,
2926 3619 3059 3688 ipsis
3087 3630 3265 3672 autem
3297 3621 3499 3673 vocatis
3530 3618 3733 3672 Judxis
3760 3627 3818 3674 et

2224 3712 2449 3773 Graecis,
2480 3711 2757 3765 Christum
2790 3711 2881 3764 Dei
2930 3712 3184 3764 virtutem
3236 3721 3290 3765 et
3342 3710 3433 3764 Dei
3472 3710 3815 3777 sapientiam.

2224 3812 2254 3852 γ
2282 3803 2433 3868 Quod
2476 3818 2606 3866 ergo
2652 3801 2974 3869 [im-dicatus
3022 3801 3272 3855 Christus
3303 3800 3590 3854 crucifixus
3615 3798 3819 3855 Jutlteis

2227 3905 2344 3950 erat
2372 3894 2709 3957 scandalum,
2757 3902 2811 3948 et
2853 3892 3108 3963 gentibus
3149 3891 3376 3946 stultitia
3399 3933 3412 3955 ,
3445 3894 3697 3945 fluuiana:
3726 3906 3822 3946 vo-

2228 3990 2456 4046 luntatis
2484 3988 2715 4043 faciebat
2754 3987 2966 4042 aversio
2995 4005 3009 4041 :
3045 3994 3067 4022 ²
3099 3986 3239 4053 qitod
3291 4001 3418 4039 vero
3451 3983 3584 4053 ipsis
3613 3985 3824 4040 vocatis

2230 4084 2429 4140 Iudaeis
2457 4091 2513 4135 et
2540 4080 2746 4136 Graecis
2766 4079 3016 4135 Christus
3044 4090 3162 4133 erat
3190 4078 3286 4132 Dei
3310 4078 3481 4131 virtus
3519 4086 3576 4131 cl.
3606 4076 3699 4133 Dei
3730 4091 3823 4133 sa-

2233 4180 2455 4251 pientia,
2479 4177 2678 4232 divina:
2704 4177 2889 4248 gratiae
2913 4173 3202 4245 praestabat
3242 4172 3510 4242 operatio.

2762 4306 3160 4364 CAPITULUM
3191 4304 3279 4361 Vl.

2893 4413 3163 4455 οωεετιο.

2241 4498 2393 4569 Quod
2413 4496 2630 4551 liberum
2674 4494 2944 4549 arbitrium
2971 4494 3026 4547 in
3056 4492 3259 4547 homine
3303 4488 3433 4543 nihil
3459 4487 3525 4542 sit
3557 4502 3576 4541 :
3598 4486 3691 4541 sed
3718 4486 3831 4542 sive

2145 4686 2202 4747 Β
2230 4695 2335 4753 que
2368 4678 2613 4753 Cra-cum
2644 4689 2709 4753 et
2738 4677 3004 4753 Latinum.

2298 4762 2326 4802 P
2372 4753 2464 4804 .lls.
2497 4750 2629 4814 Jnl.,
2658 4750 2799 4801 dictu
2830 4749 2971 4819 nefas
3002 4757 3093 4802 est.

2298 4833 2327 4874 ιι
2369 4822 2491 4875 Mss.
2521 4819 2654 4886 Reg.
2686 4830 2742 4873 et
2768 4818 2901 4881 Jul.,
2937 4820 3176 4887 respiciat
3214 4818 3387 4871 etiam.

2300 4903 2322 4931 ι’
2367 4893 2493 4946 Μεο.
2523 4896 2653 4953 Reg.
2678 4903 2727 4941 et
2751 4890 2881 4951 Jo|..
2913 4889 3057 4943 Tales
3084 4890 3336 4958 quomodo
3369 4888 3671 4959 probentur,
3713 4897 3826 4943 etc.

2300 4970 2322 4999 ⁸
2371 4968 2492 5015 Mss.
2523 4970 2748 5025 uterque
2799 4960 2930 5029 Reg.
2958 4974 3006 5014 et
3048 4957 3174 5022 Jol.,
3222 4957 3403 5029 qubus
3432 4976 3521 5011 nt-e
3550 4957 3829 5029 plantator

2226 5035 2392 5104 potuit
2424 5039 2704 5084 subvenire.
2756 5030 2865 5085 Nec
2914 5033 3067 5099 plura
3116 5031 3355 5096 addunt,
3390 5030 3527 5086 forte
3556 5045 3621 5084 ex
3661 5029 3830 5100 lapsu

2226 5119 2591 5159 amalHIEIISIS.

2303 5180 2322 5213 ι
2368 5175 2492 5227 Mss.
2522 5173 2655 5241 Reg.
2685 5184 2736 5225 et
2767 5172 2896 5233 Jol..
2932 5172 2993 5227 Si
3019 5179 3193 5226 autem
3217 5171 3445 5239 effectus.

2297 5254 2327 5282 ιι
2368 5246 2499 5298 Mss.
2525 5246 2655 5313 Reg.
2687 5257 2737 5297 et
2758 5242 2888 5299 Jol..
2920 5244 3064 5297 aliut
3098 5260 3213 5296 cum
3245 5244 3336 5297 eis.

2301 5326 2327 5352 τ
2367 5316 2467 5371 Ms.
2500 5315 2630 5379 Jol.,
2664 5314 2952 5368 dilectionis
2956 5314 3245 5438 J‘ervorem.

2302 5396 2329 5424 ι
2370 5387 2496 5438 Mss.
2532 5386 2665 5438 Rea.
2691 5395 2745 5438 et
2787 5386 2890 5438 Jol.
2923 5401 2949 5437 a
2993 5386 3126 5438 dunt
3175 5388 3245 5437 hzv

2302 5396 2329 5424 ι
2370 5387 2496 5441 Mss.
2532 5386 2665 5455 Reg.
2691 5395 2745 5439 et
2787 5386 2890 5439 Jol.
2923 5384 3126 5439 addunt
3175 5388 3317 5448 hzuc,
3348 5384 3476 5438 odor
3499 5384 3615 5455 tvin
3643 5384 3716 5435 ad
3748 5387 3836 5439 oi-

2234 5469 2357 5521 tam,
2388 5454 2693 5527 quibusdam
2744 5466 2933 5509 autem.
2983 5456 3254 5520 Leguntur
3292 5457 3455 5511 etiam
3501 5454 3568 5508 ab
3595 5456 3844 5527 antiqua

2234 5526 2631 5595 manu’adjecta
2664 5530 2716 5582 in
2747 5542 2847 5581 tus.
2872 5526 3212 5597 Remigiano.
3238 5530 3449 5583 Absunt
3469 5542 3597 5580 vero
3619 5526 3689 5580 ab
3714 5527 3845 5580 edi-

2233 5599 2302 5654 tis
2327 5599 2598 5653 omnibus.

2301 5680 2330 5718 γ
2374 5673 2499 5723 Μεε.
2536 5669 2663 5735 Reg.
2697 5677 2751 5723 et
2775 5669 2900 5730 Jol.,
2937 5669 3090 5734 Quod
3110 5678 3296 5724 autem.

2306 5750 2328 5777 ι
2374 5742 2493 5793 ll;ec
2526 5742 2735 5803 verba"

2233 5812 2364 5877 Reg.
2391 5820 2443 5865 et
2468 5809 2571 5864 Jul.

2773 5741 2921 5807 Quod
2952 5757 3089 5807 vero,
3116 5754 3247 5807 etc.,
3272 5740 3584 5797 exciderant
3625 5756 3659 5794 a
3685 5754 3856 5803 mssa
