4080 6354
523 363 633 437 163

1777 362 1834 424 S.
1876 358 2213 423 PROSPERI
2254 362 2583 433 AQUlTANl

3701 364 3809 436 168

526 501 586 554 et
605 490 1040 565 dispensationes
1070 488 1163 545 Det
1187 503 1253 544 ex
1273 484 1431 543 liberi
1459 482 1675 540 arbitrii
1702 483 1815 539 vult
1851 482 2121 539 mutabili-
2146 486 2198 547 Α
2224 484 2342 552 ipso
2365 486 2606 554 angulari
2638 485 2815 554 lapide
2836 483 3053 541 Christo
3074 485 3221 555 Jesu,
3248 489 3299 543 in
3325 504 3432 561 quo
3461 492 3640 547 omnis
3676 493 3808 551 ardi-

528 591 643 643 ιιιο
672 585 889 648 variari,
916 581 1196 654 proﬁtetur
1225 579 1322 634 sibi
1350 577 1659 633 scrutahilia
1716 576 1915 647 judicia
1942 576 2035 631 Dei
2069 583 2125 630 et

529 677 878 749 vestigabiles
895 676 1007 730 vias
1032 674 1149 745 ejus
1175 691 1188 727 :
1216 682 1270 728 et
1290 672 1431 741 quod
1455 671 1646 727 doctor
1668 670 1904 741 gentium
1929 668 2126 725 Paulus

531 780 561 813 ⁸
587 789 692 828 non
722 770 958 826 audebat
980 769 1245 836 attingere
1268 768 1285 839 (
1305 768 1454 823 Rom.
1480 783 1557 833 st,
1585 765 1708 838 33),
1742 766 1829 820 hic
1853 779 1912 818 se
1934 763 2127 819 existi-

503 859 644 921 ‘mat
669 872 968 920 reseratum
1000 864 1161 936 212
1216 878 1373 933 posse
1419 861 1638 932 vulgare
1671 879 1684 913 :
1726 860 1978 930 quodque
2017 873 2125 915 non

532 957 761 1013 minoris
784 953 1077 1025 impietatis
1104 965 1207 1022 est,
1236 956 1404 1024 ipsam
1428 953 1683 1023 gratiam,
1709 968 1812 1018 qua
1836 954 2125 1016 salvamur,

530 1061 622 1108 aut
651 1051 809 1107 bonis
843 1050 1052 1105 meritis
1085 1050 1242 1105 docet
1276 1047 1537 1117 rependi,
1585 1056 1677 1099 aut
1704 1046 1863 1100 malis
1897 1046 2131 1101 afﬁrmat

531 1145 725 1201 arceri.
762 1141 992 1199 Remoto
1036 1157 1167 1212 ergo
1206 1141 1563 1195 obscurarum
1615 1137 1834 1194 turbine
1878 1138 2131 1207 qumstio-

534 1252 684 1301 num,
716 1232 745 1275 ι’
773 1235 838 1290 ad
866 1234 1118 1290 revelata:
1152 1249 1247 1287 nos
1279 1233 1465 1302 gratiae
1513 1230 1846 1285 latitudinem
1878 1231 2131 1285 c0ufera-

534 1344 693 1395 mus;
720 1328 1069 1398 dieamnsque
1103 1337 1125 1366 ε
1172 1342 1294 1382 cum
1321 1324 1605 1397 Apostolo,
1631 1324 1657 1359 α
1696 1324 1956 1391 Quoniam
1990 1322 2131 1378 Deus

535 1418 644 1473 vult
666 1436 836 1474 omnes
861 1418 1086 1474 homines
1108 1420 1275 1471 salvos
1288 1417 1423 1487 fieri,
1440 1425 1487 1469 et
1506 1416 1560 1470 in
1576 1417 1887 1486 agnitionem
1902 1415 2130 1470 ueritatis

536 1511 705 1564 uenire
734 1510 789 1581 (ι
822 1508 953 1563 Tim.
988 1525 1045 1578 tt,
1072 1509 1157 1578 4).
1183 1507 1248 1563 Et
1271 1509 1464 1563 iterum
1486 1509 1733 1563 dicamus
1755 1522 1875 1562 cum
1895 1507 2132 1576 Aposto-

537 1601 615 1671 ιο,
650 1601 752 1669 Qui
778 1610 849 1657 est
871 1598 1093 1656 salvator
1116 1600 1369 1666 atnnium,
1400 1601 1622 1656 maxime
1644 1601 1875 1670 ﬁdelium
1905 1602 1919 1671 (
1944 1600 1963 1653 1
1996 1594 2128 1654 Tim.

540 1710 613 1761 tv,
647 1695 770 1764 i0).
806 1694 873 1749 Et
901 1694 1179 1748 audiamus
1221 1693 1510 1747 Dominum
1558 1693 1827 1747 dicentem
1873 1692 2134 1761 apostolis

541 1790 672 1855 suis,
702 1788 896 1842 Euntes
918 1804 1059 1859 ergo.
1092 1789 1265 1842 docete
1287 1804 1457 1841 onmes
1482 1797 1677 1859 gentes,
1705 1786 2018 1859 baptisantes
2047 1804 2134 1844 eos

2228 578 2409 633 ﬁcatio
2430 590 2741 633 constructa
2774 580 2988 651 (Ephes.
3013 597 3071 645 ll,
3095 582 3186 647 ‘20,
3218 583 3280 637 21
3305 585 3343 653 ),
3373 586 3569 640 crescit
3599 587 3649 641 in
3677 599 3809 643 tem-

2226 670 2374 737 plum
2410 681 2655 725 sanctum
2680 671 2734 725 in
2761 672 3011 729 Domino.
3038 675 3111 730 De
3152 673 3235 731 his
3267 675 3532 744 lapidibus
3561 676 3692 733 nihil
3712 678 3809 750 eji-
3838 678 3841 681 ’

2226 761 2388 828 citur,
2408 762 2541 816 nihil
2571 764 2848 829 minuitur,
2890 767 3020 820 nihil
3055 767 3286 835 rapitur.
3323 768 3532 823 Veritas
3563 773 3709 825 enim
3731 772 3812 828 di-

2228 860 2321 921 cit,
2358 856 2522 909 Omne
2540 858 2675 923 quod
2697 858 2785 911 dat
2812 858 2935 913 mihi
2968 858 3145 926 Pater,
3171 860 3189 911 ι
3219 861 3378 917 veniet
3408 862 3477 916 ad
3497 880 3593 929 me,
3626 873 3674 917 ct
3705 883 3813 919 eum

2228 947 2315 1015 qui
2346 948 2478 1000 venit
2505 948 2573 1000 ad
2594 965 2694 1015 me,
2724 966 2826 1004 non
2863 951 3069 1023 ejiciam
3098 952 3240 1020 foras
3268 953 3286 1021 (
3311 952 3472 1009 Joan.
3497 970 3571 1020 Vl,
3602 955 3725 1026 57).
3755 956 3817 1011 Et

2231 1036 2425 1093 iterum
2454 1037 2636 1107 (Joan.
2678 1056 2734 1104 ι,
2764 1039 2889 1112 26),
2920 1040 3039 1095 Non
3070 1044 3295 1109 creditis,
3344 1048 3467 1114 quia
3509 1062 3612 1101 non
3644 1049 3763 1101 estis
3792 1046 3816 1085 κ

2231 1131 2294 1185 de
2316 1133 2489 1186 ovibus
2518 1133 2664 1186 meis.
2698 1133 2827 1189 Oves
2854 1150 2981 1188 mea:
3007 1151 3175 1191 vocem
3204 1152 3367 1191 nutant
3390 1138 3628 1204 audiunt,
3656 1149 3705 1194 et
3729 1155 3817 1211 ego

2232 1228 2347 1281 novi
2375 1228 2513 1292 illas,
2543 1236 2589 1281 et
2619 1239 2901 1298 sequuntur
2946 1247 3044 1292 me,
3084 1240 3129 1284 et
3175 1246 3270 1300 ego
3302 1234 3455 1286 vitam
3482 1243 3728 1287 cientem
3754 1234 3818 1287 do

2231 1319 2361 1384 illis,
2391 1318 2410 1358 1
2438 1330 2485 1376 et
2515 1337 2618 1376 non
2639 1324 2872 1391 peribunt
2893 1324 3123 1394 313a:
3148 1333 3419 1388 Manum,
3446 1328 3816 1397 necquisquam

2231 1414 2395 1485 rapiet
2418 1429 2504 1469 eas
2524 1414 2587 1468 de
2606 1430 2764 1469 manu
2789 1432 2922 1470 mea.
2955 1416 3203 1471 Omnium
3228 1432 3358 1485 ergo
3386 1417 3661 1472 hominum
3692 1433 3819 1475 cura

2234 1514 2319 1561 est
2336 1506 2485 1560 Deo:
2512 1514 2569 1559 et
2590 1521 2750 1561 nemo
2783 1519 2868 1563 est
2894 1523 3053 1575 quem
3079 1524 3185 1563 non
3216 1517 3311 1563 aut
3337 1509 3657 1579 Evangelica
3682 1526 3821 1580 prae-

2233 1596 2455 1665 dicatio,
2488 1598 2757 1669 autLegis
2783 1598 3112 1664 testiﬁcatio,
3134 1609 3173 1637 ω
3192 1612 3284 1654 aut
3318 1602 3429 1671 ipsa
3454 1603 3613 1657 etiam
3636 1614 3823 1658 natura

2236 1692 2545 1747 conveniat.
2570 1691 2677 1747 Sed
2711 1692 3080 1747 inﬁdelitatem
3113 1692 3390 1748 hominum
3430 1696 3562 1764 ipsis
3590 1694 3826 1749 ascriba-

2239 1799 2360 1837 tnus
2389 1784 2701 1838 hominibus
2730 1802 2742 1839 :
2778 1784 2935 1840 ﬁdem
2964 1795 3141 1839 autem
3172 1785 3450 1840 hominum
3496 1786 3700 1840 donum
3735 1785 3827 1841 Dei

542 1886 593 1937 in
620 1883 821 1937 nomine
850 1878 1046 1941 Patris,
1078 1892 1123 1934 et
1153 1878 1313 1946 Filii,
1342 1892 1388 1934 et
1425 1880 1659 1944 Spiritus
1688 1884 1870 1944 sancti,
1895 1883 2135 1936 docentes
2167 1868 2211 1928 B
2241 1892 2363 1933 esse
2384 1876 2668 1939 fateamur.
2700 1878 2818 1932 sine
2846 1879 3000 1947 cujus
3028 1881 3199 1949 gratia
3230 1895 3389 1936 nemo
3413 1882 3582 1934 currit
3622 1880 3687 1934 ad
3713 1895 3828 1949 gra-

542 1990 625 2029 eos
648 1980 673 2011 ο
699 1988 899 2026 servare
921 1974 1090 2026 omnia
1120 1989 1456 2045 quacumque
1482 1974 1724 2027 mandavi
1759 1975 1898 2028 vobis
1923 1973 2135 2045 (Matth.

542 2078 742 2131 xxvnr,
776 2065 884 2135 19).
922 2066 1220 2121 Audiamus
1249 2081 1462 2135 quoque
1503 2064 1568 2120 ad
1605 2066 1879 2122 Abraham
1916 2068 2143 2136 promis-

544 2163 753 2218 sionem
788 2158 881 2214 Dei
912 2159 1143 2214 dicentis
1163 2202 1176 2222 ,
1212 2158 1278 2213 In
1309 2161 1500 2213 semine
1531 2169 1615 2213 tuo
1642 2159 1998 2213 benedicentur
2027 2178 2140 2214 out-

546 2271 636 2311 nes
666 2252 826 2307 tribus
849 2263 994 2306 terra!
1022 2247 1246 2321 (Cenes.
1272 2264 1405 2314 χχιι,
1438 2250 1540 2320 18)
1573 2260 1663 2304 :et
1694 2251 1736 2303 si
1762 2250 1884 2304 Filii
1918 2252 2142 2318 promis-

546 2348 717 2402 sionis
748 2359 957 2411 sumus,
1007 2360 1112 2399 non
1148 2343 1458 2397 hmsitetuus
1502 2341 1800 2396 diffidentia
1836 2342 2027 2413 (liam.
2063 2358 2140 2409 tv,

547 2439 679 2511 20),
710 2440 802 2495 sed
832 2452 953 2495 cum
987 2449 1138 2508 patre
1173 2445 1357 2491 nostro
1389 2435 1660 2489 Abraham
1694 2434 1883 2487 demus
1914 2435 2141 2505 gloriam

549 2531 681 2595 Deo.
714 2540 770 2589 et
793 2533 1107 2601 plenissime
1135 2530 1439 2595 credamus,
1472 2527 1714 2598 quoniam
1742 2524 1759 2563 ί
1794 2526 1930 2598 quod
1951 2528 2145 2597 promi-

550 2625 636 2689 sit,
672 2632 847 2694 potens
875 2633 947 2675 est
989 2633 1031 2676 et
1063 2624 1231 2690 {acere
1260 2618 1450 2690 (Ibid.,
1498 2619 1623 2689 ⁸21).
1657 2617 1948 2672 Audiamus
1977 2618 2145 2673 David

550 2718 984 2787 prnphelanletn,
1020 2713 1568 2769 Commemorabuntnr
1605 2723 1652 2766 et
1681 2723 2035 2767 convertentur
2075 2713 2145 2766 ad

551 2808 833 2866 Dominum
860 2810 1084 2863 universi
1106 2810 1231 2877 ﬁnes
1264 2819 1430 2873 terra’,
1465 2818 1511 2861 et
1540 2809 1824 2862 adorabunt
1847 2810 1899 2862 in
1929 2826 2144 2878 conspe-

554 2915 637 2956 ctu
680 2906 789 2975 ejus
821 2917 993 2955 omnes
1042 2901 1225 2973 patria:
1268 2902 1493 2970 gentium
1542 2897 1716 2971 (Psal.
1760 2917 1873 2965 xxi,
1903 2902 2035 2969 28).
2082 2902 2149 2955 Et

554 2997 703 3056 alibi,
738 2993 804 3048 Et
834 2996 1195 3049 benedicentur
1219 2996 1271 3047 in
1304 2995 1415 3062 ipso
1450 3012 1622 3048 omnes
1651 2995 1809 3048 tribus
1840 3007 2008 3052 terra.
2035 3012 2147 3049 om-

564 3105 652 3144 nes
689 3098 859 3160 gentes
890 3087 1294 3158 magniﬁcabunt
1322 3102 1437 3138 eum
1488 3085 1670 3153 (Psal.
1722 3102 1880 3152 LXXI,
1928 3086 2047 3159 17).
2082 3089 2149 3142 Et

557 3181 704 3247 alibi,
754 3179 943 3235 Omnes
991 3193 1162 3253 gentes
1231 3195 1572 3250 quascumque
1622 3180 1817 3249 fecisti,
1872 3182 2070 3233 venient
2103 3189 2153 3234 et

2244 1968 2395 2023 tiam.
2424 1977 2453 2005 υ
2480 1967 2549 2022 Et
2581 1984 2702 2023 cum
2726 1968 2974 2024 ducentis
3001 1970 3409 2039 quatuordecim
3430 1971 3827 2037 sacerdotibus,

2242 2077 2473 2133 quorum
2502 2062 2939 2117 constitutionem
2980 2072 3165 2116 contra
3210 2061 3458 2116 inimicos
3487 2066 3681 2132 gratia
3736 2063 3829 2117 Dei

2245 2164 2385 2210 totus
2400 2155 2631 2209 mundus
2645 2157 2925 2224 amplexus
2935 2164 3037 2216 est,
3054 2155 3235 2209 veraci
3258 2155 3621 2224 professione,
3646 2169 3832 2223 quem-

2245 2247 2534 2301 admodum
2585 2249 2819 2317 ipsorum
2874 2246 3039 2303 habet
3071 2262 3281 2313 sermo,
3317 2247 3583 2311 dicamus,
3612 2256 3639 2285 ο
3666 2247 3834 2315 gratia

2245 2342 2341 2399 Dei
2375 2358 2469 2411 per
2517 2341 2700 2397 Jesum
2747 2342 3022 2397 Christum
3054 2343 3371 2405 Dominum,
3413 2358 3521 2397 non
3562 2341 3741 2396 solum
3774 2339 3836 2395 ad

2245 2436 2698 2507 cognoscendam,
2729 2450 2914 2490 verum
2945 2437 3105 2491 etiam
3147 2436 3214 2489 ad
3255 2435 3555 2491 faciendam
3574 2434 3836 2504 justi-iam

2248 2545 2349 2583 nos
2382 2546 2475 2598 per
2498 2541 2648 2583 actus
2674 2529 2915 2599 singulos
2940 2528 3185 2597 adjuvari
3220 2545 3233 2583 :
3267 2531 3336 2582 ita
3361 2538 3418 2582 ut
3443 2528 3563 2582 sine
3594 2528 3682 2581 illa
3706 2526 3838 2581 nihil

2248 2637 2391 2676 vera:
2441 2632 2745 2691 sancttrque
2791 2624 3009 2691 pietatis
3058 2631 3084 2671 ι)
3135 2623 3396 2691 cogitare,
3429 2622 3645 2687 dicere,
3679 2633 3839 2690 agere

2250 2716 2546 2770 valeamus.
2576 2717 2759 2785 Neque
2790 2716 2905 2770 [nec
2934 2717 3071 2771 dona
3108 2716 3179 2770 ita
3212 2731 3276 2771 ex
3306 2716 3417 2771 Deo
3445 2732 3566 2770 esse
3592 2726 3622 2766 ιι
3655 2718 3840 2785 opine-

2251 2824 2394 2873 mur,
2430 2818 2485 2860 ut
2510 2808 2634 2878 quia
2660 2808 2775 2878 ipse
2803 2818 3007 2862 natura:
3035 2818 3230 2861 nostra:
3254 2819 3441 2862 auctor
3462 2820 3563 2877 est,
3588 2824 3683 2876 per
3712 2824 3841 2862 con-

2252 2902 2510 2957 ditionem
2536 2905 2645 2970 jam
2695 2902 2809 2955 haec
2850 2901 3153 2956 contulisse
3201 2900 3463 2955 videatur.
3517 2902 3651 2969 Quia
3694 2900 3843 2956 dedit

2255 2994 2469 3063 quidem
2501 2992 2743 3047 abiuitio
2766 2993 2902 3048 hanc
2929 2993 3133 3047 homini
3165 2993 3499 3061 facultatem;
3532 2992 3625 3048 sed
3652 3008 3845 3048 omnes

2256 3101 2373 3141 eam
2408 3087 2459 3139 in
2513 3086 2605 3140 illo
2643 3087 2943 3153 amisimus,
2990 3087 3044 3141 in
3094 3102 3200 3158 quo
3246 3103 3431 3143 omnes
3472 3090 3841 3156 peccavimus.

2257 3178 2413 3235 Unde
2444 3181 2545 3234 alia
2580 3184 2878 3247 creatione,
2911 3182 3124 3251 alioque
3156 3182 3421 3253 principio
3449 3183 3694 3237 renovari
3719 3197 3845 3252 ege-

559 3273 850 3325 adorabuut
894 3288 1065 3325 coram
1098 3280 1165 3336 te,
1219 3268 1456 3336 Domine,
1489 3281 1535 3323 et
1575 3272 1932 3343 gloriﬁcabunt
1963 3289 2148 3328 nomen
2177 3247 2222 3310 Ο
2256 3288 2377 3327 mus
2408 3273 2459 3326 in
2488 3271 2748 3328 Christo:
2786 3275 2836 3327 in
2883 3290 2992 3344 quo
3038 3290 3224 3330 sumus
3264 3290 3399 3329 nova
3439 3284 3713 3341 creatura,
3750 3289 3847 3330 no-

560 3362 892 3437 tnum(Psal.
917 3380 1121 3429 uxxv,
1149 3364 1238 3431 9).
1268 3365 1397 3429 Quae
1425 3364 1809 3433 promissioncs
1829 3367 1953 3434 quia
1982 3366 2151 3421 veris-

561 3456 712 3515 sima:
759 3467 912 3520 sunt,
954 3472 1055 3512 nec
1093 3466 1317 3528 possant
1358 3472 1421 3511 es
1471 3456 1573 3509 ulla
1615 3466 1765 3527 parte
1797 3468 1821 3505 ε
1855 3470 2070 3525 nutare,
2097 3460 2151 3515 in

560 3548 648 3606 bis
670 3550 962 3621 implentur
984 3552 1071 3620 qui
1112 3550 1245 3604 salvi
1278 3551 1409 3604 fiunt
1442 3564 1538 3620 per
1567 3553 1847 3608 universos
1881 3553 2014 3609 ﬁnes
2047 3565 2154 3608 ter-

562 3660 638 3701 rm
668 3662 682 3703 :
711 3644 954 3717 quoniam
983 3641 1010 3682 ιι
1041 3646 1182 3717 quod
1208 3646 1440 3718 promisit
1471 3643 1636 3715 Deus,
1671 3656 1853 3717 potens
1881 3656 1953 3701 est
1984 3658 2031 3701 et
2073 3651 2155 3717 fa-

562 3750 673 3794 cere
699 3738 876 3809 (liam.
908 3754 982 3803 tv,
1012 3739 1141 3809 21).
1177 3739 1300 3794 llmc
1329 3753 1461 3809 ergo
1507 3748 1588 3793 est
1617 3739 1703 3793 illa
1737 3740 1902 3794 tutius
1934 3740 2156 3797 ltumaui

564 3834 775 3906 generis
817 3833 1147 3903 assumptio,
1185 3831 1301 3888 btcc
1356 3832 1586 3886 ﬁliorum
1641 3834 1735 3888 Dei
1767 3834 2007 3904 adoptio,
2042 3837 2157 3891 tunc

566 3926 805 3997 gentium
835 3925 1135 3995 plenitttdo,
1160 3928 1404 3995 pratscita
1436 3936 1487 3980 et
1514 3927 1891 3994 praidcstinuta
1922 3929 1975 3983 in
2000 3928 2156 3985 Chri-

569 4028 655 4072 sto
677 4028 798 4071 ante
819 4016 1002 4070 tnundi
1035 4018 1504 4071 constitutionem.
1538 4014 1551 4054 ί
1584 4019 1706 4073 Haec
1734 4019 2155 4088 estJerusalem,

570 4120 692 4176 quat
718 4108 784 4160 ab
817 4104 971 4160 initio
1001 4122 1169 4176 usque
1198 4106 1249 4161 in
1284 4106 1445 4163 ﬁnem
1480 4109 1744 4178 lapidibus
1772 4112 1904 4165 viris
1934 4122 1987 4166 et
2014 4114 2157 4169 elec-

572 4200 642 4255 tis
688 4200 981 4254 aediﬁcatur
1009 4198 1066 4270 (1
1094 4199 1237 4257 Petr.
1268 4218 1336 4268 ll,
1376 4200 1461 4271 5),
1502 4212 1560 4255 ut
1610 4202 1799 4258 civitas
1844 4204 2063 4261 fundata
2104 4210 2154 4263 in

612 4324 679 4441 ﬂ;
700 4315 828 4437 M'ss.
858 4315 990 4388 Reg.
1038 4323 1093 4373 et
1139 4315 1268 4385 101.,
1297 4336 1396 4375 non
1433 4318 1606 4374 audet.
1642 4319 1739 4377 Ms.
1790 4320 2022 4391 Remig.,
2058 4339 2160 4376 non

682 4404 742 4441 ea
769 4428 781 4441 .

574 4404 781 4441 auaeat.

649 4458 674 4497 δ
709 4459 808 4514 Ms.
838 4458 994 4529 Reg.,
1026 4459 1093 4511 ad
1134 4459 1492 4513 reuelationem
1519 4477 1611 4514 nos
1650 4464 1831 4529 gratia:
1862 4464 2156 4519 latitudine.

576 4527 678 4587 Ms.
720 4529 824 4582 Jol.
859 4527 1019 4584 habet
1045 4532 1204 4583 etiam
1235 4532 1301 4584 ad
1332 4527 1711 4586 reuelationem.

650 4610 673 4639 ε
708 4599 835 4654 Mss.
861 4600 989 4670 Reg.
1016 4598 1341 4666 etJol.,cum
1370 4603 1556 4656 Paulo.
1587 4601 1727 4656 ldt'lﬂ
1754 4605 1971 4660 exhibet
1998 4606 2158 4659 etiam

578 4673 1049 4746 paulo‘iufragms.
1080 4671 1214 4743 Reg.
1245 4688 1366 4728 cum
1414 4674 1545 4729 editi
1595 4677 1879 4746 utrobique
1933 4677 2162 4732 habeant

578 4742 693 4797 cum
724 4742 984 4811 Aposroto.

651 4814 683 4850 ⁸
714 4814 875 4881 Editi,
913 4814 1177 4881 Quomodo
1228 4812 1364 4869 Deus
1414 4815 1541 4870 vult.
1582 4816 1679 4871 Ms.
1708 4818 1792 4872 Jol
1824 4859 1838 4882 ,
1888 4815 2014 4873 Cum
2053 4818 2159 4872 vult

579 4902 784 4959 omnes.
806 4886 1157 4940 Emendatum
1183 4887 1234 4941 in
1262 4888 1492 4957 appeud.
1525 4887 1689 4958 Oper.
1714 4891 1772 4945 S.
1800 4892 1935 4959 Aug.
1961 4906 2028 4943 ex
2054 4906 2156 4944 ms.

579 4955 919 5027 Betnigiano.

653 5037 679 5065 ο
713 5028 971 5083 Addimus
993 5027 1101 5093 hic,
1126 5043 1326 5082 servare
1365 5030 1558 5095 omnia,
1600 5046 1719 5098 qua:
1750 5032 1801 5084 in
1845 5030 2164 5099 Remigiano

580 5115 684 5155 ms.
728 5100 905 5152 addita
934 5114 961 5151 a
990 5102 1409 5171 secundamanu
1443 5111 1691 5154 notarunt
1721 5104 1775 5157 S.
1812 5104 1946 5171 Aug.
1991 5102 2167 5155 edito-

579 5187 705 5226 res:
736 5186 941 5239 nosque
971 5172 1021 5223 in
1053 5186 1183 5229 mss.
1217 5170 1382 5239 Regio
1405 5182 1460 5226 et
1497 5172 1715 5225 Julieusi
1749 5190 1776 5224 a
1808 5170 1975 5241 prima
2005 5189 2164 5225 manu

578 5244 775 5309 scripta
828 5241 1073 5311 legimus.
1114 5246 1353 5297 Aberant
1400 5244 1466 5295 ab
1513 5244 1671 5297 editis
1724 5244 2014 5307 omnibus;
2066 5258 2167 5299 nec

582 5312 779 5384 absunt
807 5328 835 5365 a
873 5320 1021 5367 textu
1045 5326 1271 5384 utroque
1323 5314 1627 5383 Evangelii,
1666 5314 1857 5369 Graeco
1880 5315 2165 5370 etLatinu.

660 5381 678 5420 ί
712 5385 805 5438 Ms.
837 5384 993 5456 Reg”
1020 5385 1158 5456 quod
1187 5381 1425 5456 promisit
1456 5381 1609 5456 Deus.

578 5470 585 5489 ’
657 5456 839 5528 εΜεε.
874 5454 1004 5523 Reg.
1028 5454 1082 5509 et
1106 5456 1212 5511 101.
1252 5466 1307 5509 et
1331 5455 1461 5509 edit.
1491 5454 1704 5521 Colum,
1730 5458 1936 5511 mutari.
1958 5455 2173 5528 Reliqui

585 5525 821 5590 codices,
855 5540 1060 5580 nutare.

655 5593 686 5633 ³
714 5597 857 5650 Edit.
883 5598 983 5663 0p.
1012 5594 1073 5652 8.
1106 5599 1242 5664 Aug.
1286 5597 1485 5652 omi'tit
1513 5614 1699 5654 vocem
1735 5598 1884 5653 Deus.
1920 5599 2055 5655 Alia:
2082 5614 2175 5653 ne-

585 5684 879 5741 quaquam.
922 5667 1031 5723 Nec
1075 5684 1177 5723 ms.
1212 5669 1345 5741 Reg.
1389 5685 1479 5726 aut
1504 5686 1607 5726 ms.
1650 5671 1758 5726 101.
1806 5672 2031 5738 habent,
2061 5687 2176 5741 qui:

584 5739 822 5814 promisit
856 5739 1011 5814 Oras.

666 5809 685 5849 ί
729 5811 825 5865 bis.
880 5810 1037 5879 Reg.,
1087 5808 1219 5885 Hice
1266 5810 1673 5868 Jerusalem.....
1726 5822 1782 5865 ut
1831 5816 1942 5885 ejus
1993 5814 2183 5883 funda-

587 5890 903 5955 menteuno
927 5901 991 5941 c0
1012 5883 1155 5956 quod
1180 5886 1231 5937 in
1256 5885 1375 5939 aliis
1403 5888 1647 5954 italu-tur.
1673 5895 1724 5940 ut
1745 5883 1920 5942 ciuitas
1940 5888 2185 5957 fundata.

2255 3383 2491 3437 vumque
2518 3368 2865 3437 ﬁgmentum;
2893 3378 2945 3425 et
2969 3384 3067 3437 per
3087 3384 3249 3439 quem
3302 3369 3477 3433 nobis,
3501 3370 3664 3424 nullis
3694 3367 3849 3425 bonis

2261 3469 2315 3516 et
2349 3463 2534 3516 multis
2582 3463 2737 3516 malis
2787 3461 2995 3518 "teritis
3046 3463 3500 3531 praet-dentibus,
3532 3464 3768 3520 donatur
3797 3472 3851 3519 ut

2261 3554 2429 3609 simus
2458 3569 2525 3609 ex
2546 3554 2687 3609 vasis
2712 3555 2804 3609 ira
2834 3570 2959 3609 vasa
2984 3554 3389 3612 misericordia.

2785 3668 3185 3725 CAPITULUM
3227 3669 3317 3725 1X.

2922 3776 3187 3818 οωεοτιο.

2267 3852 2421 3919 Quod
2451 3868 2553 3907 non
2583 3870 2677 3925 pro
2707 3856 2866 3909 totius
2894 3856 3073 3907 mundi
3119 3854 3469 3927 redemptione
3502 3854 3752 3912 Salvator
3792 3858 3857 3912 sit

2913 3930 3051 3979 cruci
3059 3928 3213 3994 ﬁxus.

2910 4032 3212 4074 RBSPONSIO.

2345 4114 2536 4170 Nullus
2564 4112 2788 4169 omnino
2830 4120 2920 4166 est
2947 4128 3012 4166 ex
3057 4113 3307 4167 omnibus
3338 4111 3669 4177 hominibus,
3703 4115 3862 4184 cujus

2272 4216 2466 4265 natura
2514 4216 2535 4244 ι
2577 4206 2631 4261 in
2680 4205 2894 4260 Christo
2936 4205 3167 4260 Domino
3207 4217 3395 4261 nostro
3443 4214 3699 4277 suscepta
3752 4222 3864 4262 non

2266 4336 2269 4339 λ
2341 4322 2355 4372 i
2398 4322 2494 4375 Iis.
2522 4321 2648 4386 101.,
2682 4322 2814 4373 venit
2842 4321 2909 4371 ad
2936 4335 3044 4385 me;
3067 4332 3115 4373 et
3145 4322 3302 4386 paulo
3328 4333 3465 4391 pOSI,
3492 4338 3590 4389 pro
3617 4338 3685 4377 eo
3716 4322 3865 4390 quod

2262 4395 2353 4466 alii
2388 4394 2603 4466 habent,
2639 4401 2687 4443 et
2713 4408 2825 4466 eum
2867 4394 2953 4461 qui
3002 4393 3131 4444 venit
3162 4394 3229 4445 ad
3260 4410 3359 4459 me,
3388 4394 3519 4448 edit.
3546 4395 3602 4451 S.
3639 4397 3785 4466 Aug.
3815 4405 3868 4449 et

2264 4465 2480 4523 Colum,
2514 4464 2601 4533 qui
2625 4463 2813 4515 venerit
2839 4465 2904 4513 ad
2938 4480 3035 4515 me.

2338 4533 2361 4572 κ
2398 4536 2495 4589 Ms.
2533 4537 2662 4597 Reg.
2698 4545 2749 4583 et
2776 4534 2905 4597 Job,
2930 4550 3015 4606 ex
3058 4533 3232 4586 oribus
3262 4536 3385 4588 meis
3412 4551 3430 4597 ς
3455 4544 3510 4590 et
3553 4536 3714 4601 paulo
3741 4546 3869 4606 post

2266 4605 2423 4673 Reg.,
2458 4621 2628 4658 vorem
2648 4620 2810 4656 mrum
2832 4605 3061 4664 audient,
3089 4613 3134 4657 et
3164 4622 3256 4672 ego
3296 4623 3523 4675 agnosco
3552 4609 3695 4672 illos,
3722 4605 3772 4662 et
3796 4610 3873 4661 oi-

2268 4688 2371 4730 tum
2392 4687 2637 4729 meritam
2665 4676 2730 4726 do
2762 4676 2852 4728 eis.
2888 4675 2984 4729 Ms.
3010 4675 3117 4729 Jol.
3153 4688 3206 4730 et
3236 4679 3349 4746 ipse
3376 4678 3536 4734 habet
3559 4678 3626 4733 do
3646 4684 3759 4746 eis;
3786 4696 3875 4734 re-

2186 4737 2241 4798 D
2268 4750 2409 4818 liqua
2432 4756 2488 4798 ut
2518 4748 2570 4800 in
2603 4757 2747 4799 testu
2776 4755 2829 4799 et
2850 4748 3029 4800 ed.tis.

2346 4818 2363 4857 1
2408 4818 2504 4871 Ms.
2553 4818 2686 4890 Reg.
2715 4828 2866 4871 caret
2888 4820 2991 4886 bis,
3021 4827 3068 4871 et
3098 4835 3199 4872 non
3229 4819 3465 4890 peribunt
3490 4820 3543 4873 in
3578 4828 3873 4886 retentum;

2268 4899 2318 4944 et
2347 4890 2505 4942 habet
2527 4889 2657 4959 rapit
2679 4906 2784 4942 eas.
2820 4958 2823 4959 ν
3232 4889 3237 4890 ν
3381 4905 3388 4912 .

2342 4970 2379 4997 ω
2414 4961 2538 5031 Mss.
2568 4962 2696 5028 Reg.
2723 4970 2777 5014 et
2802 4958 2936 5031 10L,
2965 4971 3054 5012 aut
3077 4962 3189 5031 ipsa
3215 4962 3365 5014 etiam
3396 4963 3537 5015 ratio
3566 4972 3795 5019 natura.

2343 5039 2369 5067 ιδ
2401 5030 2528 5084 Vide
2553 5032 2690 5098 Aug.
2717 5036 2876 5095 epist.
2904 5029 3034 5102 215,
3067 5029 3129 5085 ex
3155 5047 3255 5097 qua
3288 5046 3509 5097 api-aret
3534 5045 3663 5102 tres,
3700 5038 3879 5089 immo

2273 5113 2504 5173 quatuor
2530 5103 2769 5173 synodos
2801 5106 2851 5154 in
2884 5101 3061 5155 Africa
3099 5104 3262 5156 fuisse
3292 5105 3609 5158 celebratas.

2348 5182 2371 5209 ο
2406 5172 2647 5227 Antehac
2694 5172 2823 5225 editi
2872 5174 2948 5224 sic
2991 5173 3209 5237 habent,
3242 5174 3476 5227 Gratiam
3511 5176 3599 5228 Ι)ίὶ
3625 5214 3637 5227 .
3679 5215 3694 5230 .
3734 5216 3747 5229 .
3780 5193 3882 5229 nos

2339 5261 2364 5297 r
2393 5244 2622 5313 singulos
2661 5255 2802 5295 actas
2833 5244 3099 5310 adjuvare.
3134 5246 3437 5297 Leotionnut
3467 5258 3707 5299 ntiStram
3744 5264 3882 5313 pro-

2339 5261 2364 5297 r
2393 5261 2622 5313 singulos
2661 5261 2802 5295 aetas
2833 5261 3099 5310 adjuvare.
3134 5261 3437 5297 Lemonum
3467 5261 3707 5299 noStram
3744 5264 3880 5313 pro-

2273 5261 2406 5370 munt
2435 5326 2542 5369 tum
2575 5316 2741 5367 editio
2767 5316 2849 5383 Up
2897 5315 2954 5369 S.
2990 5318 3127 5381 Aug.
3156 5316 3221 5368 ad
3252 5318 3461 5379 Remig.
3494 5317 3613 5369 cod.
3650 5330 3880 5376 exacta,

2278 5396 2387 5441 tum
2424 5404 2524 5439 tus.
2554 5386 2683 5442 101..
2714 5396 2823 5437 111111
2855 5386 3087 5449 denique
3140 5387 3288 5439 locus
3335 5387 3454 5456 ipse
3505 5398 3557 5441 ut
3585 5390 3765 5455 praefer
3789 5400 3884 5441 tur

2278 5458 2375 5512 lib.
2410 5468 2594 5511 eontra
2626 5456 2824 5509 Collat.
2856 5472 2976 5518 cup.
3010 5458 3064 5519 5,
3094 5468 3147 5510 et
3177 5459 3324 5509 alibi.

2351 5537 2379 5578 ι’
2411 5532 2501 5582 Sic
2523 5530 2574 5581 in
2598 5528 3159 5597 cdit.0per.S.Aug.,
3184 5538 3238 5581 et
3267 5530 3417 5581 locus
3448 5529 3562 5597 ipse
3589 5528 3715 5581 alibi
3740 5528 3887 5581 cita-

2279 5608 2389 5653 tur.
2424 5601 2477 5652 In
2509 5600 2668 5651 editis
2698 5614 2827 5652 vero
2860 5614 3061 5652 ηοω-ιε
3104 5601 3320 5652 auditur
3353 5601 3439 5653 hic
3488 5600 3705 5665 habere;
3758 5608 3888 5652 tum

2282 5681 2466 5742 postea
2493 5686 2619 5742 mss.
2648 5670 2780 5738 Reg.
2806 5680 2858 5724 et
2885 5669 2990 5724 101.
3014 5670 3198 5724 habere
3222 5672 3361 5725 forte
3390 5684 3487 5740 pro
3507 5685 3677 5742 agere,
3704 5671 3893 5726 dicere

2285 5740 2364 5797 sel
2393 5741 2619 5809 cogitare
2646 5742 2923 5794 valeamus.

2363 5822 2393 5864 ιι
2422 5817 2548 5867 Mss.
2585 5812 2803 5881 Regaet
2828 5812 2962 5874 101..
2994 5813 3287 5879 spiam.

2366 5892 2389 5923 '
2421 5881 2521 5941 Hs.
2553 5879 2690 5954 Joh,
2718 5880 2787 5939 1n
2806 5882 3031 5939 Domino
3061 5892 3235 5940 nostra
3263 5881 3393 5943 lmt
3411 5879 3639 5944 Christo.
