4080 6354
247 325 340 389 ιω
825 324 963 386 ι’ηο
1000 324 1403 388 Αυαυετῐκο
1440 322 1955 385 BESPONSIDNES
1995 324 2088 383 AD
2126 324 2473 385 CAPITULA
2513 326 2915 386 GALLORUM.

3422 330 3524 388 170

245 447 339 504 bus
384 443 680 501 consulens
734 444 893 501 nobis
940 446 1036 503 Dei
1084 448 1300 504 bonitas
1351 450 1651 515 sentiatur,
1696 464 1833 518 quos
1862 452 1915 514 Α
1943 448 2082 516 ipsa,
2118 459 2171 504 et
2203 464 2320 515 qua:
2353 448 2431 501 eis
2460 447 2805 501 retribuentla
2855 452 3000 509 sunt,
3031 446 3412 517 prmdestinata
3444 451 3525 505 di-

248 541 380 599 Deus
409 542 463 595 in
500 540 743 598 Ecclesia
790 555 981 597 contra
1031 545 1323 599 Ecclesiatn
1374 546 1618 614 permisit
1646 560 1831 599 casuro

246 650 401 707 gere:
434 649 542 688 non
575 622 774 702 utique
812 651 908 690 eos
948 650 1143 691 ereans
1185 645 1281 690 aut
1326 636 1549 703 fovens;
1602 637 1693 692 sed
1742 652 1836 707 per

248 730 379 798 ipsus
405 726 751 797 diligentiam
797 726 1028 781 llliorum
1072 743 1291 782 suorum
1325 731 1390 781 ad
1426 730 1833 800 inquisitionem

249 832 294 878 et
334 822 639 874 custodiam
684 820 925 875 veritatis
972 837 1234 877 exercens
1260 840 1275 877 :
1300 823 1517 879 dicente
1550 824 1831 895 Apostolo,

252 912 443 975 Oportet
474 912 697 967 hereses
722 928 853 979 esse,
873 922 928 966 ut
950 914 1151 981 probati
1173 916 1428 984 manifesti
1448 917 1576 985 ﬁant
1597 917 1648 970 iu
1672 915 1833 971 vobis.

248 1004 365 1073 Quis
384 1016 571 1060 autem
597 1008 900 1074 respiciens
926 1007 995 1061 ad
1020 1008 1272 1063 tenebras
1300 1010 1609 1076 impiorum,
1640 1020 1696 1064 et
1719 1019 1745 1046 ἰ
1767 1008 1834 1063 ad

249 1096 705 1154 illutninationem
759 1098 1017 1163 ﬁdelium,
1072 1116 1179 1155 non
1230 1101 1295 1155 ad
1349 1104 1549 1171 gratias
1601 1103 1838 1173 agendas

251 1190 367 1251 Deo.
397 1207 466 1247 es
504 1194 620 1264 ip~a
657 1192 745 1247 fiat
774 1194 1070 1250 collatione
1102 1194 1422 1261 ferventior,
1448 1207 1505 1253 et.
1528 1196 1554 1235 δ
1582 1214 1648 1252 ex
1681 1199 1836 1252 ruina

252 1286 578 1355 pereuntium
602 1286 776 1341 discat
799 1286 853 1341 in
876 1302 1000 1357 qua:
1024 1288 1161 1343 mala
1187 1304 1284 1359 per
1306 1290 1532 1345 liberum
1551 1290 1836 1345 arbitrium

251 1388 431 1442 rueret,
486 1379 590 1433 nisi
636 1378 686 1434 ei
718 1395 812 1448 per
851 1381 1139 1436 Dominum
1174 1393 1423 1437 nostrum
1462 1380 1647 1439 Jesum
1678 1381 1837 1437 (ibri-

252 1479 376 1527 stum
397 1472 501 1528 Dei
530 1470 709 1543 gratia
741 1472 1083 1529 subveniret.

639 1630 803 1703 213
845 1628 1253 1687 cmruwu
1281 1626 1423 1687 xw.

900 1738 1170 1779 οωεετίο.

257 1813 391 1887 Ωιιοά
415 1816 508 1880 qui
564 1813 896 1882 Evangelia:
936 1818 1301 1887 pra'dirationi
1349 1833 1451 1870 non
1492 1818 1730 1878 credunt.
1771 1835 1835 1873 ea:

315 1886 406 1940 Dei
426 1889 892 1957 prrrdestiuatione
923 1886 1024 1941 non
1064 1894 1278 1943 credunt
1303 1906 1322 1943 :
1342 1901 1387 1941 et
1416 1891 1562 1959 quod
1596 1888 1731 1944 Deus
1759 1891 1832 1943 ita

316 1959 590 2024 deﬁnierit,
645 1970 703 2012 stt
749 1959 1061 2031 quicumque
1112 1977 1215 2015 non
1264 1961 1503 2027 credunt,
1534 1976 1603 2017 ex
1664 1962 1832 2031 ipsius

311 2032 673 2085 constitutione
695 2047 799 2084 non
828 2029 1065 2083 Credam.

887 2136 1195 2179 BEaPONSIO.

317 2234 613 2291 lntidelitas
664 2251 772 2290 non
828 2236 1169 2291 credentium
1245 2235 1576 2307 Evangelio,
1627 2252 1836 2307 nequa-

253 2343 400 2395 quam
431 2344 491 2381 ea
519 2325 612 2383 Dei
638 2327 1127 2397 prtedestinatione
1154 2340 1175 2367 ⁸
1198 2340 1512 2399 generatur.
1560 2329 1833 2385 Bonorum

255 2419 392 2473 enim
428 2421 559 2473 heus
583 2431 775 2475 auctor
805 2430 913 2485 est,
946 2436 1053 2474 non
1088 2421 1378 2476 malorum.
1414 2421 1834 2477 l’rmdestinutio

256 2511 410 2583 igitur
449 2513 537 2568 Dei
576 2528 792 2584 semper
843 2515 894 2568 in
935 2513 1087 2569 bono
1133 2524 1240 2576 est.
1281 2524 1377 2570 aut
1416 2514 1480 2568 ad
1517 2514 1837 2569 retributio-

259 2606 639 2675 nemjustttize,
666 2618 761 2661 aut
792 2606 859 2661 ad
900 2606 1253 2662 donationem
1304 2609 1583 2677 pertinens
1622 2606 1831 2677 gratite.

267 2692 521 2750 Universa:
563 2698 707 2751 enim
753 2698 845 2751 eia:
902 2696 1112 2752 Domini
1160 2701 1524 2754 misericordia
1561 2708 1609 2753 et
1645 2700 1834 2754 veritas

271 2784 594 2856 (Psat.sxtr,
617 2790 725 2859 lii).
749 2788 976 2846 Proinde
1002 2791 1295 2847 inﬁdelitas
1319 2808 1424 2846 non
1462 2793 1833 2861 credentium,

273 2893 378 2935 non
428 2879 493 2935 ad
529 2883 964 2939 Constitutiooetn
1013 2883 1133 2950 Dei,
1171 2884 1267 2939 sed
1312 2885 1378 2939 ad
1436 2885 1835 2954 prmscieutiam

265 2971 538 3028 referenda
596 2985 698 3031 est.
748 2976 882 3043 Quae
938 2992 1045 3031 non
1104 2976 1227 3033 ideo
1286 2979 1674 3033 necessitatem
1730 2992 1838 3032 non

257 3064 511 3121 credendi
555 3066 759 3137 intulit,
790 3069 915 3138 quia
950 3067 1063 3123 falli
1108 3069 1178 3123 de
1224 3084 1290 3124 ea
1337 3085 1461 3140 qua:
1494 3070 1671 3123 futura
1715 3075 1837 3123 erat

256 3158 563 3216 inﬁdelitate
610 3175 718 3216 non
765 3162 967 3232 potuit.
1014 3160 1177 3217 Fides
1228 3170 1410 3217 autem
1452 3173 1507 3215 et
1551 3160 1839 3215 cbaritatis

261 3266 628 3326 opera,atque
658 3254 714 3309 in
757 3256 839 3310 eis
889 3268 1060 3324 usque
1092 3256 1145 3309 in
1198 3254 1360 3309 tina-ru
1410 3253 1834 3325 perseverantia,

1864 1855 1914 1918 B

1937 556 2262 604 cuntur,ex
2317 544 2641 594 auctoritate
2700 542 2981 609 Apostoli.
3032 544 3121 608 qui
3177 542 3521 613 ait(Epltes.

1936 648 1995 699 tt,
2037 633 2096 699 ὅ)
2124 650 2136 685 :
2160 630 2349 687 Gratia
2379 632 2472 687 Dei
2508 632 2636 685 salvi
2683 630 2777 686 Dei
2817 633 2945 703 facti
2973 634 3095 687 estis
3133 650 3224 704 per
3253 636 3406 704 ﬁdem
3431 652 3449 689 :
3478 646 3524 691 et

1936 725 2034 780 Itoc
2070 742 2169 779 non
2200 742 2263 780 ea:
2291 725 2463 787 vobis,
2496 726 2585 778 sed
2620 723 2715 778 Dei
2745 726 2941 778 donum
2971 738 3044 780 est
3074 743 3090 779 :
3115 744 3217 781 non
3258 745 3319 780 ea:
3356 732 3525 795 aperi-

1937 821 2049 886 hus,
2073 837 2136 875 ne
2166 824 2297 887 forte
2336 822 2453 888 quis
2498 821 2804 873 extollatur.
2840 818 3021 887 Ipsius
3044 822 3177 874 enim
3205 838 3386 876 sumus
3419 824 3522 897 [ig-

1938 926 2185 978 mentum,
2220 914 2382 967 creati
2427 913 2480 967 in
2523 914 2759 982 operibus
2807 913 2973 980 bonis,
3009 926 3034 951 υ
3060 915 3112 967 in
3138 914 3343 969 Christo
3373 913 3522 980 λεια.

1938 1026 2055 1082 qua:
2082 1010 2394 1079 pra'parattit
2425 1006 2587 1069 Deus,
2614 1018 2667 1060 ut
2695 1008 2748 1059 in
2775 1007 2880 1061 illis
2906 1007 3249 1062 ambulemus.
3276 1009 3409 1064 Tum
3438 1025 3529 1065 er-

1939 1121 2008 1176 go
2037 1108 2090 1159 in
2118 1119 2307 1161 errore
2340 1111 2427 1158 est
2466 1103 2555 1173 qui
2596 1101 2973 1156 inﬁdelitatem
3008 1102 3298 1171 impiorum
3335 1106 3400 1156 ad
3429 1102 3529 1158 Dei

1938 1198 2383 1253 constitutionem
2430 1196 2621 1262 refert,
2661 1210 2822 1265 quam
2876 1196 2968 1263 qui
3017 1196 3140 1251 lidei
3188 1196 3529 1266 justitiaque

1939 1306 2276 1353 sanctorum,
2331 1305 2437 1344 nou
2493 1290 2659 1344 Deum
2731 1286 3013 1358 proﬁtetur
3066 1299 3368 1345 auctorem.
3425 1289 3531 1358 Qui

1940 1386 2083 1441 enim
2116 1384 2260 1454 quod
2292 1392 2576 1451 acceperat
2611 1381 2868 1449 perdidit,
2898 1395 3007 1434 non
3060 1380 3186 1435 inde
3234 1379 3285 1435 id
3331 1381 3529 1451 recipit

1942 1478 2086 1533 unde
2129 1474 2395 1546 perdidit;
2427 1474 2521 1528 sed
2555 1471 2667 1526 ‘ab
2697 1473 2790 1526 illo
2835 1472 3027 1543 recipit
3068 1473 3213 1543 quod
3250 1473 3466 1540 habeat,
3497 1488 3528 1528 a

1940 1584 2048 1641 quo
2078 1569 2221 1639 quod
2248 1566 2430 1622 amisit
2462 1574 2768 1634 acceperat.

2459 1697 2861 1754 CAPITULUM
2901 1697 3017 1753 XV.

2600 1835 2871 1876 OBJECTIO.

2051 1916 2203 1986 Quod
2228 1916 2363 1971 idem
2392 1915 2458 1969 sit
2488 1916 2811 1985 prtescieutia
2842 1913 2981 1985 quod
3012 1915 3421 1983 prtedeatittatio.

2580 2020 2887 2060 RISPONSIO.

2009 2102 2114 2173 Qui
2146 2100 2545 2173 prmscientiam
2594 2100 2689 2155 Dei
2732 2100 2787 2155 in
2824 2098 2976 2153 nullo
3008 2099 3076 2154 ab
3108 2098 3277 2169 ipsius
3319 2102 3534 2172 praede-

1938 2200 2232 2257 stinatiuue
2278 2198 2569 2259 dist-eruit,
2601 2196 2745 2267 quod
2780 2195 3124 2249 tribuendum
3174 2207 3254 2250 est
3299 2199 3407 2251 Deo
3452 2196 3521 2252 de

1938 2296 2117 2363 bonis,
2153 2295 2255 2349 ltoc
2281 2296 2329 2348 ei
2362 2293 2527 2348 etiam
2551 2292 2617 2345 de
2646 2288 2801 2345 malis
2832 2299 3065 2345 conatur
3094 2288 3389 2345 a~crtbere.
3415 2289 3527 2345 Sed

1938 2408 2064 2449 cum
2104 2392 2244 2447 bona
2286 2390 2351 2444 ad
2400 2390 2711 2458 largitorem
2758 2386 2922 2457 219
2948 2395 2973 2433 ε
3009 2396 3534 2455 cooperatoremque

1938 2503 2126 2544 eorum
2160 2486 2351 2549 Deum,
2385 2487 2522 2537 mala
2552 2492 2730 2537 autem
2758 2484 2825 2535 ad
2856 2484 3214 2535 Voluntariam
3248 2481 3533 2535 rationalis

1939 2593 2206 2639 creatura-
2230 2578 2525 2648 nequitiam
2547 2575 2833 2631 referenda
2859 2576 2964 2628 sint
2989 2590 3004 2639 ;
3029 2575 3253 2628 dubium
3282 2590 3388 2629 non
3422 2584 3532 2638 est,

1939 2678 2058 2732 sine
2087 2676 2193 2730 ulla
2250 2670 2534 2741 temporali
2587 2668 2894 2723 ditl'erentia
2937 2667 3104 2722 Deum
3135 2676 3192 2721 et
3242 2668 3537 2735 praescisse

1940 2768 2125 2834 simul,
2159 2775 2213 2821 et
2246 2764 2687 2834 prwdt~stittasse,
2720 2757 2748 2797 ιι
2779 2775 2902 2829 qua:
2934 2765 3055 2827 ipso
3102 2768 3261 2813 erant
3310 2770 3537 2815 auctore

1942 2860 2215 2925 facienda,
2247 2857 2331 2911 vel
2365 2872 2483 2927 quae
2528 2854 2686 2909 malis
2713 2852 2927 2906 meritis
2954 2851 3104 2919 justo
3139 2860 3299 2905 erant.
3322 2852 3535 2921 judicio

1941 2952 2328 3016 retribuenda;
2376 2950 2662 3020 pruscisse
2716 2957 2899 3000 autem
2963 2948 3361 3011 tantummodo,
3425 2960 3540 3002 non

1941 3048 2107 3106 etiam
2132 3045 2570 3117 prtedestinusse,
2592 3056 2709 3110 quae
2739 3054 2847 3094 non
2874 3054 2939 3094 ex
2966 3038 3085 3107 ipso
3117 3049 3272 3093 erant
3302 3052 3532 3092 causam

1943 3138 2279 3215 operationis
2310 3136 2584 3191 habitura.
2623 3134 2805 3187 Potest
2856 3132 3039 3200 itaque
3086 3131 3207 3186 sine
3256 3130 3541 3200 praedesti-

1948 3239 2167 3294 natione
2195 3246 2321 3289 esse
2351 3227 2693 3300 prascientia
2730 3241 2744 3282 :
2778 3222 3185 3292 prmdestiuatio
3213 3231 3396 3277 autem
3422 3222 3541 3278 sine

253 3359 367 3414 quia
391 3324 595 3401 homini
624 3361 723 3417 per
748 3345 845 3402 Dei
874 3348 1111 3418 gratiam
1143 3324 1528 3417 conteruntur,
1554 3358 1703 3403 recte
1730 3342 1759 3383 ⁴
1789 3354 1844 3401 et
1870 3331 1917 3396 C
1948 3327 2287 3407 prwscientia
2316 3336 2439 3378 esse
2469 3332 2578 3375 non
2612 3324 2814 3387 βοιεδί·

314 3512 337 3539 ι
366 3502 437 3558 lla
471 3519 605 3559 mss.
640 3505 846 3575 Reg.el
872 3504 982 3560 Jol.
1020 3506 1089 3559 At
1117 3517 1249 3559 vero
1283 3504 1438 3571 editi,
1467 3504 1536 3558 ad
1561 3503 1833 3559 illumina-

253 3574 424 3628 tianem
448 3576 703 3645 filiorum.

313 3646 338 3684 δ
366 3648 530 3707 Edtti.
558 3652 612 3720 in
645 3648 819 3701 ruina.
852 3647 979 3703 Mss.
1006 3646 1142 3720 Reg.
1175 3655 1232 3703 et
1262 3646 1396 3718 ποι,
1418 3663 1484 3702 ea:
1507 3646 1695 3712 ruina,-
1723 3652 1834 3700 tum

251 3716 451 3771 liberum
480 3719 763 3772 arbitrium
795 3721 1008 3773 veniret.

314 3799 334 3826 ε
363 3789 459 3842 Iis.
493 3792 633 3853 Jul.,
659 3793 872 3857 geritur.

310 3856 335 3895 ά
356 3864 519 3925 ludat,
555 3872 605 3913 et
633 3856 753 3913 ista.
783 3861 910 3916 Μες.
935 3860 1147 3931 Remig.
1182 3870 1239 3918 et
1268 3862 1403 3929 Jol.,
1437 3870 1485 3916 et
1514 3862 1643 3931 ipsa.

310 3939 332 3966 ⁸
360 3932 489 3986 Haec
522 3934 716 3996 verba,
748 3933 801 3985 in
831 3933 1035 3987 Clmsto
1064 3929 1214 4003 Jesu,
1242 3942 1477 3989 aberant.
1512 3929 1580 3987 ab
1628 3929 1793 3987 editis
1822 3946 1837 3984 :

248 4038 2141 4067 .—____—_____—__—_—__——t

1944 3494 2308 3552 restituuntur
2364 3476 2690 3536 auctoritate
2744 3489 2850 3531 ms.
2917 3474 3178 3531 Jollensis
3230 3484 3287 3531 et
3356 3480 3541 3532 textus

1943 3582 2172 3689 δὛΪις.
2204 3630 2266 3683 ab
2296 3627 2386 3681 illo
2414 3621 2555 3698 illud
2576 3620 2757 3687 recipit
2784 3617 2874 3689 qui
2898 3617 3068 3671 habet.
3272 3687 3283 3698 .

2018 3716 2043 3755 s
2080 3706 2209 3761 Mss.
2234 3700 2364 3769 Reg.
2393 3704 2449 3751 et
2476 3694 2607 3760 Jul.,
2638 3698 3125 3763 cooperatoreuque
3145 3694 3394 3757 omnium,
3426 3704 3539 3743 ma-

1947 3781 1999 3835 la
2017 3790 2367 3911 ξιλέῗῖιῖὶεςη
2390 3853 2503 3908 qua:
2525 3839 2576 3889 in
2602 3836 2714 3904 ipso
2739 3844 2884 3887 erant
2906 3839 3119 3885 auctore
3140 3830 3389 3900 ﬁnienda.

2143 4025 3508 4051 Μ

1270 4135 1685 4244 PARS
1760 4114 2532 4241 SECUNDﬂ.

931 4324 1036 4386 DE
1079 4323 1441 4387 SINGUIJS
1486 4317 1898 4387 CAPITULIS
1939 4308 2306 4378 SINGULIE
2352 4300 2845 4367 SENTENTIE.

1646 4472 1983 4490 θ

1986 4466 2102 4480 -ι--ο

310 4592 576 4662 Quamvis
605 4606 737 4663 ergo
772 4592 839 4647 ad
876 4606 1069 4647 omnes
1098 4590 1439 4661 obiectiones
1465 4603 1563 4645 seu
1592 4586 1842 4659 querula:
1942 4578 2092 4635 fatali
2138 4575 2469 4634 necessitate
2532 4568 2786 4625 homines
2834 4567 2886 4618 in
2931 4572 3158 4663 peccata
3213 4565 3539 4663 compulsos

253 4688 553 4759 imperitiae.
591 4702 689 4744 seu
728 4686 935 4742 fallacis
977 4686 1230 4753 invidim,
1263 4685 1582 4755 planissime
1626 4697 1689 4737 ae
1731 4680 1843 4751 ple-

1942 4672 2059 4741 cOgi
2092 4670 2223 4726 dicit
2254 4670 2309 4723 in
2334 4674 2587 4728 mortem,
2615 4677 2723 4716 non
2752 4668 2833 4715 est
2865 4657 3189 4713 catholicus.
3213 4656 3373 4713 Nullo
3395 4659 3538 4714 enim

253 4747 490 4842 nissime.
527 4747 800 4850 quantum
844 4778 1105 4834 Dominus
1153 4747 1333 4843 dedit,
1364 4775 1671 4832 existimem
1723 4747 1847 4826 esse
1878 4780 1923 4840 ι)
1951 4761 2114 4818 modo
2144 4756 2550 4831 pra-destinatio
2581 4752 2673 4809 Dei
2704 4750 2922 4850 iniquos
2960 4747 3111 4817 facit,
3142 4764 3322 4820 neque
3349 4749 3537 4820 cujus-

252 4885 573 4939 responsum
592 4912 608 4934 .
643 4870 1045 4943 professionem
1076 4880 1255 4924 tamen
1275 4883 1467 4925 sensus
1486 4865 1659 4922 nostri
1676 4865 1842 4918 etiam

252 4967 299 5023 in
329 4970 512 5025 brevia
555 4978 941 5031 coaretemus;
975 4976 1033 5020 ut
1072 4965 1174 5019 sub
1209 4977 1508 5034 paucorum
1547 4958 1839 5014 verborum

251 5062 601 5132 simplicitate
625 5060 800 5129 magis
827 5058 1106 5128 magisque
1134 5063 1400 5123 appareat
1428 5067 1527 5109 nos
1554 5050 1696 5120 quod
1722 5059 1747 5085 ἰ
1771 5047 1841 5103 de

250 5167 397 5224 supra
441 5154 672 5223 scriptis
712 5151 968 5222 capitulis
1010 5150 1395 5220 intelligimus,
1428 5145 1570 5200 nulla
1607 5142 1843 5199 circum-

249 5244 497 5317 loquendi
532 5259 656 5302 arte
689 5258 1012 5315 prtetexere,
1039 5242 1066 5281 δ
1092 5242 1187 5298 sed
1218 5242 1466 5297 absolute
1497 5254 1560 5292 ac
1592 5235 1761 5291 libere
1786 5240 1842 5289 et

246 5350 401 5408 prava
453 5354 760 5412 respuere,
816 5348 873 5394 et
918 5351 1255 5394 consensum
1306 5332 1677 5407 probabilibus
1712 5344 1842 5397 non

246 5444 459 5506 negare.

622 5539 923 5582 SENTENTIA
972 5538 1143 5579 SUPER
1166 5535 1412 5579 CAPITUL.
1444 5534 1487 5574 1.

308 5639 576 5711 Quisquis
626 5640 793 5710 igitur
849 5654 913 5694 ex
972 5637 1458 5708 [trmdcstittatione
1520 5630 1651 5697 Dei,
1698 5628 1849 5685 velut

316 5816 339 5845 ⁸
362 5807 461 5865 Ms.
491 5806 630 5863 301..
659 5805 723 5859 de
752 5822 910 5867 supra
940 5803 1115 5857 dirtis.

312 5876 341 5917 δ
370 5878 502 5937 Mss.
533 5879 663 5945 Reg.
695 5887 755 5931 et.
780 5866 914 5942 10L,
949 5876 1035 5929 sed
1062 5872 1295 5928 absolute
1322 5866 1589 5923 adhibere.

516 5972 789 6032 ΡΑτιοι..
844 5967 936 6029 ιι.

1952 4869 2112 4925 quam
2142 4854 2366 4908 omnino
2396 4860 2481 4907 est
2510 4861 2674 4903 causa
2703 4843 2932 4915 peccati.

2451 4978 2747 5021 SENTENTIA
2778 4975 2946 5016 SUPER
2970 4975 3027 5013 ll.

2023 5074 2046 5103 ε
2072 5063 2207 5120 Item
2239 5063 2329 5132 qtti
2362 5059 2503 5116 dicit
2530 5058 2673 5129 quod
2702 5056 2769 5110 ab
2800 5053 2887 5108 his
2909 5052 2998 5123 qui
3032 5065 3139 5105 non
3169 5059 3297 5105 sunt
3324 5049 3541 5118 praede-

1949 5157 2131 5213 stinati
2161 5156 2225 5209 ad
2261 5156 2426 5210 \‘itatn
2462 5169 2567 5205 non
2595 5152 2797 5205 auferat
2836 5152 3090 5215 percepta
3125 5140 3379 5209 baptismi
3404 5154 3534 5209 gra-

1952 5253 2021 5307 tia
2055 5249 2322 5320 originale
2372 5258 2673 5315 peccatum.
2708 5256 2815 5295 non
2855 5246 2941 5293 est
2989 5233 3313 5289 catholivus.
3344 5230 3541 5288 Sarra.

1951 5359 2193 5405 mentum
2234 5344 2376 5399 enim
2410 5337 2772 5409 baptismatis,
2807 5346 2914 5401 quo
2941 5330 3123 5381 omnia
3164 5339 3386 5393 prorsus
3417 5341 3543 5393 pec-

1953 5454 2076 5497 cata
2114 5438 2381 5495 delentur.
2408 5436 2571 5487 etiam
2622 5430 2673 5482 iu
2702 5428 2782 5481 eis
2804 5435 2991 5476 verum
3037 5425 3122 5471 est
3148 5417 3240 5488 qui
3274 5434 3379 5471 non
3415 5427 3543 5471 sunt

1955 5535 2008 5588 ει,
2034 5533 2262 5588 verume
2292 5525 2553 5588 manuni,
2585 5534 2639 5579 et
2669 5522 2739 5575 ob
2772 5518 2873 5572 hoc
2921 5513 2986 5568 ad
3020 5511 3185 5567 vitam
3218 5527 3405 5567 vetant
3432 5526 3540 5566 nun

1957 5638 2079 5681 sunt
2104 5617 2494 5695 prmdestiuati.

2034 5798 2054 5824 τ
2080 5787 2136 5841 in
2162 5786 2259 5838 hac
2285 5777 2548 5837 sententia
2576 5781 2625 5825 rt
2648 5771 3002 5841 sequentibus
3024 5765 3274 5825 omnibus
3294 5774 3398 5814 vox
3424 5757 3538 5812 hate

1954 5860 2077 5913 item
2106 5860 2259 5915 abest
2287 5873 2316 5908 ει
2349 5867 2451 5908 tns.
2480 5846 2671 5917 Regio.

2918 5933 2958 5992 6
