4028 6352
570 358 667 427 ibi

1796 371 1857 431 S.
1898 367 2233 430 PROSPERI
2271 363 2599 437 AQCITANI

2769 282 2795 295 4-
2810 273 2913 301 ἔθη

568 486 702 544 mini
730 485 885 559 (Isat.
914 503 990 554 st.
1009 488 1093 561 ἱ).
1130 494 1235 547 nisi
1278 497 1376 547 tias
1400 498 1629 548 Vtrtutes
1650 491 1887 562 Spiritus
1924 502 2145 544 sanctus
2174 494 2218 553 Α
2250 504 2422 542 ntensa
2446 504 2622 543 eorum
2642 487 2695 543 in
2722 504 2992 559 taqueum.
3010 499 3060 544 et
3082 495 3136 545 tn
3155 497 3498 554 oenattonettt.
3529 495 3580 544 et
3599 493 3654 545 tu
3681 504 3827 544 scan-

567 581 751 649 deret;
780 584 1049 653 quomodo
1080 583 1211 640 ﬁdes
1241 588 1293 639 in
1336 586 1507 641 Adam
1542 587 1749 655 perdita
1794 586 1845 640 itt
1873 598 2149 656 quoipiam

565 674 797 732 ﬁliorum
823 676 943 745 ejus
966 677 1316 742 inveniretur,
1342 678 1442 733 nisi
1468 696 1585 733 eam
1611 678 1753 734 ident
1777 678 2032 745 Spiritus,
2058 675 2151 745 qui

565 770 744 827 Omnia
773 770 825 824 itt
856 772 1106 825 omnibus
1135 786 1393 840 operatur
1419 772 1463 843 (I
1494 768 1616 827 Cor.
1648 787 1745 831 xu.
1779 772 1856 839 6).
1892 769 2149 824 infunde-

566 859 684 915 ret‘l
737 860 887 917 Unde
938 861 986 916 si
1031 863 1172 930 quod
1214 863 1385 917 Adam
1433 864 1664 931 perdidit
1704 863 1996 927 posteritas
2042 876 2147 915 non

566 951 764 1015 amisit,
815 952 988 1020 ipsum
1036 956 1209 1007 solum
1261 952 1403 1008 laesit
1451 965 1730 1022 peccatum
1770 952 1910 1022 ejus,
1957 963 2009 1007 et
2043 967 2149 1008 non

564 1059 733 1115 genus
781 1045 1098 1103 humanum.
1151 1046 1255 1103 Sed
1307 1062 1499 1101 omnes
1550 1050 1600 1102 in
1648 1063 1757 1101 uno
1793 1053 2152 1116 peccaverunt

567 1136 745 1208 (liam.
779 1153 831 1198 ν.
876 1138 990 1208 l2),
1038 1149 1095 1193 et
1147 1139 1609 1209 pru‘variCationis
1656 1151 1851 1194 merito
1895 1148 2002 1193 tota
2032 1140 2151 1207 ejus

565 1231 1064 1299 propagodstmnata
1096 1242 1202 1287 est.
1231 1232 1430 1287 Omnes
1462 1234 1623 1302 igitur
1652 1234 1792 1303 quod
1825 1232 1994 1288 Adam
2022 1247 2148 1302 per-

566 1319 700 1374 didit
739 1322 1109 1391 perdiderunt.
1156 1324 1394 1380 Pcrtlidit
1432 1336 1615 1381 autem
1661 1326 1910 1395 primitus
1952 1325 2145 1391 Iidem;

565 1427 724 1484 quam
752 1431 962 1482 omnes,
997 1419 1120 1488 quia
1152 1418 1381 1487 primum
1414 1418 1685 1488 potuimus
1721 1421 1993 1484 amittere,
2040 1422 2150 1487 pri-

564 1518 649 1559 ma
660 1522 709 1559 ιιι
734 1515 757 1542 ·
787 1522 1007 1575 egemus
1031 1510 1298 1578 accipere.
1326 1509 1537 1565 Placeat
1557 1526 1689 1580 ergo
1712 1511 1865 1565 nobis
1888 1510 2003 1566 haec
2027 1527 2150 1579 gra-

564 1600 653 1654 tia:
680 1600 1008 1665 prcedicatio.
1030 1618 1134 1672 qua
1162 1603 1297 1658 ﬁdes
1325 1604 1522 1658 donum
1540 1604 1633 1660 Dei
1662 1621 1782 1661 esse
1803 1604 2145 1672 defendaur;

563 1702 619 1749 et
646 1691 698 1746 in
732 1693 882 1748 nullo
909 1693 1064 1750 nobis
1085 1694 1111 1733 δ
1136 1701 1333 1763 poterit
1360 1697 1683 1767 Pelaginnus
1710 1714 1866 1753 error
1892 1700 2141 1763 illudere,

562 1785 674 1857 qui,
707 1796 763 1841 ut
786 1790 1012 1856 gratiam
1041 1790 1363 1857 persuadeat
1394 1790 1657 1855 debitam,
1687 1793 1847 1848 (idem
1890 1808 1997 1846 non
2031 1792 2148 1846 vult

2252 582 2451 648 dolum,
2486 592 2531 635 et
2558 585 2613 637 in
2631 584 3013 638 retributionem
3043 583 3149 637 illis
3176 598 3195 637 :
3222 582 3556 638 obscurentur
3583 584 3721 638 oculi
3741 598 3827 638 es-

2250 691 2389 742 rum,
2414 692 2476 730 ue
2493 678 2714 741 rideant,
2737 688 2786 730 et
2806 680 3195 731 dorsunteorunt
3216 691 3413 745 semper
3425 676 3632 730 incurro
3652 674 3827 741 (llam.

2251 784 2327 827 st.
2354 770 2435 838 7).
2469 768 2489 809 τ
2526 770 2659 824 Ecce
2698 771 3047 825 misericordia
3071 780 3121 825 et
3156 771 3406 839 iudicium
3436 785 3456 825 :
3483 770 3834 827 misericordia

2249 862 2304 915 in
2325 862 2640 928 electionem,
2689 879 2803 931 qua!
2829 875 3102 918 consecuta
3132 876 3204 917 est
3217 865 3476 933 justitiam
3505 861 3599 918 Dtt
3626 880 3647 930 ;
3687 865 3837 937 judi-

2250 954 2384 1006 cium
2407 968 2521 1007 vero
2545 956 2595 1007 in
2621 966 2860 1021 ctcteros,
2900 955 2987 1024 qui
3027 955 3269 1009 exctecati
3290 966 3408 1009 sunt
3431 970 3451 1009 :
3476 961 3525 1007 et
3552 964 3727 1009 tamen
3762 954 3838 1008 illi

2250 1062 2370 1113 quia
2395 1050 2662 1101 uoluerunt
2705 1048 3074 1115 crediderunt;
3107 1050 3182 1102 illt
3212 1049 3334 1119 quia
3366 1046 3642 1102 noluerunt
3664 1093 3681 1116 ,
3738 1065 3835 1102 non

2249 1137 2594 1193 crediderunt.
2658 1139 3016 1194 Misericordia
3056 1142 3213 1213 igitur
3248 1150 3296 1194 et
3326 1142 3587 1213 judicium
3619 1141 3674 1195 in
3706 1140 3835 1209 ipsis

2250 1229 2594 1285 voluntatibus
2632 1234 2769 1298 facta
2800 1241 2940 1285 sunt.
2965 1241 2990 1279 ι
3047 1232 3242 1286 Electio
3269 1232 3459 1303 quippe
3504 1232 3604 1285 ista
3654 1234 3835 1303 gratia

2250 1333 2344 1387 est,
2394 1340 2495 1377 non
2543 1325 2719 1391 utique
2754 1326 3071 1379 meritorum.
3147 1324 3400 1394 Superius
3438 1325 3573 1379 enim
3601 1325 3827 1390 dixerat,

2252 1414 2342 1471 Sic
2366 1420 2496 1469 enim
2521 1417 2571 1469 in
2601 1420 2694 1469 Itoc
2724 1427 2947 1487 tempore
2976 1418 3205 1484 reliquiae
3229 1434 3319 1485 per
3338 1419 3632 1472 electionem
3658 1435 3753 1489 gra
3773 1420 3835 1473 io

2246 1505 2401 1559 solete
2421 1506 2571 1574 facta:
2591 1517 2724 1560 sunt.
2760 1506 2819 1562 Si
2836 1519 3002 1562 autent
3024 1509 3157 1580 grati
3172 1528 3211 1572 ι,
3232 1512 3345 1582 jam
3362 1526 3461 1564 non
3482 1526 3545 1565 ex
3565 1511 3829 1579 operibus,

2248 1597 2477 1668 alioquin
2518 1599 2686 1669 gratia
2735 1603 2839 1664 iam
2885 1619 2987 1655 non
3033 1614 3106 1657 est
3153 1606 3320 1674 gratia
3349 1604 3540 1674 (Rom.
3592 1620 3682 1670 XI,
3738 1604 3830 1672 5).

2250 1686 2277 1727 δ
2301 1690 2478 1746 (iratis
2505 1708 2630 1767 ergo
2661 1705 2933 1748 consecuta
2956 1704 3029 1749 cst
3055 1697 3191 1765 quod
3220 1706 3491 1751 consecuta
3534 1707 3607 1750 est
3636 1697 3831 1752 electio.

2253 1784 2374 1839 Non
2426 1788 2680 1855 praeessit
2712 1804 2887 1841 eorum
2913 1790 3109 1856 aliquid
3139 1790 3277 1860 quod
3305 1790 3499 1858 priores
3546 1790 3752 1856 durent,
3790 1798 3836 1844 et

562 1892 681 1933 esse
708 1879 980 1933 donatam.
1006 1880 1142 1948 Quia
1166 1896 1295 1951 ergo
1321 1892 1343 1920 ⁸
1368 1898 1468 1938 nec
1494 1886 1658 1949 justa.
1684 1900 1784 1939 nec
1811 1885 2145 1940 rationaliiiis
2173 1881 2222 1944 B
2246 1878 2609 1933 retribueretur
2637 1878 2739 1933 illis
2767 1895 2787 1934 :
2818 1896 2913 1949 pro
2939 1880 3102 1934 niltt'lo
3136 1878 3151 1919 ί
3212 1882 3380 1935 salvos
3406 1883 3525 1951 fecit
3550 1898 3634 1933 eos
3660 1881 3833 1945 (l’sul.

564 1969 880 2042 intelligitur
917 1988 1106 2027 eorum
1153 1974 1319 2029 [niese
1372 1980 1675 2042 persuasio,
1723 1978 1811 2047 qui
1861 1978 2017 2043 Itnjus
2048 1977 2147 2032 viri

561 2062 840 2117 scientiam
868 2073 945 2118 tot
971 2064 1426 2121 incrementorum
1451 2067 1778 2136 profectibus
1803 2068 2144 2139 aoditicatatu,

562 2164 641 2212 tot
666 2173 927 2212 annorqu
958 2159 1152 2213 studiis
1181 2162 1495 2228 expolitum,
1529 2162 1595 2215 ad
1628 2162 2008 2215 adolescentia:
2056 2177 2148 2216 ru-

559 2249 797 2304 dimenta
828 2252 1178 2317 revocabant,
1213 2263 1269 2305 ut
1300 2253 1471 2322 magis
1506 2254 1898 2323 sull'ragaretnr
1926 2255 2148 2308 lucreti-

559 2340 638 2395 cis
675 2340 816 2412 quod
851 2342 993 2397 inter
1023 2343 1172 2397 initia
1200 2346 1572 2399 conversionis
1600 2360 1713 2401 sure
1743 2347 1993 2416 ittiperiae
2022 2362 2147 2401 sen-

563 2438 730 2497 Serut,
784 2447 942 2499 quam
999 2432 1282 2501 prodesset
1326 2435 1607 2489 catholicis
1653 2436 1797 2506 quod
1850 2437 2147 2507 pontiﬁcali

561 2519 857 2591 diligentia:
886 2524 1086 2578 veritas
1116 2524 1421 2589 revelarat;
1454 2527 1644 2581 merito
1672 2528 1791 2579 illos
1822 2527 1922 2582 ltoc
1952 2530 2147 2598 praejtt-

564 2614 709 2669 dicio
734 2624 969 2682 utentes,
1001 2628 1056 2671 et
1083 2618 1133 2671 in
1166 2616 1249 2671 his
1273 2634 1392 2687 qua:
1423 2619 1623 2673 dudum
1654 2620 1898 2674 abdicata
1932 2621 2145 2676 inerant

557 2705 933 2771 implorantes,
981 2707 1053 2777 pii
1100 2708 1339 2764 doctoris
1384 2710 1620 2780 gravitas
1650 2722 1826 2779 nutat;
1872 2714 2014 2782 quod
2054 2713 2145 2780 qtti

558 2810 888 2854 citraverunt
916 2815 1105 2856 omnes
1130 2816 1320 2857 sensus
1349 2803 1516 2873 ipsius
1544 2803 1821 2874 indagare,
1868 2806 2147 2861 noluerint

558 2906 682 2946 cum
709 2892 831 2961 ejus
858 2893 1162 2949 eruditione
1193 2894 1475 2964 prolicere.

628 2983 733 3038 Sed
760 2983 868 3054 jam
892 2985 1306 3042 consideremus
1337 2987 1495 3057 quale
1539 2986 1642 3055 sit,
1671 2986 1817 3057 quod
1847 2986 1916 3045 de
1953 2987 2145 3045 subse-

563 3077 853 3147 quentibus
881 3080 1206 3134 annotustis.

937 3192 1356 3250 EXCERPTUM
1399 3192 1759 3261 QUARTUM.

622 3298 779 3366 (Ibid.
808 3315 860 3356 c.
890 3302 944 3367 5,
978 3319 1034 3357 n.
1061 3304 1174 3372 l0.)
1210 3302 1332 3357 Non
1362 3306 1483 3373 quia
1512 3306 1718 3360 credere
1759 3304 1836 3360 vel
1894 3324 1997 3362 non
2034 3325 2146 3363 cre-

556 3371 719 3445 dere,
772 3388 872 3425 non
913 3384 988 3427 est
1040 3376 1091 3426 in
1122 3375 1337 3428 arbitrio
1361 3371 1643 3430 uoluntatis
1668 3378 1935 3445 humana,
1970 3383 2059 3434 sed
2090 3381 2143 3434 in

555 3440 730 3496 electis
754 3454 1083 3515 prtepuratur
1110 3445 1349 3500 uoluntas
1372 3464 1402 3498 a
1433 3446 1672 3505 Domino.

1149 3537 1549 3595 RESPUNSIO.

628 3624 931 3697 Jungamus
958 3627 1107 3696 quod
1138 3632 1416 3700 sequitur,
1444 3643 1505 3685 ut
1526 3631 1670 3701 quod
1702 3635 2040 3703 propositum
2062 3647 2147 3695 est

561 3717 632 3773 de
658 3733 909 3773 conuexo
936 3734 1190 3777 sermone
1219 3724 1289 3777 sit
1314 3723 1536 3779 clarius.
1586 3724 1714 3780 Ideo
1732 3729 1801 3781 ad
1828 3727 1995 3794 ipsam
2014 3747 2143 3801 quo-

550 3828 649 3881 que
670 3814 827 3879 [idem
849 3810 876 3851 ἀ
906 3830 1021 3882 qua:
1046 3815 1099 3870 in
1137 3814 1405 3873 voluntate
1429 3829 1503 3874 est
1527 3821 1772 3890 pertinet,
1811 3821 1976 3894 246
2014 3825 2142 3890 Quis

554 3905 693 3957 enim
722 3918 769 3959 te
797 3906 1081 3964 discernit!
1130 3910 1268 3978 Quid
1308 3922 1478 3966 autem
1522 3914 1675 3967 Itubes
1700 3923 1835 3983 quott
1861 3933 1962 3969 non
1996 3934 2142 3972 acce-

554 3996 677 4064 pisti
704 3996 746 4069 (l
773 3998 900 4053 Cor.
936 4015 1012 4064 tv,
1036 4002 1139 4070 7)?
1180 4002 1336 4057 Multi
1370 4005 1587 4058 audiunt
1631 4008 1834 4060 verbum
1869 4010 2092 4064 veritatis
2119 4027 2140 4066 :

551 4090 640 4145 sed
669 4091 762 4145 alii
783 4092 1019 4159 credunt,
1048 4096 1139 4149 alii
1151 4097 1531 4151 contradicunt.
1572 4096 1760 4152 Volunt
1785 4116 1905 4172 ergo
1924 4103 2008 4155 isti
2028 4118 2137 4159 crc-

552 4182 692 4246 dere,
715 4187 892 4240 uolunt
913 4196 1082 4242 autem
1109 4190 1209 4243 illi.
1251 4191 1376 4257 Quis
1398 4192 1491 4244 Itoc
1518 4192 1718 4262 ignoret
1741 4194 1766 4247 .’
1792 4195 1905 4265 quis
1933 4194 2027 4248 Itoc
2048 4213 2137 4250 ne-

550 4276 674 4347 get.’
715 4278 751 4333 Ξ
756 4280 820 4334 ed
840 4296 955 4335 cum
981 4283 1099 4336 aliis
1127 4295 1449 4353 praeparetur
1470 4329 1484 4353 ,
1527 4288 1645 4339 aliis
1675 4303 1774 4341 non
1816 4300 2135 4357 prcepttretur

551 4368 784 4427 uoluntas
814 4390 845 4427 α
878 4372 1120 4441 Domino,
1173 4386 1197 4413 ε
1226 4377 1601 4431 discutiendum
1623 4390 1698 4433 est
1717 4381 1889 4449 utique
1909 4384 2033 4450 qu’d
2054 4400 2136 4438 t'e-

551 4463 659 4517 niat
684 4464 748 4518 de
775 4468 1144 4533 misericordia,
1174 4471 1298 4539 quid
1328 4472 1391 4526 de
1418 4472 1641 4544 judicio.
1700 4473 1852 4538 Quod
1879 4477 2134 4545 qutcrebat

552 4552 743 4621 Israel,
772 4560 870 4614 Itoc
898 4578 997 4615 non
1017 4573 1089 4616 est
1121 4573 1444 4630 consecutus,
1471 4565 1648 4619 electio
1670 4578 1840 4619 autem
1866 4580 2135 4624 censecuta

2250 1987 2334 2038 ιν,
2367 1970 2446 2041 8).
2503 1971 2707 2026 (Ia-teris
2735 1983 2906 2025 autem
2932 1974 3020 2041 qui
3044 1976 3282 2027 ρει-ιτ(αεὶ
3318 1986 3453 2040 sunt,
3487 1977 3617 2028 sicut
3642 1974 3713 2027 il-i
3738 1990 3835 2027 non

2249 2068 2457 2117 tacitum
2483 2072 2578 2127 est,
2606 2065 2660 2117 in
2699 2064 3026 2118 retributione
3050 2066 3239 2134 factum
3274 2075 3366 2122 est.
3440 2065 3710 2120 Universae
3736 2066 3828 2119 cia

2248 2154 2455 2209 Domini
2494 2156 2842 2211 misericordia
2883 2168 2929 2212 et
2971 2161 3156 2211 veritas
3194 2157 3365 2227 (Psal.
3396 2173 3544 2226 xxiv,
3580 2160 3689 2226 t0).
3740 2155 3834 2211 lu-

2246 2247 2563 2316 eestigabfles
2587 2260 2708 2305 sunt
2735 2260 2906 2303 autent
2938 2252 3032 2304 vite
3050 2252 3213 2319 ipsius
3238 2251 3415 2318 (liam.
3445 2266 3519 2311 st.
3546 2252 3661 2321 53).
3691 2249 3707 2301 i
3746 2249 3834 2303 ln-

2247 2339 2558 2409 uestigabilis
2599 2342 2759 2411 igitur
2792 2344 3142 2397 misericordia
3178 2359 3281 2412 qua
3325 2344 3489 2417 gratis
3519 2343 3701 2399 liberat
3724 2388 3739 2413 ,
3789 2352 3834 2398 et

2246 2432 2432 2485 ueritas
2454 2448 2554 2498 qua
2570 2435 2717 2503 juste
2730 2436 2959 2506 judicat.

2318 2524 2445 2579 liam
2471 2527 2652 2578 omnia
2712 2528 2852 2594 apud
2896 2528 3039 2594 pium
3075 2528 3513 2597 catholicumqtte
3549 2529 3832 2596 lectorem.

2246 2618 2373 2684 quid
2410 2615 2727 2672 ud‘cnsiouis
2785 2620 3049 2687 pariunt?
3097 2620 3224 2689 quid
3262 2622 3712 2677 contradictionis
3758 2624 3835 2676 in-

2247 2718 2470 2761 currunt
2499 2708 2523 2761 ἵ
2570 2707 2835 2779 Numquid
2888 2709 3080 2764 falsum
3111 2720 3211 2776 est,
3240 2708 3267 2748 ι
3326 2712 3466 2775 quod
3502 2724 3831 2781 przrparatur

2246 2800 2495 2855 voluntas
2521 2815 2550 2854 a
2576 2799 2808 2861 Domino
2830 2798 3018 2872 (Prov.
3044 2818 3157 2862 rttt.
3182 2818 3287 2858 sec.
3311 2800 3535 2873 LXX)?
3564 2804 3833 2876 Numquid

2248 2908 2356 2947 non
2385 2904 2647 2964 quotquot
2677 2894 2880 2957 Spiritu
2918 2894 3007 2950 Dei
3041 2905 3310 2965 aguntur,
3370 2898 3419 2951 lii
3451 2897 3547 2953 lilii
3585 2908 3714 2953 sunt
3741 2899 3834 2956 Dei

2245 2985 2422 3055 (Rom.
2446 3003 2562 3049 vttt,
2594 2984 2683 3058 Η)
2714 2987 2738 3041 2
2793 2986 3063 3057 Numquid
3097 2989 3369 3045 hominem
3398 2992 3466 3047 ob
3502 2993 3725 3048 ltomine
3748 3009 3834 3047 na-

2249 3087 2369 3132 tura
2401 3079 2684 3145 discernit,
2716 3095 2782 3136 ac
2805 3096 2912 3134 non
2948 3082 3125 3151 potius
3154 3084 3321 3150 gratia
3354 3084 3421 3138 alt
3458 3084 3657 3141 inlideli
3696 3086 3827 3142 title-

2250 3172 2356 3227 lem
2386 3173 2427 3229 'l.
2455 3173 2719 3239 Numquid
2770 3183 2951 3241 potest
2978 3175 3117 3230 ullus
3149 3176 3332 3233 dicere
3374 3177 3573 3233 haltere
3603 3194 3663 3235 se
3689 3180 3830 3249 quod

2172 3265 2219 3331 C
2252 3281 2361 3321 non
2391 3266 2645 3336 accepit?
2674 3274 2767 3320 ant
2794 3267 2946 3338 quasi
2978 3266 3047 3322 de
3089 3283 3194 3322 non
3225 3279 3447 3338 accepto
3482 3270 3574 3325 sed
3618 3272 3834 3341 proprio

2249 3358 2469 3429 gloriari
2498 3375 2515 3424 ;
2559 3359 2700 3429 quod
2734 3360 2776 3414 si
2811 3375 2916 3415 non
2948 3360 3271 3432 accepisset,
3310 3363 3493 3431 utique
3528 3380 3633 3418 non
3661 3364 3830 3421 liabe—

2249 3452 2380 3507 ret?
2425 3450 2690 3522 Numquid
2733 3451 2953 3507 dubium
2996 3464 3111 3518 cst,
3164 3470 3287 3509 cum
3327 3456 3548 3509 VCI‘iilllll
3583 3457 3831 3511 veritatis

2248 3545 2591 3615 pradicatnr,
2620 3545 2757 3597 alios
2784 3546 3061 3600 voluntate
3092 3546 3337 3609 credere.
3376 3547 3514 3601 alios
3552 3547 3831 3605 voluntate

2246 3653 2354 3693 non
2384 3638 2649 3693 credere?
2690 3638 2797 3693 Sed
2829 3655 2950 3693 cum
2986 3639 3200 3695 illorum
3237 3655 3331 3696 cor
3359 3640 3503 3696 Deus
3529 3644 3827 3709 aperuerit,

2244 3730 2455 3784 illorum
2486 3741 2665 3784 autem
2697 3746 2803 3785 non
2836 3732 3563 3799 aperuerit,discernendum
3587 3747 3665 3790 est
3698 3737 3827 3806 quid

2243 3823 2417 3877 veniat
2444 3822 2512 3879 de
2542 3823 2939 3893 misericordia,
2984 3825 3109 3893 quid
3142 3827 3209 3880 de
3230 3826 3452 3893 judicio.
3506 3826 3635 3881 Post
3667 3842 3821 3881 enm-

2240 3917 2683 3971 memoratiottent
2726 3926 2905 3970 autem
2965 3917 3273 3986 apostolica:
3317 3920 3597 3972 sententiae.
3639 3918 3822 3989 (Rom.

2241 4027 2315 4075 st,
2340 4010 2431 4082 7),
2477 4026 2636 4080 quam
2688 4011 3022 4081 propheticis
3063 4012 3388 4068 testitnOniis
3437 4016 3633 4069 astruit
3684 4016 3834 4086 quod

2229 4102 2492 4173 justitiam
2530 4102 2644 4164 Dei,
2669 4117 2825 4166 quam
2856 4102 3011 4175 247
3038 4104 3200 4160 Israel
3233 4121 3484 4173 qua'rons
3504 4119 3834 4161 consecutus

2237 4212 2341 4251 non
2372 4206 2477 4261 est,
2509 4194 2701 4249 electio
2723 4195 2792 4249 sit
2815 4205 3099 4250 Consecuta
3132 4212 3227 4261 per
3252 4198 3499 4266 gratiam,
3518 4197 3736 4253 caeteris
3764 4214 3833 4255 ex

2234 4289 2593 4344 retributione
2615 4290 2846 4344 cmcatis.
2875 4288 3132 4350 numquid
3177 4304 3282 4343 non
3313 4289 3592 4343 vetissittte
3620 4289 3832 4345 dictum

2234 4391 2315 4435 est
2348 4398 2361 4434 :
2414 4380 2543 4434 Ecce
2574 4380 2921 4433 misericordia
2942 4390 2988 4432 et
3018 4380 3279 4449 judicium
3323 4396 3342 4435 :
3391 4382 3745 4435 misericordia
3778 4383 3835 4437 in

2234 4473 2530 4527 electionem
2558 4487 2671 4539 qua
2696 4479 2967 4523 Consecuta
2990 4480 3060 4523 est
3084 4471 3345 4541 justitiam
3388 4468 3479 4525 Dei
3514 4487 3534 4535 ;
3566 4473 3835 4540 judicium

2235 4583 2355 4620 vero
2391 4567 2443 4619 in
2470 4576 2679 4619 cwteros
2702 4605 2717 4627 ,
2755 4564 2847 4634 qui
2885 4565 3127 4617 exctccati
3150 4576 3265 4617 sunt
3294 4564 3320 4617 1'
3375 4564 3441 4619 Et
3471 4566 3631 4633 paulo
3660 4576 3785 4634 post
3817 4582 3831 4620 :

550 4658 645 4715 est,
670 4655 837 4703 cteteri
868 4668 983 4706 vero
1008 4657 1247 4709 exctecati
1269 4667 1411 4724 sunt,
1440 4658 1570 4710 sicut
1599 4658 1844 4728 scriptum
1863 4670 1936 4713 est
1960 4658 2140 4731 (Isaia
2170 4646 2219 4707 ι)
2244 4655 2419 4711 Gratis
2462 4673 2585 4727 ergo
2615 4666 2884 4708 consecuta
2913 4664 2983 4708 est
3003 4696 3017 4717 ,
3061 4656 3199 4719 quod
3229 4667 3496 4710 consecuta
3521 4668 3593 4709 est
3623 4658 3830 4713 electio.

550 4754 625 4805 Vt,
654 4742 711 4805 9)
733 4784 747 4803 .
783 4742 937 4801 Dedit
982 4747 1087 4802 illis
1108 4750 1346 4821 spiritum
1391 4752 1829 4819 compunctiouis,
1871 4756 2047 4807 oculos
2081 4763 2137 4807 ut

551 4847 654 4886 non
683 4835 904 4903 vidtant,
934 4849 981 4893 et
1021 4857 1172 4893 aures
1203 4850 1257 4893 ut
1284 4858 1383 4895 non
1412 4843 1629 4895 audiunt
1660 4860 1820 4913 usque
1844 4844 1895 4896 in
1928 4846 2135 4898 hodier-

550 4941 673 4982 num
711 4928 865 4983 diem.
933 4928 1002 4985 Et
1050 4931 1215 4985 Dauid
1258 4934 1381 4986 dicit
1415 4932 1603 5005 (Psal.
1630 4950 1816 4999 stut,
1846 4935 1982 5005 23),
2014 4933 2139 4990 Fiat

622 5092 657 5159 '_
682 5082 844 5148 Editi,
869 5087 1085 5156 primam
1114 5087 1355 5142 habemus
1382 5089 1627 5159 accipere.
1656 5088 1753 5141 Ms.
1780 5087 1907 5151 ιρι..
1931 5105 2135 5159 egemus

548 5156 954 5229 accipere,cnni
978 5159 1109 5213 edit.
1141 5160 1372 5228 τιιιιιιιιιιΙ.
1405 5156 1538 5223 Aug.
1570 5176 1635 5212 ex
1664 5176 1763 5211 ms.
1800 5156 2003 5229 lietttig.

621 5222 648 5263 δ
679 5222 1190 5290 Ειιιιίοιιιιςυιιιιιθςξ
1208 5232 1447 5296 p0’nerit.
1472 5222 1567 5285 iis.
1595 5230 1731 5293 Jul...
1754 5222 2045 5301 poteritIet
2067 5246 2133 5285 ex

551 5292 917 5370 Remgedit.
953 5302 1180 5369 AngtM.
1208 5292 1439 5370 appetiti.

627 5378 649 5445 ξ
686 5369 820 5445 lidit.
859 5371 1019 5445 liuor.
1048 5386 1100 5425 et
1130 5369 1323 5427 Colon.
1362 5373 1661 5428 omiserunt
1684 5371 1827 5437 lucc,
1856 5374 2128 5445 nccjusta.

553 5435 761 5506 Reitqui
784 5440 998 5495 Ct‘dithS
1025 5459 1128 5495 non
1160 5446 1478 5497 omiserunt.

623 5505 649 5547 δ
683 5510 759 5563 Ms
802 5512 907 5566 Jol.
944 5530 1049 5567 non
1078 5516 1256 5579 habet,
1280 5531 1394 5579 qtur
1419 5519 1470 5567 in
1496 5513 1751 5567 voluntate
1778 5522 1870 5569 est.

625 5587 650 5619 ⁸
679 5581 769 5635 Sic
794 5584 923 5637 editi
944 5601 1133 5638 mones
1160 5597 1211 5639 et
1240 5604 1369 5638 ttts~.
1398 5584 1604 5652 lien-ig.
1628 5593 1682 5638 σοι
1708 5584 1807 5637 Jol.
1838 5582 1993 5645 Apud
2022 5585 2127 5637 Atto

590 5655 823 5727 nstittum
852 5670 979 5707 vero
1007 5658 1214 5722 legitur,
1242 5656 1631 5710 discerne-dum
1652 5672 1670 5709 :
1700 5657 1838 5727 quod
1867 5671 1960 5715 me
1985 5670 2123 5727 cnst-

590 5665 823 5707 ttstlltttttt
852 5670 979 5707 vero
1007 5665 1214 5722 legitur,
1242 5665 1631 5710 diserrtte‘d-tm
1652 5672 1670 5709 .'
1700 5665 1838 5727 quod
1867 5671 1960 5715 ιιτο
1985 5670 2123 5710 θητι-

492 5792 497 5795 γ
549 5665 757 5794 femora
791 5726 841 5778 itt
872 5742 1108 5789 margine
1144 5740 1392 5781 notarunt
1417 5744 1605 5782 omnes
1634 5729 1927 5795 editiones,
1961 5738 2016 5783 et
2041 5726 2124 5783 itt-

555 5795 719 5864 lerius
750 5797 905 5851 etiam
936 5798 1125 5864 legitur
1149 5818 1196 5854 tu
1229 5801 1475 5855 mundum
1505 5817 1743 5855 sensum.

628 5862 651 5906 ί
696 5867 860 5936 Editi,
902 5862 1038 5928 Ecce
1084 5870 1484 5928 misericordium
1520 5883 1566 5929 ct
1595 5871 1897 5942 judicium:
1930 5871 2128 5928 miseri-

2247 4750 2367 4805 Νωι
2408 4749 2663 4821 pra‘cessit
2709 4747 2911 4817 aliquid
2953 4764 3122 4799 earum
3151 4749 3287 4809 quod
3326 4750 3522 4814 priores
3548 4749 3751 4808 durent.
3784 4756 3837 4801 et

2243 4844 2602 4895 retribueretttr
2625 4839 2730 4893 illis
2759 4855 2778 4893 :
2818 4856 2911 4910 pro
2937 4839 3095 4892 nihilo
3119 4839 3284 4891 salvos
3317 4839 3433 4907 fecit
3458 4855 3561 4892 eos.
3619 4837 3838 4895 Caneri:

2244 4947 2413 4988 autem
2440 4933 2524 5003 qui
2547 4930 2787 4985 cxca’cati
2817 4940 2955 4996 sunt,
2989 4932 3117 4983 sicut
3142 4930 3209 4983 ibi
3231 4948 3330 4983 non
3364 4930 3577 4984 tacitum
3620 4942 3720 5001 est,
3771 4934 3835 4986 in

2244 5086 2422 5142 cordia
2446 5087 2496 5137 in
2527 5085 2793 5139 electione.
2846 5082 3209 5138 Emeudamns
3232 5098 3295 5137 ex
3326 5082 3462 5134 liliro
3496 5083 3783 5145 Augustini
3817 5105 3832 5140 :

2243 5174 2341 5228 per
2386 5173 2570 5211 vocem
2613 5158 2775 5228 enim
2813 5154 3116 5221 electionis,
3148 5155 3352 5209 electos
3394 5154 3664 5223 intelligit,
3716 5170 3838 5212 non

2241 5226 2418 5285 actum
2443 5244 2551 5297 quo
2575 5226 2730 5289 elegit
2769 5227 2927 5279 lit-us.

2313 5310 2338 5346 tt
2371 5301 2443 5352 Ικι
2464 5293 2601 5349 ⁷ιιιςς.
2647 5296 2900 5351 .loliett-is
2930 5306 2983 5350 et
3012 5294 3219 5363 Remig.
3250 5309 3371 5347 cum
3398 5293 3527 5349 edit.
3551 5294 3819 5366 August,

2240 5372 2331 5426 ubi
2358 5370 2541 5423 czetori
2572 5368 2808 5429 codices,
2844 5366 3035 5419 litt-ctio
3058 5367 3247 5433 quippe
3272 5367 3401 5419 istis.

2310 5439 2337 5479 ιι
2370 5442 2493 5492 Sola
2524 5440 2652 5491 edit.
2686 5440 2914 5499 aupcnd.
2945 5438 3081 5500 Aug.
3112 5435 3291 5491 Gratia
3317 5451 3456 5506 ergo.

2206 5488 2211 5493 -
2304 5510 2321 5549 ί
2359 5488 2532 5563 ἐιιὲᾶιι
2702 5488 2833 5562 en'tot
2856 5488 2903 5561 ir-
2928 5488 3058 5560 editi
3085 5509 3306 5562 Ιιαινειη..
3348 5488 3510 5560 litae.
3534 5515 3591 5561 et
3612 5504 3816 5565 Colon.

2301 5581 2315 5632 i
2356 5581 2411 5635 Io
2441 5582 2578 5634 liliro
2609 5581 2724 5649 ipso
2774 5584 2936 5651 Atyn.
2988 5577 3367 5651 “waitg'tbilﬂ
3413 5578 3566 5647 igitur
3594 5589 3727 5651 sunt
3770 5590 3830 5637 et

2226 5652 2613 5710 misericorda,
2672 5664 2773 5703 etc.
2826 5649 2987 5704 Fumat
3046 5667 3146 5703 ωε.
3182 5649 3391 5715 iiemtg.
3449 5651 3535 5703 ttbi
3590 5649 3621 5702 it
3662 5654 3830 5707 Ιιιοιιι·

2228 5742 2329 5809 yet
2366 5727 2503 5789 lucc,
2539 5721 2921 5793 lnrestigabtles
2965 5731 3020 5776 et
3048 5724 3198 5776 locus
3230 5735 3343 5792 ipse
3367 5762 3383 5787 ,
3437 5731 3496 5775 ut
3549 5732 3831 5790 repetitur

2231 5799 2453 5926 "deﬁgis.
2486 5866 2695 5939 ltetuig.
2728 5864 2877 5936 Quod
2902 5872 3350 5940 pmparatuntcst
3376 5864 3451 5922 ita
3474 5880 3506 5921 tt
3533 5861 3791 5926 Domitio.
