4028 6352
192 431 293 493 193

197 645 291 702 nisi
319 642 460 713 apud
484 641 741 697 inimicm
771 641 957 711 gratia:
981 657 995 703 ;
1026 641 1115 708 qui
1142 639 1242 691 nisi
1271 638 1337 689 ad
1373 635 1784 691 retributionem

196 738 454 795 ret'eratur
485 714 635 804 quod
666 737 833 805 gratis
880 733 1041 788 ditur
1065 774 1080 798 ,
1120 731 1184 784 ad
1229 729 1569 797 iniquitatem
1601 728 1789 781 volunt

202 832 472 900 pertinere
504 829 652 897 quod
678 825 960 880 reddtur?
990 824 1191 879 Deinde
1220 824 1365 894 quod
1409 823 1477 876 tle
1508 820 1786 891 propheti-

200 922 271 977 cis
298 918 477 974 intulit
505 920 715 980 verbis.
747 920 996 973 nuit-erm
1041 918 1136 970 uite
1176 916 1388 970 Domini
1436 914 1791 968 misericordia

201 1025 246 1071 et
275 1020 457 1069 veritas
484 1012 673 1084 (Psal.
710 1014 997 1079 satv,10),
1043 1011 1164 1082 quis
1207 1010 1462 1078 negavit?
1507 1008 1606 1063 Aut
1644 1008 1785 1079 quod

203 1108 263 1163 de
291 1107 500 1168 apuS'ol
527 1121 598 1160 co
634 1105 898 1160 annevuit
942 1120 1104 1158 sensu
1133 1101 1310 1169 (Rom.
1344 1120 1417 1165 ιι,
1455 1105 1545 1171 55)
1573 1143 1591 1168 ,
1645 1100 1790 1156 Inve-

203 1199 449 1269 stigabiles
474 1208 602 1255 sunt
635 1210 804 1253 autem
834 1200 928 1253 vite
953 1199 1116 1263 ipsius
1144 1200 1168 1252 .’
1228 1196 1609 1267 lurestigabiles
1629 1196 1787 1266 igitur

205 1302 334 1351 sunt,
361 1302 407 1343 et
429 1289 787 1343 misericordia
811 1304 914 1357 qua
956 1287 1115 1360 gratis
1147 1286 1359 1351 liberat,
1407 1297 1450 1338 et
1479 1286 1660 1338 irritas
1686 1298 1787 1353 qna

204 1386 329 1457 fuste
358 1384 597 1454 jndirat.
667 1381 784 1436 Non
814 1393 892 1435 est
932 1396 1060 1450 ergo
1108 1396 1360 1435 sanarum
1393 1380 1651 1433 mentium
1687 1382 1785 1431 ista

208 1475 637 1542 reprelbndere;
687 1486 742 1529 et
790 1473 1185 1541 inveStigabiIa-s
1225 1474 1337 1526 vias
1385 1470 1625 1536 Domini,
1682 1471 1786 1523 hoc

209 1578 300 1630 est,
327 1568 462 1622 doira
494 1566 888 1620 misericordiae
926 1575 979 1618 et
1026 1564 1226 1630 judicia
1258 1563 1497 1618 veritatis
1536 1560 1785 1629 Pelagia-

214 1673 391 1713 norum
423 1655 654 1711 t-Iatioui
696 1653 1046 1725 penetrabilis
1083 1654 1363 1721 deputare.
1416 1653 1549 1719 Quia
1588 1666 1786 1707 secun-

215 1748 330 1803 dum
364 1748 505 1815 ipsos
540 1763 650 1800 non
693 1746 823 1800 latet
856 1745 1141 1811 consilium
1179 1744 1270 1798 Dei
1298 1787 1313 1807 ,
1362 1761 1459 1798 nec
1489 1743 1540 1796 in
1573 1744 1785 1798 ucciilto

208 1849 283 1894 est
307 1836 390 1892 uiv
415 1853 497 1891 nae
530 1836 677 1890 ratio
701 1837 1012 1895 Vniuttlalis,
1041 1835 1086 1889 si
1108 1850 1231 1903 erga
1250 1850 1464 1887 munem
1502 1833 1781 1889 hominem

212 1942 308 1985 tatu
336 1929 501 1999 gratia
536 1928 633 1984 Dei
675 1937 699 1964 ⁸
730 1942 889 1998 quam
922 1937 975 1980 et
1003 1927 1081 1979 ira
1111 1926 1181 1980 de
1207 1926 1398 1980 merito
1418 1936 1524 1980 est.

272 2020 395 2079 Post
418 2022 534 2077 lucc
561 2022 820 2093 posuistis
856 2019 996 2090 quod
1028 2019 1162 2074 infra
1192 2019 1393 2073 dictum
1423 2027 1528 2074 est.

600 2155 1022 2213 EXCERPTUM
1051 2153 1383 2222 QUINTUM.

278 2249 429 2323 (Ibid.
463 2265 513 2305 c.
544 2250 595 2307 8.
631 2266 684 2302 ιι.
718 2247 789 2315 ι.)
849 2245 1005 2301 Fides
1034 2249 1189 2317 igitur
1219 2258 1264 2300 et
1296 2246 1559 2312 inchoata,
1588 2254 1636 2299 et
1665 2261 1783 2313 per-

213 2326 360 2413 ﬂcta,
389 2344 574 2395 donum
610 2339 705 2395 Dei
727 2349 800 2394 est
834 2356 854 2395 :
885 2352 932 2393 et
960 2340 1054 2393 hoc
1082 2340 1275 2393 donum
1305 2340 1613 2410 quibusdam
1643 2339 1782 2404 dari,

214 2438 513 2508 quibusdam
557 2454 658 2490 non
680 2435 797 2489 dari
824 2451 921 2487 non
951 2435 1147 2488 dubitet
1176 2434 1266 2505 qui
1297 2450 1398 2488 non
1417 2436 1526 2489 uult
1568 2433 1787 2504 manife-

218 2530 447 2584 stissimis
472 2529 627 2582 sacris
653 2528 833 2581 litteris
857 2542 1162 2599 repugnare.

790 2662 1184 2719 liESl'ONSlO.

302 2757 414 2812 Hoc
437 2758 521 2823 qui
546 2772 649 2810 non
678 2757 875 2823 recipit.
908 2758 1065 2823 cujus
1096 2755 1306 2809 videtur
1326 2770 1449 2810 esse
1476 2756 1783 2822 sementim,

234 2850 331 2906 nisi
359 2850 615 2904 dicentis:
645 2850 793 2903 Fides
821 2866 915 2920 per
942 2866 1101 2917 quam
1126 2849 1428 2916 justiﬂeor.
1454 2864 1518 2903 ex
1549 2865 1633 2903 me
1659 2856 1782 2915 est;

227 2948 280 2994 et
308 2944 405 2995 huc
430 2942 638 3005 bonum,
671 2958 734 2996 ex
756 2960 861 3009 qun
886 2941 1066 3011 justus
1092 2942 1219 2996 vivit
1244 2941 1468 3012 (llubac.
1496 2942 1644 3011 tul).
1677 2957 1786 2997 non

193 3031 394 3105 ‘accepi
426 3050 517 3103 per
535 3036 779 3106 gratiam.
801 3035 894 3091 sed
923 3035 1097 3090 haben
1126 3052 1220 3105 per
1246 3048 1492 3090 naturam
1517 3038 1540 3089 ?
1570 3035 1626 3091 Si
1655 3052 1786 3107 ergo

224 3127 348 3182 ﬁdes
373 3127 566 3182 donum
600 3128 695 3184 Dei
722 3146 828 3183 non
861 3137 963 3194 est,
1014 3129 1211 3183 frustra
1255 3129 1497 3183 Ecclesia
1546 3143 1644 3198 pro
1678 3144 1785 3183 non

220 3221 555 3276 credentibus
583 3233 722 3289 orat,
754 3233 815 3275 ut
843 3221 1067 3275 credant
1090 3263 1102 3283 .
1130 3232 1182 3275 et
1218 3220 1417 3275 sufﬁcit
1456 3220 1635 3287 impiis
1664 3234 1784 3274 ma-

220 3314 483 3384 gisterium
514 3312 645 3375 legis
671 3313 937 3378 adhiberi,
967 3313 1033 3367 de
1064 3331 1164 3383 qua
1194 3314 1392 3367 dictum
1426 3322 1507 3366 est
1539 3310 1683 3381 (Gal.
1718 3328 1780 3377 ιι,
1813 3302 1861 3365 C

220 3404 321 3473 21).
366 3405 423 3462 Si
444 3422 507 3459 ex
533 3405 642 3475 lege
666 3414 738 3460 est
758 3406 992 3475 iustitia,
1038 3422 1159 3476 ergo
1187 3403 1415 3459 Christus
1437 3403 1603 3474 grutis'
1636 3421 1786 3458 mor-

222 3507 323 3550 tuus
341 3508 414 3551 est
440 3513 460 3551 :
482 3498 624 3564 quod
652 3499 903 3552 similiter
931 3498 1031 3552 dici
1069 3506 1241 3559 potest
1272 3499 1434 3553 etiam
1467 3498 1533 3552 de
1560 3511 1778 3552 natura.

223 3590 422 3644 Frustra
454 3592 621 3645 etiam
649 3590 940 3658 Atio-tutus
992 3590 1075 3661 (11
1106 3589 1283 3645 Thess.
1325 3606 1395 3650 Il,
1431 3591 1533 3653 l2)
1583 3593 1787 3661 gratias

222 3686 317 3751 agit
354 3686 457 3738 Deo
494 3700 595 3753 pro
628 3684 708 3737 his
744 3685 831 3753 qui
866 3684 1209 3754 Evangeliuut
1260 3694 1614 3753 receperunt,
1663 3701 1784 3740 cum

224 3776 312 3830 hoc
358 3778 655 3830 secundum
713 3776 1025 3837 Pelagianos
1066 3793 1169 3831 non
1224 3778 1312 3830 Dei
1358 3779 1427 3831 sit
1481 3780 1780 3848 pr.estitutn

224 3883 424 3924 mum-rc
448 3911 463 3931 .
493 3870 593 3923 sed
624 3886 689 3923 ex
711 3871 823 3923 sola
854 3871 1110 3924 habeatur
1153 3871 1429 3925 hominum
1465 3874 1783 3943 voluntate;

222 3969 265 4013 et
278 3961 462 4019 frustra
482 3963 813 4033 quihusdam
840 3974 1086 4033 precatur
1100 3966 1240 4019 idem
1258 3964 1784 4038 Apustnlns(Ephes.

223 4068 294 4117 vt,
318 4056 407 4125 9.3)
430 4097 445 4119 ,
468 4068 530 4109 ιιι
561 4058 633 4108 sit
660 4057 740 4109 eis
772 4073 868 4122 pas
899 4067 954 4111 et
982 4057 1220 4112 charitas
1247 4073 1368 4113 cum
1416 4058 1552 4123 title,
1595 4076 1623 4114 a
1674 4062 1788 4117 Deo

222 4141 360 4201 Patre
388 4158 441 4201 cl
471 4147 703 4201 Domino
734 4147 859 4202 Jesu
890 4148 1129 4212 Christo,
1159 4161 1213 4205 ut
1238 4151 1348 4217 jam
1377 4169 1481 4206 non
1507 4153 1682 4207 solum
1716 4155 1784 4210 de

222 4236 329 4304 ﬁde,
355 4242 445 4295 sed
472 4242 641 4295 etiam
672 4256 799 4310 pace
828 4252 881 4296 et
900 4242 1187 4306 charitzue,
1210 4244 1457 4313 superbia
1493 4245 1784 4301 hteretieo-

220 4343 323 4384 rum
361 4334 717 4387 convincatur
763 4334 978 4399 dicere,
1033 4334 1197 4408 248
1225 4336 1291 4391 de
1322 4337 1539 4406 proprio
1585 4354 1643 4391 se
1690 4338 1788 4395 has

220 4423 397 4482 habere
428 4435 682 4487 virtutes.
727 4429 879 4497 Quod
912 4429 955 4484 si
980 4433 1091 4483 tunc
1113 4447 1177 4484 ex
1211 4432 1427 4486 Inuuiue
1459 4439 1609 4493 sunt,
1657 4433 1786 4502 quid

221 4517 357 4573 obest
380 4529 436 4576 ut
467 4535 581 4575 non
617 4536 687 4576 ex
719 4522 1016 4591 semetipso
1059 4522 1251 4577 habent
1296 4534 1353 4578 et
1397 4538 1592 4579 exutum
1650 4526 1786 4578 bona

220 4625 322 4682 quae
351 4614 611 4671 inferiora
634 4627 796 4681 sunt;
849 4630 970 4671 cum
1005 4616 1197 4671 amicat
1226 4617 1325 4670 sibi
1372 4617 1637 4687 deputare
1665 4634 1789 4689 qua:

220 4719 407 4762 summa
431 4720 599 4773 sunt,
634 4717 689 4762 et
712 4710 830 4765 sine
856 4709 1050 4778 quibus
1072 4709 1172 4762 alia
1197 4749 1215 4775 ,
1266 4710 1513 4777 quamvis
1540 4713 1706 4765 multa
1734 4722 1789 4767 et

220 4797 371 4867 ci-ra,
400 4817 512 4855 non
554 4802 824 4867 prasuut?
881 4800 996 4856 Non
1032 4811 1211 4868 potest
1243 4802 1423 4872 itaque
1462 4803 1660 4859 merito
1696 4818 1787 4859 rc-

219 4889 360 4948 lutari
383 4894 530 4964 quod
561 4894 771 4949 dictum
796 4908 917 4949 est:
964 4894 1121 4949 Fides
1150 4898 1307 4965 igitur
1346 4907 1392 4951 et
1431 4898 1674 4952 inchoata
1695 4941 1709 4961 ,
1741 4906 1787 4951 et

220 4992 441 5057 perfecta,
470 4989 669 5043 donum
700 4988 792 5043 Dei
812 5000 882 5044 est
909 5006 928 5045 :
956 4993 1077 5061 quia
1114 4991 1303 5045 eadem
1332 5002 1387 5045 et
1416 4993 1656 5061 Apostuii
1684 5007 1787 5047 vox

219 5087 290 5130 est
316 5078 548 5134 dicentis
575 5078 792 5152 (Ephes.
824 5096 881 5147 ιι,
922 5082 980 5152 8)
1006 5099 1018 5134 :
1041 5080 1219 5135 Gratia
1247 5084 1376 5137 salvi
1406 5083 1528 5153 facti
1553 5084 1674 5137 estis
1696 5100 1789 5155 per

220 5168 397 5233 ﬁdem:
425 5183 475 5227 et
505 5171 604 5226 hoc
634 5190 733 5227 non
761 5189 825 5228 ea:
854 5175 1014 5238 robis,
1044 5174 1137 5227 Dei
1156 5175 1290 5229 enim
1318 5177 1509 5229 donum
1541 5187 1613 5231 est
1639 5195 1657 5241 ;
1684 5194 1786 5232 non

220 5268 544 5334 etoperi'bus.
574 5283 637 5320 ne
665 5271 796 5336 forte
843 5269 957 5337 quis
999 5267 1280 5323 extollatur
1314 5267 1539 5339 (Philip.
1582 5285 1619 5335 ι,
1655 5269 1785 5340 29);

220 5362 285 5408 et:
316 5355 471 5413 Vobis
496 5358 745 5412 dormtum
765 5371 837 5413 est
858 5376 951 5428 pro
972 5360 1193 5425 Christo,
1212 5377 1313 5416 non
1333 5364 1502 5415 solum
1526 5374 1579 5415 ut
1597 5363 1648 5417 in
1670 5381 1786 5419 cum

281 5501 307 5530 ³
336 5494 501 5558 Ειιὶιῑ.
524 5512 683 5565 quam
703 5504 749 5548 et
767 5497 858 5571 ira
880 5497 1063 5550 merito
1084 5506 1181 5571 est.
1212 5495 1339 5552 Mss.
1362 5496 1470 5551 Jol.
1493 5507 1544 5552 el
1569 5498 1781 5571 Remig.

221 5578 405 5638 n_quu
429 5578 733 5638 correctum
766 5566 818 5621 in
842 5572 973 5629 Aug.
1001 5579 1057 5623 ut
1080 5570 1132 5623 in
1155 5580 1302 5625 textu
1336 5570 1632 5638 posuimus.

279 5633 308 5674 δ
335 5638 471 5691 I'Ldit.
518 5637 726 5701 Venet.,
762 5655 864 5691 non
894 5638 1109 5693 dubitet.

283 5716 304 5745 ε
337 5706 473 5762 1ιίᾱὶιί
514 5706 754 5769 Lovau..
799 5709 965 5764 Duae.
1006 5722 1062 5764 et
1089 5710 1279 5766 Colon.
1322 5711 1437 5765 hmc
1480 5710 1678 5766 habent
1732 5714 1785 5768 in

221 5776 415 5853 plin-ali.
446 5781 529 5848 qui
556 5781 849 5853 gloriantur
868 5798 970 5853 non
1002 5782 1053 5834 in
1073 5784 1187 5853 suis
1214 5784 1405 5836 meritis
1435 5825 1448 5842 .
1491 5799 1608 5853 qua:
1636 5787 1790 5849 paria

224 5848 374 5922 rident
400 5866 509 5922 esse
536 5848 813 5915 damnatis,
860 5852 950 5906 sed
977 5854 1029 5906 in
1060 5852 1278 5907 Doutiuo
1321 5848 1643 5922 glorientur.
1661 5855 1789 5911 Mss.

225 5913 314 5973 iul.
341 5930 397 5975 et
444 5919 651 5993 Remig.
684 5913 809 5980 cum
835 5924 966 5980 edit.
997 5933 1252 5995 Anguem.
1298 5913 1470 5996 Lugd.
1492 5935 1548 5982 et
1571 5923 1788 5995 \'euet.,

752 422 888 485 PRO
930 420 1325 487 AUGUSTINO
1365 412 1879 480 RESPONSIONES
1919 416 2008 473 AD
2049 416 2418 475 EXCERPTA
2456 412 2923 477 GENUENSIUM.

194 548 526 608 retributione
555 549 756 619 factum
790 556 884 601 est.
934 546 1064 611 Quis
1094 544 1179 600 hic
1218 544 1372 599 lorus
1397 536 1779 611 querimoniae,

1893 533 2143 599 credatis,
2170 534 2259 586 sed
2287 533 2441 587 etiam
2485 542 2540 587 ut
2585 536 2855 604 patiamini
2899 549 2991 602 pro
3016 532 3081 589 eo
3125 549 3146 589 :

1810 1910 1859 1973 Β

3364 399 3473 482 iit

3192 542 3243 591 et
3275 535 3468 593 lterum

1890 622 2076 695 (Hebr.
2116 639 2211 685 xu,
2252 626 2300 693 l)
2329 641 2342 677 :
2383 622 2487 678 Per
2518 626 2813 694 patientia»:
2844 641 3111 679 curramus
3140 627 3209 680 ad
3238 644 3472 700 proposi-

1889 727 1997 771 tum
2019 716 2163 770 nobis
2192 730 2444 769 certamen
2467 756 2483 781 ,
2529 719 2828 789 aspicientes
2868 718 2919 771 in
2947 729 3207 771 auctorem
3233 719 3357 787 ﬁdei
3374 762 3389 783 ,
3424 724 3473 773 et

1889 823 2347 868 consummatorem
2413 814 2612 868 Iesum.
2684 815 2886 883 Quibus
2936 824 2991 869 et
3049 814 3291 885 plurimis
3352 813 3471 869 aliis

1892 913 2212 967 testimoniis
2273 914 2578 968 divinarum
2643 913 3040 983 Seripturarum
3104 911 3471 967 indubitanter

1890 1006 2197 1069 agnoscitur
2225 1006 2502 1075 quoniam,
2526 1007 2659 1060 sicut
2689 1008 2757 1060 ab
2790 1007 2890 1061 huc
2914 1008 3031 1061 viro
3060 1005 3336 1061 deﬁnitum
3361 1012 3465 1068 e~t,

1890 1095 2052 1153 Fides
2072 1108 2118 1151 et
2148 1098 2391 1152 inchoata
2409 1140 2423 1162 ,
2446 1110 2493 1153 et
2524 1099 2776 1170 perfecta,
2800 1099 2991 1153 donum
3019 1110 3093 1154 est
3120 1097 3217 1154 Dei
3241 1115 3260 1165 ;
3299 1110 3345 1150 et
3376 1096 3471 1150 hoc

1891 1189 2104 1254 donum,
2134 1190 2325 1258 inquit,
2354 1191 2661 1260 quibusdam
2690 1192 2823 1250 dari.
2854 1191 3155 1257 quibusdam
3186 1206 3287 1243 non
3330 1190 3466 1255 dari,

1891 1289 2098 1338 omnino
2120 1283 2146 1321 ι’
2179 1302 2279 1338 non
2302 1285 2498 1339 dubitat
2520 1326 2535 1348 ,
2574 1285 2662 1355 qui
2688 1301 2786 1338 non
2808 1284 2912 1337 vult
2939 1284 3361 1355 manifestissimis
3388 1300 3471 1337 sa-

1888 1377 1989 1429 cris
2032 1375 2215 1432 litteris
2261 1395 2589 1451 repugnare;
2642 1394 2746 1432 non
2796 1388 3044 1446 putemus
3076 1377 3177 1433 hoc
3210 1380 3473 1435 veraciter

1889 1468 2125 1534 dictum,
2185 1472 2231 1523 si
2277 1486 2465 1524 ouuies
2496 1470 2741 1525 homines
2772 1470 2958 1525 ﬁdeles
3010 1480 3127 1524 sunt
3164 1486 3180 1524 :
3225 1470 3319 1524 sed
3348 1486 3469 1525 cum

1889 1562 1976 1614 alii
2008 1562 2253 1629 credant,
2284 1564 2371 1617 alii
2399 1579 2527 1617 vero
2555 1579 2662 1617 non
2695 1563 2936 1625 credant,
2962 1562 3211 1631 dicatque
3241 1564 3469 1628 Aposto-

1888 1653 1970 1707 lus
2005 1654 2045 1725 (1
2074 1653 2251 1709 Thess.
2282 1654 2360 1724 ιιι)
2391 1696 2406 1718 ,
2442 1654 2561 1709 Non
2589 1657 2722 1709 enim
2764 1658 2990 1710 omnium
3035 1665 3106 1708 est
3136 1654 3305 1723 ﬁdes;
3352 1656 3473 1725 quis

1888 1764 1996 1803 non
2028 1749 2204 1803 videat
2236 1749 2416 1810 tinctu,
2446 1766 2607 1819 quam
2639 1759 2965 1820 acceperunt
2992 1749 3081 1820 qui
3114 1748 3332 1828 habent,
3364 1763 3471 1804 non

1889 1829 2165 1912 accepiss'e
2192 1843 2281 1912 qui
2324 1858 2427 1896 non
2461 1842 2662 1897 habent
2690 1844 2714 1897 τ

2284 1932 2710 2017 ElKCERPTUM
2755 1933 3067 1992 SEXTUM.

1958 2046 2144 2121 ('hid.)
2198 2028 2399 2101 Deinde
2443 2048 2562 2101 ait:
2612 2047 2718 2103 Cur
2766 2059 2935 2102 autem
2968 2065 3069 2103 non
3106 2044 3338 2102 omii‘tbus
3381 2047 3471 2101 de-

1887 2147 1994 2205 tur,
2020 2139 2221 2205 ﬁdelem
2248 2154 2453 2193 mouere
2475 2155 2575 2191 non
2598 2139 2762 2202 debet,
2788 2140 2877 2207 qui
2905 2138 3065 2192 credit
3087 2153 3150 2192 ea:
3173 2154 3273 2191 uno
3302 2153 3474 2191 omnes

1884 2231 1987 2285 isse
2014 2231 2069 2283 in
2097 2232 2570 2285 condemnationem
2614 2228 2789 2299 (Rom.
2814 2245 2867 2296 ν,
2896 2228 2983 2291 12)
3020 2231 3131 2284 sine
3162 2228 3477 2284 dubitatione

1878 2322 2228 2395 justissimam
2256 2336 2276 2385 δ
2327 2324 2401 2375 ita
2425 2331 2479 2375 ut
2507 2320 2652 2375 nulla
2682 2332 2810 2376 esset
2845 2319 2940 2377 Dei
2962 2324 3109 2393 justa
3130 2322 3475 2393 reprehensio.

1888 2414 2045 2467 etiam
2073 2414 2117 2466 si
2132 2414 2306 2467 nullus
2335 2414 2452 2467 inde
2481 2414 2801 2469 liberaretur.
2835 2411 2987 2469 Unde
3014 2423 3212 2467 constat
3235 2428 3475 2479 magnam

1888 2521 1996 2559 esse
2014 2508 2181 2574 gratia
2201 2523 2229 2557 η
2261 2505 2397 2574 quod
2429 2506 2638 2573 plurimi
2664 2505 2975 2571 liberantur,
3031 2515 3078 2558 et
3107 2504 3231 2574 quid
3257 2504 3354 2558 sibi
3386 2502 3476 2557 de-

1889 2598 2091 2651 beretur
2135 2599 2188 2651 in
2217 2600 2289 2651 eis
2316 2598 2403 2667 qui
2426 2614 2529 2652 non
2561 2599 2864 2663 liberantur,
2894 2606 3176 2668 agnoscunt
3204 2612 3225 2663 ;
3252 2606 3307 2649 ut
3336 2606 3357 2634 ε
3387 2594 3475 2665 qui

1889 2689 2168 2761 gloriatur,
2202 2708 2301 2744 non
2324 2698 2375 2743 in
2398 2692 2504 2745 suis
2531 2691 2744 2754 meritis,
2766 2706 2882 2761 qua’
2908 2690 3057 2763 paria
3084 2690 3218 2743 videt
3247 2706 3353 2744 esse
3379 2691 3475 2743 da-

1889 2784 2075 2837 mnatis
2096 2827 2110 2851 ,
2162 2784 2249 2837 sed
2277 2785 2327 2835 iu
2355 2781 2573 2836 Domino
2601 2782 2845 2853 glorietur
2867 2784 2884 2854 (
2906 2782 3055 2837 Rom.
3090 2798 3165 2848 XI,
3194 2783 3316 2851 33).
3366 2778 3474 2837 Cur

1891 2884 2063 2927 autem
2111 2875 2264 2927 istum
2296 2875 2463 2945 potius
2505 2890 2654 2939 quam
2696 2874 2843 2927 illum
2876 2875 3082 2937 liberet,
3129 2874 3477 2931 inscru-tabilia

1891 2976 2009 3019 sunt
2038 2967 2242 3037 judicia
2272 2968 2403 3037 ejus,
2436 2975 2485 3019 et
2514 2966 2882 3039 investigabiles
2920 2968 3013 3021 vite
3040 2966 3220 3039 ipsius.
3290 2964 3479 3023 Melius

1890 3058 2026 3110 enim
2052 3066 2097 3110 et
2124 3056 2208 3110 hic
2234 3056 2261 3093 ιι
2300 3058 2538 3111 audimus
2566 3066 2655 3111 aut
2680 3058 2895 3112 dicimus
2925 3075 2943 3113 :
2976 3057 3020 3112 0
3040 3058 3228 3127 homo,
3281 3070 3334 3112 tu
3363 3059 3480 3126 quis

1891 3165 1943 3203 es
1969 3149 2057 3219 qui
2084 3149 2395 3218 respondeas
2433 3148 2539 3203 Deo
2577 3149 2766 3221 (Rom.
2809 3166 2883 3218 Ix,
2910 3150 3013 3218 20)
3046 3150 3069 3199 l
3126 3167 3281 3221 quam
3310 3151 3481 3205 dicere

1891 3244 2194 3305 audeamus,
2229 3245 2373 3310 quasi
2402 3244 2688 3296 noverimus
2716 3244 2852 3313 quod
2886 3244 3141 3297 occultum
3170 3260 3279 3299 esse
3296 3244 3478 3312 uoluit,

1889 3340 1978 3408 qui
2001 3348 2170 3392 tamen
2189 3336 2387 3408 altquid
2416 3338 2663 3409 injustam
2694 3338 2823 3391 velle
2853 3354 2955 3391 non
2985 3344 3171 3409 potuit.

2486 3473 2866 3530 RESPONSIO

1961 3588 2090 3644 ηερε
2110 3589 2288 3643 omnia
2306 3590 2349 3642 si
2368 3603 2472 3643 non
2488 3589 2788 3643 rectedicta
2807 3596 2926 3643 sunt
2942 3589 3247 3644 scrutabilis
3267 3600 3391 3646 sunt
3400 3591 3479 3661 ju-

1891 3680 2025 3735 dicia
2063 3681 2192 3746 Dei,
2212 3692 2265 3735 et
2287 3680 2627 3745 vestipahiles
2647 3680 2745 3734 viae
2776 3680 2926 3749 ejus;
2965 3696 3063 3735 nec
3093 3682 3364 3736 oceultuin
3392 3690 3481 3738 est

1891 3792 2055 3845 quare
2076 3776 2165 3829 ille
2187 3777 2361 3844 potius
2378 3790 2536 3845 quam
2554 3775 2899 3829 istesnlvetur
2918 3790 2933 3839 ;
2950 3786 3001 3827 et
3019 3774 3071 3829 in
3095 3791 3153 3829 se
3169 3791 3273 3829 nun
3298 3776 3348 3830 in
3373 3775 3479 3831 Da-

1890 3870 2038 3924 niiuo
2059 3870 2395 3938 gloriabitur,
2426 3870 2539 3937 qui,
2563 3868 2682 3923 aliis
2701 3870 2833 3922 vitio
2850 3884 2949 3924 suo
2972 3868 3345 3938 pereuntibus,
3371 3870 3481 3926 elc-

1888 3963 2068 4016 ctione
2094 3962 2288 4031 dignus
2316 3960 2568 4014 iuventus
2588 3972 2692 4015 οτι.
2732 3962 3113 4030 Αοδίρῇιιηιὶιίει
3135 3960 3353 4027 quidem
3380 3962 3482 4019 erit

1888 4058 2029 4129 quod
2064 4058 2277 4126 plurimi
2310 4056 2677 4111 damnantur:
2710 4057 2803 4111 sed
2853 4072 2957 4109 non
2991 4055 3156 4129 249
3183 4057 3284 4111 erit
3312 4056 3482 4125 gratia

1888 4150 2028 4219 quod
2058 4148 2267 4219 plurimi
2289 4148 2609 4204 liberantur.
2640 4148 2855 4203 °Absiut
2880 4147 3033 4204 luces
3055 4148 3336 4203 catholicis
3361 4162 3482 4204 cor-

1890 4243 2073 4309 dibus,
2097 4244 2239 4299 absit
2262 4244 2385 4298 talis
2406 4245 2670 4313 impietas,
2686 4255 2743 4298 ut
2765 4260 3086 4314 quemquam
3103 4257 3354 4315 putemus
3370 4260 3481 4299 me-

1889 4340 2005 4393 fllls‘
2029 4341 2140 4393 suis
2160 4342 2275 4395 erui
2298 4340 2367 4395 de
2399 4349 2667 4411 potestate
2690 4342 3055 4405 tenebrarum,
3089 4353 3145 4397 et
3170 4350 3221 4396 in
3251 4357 3480 4412 regnum

1893 4433 2015 4489 Filii
2054 4435 2144 4488 Dei
2169 4435 2373 4500 debita,
2408 4450 2512 4490 non
2542 4436 2807 4506 gratuita,
2839 4437 3135 4507 adoptione
3168 4435 3477 4493 transferri.

1892 4527 2083 4599 Magno
2106 4541 2329 4597 peccato
2345 4530 2498 4596 periit
2515 4530 2709 4594 Adam,
2726 4528 2847 4585 etin
2867 4530 2958 4585 illo
2973 4546 3160 4585 omnes
3179 4529 3480 4600 perierunt.

1896 4617 2065 4688 'Qnia
2095 4620 2242 4674 onmi
2274 4620 2478 4676 hamini
2504 4622 2759 4675 damnata
2783 4622 3062 4676 nativitate
3083 4622 3287 4693 genito,
3310 4622 3481 4680 hocin

1813 4679 2066 4769 ΟΔιΙςιΙη
2096 4714 2321 4769 debetur
2373 4725 2430 4768 ut
2478 4727 2683 4782 pereat.
2736 4713 2801 4769 Et
2848 4715 2986 4770 sicut
3037 4730 3143 4770 non
3190 4728 3479 4785 possumus

1894 4808 2154 4876 conqueri
2205 4806 2273 4861 de
2310 4820 2377 4862 cn
2404 4808 2547 4875 quod
2600 4807 2653 4862 in
2696 4808 2987 4877 prteteritis
3017 4809 3230 4862 sareulis
3282 4806 3483 4863 dimisit

1894 4914 2081 4953 omnes
2112 4908 2299 4967 gentes
2330 4898 2539 4968 ingredi
2571 4898 2685 4955 vias
2713 4914 2842 4954 suas
2872 4917 2885 4953 :
2920 4898 2996 4954 ita
3022 4899 3222 4969 justam
3253 4913 3356 4952 non
3390 4897 3482 4951 lu-

1895 4989 2145 5045 heremus
2172 4990 2473 5060 querelam,
2522 4990 2567 5045 si
2614 5007 2740 5047 eum
2789 4992 2893 5053 eis,
2923 5005 3044 5043 cum
3078 4989 3277 5059 quibus
3324 4986 3481 5043 nobis

1893 5082 1994 5138 luit
2026 5098 2185 5139 causa
2214 5086 2540 5145 communis.
2568 5095 2819 5140 cessante
2842 5084 3019 5137 adhuc
3041 5080 3235 5151 gratia,
3268 5081 3481 5148 perire-

1897 5189 2036 5231 mus.
2082 5174 2214 5241 Qute
2261 5185 2439 5230 tamen
2478 5176 2620 5231 sicut
2651 5187 2777 5231 tunc
2821 5175 2890 5231 de
2919 5174 3064 5228 omni
3093 5172 3295 5226 mundo
3333 5170 3480 5227 eruit

1897 5284 2099 5339 paucos
2128 5283 2144 5332 ;
2202 5268 2275 5322 ita
2306 5283 2447 5323 nunc
2471 5267 2540 5322 de
2567 5269 2819 5323 universo
2846 5280 3044 5335 genere
3076 5263 3349 5318 huminum
3371 5262 3479 5319 sal-

1894 5375 1985 5419 vat
2014 5362 2350 5428 innumeros,
2386 5375 2493 5416 non
2524 5361 2819 5418 secundum
2848 5371 3009 5428 opera
3041 5368 3245 5424 nostra,
3273 5356 3367 5413 sed
3392 5368 3479 5412 se:

1892 5498 1947 5555 in
1974 5493 2231 5559 singulari
2274 5494 2554 5551 exhibent.

1966 5566 1992 5605 ἀ
2029 5568 2083 5622 tu
2109 5583 2238 5621 tttss.
2268 5568 2476 5635 tteuug.
2505 5577 2557 5621 et
2586 5564 2811 5622 Joliensi
2843 5604 2859 5630 ,
2906 5563 3181 5619 audiemus
3203 5604 3218 5630 ,
3261 5578 3361 5621 nec
3380 5563 3477 5619 ade

1895 5640 2051 5701 dunt,
2086 5648 2180 5692 aut
2210 5640 2449 5691 dicimus.

1973 5721 1996 5748 θ
2038 5713 2131 5766 Sic
2159 5725 2260 5763 ius.
2291 5707 2567 5763 tollensis.
2602 5706 2731 5770 Alii,
2760 5706 2902 5761 Absit
2930 5705 3061 5766 haec.
3096 5718 3203 5761 etc.

1975 5783 1993 5820 ί
2037 5782 2137 5837 Ms.
2166 5778 2449 5838 idiota-iis,
2487 5777 2625 5844 Quia
2666 5782 2803 5832 omni
2842 5780 3034 5831 homini
3070 5778 3312 5831 damnata
3344 5776 3478 5830 nati-

1898 5855 2052 5911 vitate
2079 5854 2133 5907 in
2163 5852 2408 5921 genitore,
2440 5846 2539 5905 hoc
2566 5857 2662 5913 est,
2685 5853 2743 5905 in
2771 5850 2959 5919 Adam,
2982 5849 3208 5905 debetur.
